{"ticker": "PRGO", "price": {"title": "Perrigo Historical Annual Stock Price Data", "value": 45.78, "historical": {"2021": {"Average Stock Price": "44.0946", "Year Open": "44.6300", "Year High": "46.1200", "Year Low": "42.3300", "Year Close": "45.7800", "Annual % Change": "2.37%"}, "2020": {"Average Stock Price": "51.2349", "Year Open": "51.2900", "Year High": "60.8000", "Year Low": "40.6600", "Year Close": "44.7200", "Annual % Change": "-13.43%"}, "2019": {"Average Stock Price": "49.4505", "Year Open": "40.5000", "Year High": "56.7000", "Year Low": "39.8700", "Year Close": "51.6600", "Annual % Change": "33.32%"}, "2018": {"Average Stock Price": "75.6393", "Year Open": "89.6900", "Year High": "95.1500", "Year Low": "36.5000", "Year Close": "38.7500", "Annual % Change": "-55.54%"}, "2017": {"Average Stock Price": "77.8649", "Year Open": "86.5000", "Year High": "89.0100", "Year Low": "66.1400", "Year Close": "87.1600", "Annual % Change": "4.72%"}, "2016": {"Average Stock Price": "104.4988", "Year Open": "142.5000", "Year High": "149.0600", "Year Low": "79.9500", "Year Close": "83.2300", "Annual % Change": "-42.48%"}, "2015": {"Average Stock Price": "171.9125", "Year Open": "166.6300", "Year High": "203.6900", "Year Low": "144.2800", "Year Close": "144.7000", "Annual % Change": "-13.44%"}, "2014": {"Average Stock Price": "151.2140", "Year Open": "153.1000", "Year High": "168.7600", "Year Low": "126.8700", "Year Close": "167.1600", "Annual % Change": "8.93%"}, "2013": {"Average Stock Price": "124.7859", "Year Open": "106.7100", "Year High": "156.8800", "Year Low": "99.2500", "Year Close": "153.4600", "Annual % Change": "47.52%"}, "2012": {"Average Stock Price": "106.9437", "Year Open": "98.5500", "Year High": "119.9700", "Year Low": "93.1300", "Year Close": "104.0300", "Annual % Change": "6.92%"}, "2011": {"Average Stock Price": "86.3969", "Year Open": "63.7100", "Year High": "102.4700", "Year Low": "63.1700", "Year Close": "97.3000", "Annual % Change": "53.64%"}, "2010": {"Average Stock Price": "57.7222", "Year Open": "40.3500", "Year High": "68.0000", "Year Low": "37.7800", "Year Close": "63.3300", "Annual % Change": "59.00%"}, "2009": {"Average Stock Price": "29.6129", "Year Open": "31.6200", "Year High": "40.8400", "Year Low": "18.8900", "Year Close": "39.8300", "Annual % Change": "23.27%"}, "2008": {"Average Stock Price": "34.7451", "Year Open": "34.0000", "Year High": "42.3600", "Year Low": "28.2600", "Year Close": "32.3100", "Annual % Change": "-7.71%"}, "2007": {"Average Stock Price": "21.4090", "Year Open": "17.6100", "Year High": "36.1900", "Year Low": "16.2400", "Year Close": "35.0100", "Annual % Change": "102.37%"}, "2006": {"Average Stock Price": "16.2796", "Year Open": "15.1600", "Year High": "18.5400", "Year Low": "14.4800", "Year Close": "17.3000", "Annual % Change": "16.03%"}, "2005": {"Average Stock Price": "15.5855", "Year Open": "16.9900", "Year High": "19.7400", "Year Low": "12.8600", "Year Close": "14.9100", "Annual % Change": "-13.67%"}, "2004": {"Average Stock Price": "18.9343", "Year Open": "15.8800", "Year High": "23.1900", "Year Low": "15.7700", "Year Close": "17.2700", "Annual % Change": "9.86%"}, "2003": {"Average Stock Price": "13.9356", "Year Open": "12.4900", "Year High": "16.4200", "Year Low": "10.8200", "Year Close": "15.7200", "Annual % Change": "29.38%"}, "2002": {"Average Stock Price": "11.8683", "Year Open": "12.2400", "Year High": "14.6900", "Year Low": "9.4700", "Year Close": "12.1500", "Annual % Change": "2.79%"}, "2001": {"Average Stock Price": "12.8818", "Year Open": "8.2500", "Year High": "18.2900", "Year Low": "8.1880", "Year Close": "11.8200", "Annual % Change": "42.74%"}, "2000": {"Average Stock Price": "7.0495", "Year Open": "8.1200", "Year High": "9.0630", "Year Low": "5.1560", "Year Close": "8.2810", "Annual % Change": "3.51%"}, "1999": {"Average Stock Price": "8.2899", "Year Open": "8.8750", "Year High": "9.6250", "Year Low": "7.2500", "Year Close": "8.0000", "Annual % Change": "-9.23%"}, "1998": {"Average Stock Price": "10.2144", "Year Open": "14.1300", "Year High": "14.2500", "Year Low": "7.5000", "Year Close": "8.8130", "Annual % Change": "-34.13%"}, "1997": {"Average Stock Price": "12.8665", "Year Open": "9.0000", "Year High": "17.0000", "Year Low": "9.0000", "Year Close": "13.3800", "Annual % Change": "46.71%"}, "1996": {"Average Stock Price": "10.8938", "Year Open": "12.1200", "Year High": "14.2500", "Year Low": "8.7500", "Year Close": "9.1200", "Annual % Change": "-23.23%"}, "1995": {"Average Stock Price": "12.3303", "Year Open": "12.0000", "Year High": "13.8800", "Year Low": "10.6300", "Year Close": "11.8800", "Annual % Change": "-4.96%"}, "1994": {"Average Stock Price": "18.2180", "Year Open": "34.2500", "Year High": "34.2500", "Year Low": "11.0000", "Year Close": "12.5000", "Annual % Change": "-63.50%"}, "1993": {"Average Stock Price": "25.4896", "Year Open": "22.1250", "Year High": "34.2500", "Year Low": "19.3750", "Year Close": "34.2500", "Annual % Change": "52.22%"}, "1992": {"Average Stock Price": "16.6473", "Year Open": "14.2500", "Year High": "22.5000", "Year Low": "11.9400", "Year Close": "22.5000", "Annual % Change": "51.26%"}}}, "market cap": {"value": "$5.99B"}, "income statement": {"Revenue": {"2019-12-31": "4837.40000", "2018-12-31": "4731.70000", "2017-12-31": "4946.20000", "2016-12-31": "5280.60000", "2015-12-31": "2632.20000", "2015-06-30": "4227.10000", "2014-06-30": "3914.10000", "2013-06-30": "3539.80000", "2012-06-30": "3173.20000", "2011-06-30": "2755.00000", "2010-06-30": "2268.15000", "2009-06-30": "2005.59000", "2008-06-30": "1729.92100", "2007-06-30": "1368.35100", "2006-06-30": "1366.82100", "2005-06-30": "1024.09800"}, "Cost Of Goods Sold": {"2019-12-31": "3064.10000", "2018-12-31": "2900.20000", "2017-12-31": "2966.70000", "2016-12-31": "3228.80000", "2015-12-31": "1553.30000", "2015-06-30": "2582.90000", "2014-06-30": "2462.00000", "2013-06-30": "2259.80000", "2012-06-30": "2077.70000", "2011-06-30": "1810.20000", "2010-06-30": "1521.91700", "2009-06-30": "1408.49000", "2008-06-30": "1212.19300", "2007-06-30": "1001.16700", "2006-06-30": "972.38000", "2005-06-30": "763.70900"}, "Gross Profit": {"2019-12-31": "1773.30000", "2018-12-31": "1831.50000", "2017-12-31": "1979.50000", "2016-12-31": "2051.80000", "2015-12-31": "1078.90000", "2015-06-30": "1644.20000", "2014-06-30": "1452.10000", "2013-06-30": "1280.00000", "2012-06-30": "1095.50000", "2011-06-30": "944.80000", "2010-06-30": "746.23290", "2009-06-30": "597.10000", "2008-06-30": "517.72800", "2007-06-30": "367.18400", "2006-06-30": "394.44100", "2005-06-30": "260.38900"}, "Research And Development Expenses": {"2019-12-31": "187.40000", "2018-12-31": "218.60000", "2017-12-31": "167.70000", "2016-12-31": "184.00000", "2015-12-31": "88.20000", "2015-06-30": "187.80000", "2014-06-30": "152.50000", "2013-06-30": "115.20000", "2012-06-30": "105.80000", "2011-06-30": "89.30000", "2010-06-30": "83.51500", "2009-06-30": "76.78300", "2008-06-30": "72.19100", "2007-06-30": "66.48000", "2006-06-30": "52.29300", "2005-06-30": "38.41900"}, "SG&A Expenses": {"2019-12-31": "1166.10000", "2018-12-31": "1125.80000", "2017-12-31": "1146.50000", "2016-12-31": "1205.50000", "2015-12-31": "680.60000", "2015-06-30": "772.00000", "2014-06-30": "675.20000", "2013-06-30": "473.80000", "2012-06-30": "411.80000", "2011-06-30": "364.40000", "2010-06-30": "298.29600", "2009-06-30": "255.90300", "2008-06-30": "245.58100", "2007-06-30": "193.60200", "2006-06-30": "219.20400", "2005-06-30": "159.26100"}, "Other Operating Income Or Expenses": {"2019-12-31": "-188.70000", "2018-12-31": "-229.60000", "2017-12-31": "-6.10000", "2016-12-31": "-2631.00000", "2015-12-31": "-215.60000", "2015-06-30": "-6.80000", "2014-06-30": "-6.00000", "2013-06-30": "", "2012-06-30": "", "2011-06-30": "", "2010-06-30": "", "2009-06-30": "", "2008-06-30": "", "2007-06-30": "", "2006-06-30": "", "2005-06-30": ""}, "Operating Expenses": {"2019-12-31": "4632.60000", "2018-12-31": "4495.20000", "2017-12-31": "4348.00000", "2016-12-31": "7280.30000", "2015-12-31": "2564.60000", "2015-06-30": "3554.60000", "2014-06-30": "3342.70000", "2013-06-30": "2860.70000", "2012-06-30": "2604.10000", "2011-06-30": "2264.90000", "2010-06-30": "1932.25100", "2009-06-30": "1755.82300", "2008-06-30": "1532.27700", "2007-06-30": "1262.12800", "2006-06-30": "1252.72300", "2005-06-30": "967.77100"}, "Operating Income": {"2019-12-31": "204.79980", "2018-12-31": "236.50000", "2017-12-31": "598.20020", "2016-12-31": "-1999.70000", "2015-12-31": "67.59990", "2015-06-30": "672.50000", "2014-06-30": "571.40010", "2013-06-30": "679.10010", "2012-06-30": "569.09990", "2011-06-30": "490.10010", "2010-06-30": "335.89890", "2009-06-30": "249.76710", "2008-06-30": "197.64390", "2007-06-30": "106.22290", "2006-06-30": "114.09810", "2005-06-30": "56.32700"}, "Total Non-Operating Income/Expense": {"2019-12-31": "-33.80000", "2018-12-31": "54.10000", "2017-12-31": "-318.10000", "2016-12-31": "-2848.60000", "2015-12-31": "-58.70000", "2015-06-30": "-412.20000", "2014-06-30": "-267.80000", "2013-06-30": "-71.40000", "2012-06-30": "-57.20000", "2011-06-30": "-39.60000", "2010-06-30": "-27.25000", "2009-06-30": "-43.48600", "2008-06-30": "-19.69800", "2007-06-30": "-19.09100", "2006-06-30": "-8.16300", "2005-06-30": "-387.02000"}, "Pre-Tax Income": {"2019-12-31": "171.00000", "2018-12-31": "290.60000", "2017-12-31": "280.10000", "2016-12-31": "-4848.30000", "2015-12-31": "8.90000", "2015-06-30": "260.30000", "2014-06-30": "303.60000", "2013-06-30": "607.70000", "2012-06-30": "512.00000", "2011-06-30": "450.50000", "2010-06-30": "308.64900", "2009-06-30": "206.28100", "2008-06-30": "177.94600", "2007-06-30": "87.13200", "2006-06-30": "105.93500", "2005-06-30": "-330.69300"}, "Income Taxes": {"2019-12-31": "24.90000", "2018-12-31": "159.60000", "2017-12-31": "160.50000", "2016-12-31": "-835.50000", "2015-12-31": "-33.60000", "2015-06-30": "124.20000", "2014-06-30": "70.80000", "2013-06-30": "165.80000", "2012-06-30": "119.00000", "2011-06-30": "110.00000", "2010-06-30": "84.21500", "2009-06-30": "63.45200", "2008-06-30": "37.74900", "2007-06-30": "14.29800", "2006-06-30": "34.53500", "2005-06-30": "22.29000"}, "Income After Taxes": {"2019-12-31": "146.10000", "2018-12-31": "131.00000", "2017-12-31": "119.60000", "2016-12-31": "-4012.80000", "2015-12-31": "42.50000", "2015-06-30": "136.10000", "2014-06-30": "232.80000", "2013-06-30": "441.90000", "2012-06-30": "393.00000", "2011-06-30": "340.50000", "2010-06-30": "224.43400", "2009-06-30": "142.82900", "2008-06-30": "140.19700", "2007-06-30": "72.83400", "2006-06-30": "71.40000", "2005-06-30": "-352.98300"}, "Other Income": {"2019-12-31": "", "2018-12-31": "", "2017-12-31": "", "2016-12-31": "", "2015-12-31": "", "2015-06-30": "", "2014-06-30": "", "2013-06-30": "", "2012-06-30": "", "2011-06-30": "", "2010-06-30": "", "2009-06-30": "", "2008-06-30": "", "2007-06-30": "", "2006-06-30": "", "2005-06-30": ""}, "Income From Continuous Operations": {"2019-12-31": "146.10000", "2018-12-31": "131.00000", "2017-12-31": "119.60000", "2016-12-31": "-4012.80000", "2015-12-31": "42.50000", "2015-06-30": "136.10000", "2014-06-30": "232.80000", "2013-06-30": "441.90000", "2012-06-30": "393.00000", "2011-06-30": "340.50000", "2010-06-30": "224.43400", "2009-06-30": "142.82900", "2008-06-30": "140.19700", "2007-06-30": "72.83400", "2006-06-30": "71.40000", "2005-06-30": "-352.98300"}, "Income From Discontinued Operations": {"2019-12-31": "", "2018-12-31": "", "2017-12-31": "", "2016-12-31": "", "2015-12-31": "", "2015-06-30": "", "2014-06-30": "", "2013-06-30": "", "2012-06-30": "8.60000", "2011-06-30": "-1.40000", "2010-06-30": "-0.63500", "2009-06-30": "2.70400", "2008-06-30": "-4.42400", "2007-06-30": "0.96300", "2006-06-30": "", "2005-06-30": ""}, "Net Income": {"2019-12-31": "146.10000", "2018-12-31": "131.00000", "2017-12-31": "119.60000", "2016-12-31": "-4012.80000", "2015-12-31": "42.50000", "2015-06-30": "136.10000", "2014-06-30": "232.80000", "2013-06-30": "441.90000", "2012-06-30": "401.60000", "2011-06-30": "339.10000", "2010-06-30": "223.79900", "2009-06-30": "145.53300", "2008-06-30": "135.77300", "2007-06-30": "73.79700", "2006-06-30": "71.40000", "2005-06-30": "-352.98300"}, "EBITDA": {"2019-12-31": "596.89980", "2018-12-31": "652.00000", "2017-12-31": "1020.60000", "2016-12-31": "-1567.40000", "2015-12-31": "239.79990", "2015-06-30": "931.40000", "2014-06-30": "779.50010", "2013-06-30": "839.30010", "2012-06-30": "704.39980", "2011-06-30": "593.00010", "2010-06-30": "410.00290", "2009-06-30": "321.06410", "2008-06-30": "266.87490", "2007-06-30": "164.25490", "2006-06-30": "170.70210", "2005-06-30": "91.14000"}, "EBIT": {"2019-12-31": "204.79980", "2018-12-31": "236.50000", "2017-12-31": "598.20020", "2016-12-31": "-1999.70000", "2015-12-31": "67.59990", "2015-06-30": "672.50000", "2014-06-30": "571.40010", "2013-06-30": "679.10010", "2012-06-30": "569.09990", "2011-06-30": "490.10010", "2010-06-30": "335.89890", "2009-06-30": "249.76710", "2008-06-30": "197.64390", "2007-06-30": "106.22290", "2006-06-30": "114.09810", "2005-06-30": "56.32700"}, "Basic Shares Outstanding": {"2019-12-31": "136.00000", "2018-12-31": "137.80000", "2017-12-31": "142.30000", "2016-12-31": "143.30000", "2015-12-31": "145.60000", "2015-06-30": "139.30000", "2014-06-30": "115.10000", "2013-06-30": "93.90000", "2012-06-30": "93.20000", "2011-06-30": "92.30000", "2010-06-30": "91.39900", "2009-06-30": "92.18300", "2008-06-30": "93.12400", "2007-06-30": "92.23000", "2006-06-30": "92.87500", "2005-06-30": "77.31300"}, "Shares Outstanding": {"2019-12-31": "136.50000", "2018-12-31": "138.30000", "2017-12-31": "142.60000", "2016-12-31": "143.30000", "2015-12-31": "146.10000", "2015-06-30": "139.80000", "2014-06-30": "115.60000", "2013-06-30": "94.50000", "2012-06-30": "94.10000", "2011-06-30": "93.50000", "2010-06-30": "92.84500", "2009-06-30": "93.62900", "2008-06-30": "95.21000", "2007-06-30": "93.80700", "2006-06-30": "94.10500", "2005-06-30": "77.31300"}, "Basic EPS": {"2019-12-31": "1.07000", "2018-12-31": "0.95000", "2017-12-31": "0.84000", "2016-12-31": "-28.01000", "2015-12-31": "0.29000", "2015-06-30": "0.97000", "2014-06-30": "2.02000", "2013-06-30": "4.71000", "2012-06-30": "4.31000", "2011-06-30": "3.67000", "2010-06-30": "2.45000", "2009-06-30": "1.58000", "2008-06-30": "1.46000", "2007-06-30": "0.80000", "2006-06-30": "0.77000", "2005-06-30": "-4.57000"}, "EPS - Earnings Per Share": {"2019-12-31": "1.07000", "2018-12-31": "0.95000", "2017-12-31": "0.84000", "2016-12-31": "-28.01000", "2015-12-31": "0.29000", "2015-06-30": "0.97000", "2014-06-30": "2.01000", "2013-06-30": "4.68000", "2012-06-30": "4.27000", "2011-06-30": "3.63000", "2010-06-30": "2.41000", "2009-06-30": "1.55000", "2008-06-30": "1.43000", "2007-06-30": "0.79000", "2006-06-30": "0.76000", "2005-06-30": "-4.57000"}}, "income statement, quarterly": {"Revenue": {"2020-09-30": "1213.70000", "2020-06-30": "1219.10000", "2020-03-31": "1341.00000", "2019-12-31": "1322.80000", "2019-09-30": "1191.10000", "2019-06-30": "1149.00000", "2019-03-31": "1174.50000", "2018-12-31": "1195.20000", "2018-09-30": "1133.10000", "2018-06-30": "1186.40000", "2018-03-31": "1217.00000", "2017-12-31": "1283.00000", "2017-09-30": "1231.30000", "2017-06-30": "1237.90000", "2017-03-31": "1194.00000", "2016-12-31": "1331.20000", "2016-09-30": "1261.60000", "2016-06-30": "1340.50000", "2016-03-31": "1347.30000", "2015-12-31": "-1023.30000", "2015-09-30": "1273.10000", "2015-06-30": "", "2015-03-31": "967.20000", "2014-12-31": "1071.70000", "2014-09-30": "951.50000", "2014-06-30": "", "2014-03-31": "1004.20000", "2013-12-31": "979.00000", "2013-09-30": "933.40000", "2013-06-30": "", "2013-03-31": "919.80000", "2012-12-31": "883.00000", "2012-09-30": "769.80000", "2012-06-30": "", "2012-03-31": "778.01700", "2011-12-31": "838.17000", "2011-09-30": "725.29500", "2011-06-30": "", "2011-03-31": "691.56300", "2010-12-31": "717.51500", "2010-09-30": "641.32200", "2010-06-30": "", "2010-03-31": "537.63200", "2009-12-31": "582.42500", "2009-09-30": "528.33300", "2009-06-30": "", "2009-03-31": "505.90200", "2008-12-31": "537.20300", "2008-09-30": "455.54800", "2008-06-30": "", "2008-03-31": "480.64000", "2007-12-31": "435.48300", "2007-09-30": "382.74000", "2007-06-30": "", "2007-03-31": "362.28800", "2006-12-31": "370.62900", "2006-09-30": "340.21500", "2006-06-30": "", "2006-03-31": "332.32100", "2005-12-31": "", "2005-09-30": "319.73400", "2005-06-30": "", "2005-03-31": "220.09300"}, "Cost Of Goods Sold": {"2020-09-30": "785.60000", "2020-06-30": "784.40000", "2020-03-31": "857.80000", "2019-12-31": "841.90010", "2019-09-30": "778.30000", "2019-06-30": "718.20000", "2019-03-31": "725.70000", "2018-12-31": "752.19990", "2018-09-30": "708.30000", "2018-06-30": "715.40000", "2018-03-31": "724.30000", "2017-12-31": "770.29990", "2017-09-30": "733.50000", "2017-06-30": "733.30000", "2017-03-31": "729.60000", "2016-12-31": "843.50020", "2016-09-30": "777.10000", "2016-06-30": "794.00000", "2016-03-31": "814.20000", "2015-12-31": "-596.60000", "2015-09-30": "737.90000", "2015-06-30": "814.20000", "2015-03-31": "597.80000", "2014-12-31": "687.90000", "2014-09-30": "629.70000", "2014-06-30": "", "2014-03-31": "689.20000", "2013-12-31": "618.30000", "2013-09-30": "577.10000", "2013-06-30": "", "2013-03-31": "588.40000", "2012-12-31": "575.80000", "2012-09-30": "484.50000", "2012-06-30": "", "2012-03-31": "498.74400", "2011-12-31": "543.29500", "2011-09-30": "497.71600", "2011-06-30": "", "2011-03-31": "452.42900", "2010-12-31": "468.01500", "2010-09-30": "427.36800", "2010-06-30": "", "2010-03-31": "350.23700", "2009-12-31": "384.80000", "2009-09-30": "365.12100", "2009-06-30": "", "2009-03-31": "356.31000", "2008-12-31": "390.63800", "2008-09-30": "319.56100", "2008-06-30": "", "2008-03-31": "330.33700", "2007-12-31": "304.67400", "2007-09-30": "265.46900", "2007-06-30": "", "2007-03-31": "262.75100", "2006-12-31": "274.14700", "2006-09-30": "247.40000", "2006-06-30": "", "2006-03-31": "235.04300", "2005-12-31": "254.12700", "2005-09-30": "232.81800", "2005-06-30": "", "2005-03-31": "157.13200"}, "Gross Profit": {"2020-09-30": "428.10000", "2020-06-30": "434.70000", "2020-03-31": "483.20000", "2019-12-31": "480.89970", "2019-09-30": "412.80000", "2019-06-30": "430.80000", "2019-03-31": "448.80000", "2018-12-31": "443.00030", "2018-09-30": "424.80000", "2018-06-30": "471.00000", "2018-03-31": "492.70000", "2017-12-31": "512.70010", "2017-09-30": "497.80000", "2017-06-30": "504.60000", "2017-03-31": "464.40000", "2016-12-31": "487.69980", "2016-09-30": "484.50000", "2016-06-30": "546.50000", "2016-03-31": "533.10000", "2015-12-31": "-426.70000", "2015-09-30": "535.20000", "2015-06-30": "", "2015-03-31": "369.40000", "2014-12-31": "383.79990", "2014-09-30": "321.80000", "2014-06-30": "", "2014-03-31": "315.00000", "2013-12-31": "360.70000", "2013-09-30": "356.30000", "2013-06-30": "", "2013-03-31": "331.40000", "2012-12-31": "307.20000", "2012-09-30": "285.30000", "2012-06-30": "", "2012-03-31": "279.27300", "2011-12-31": "294.87500", "2011-09-30": "227.57900", "2011-06-30": "", "2011-03-31": "239.13400", "2010-12-31": "249.50000", "2010-09-30": "213.95400", "2010-06-30": "", "2010-03-31": "187.39500", "2009-12-31": "197.62500", "2009-09-30": "163.21200", "2009-06-30": "", "2009-03-31": "149.59200", "2008-12-31": "146.56500", "2008-09-30": "135.98700", "2008-06-30": "", "2008-03-31": "150.30300", "2007-12-31": "130.80900", "2007-09-30": "117.27100", "2007-06-30": "", "2007-03-31": "99.53700", "2006-12-31": "96.48200", "2006-09-30": "92.81500", "2006-06-30": "", "2006-03-31": "97.27800", "2005-12-31": "-254.12700", "2005-09-30": "86.91600", "2005-06-30": "", "2005-03-31": "62.96100"}, "Research And Development Expenses": {"2020-09-30": "42.60000", "2020-06-30": "47.10000", "2020-03-31": "41.90000", "2019-12-31": "59.30000", "2019-09-30": "44.00000", "2019-06-30": "43.90000", "2019-03-31": "40.20000", "2018-12-31": "44.60000", "2018-09-30": "43.70000", "2018-06-30": "91.90000", "2018-03-31": "38.40000", "2017-12-31": "46.90000", "2017-09-30": "38.40000", "2017-06-30": "42.60000", "2017-03-31": "39.80000", "2016-12-31": "41.50000", "2016-09-30": "50.20000", "2016-06-30": "47.00000", "2016-03-31": "45.30000", "2015-12-31": "-51.40000", "2015-09-30": "41.60000", "2015-06-30": "62.60000", "2015-03-31": "35.40000", "2014-12-31": "53.20000", "2014-09-30": "36.60000", "2014-06-30": "", "2014-03-31": "44.70000", "2013-12-31": "37.50000", "2013-09-30": "32.30000", "2013-06-30": "", "2013-03-31": "28.50000", "2012-12-31": "28.30000", "2012-09-30": "27.40000", "2012-06-30": "", "2012-03-31": "27.95000", "2011-12-31": "31.14800", "2011-09-30": "19.63800", "2011-06-30": "", "2011-03-31": "23.51100", "2010-12-31": "24.60400", "2010-09-30": "17.72700", "2010-06-30": "", "2010-03-31": "17.71500", "2009-12-31": "20.68600", "2009-09-30": "18.75200", "2009-06-30": "", "2009-03-31": "17.89000", "2008-12-31": "19.92300", "2008-09-30": "18.22400", "2008-06-30": "", "2008-03-31": "19.16000", "2007-12-31": "16.14300", "2007-09-30": "16.32000", "2007-06-30": "", "2007-03-31": "16.39000", "2006-12-31": "14.90200", "2006-09-30": "13.04700", "2006-06-30": "", "2006-03-31": "12.26000", "2005-12-31": "12.22600", "2005-09-30": "12.64900", "2005-06-30": "", "2005-03-31": "7.22400"}, "SG&A Expenses": {"2020-09-30": "281.00000", "2020-06-30": "270.00000", "2020-03-31": "294.50000", "2019-12-31": "288.70000", "2019-09-30": "289.40000", "2019-06-30": "291.00000", "2019-03-31": "297.00000", "2018-12-31": "293.60010", "2018-09-30": "262.80000", "2018-06-30": "275.80000", "2018-03-31": "293.60000", "2017-12-31": "301.30000", "2017-09-30": "288.30000", "2017-06-30": "275.40000", "2017-03-31": "281.50000", "2016-12-31": "315.40000", "2016-09-30": "281.60000", "2016-06-30": "298.40000", "2016-03-31": "310.10000", "2015-12-31": "-117.40000", "2015-09-30": "316.10000", "2015-06-30": "", "2015-03-31": "142.50000", "2014-12-31": "", "2014-09-30": "146.30000", "2014-06-30": "", "2014-03-31": "147.50000", "2013-12-31": "", "2013-09-30": "142.20000", "2013-06-30": "", "2013-03-31": "124.30000", "2012-12-31": "", "2012-09-30": "101.30000", "2012-06-30": "", "2012-03-31": "98.17200", "2011-12-31": "", "2011-09-30": "106.38900", "2011-06-30": "", "2011-03-31": "92.71000", "2010-12-31": "", "2010-09-30": "84.46000", "2010-06-30": "", "2010-03-31": "73.05400", "2009-12-31": "", "2009-09-30": "58.33100", "2009-06-30": "", "2009-03-31": "59.80500", "2008-12-31": "", "2008-09-30": "58.67600", "2008-06-30": "", "2008-03-31": "67.99500", "2007-12-31": "", "2007-09-30": "54.29200", "2007-06-30": "", "2007-03-31": "49.88300", "2006-12-31": "", "2006-09-30": "54.05600", "2006-06-30": "", "2006-03-31": "54.66300", "2005-12-31": "", "2005-09-30": "53.53800", "2005-06-30": "", "2005-03-31": "36.58400"}, "Other Operating Income Or Expenses": {"2020-09-30": "-199.20000", "2020-06-30": "0.90000", "2020-03-31": "-1.10000", "2019-12-31": "-140.20000", "2019-09-30": "-19.80000", "2019-06-30": "-28.70000", "2019-03-31": "0.00000", "2018-12-31": "0.50000", "2018-09-30": "-222.30000", "2018-06-30": "-4.90000", "2018-03-31": "-2.90000", "2017-12-31": "0.40000", "2017-09-30": "-4.90000", "2017-06-30": "-25.70000", "2017-03-31": "24.10000", "2016-12-31": "-602.20000", "2016-09-30": "-1614.40000", "2016-06-30": "-10.50000", "2016-03-31": "-403.90000", "2015-12-31": "-208.80000", "2015-09-30": "0.00000", "2015-06-30": "-6.80000", "2015-03-31": "0.00000", "2014-12-31": "", "2014-09-30": "", "2014-06-30": "", "2014-03-31": "", "2013-12-31": "", "2013-09-30": "", "2013-06-30": "", "2013-03-31": "", "2012-12-31": "", "2012-09-30": "", "2012-06-30": "", "2012-03-31": "", "2011-12-31": "", "2011-09-30": "", "2011-06-30": "", "2011-03-31": "", "2010-12-31": "", "2010-09-30": "", "2010-06-30": "", "2010-03-31": "", "2009-12-31": "", "2009-09-30": "", "2009-06-30": "", "2009-03-31": "", "2008-12-31": "", "2008-09-30": "", "2008-06-30": "", "2008-03-31": "", "2007-12-31": "", "2007-09-30": "", "2007-06-30": "", "2007-03-31": "", "2006-12-31": "", "2006-09-30": "", "2006-06-30": "", "2006-03-31": "", "2005-12-31": "", "2005-09-30": "", "2005-06-30": "", "2005-03-31": ""}, "Operating Expenses": {"2020-09-30": "1309.20000", "2020-06-30": "1101.70000", "2020-03-31": "1195.30000", "2019-12-31": "1329.70000", "2019-09-30": "1136.70000", "2019-06-30": "1094.00000", "2019-03-31": "1072.20000", "2018-12-31": "1087.70000", "2018-09-30": "1255.10000", "2018-06-30": "1091.70000", "2018-03-31": "1060.70000", "2017-12-31": "1124.50000", "2017-09-30": "1068.90000", "2017-06-30": "1089.10000", "2017-03-31": "1065.50000", "2016-12-31": "1815.80000", "2016-09-30": "2729.90000", "2016-06-30": "1155.70000", "2016-03-31": "1578.90000", "2015-12-31": "-532.89980", "2015-09-30": "1097.80000", "2015-06-30": "", "2015-03-31": "776.80000", "2014-12-31": "", "2014-09-30": "814.30000", "2014-06-30": "", "2014-03-31": "900.90000", "2013-12-31": "", "2013-09-30": "753.70000", "2013-06-30": "", "2013-03-31": "741.20000", "2012-12-31": "", "2012-09-30": "613.20000", "2012-06-30": "", "2012-03-31": "631.94700", "2011-12-31": "", "2011-09-30": "623.74300", "2011-06-30": "", "2011-03-31": "568.65000", "2010-12-31": "", "2010-09-30": "529.55500", "2010-06-30": "", "2010-03-31": "448.48000", "2009-12-31": "", "2009-09-30": "442.20400", "2009-06-30": "", "2009-03-31": "434.00500", "2008-12-31": "", "2008-09-30": "396.46100", "2008-06-30": "", "2008-03-31": "417.84000", "2007-12-31": "", "2007-09-30": "336.08100", "2007-06-30": "", "2007-03-31": "329.33000", "2006-12-31": "", "2006-09-30": "314.50300", "2006-06-30": "", "2006-03-31": "301.96600", "2005-12-31": "", "2005-09-30": "299.00500", "2005-06-30": "", "2005-03-31": "207.32200"}, "Operating Income": {"2020-09-30": "-95.50000", "2020-06-30": "117.40000", "2020-03-31": "145.70010", "2019-12-31": "-6.90030", "2019-09-30": "54.40000", "2019-06-30": "55.00000", "2019-03-31": "102.29990", "2018-12-31": "107.50040", "2018-09-30": "-122.00010", "2018-06-30": "94.70000", "2018-03-31": "156.29990", "2017-12-31": "158.49990", "2017-09-30": "162.40000", "2017-06-30": "148.80000", "2017-03-31": "128.50010", "2016-12-31": "-484.59970", "2016-09-30": "-1468.30000", "2016-06-30": "184.79990", "2016-03-31": "-231.60000", "2015-12-31": "-490.40010", "2015-09-30": "175.30000", "2015-06-30": "192.30000", "2015-03-31": "190.40000", "2014-12-31": "1071.70000", "2014-09-30": "137.20000", "2014-06-30": "", "2014-03-31": "103.30000", "2013-12-31": "979.00000", "2013-09-30": "179.70010", "2013-06-30": "", "2013-03-31": "178.60000", "2012-12-31": "883.00000", "2012-09-30": "156.60000", "2012-06-30": "", "2012-03-31": "146.07010", "2011-12-31": "838.17000", "2011-09-30": "101.55200", "2011-06-30": "", "2011-03-31": "122.91300", "2010-12-31": "717.51500", "2010-09-30": "111.76700", "2010-06-30": "", "2010-03-31": "89.15200", "2009-12-31": "582.42500", "2009-09-30": "86.12900", "2009-06-30": "", "2009-03-31": "71.89700", "2008-12-31": "537.20300", "2008-09-30": "59.08700", "2008-06-30": "", "2008-03-31": "62.80000", "2007-12-31": "435.48300", "2007-09-30": "46.65900", "2007-06-30": "", "2007-03-31": "32.95800", "2006-12-31": "370.62900", "2006-09-30": "25.71200", "2006-06-30": "", "2006-03-31": "30.35500", "2005-12-31": "", "2005-09-30": "20.72900", "2005-06-30": "", "2005-03-31": "12.77100"}, "Total Non-Operating Income/Expense": {"2020-09-30": "-32.20000", "2020-06-30": "-45.60000", "2020-03-31": "-31.00000", "2019-12-31": "-27.30000", "2019-09-30": "42.90000", "2019-06-30": "-28.00000", "2019-03-31": "-21.40000", "2018-12-31": "96.30000", "2018-09-30": "43.00000", "2018-06-30": "-39.40000", "2018-03-31": "-45.80000", "2017-12-31": "-26.60000", "2017-09-30": "-33.70000", "2017-06-30": "-225.10000", "2017-03-31": "-32.70000", "2016-12-31": "-1159.40000", "2016-09-30": "-433.70000", "2016-06-30": "-997.00000", "2016-03-31": "-258.50000", "2015-12-31": "154.20000", "2015-09-30": "119.50000", "2015-06-30": "", "2015-03-31": "-200.60000", "2014-12-31": "", "2014-09-30": "-28.60000", "2014-06-30": "", "2014-03-31": "-40.60000", "2013-12-31": "", "2013-09-30": "-22.40000", "2013-06-30": "", "2013-03-31": "-18.50000", "2012-12-31": "", "2012-09-30": "-15.80000", "2012-06-30": "", "2012-03-31": "-11.44900", "2011-12-31": "", "2011-09-30": "-12.79900", "2011-06-30": "", "2011-03-31": "-10.16200", "2010-12-31": "", "2010-09-30": "-9.52800", "2010-06-30": "", "2010-03-31": "-4.56000", "2009-12-31": "", "2009-09-30": "-21.19900", "2009-06-30": "", "2009-03-31": "-8.12600", "2008-12-31": "", "2008-09-30": "-6.29300", "2008-06-30": "", "2008-03-31": "-6.82500", "2007-12-31": "", "2007-09-30": "-4.08200", "2007-06-30": "", "2007-03-31": "-11.20300", "2006-12-31": "", "2006-09-30": "-4.52500", "2006-06-30": "", "2006-03-31": "-0.15500", "2005-12-31": "", "2005-09-30": "-2.78000", "2005-06-30": "", "2005-03-31": "-387.05500"}, "Pre-Tax Income": {"2020-09-30": "-127.70000", "2020-06-30": "71.80000", "2020-03-31": "114.70000", "2019-12-31": "-34.20000", "2019-09-30": "97.30000", "2019-06-30": "27.00000", "2019-03-31": "80.90000", "2018-12-31": "203.80000", "2018-09-30": "-79.00000", "2018-06-30": "55.30000", "2018-03-31": "110.50000", "2017-12-31": "131.90000", "2017-09-30": "128.70000", "2017-06-30": "-76.30000", "2017-03-31": "95.80000", "2016-12-31": "-1644.00000", "2016-09-30": "-1902.00000", "2016-06-30": "-812.20000", "2016-03-31": "-490.10000", "2015-12-31": "-336.20000", "2015-09-30": "294.80000", "2015-06-30": "60.50000", "2015-03-31": "-10.20000", "2014-12-31": "84.70000", "2014-09-30": "108.60000", "2014-06-30": "", "2014-03-31": "62.70000", "2013-12-31": "-113.00000", "2013-09-30": "157.30000", "2013-06-30": "", "2013-03-31": "160.10000", "2012-12-31": "145.50000", "2012-09-30": "140.80000", "2012-06-30": "", "2012-03-31": "134.62100", "2011-12-31": "144.27500", "2011-09-30": "88.75300", "2011-06-30": "", "2011-03-31": "112.75100", "2010-12-31": "122.15600", "2010-09-30": "102.23900", "2010-06-30": "", "2010-03-31": "84.59200", "2009-12-31": "93.60900", "2009-09-30": "64.93000", "2009-06-30": "", "2009-03-31": "63.77100", "2008-12-31": "37.08400", "2008-09-30": "52.79400", "2008-06-30": "", "2008-03-31": "55.97500", "2007-12-31": "46.13500", "2007-09-30": "42.57700", "2007-06-30": "", "2007-03-31": "21.75500", "2006-12-31": "25.34500", "2006-09-30": "21.18700", "2006-06-30": "", "2006-03-31": "30.20000", "2005-12-31": "39.98400", "2005-09-30": "17.94900", "2005-06-30": "", "2005-03-31": "-374.28400"}, "Income Taxes": {"2020-09-30": "26.90000", "2020-06-30": "11.20000", "2020-03-31": "8.30000", "2019-12-31": "-15.20000", "2019-09-30": "5.10000", "2019-06-30": "18.00000", "2019-03-31": "17.00000", "2018-12-31": "122.30000", "2018-09-30": "-11.50000", "2018-06-30": "19.10000", "2018-03-31": "29.70000", "2017-12-31": "58.80000", "2017-09-30": "84.20000", "2017-06-30": "-6.70000", "2017-03-31": "24.20000", "2016-12-31": "-284.90000", "2016-09-30": "-311.80000", "2016-06-30": "-277.90000", "2016-03-31": "39.10000", "2015-12-31": "-162.20000", "2015-09-30": "33.90000", "2015-06-30": "82.70000", "2015-03-31": "12.00000", "2014-12-31": "14.50000", "2014-09-30": "12.30000", "2014-06-30": "", "2014-03-31": "14.60000", "2013-12-31": "-27.00000", "2013-09-30": "45.90000", "2013-06-30": "", "2013-03-31": "48.20000", "2012-12-31": "39.50000", "2012-09-30": "35.20000", "2012-06-30": "", "2012-03-31": "18.89400", "2011-12-31": "44.53600", "2011-09-30": "18.29500", "2011-06-30": "", "2011-03-31": "21.22000", "2010-12-31": "32.37700", "2010-09-30": "28.56100", "2010-06-30": "", "2010-03-31": "23.05100", "2009-12-31": "30.81800", "2009-09-30": "13.83000", "2009-06-30": "", "2009-03-31": "17.30200", "2008-12-31": "13.04200", "2008-09-30": "14.48700", "2008-06-30": "", "2008-03-31": "15.74500", "2007-12-31": "11.84600", "2007-09-30": "8.55800", "2007-06-30": "", "2007-03-31": "4.69900", "2006-12-31": "4.25700", "2006-09-30": "4.30500", "2006-06-30": "", "2006-03-31": "9.33900", "2005-12-31": "14.61800", "2005-09-30": "5.03800", "2005-06-30": "", "2005-03-31": "5.15200"}, "Income After Taxes": {"2020-09-30": "-154.60000", "2020-06-30": "60.60000", "2020-03-31": "106.40000", "2019-12-31": "-19.00000", "2019-09-30": "92.20000", "2019-06-30": "9.00000", "2019-03-31": "63.90000", "2018-12-31": "81.50000", "2018-09-30": "-67.50000", "2018-06-30": "36.20000", "2018-03-31": "80.80000", "2017-12-31": "73.10000", "2017-09-30": "44.50000", "2017-06-30": "-69.60000", "2017-03-31": "71.60000", "2016-12-31": "-1359.10000", "2016-09-30": "-1590.20000", "2016-06-30": "-534.30000", "2016-03-31": "-529.20000", "2015-12-31": "-174.00000", "2015-09-30": "260.90000", "2015-06-30": "", "2015-03-31": "-22.20000", "2014-12-31": "", "2014-09-30": "96.30000", "2014-06-30": "", "2014-03-31": "48.10000", "2013-12-31": "", "2013-09-30": "111.40000", "2013-06-30": "", "2013-03-31": "111.90000", "2012-12-31": "", "2012-09-30": "105.60000", "2012-06-30": "", "2012-03-31": "115.72700", "2011-12-31": "", "2011-09-30": "70.45800", "2011-06-30": "", "2011-03-31": "91.53100", "2010-12-31": "", "2010-09-30": "73.67800", "2010-06-30": "", "2010-03-31": "61.54100", "2009-12-31": "", "2009-09-30": "51.10000", "2009-06-30": "", "2009-03-31": "46.46900", "2008-12-31": "", "2008-09-30": "38.30700", "2008-06-30": "", "2008-03-31": "40.23000", "2007-12-31": "", "2007-09-30": "34.01900", "2007-06-30": "", "2007-03-31": "17.05600", "2006-12-31": "", "2006-09-30": "16.88200", "2006-06-30": "", "2006-03-31": "20.86100", "2005-12-31": "", "2005-09-30": "12.91100", "2005-06-30": "", "2005-03-31": "-379.43600"}, "Other Income": {"2020-09-30": "", "2020-06-30": "", "2020-03-31": "", "2019-12-31": "", "2019-09-30": "", "2019-06-30": "", "2019-03-31": "", "2018-12-31": "", "2018-09-30": "", "2018-06-30": "", "2018-03-31": "", "2017-12-31": "", "2017-09-30": "", "2017-06-30": "", "2017-03-31": "", "2016-12-31": "", "2016-09-30": "", "2016-06-30": "", "2016-03-31": "", "2015-12-31": "", "2015-09-30": "", "2015-06-30": "", "2015-03-31": "", "2014-12-31": "", "2014-09-30": "", "2014-06-30": "", "2014-03-31": "", "2013-12-31": "", "2013-09-30": "", "2013-06-30": "", "2013-03-31": "", "2012-12-31": "", "2012-09-30": "", "2012-06-30": "", "2012-03-31": "", "2011-12-31": "", "2011-09-30": "", "2011-06-30": "", "2011-03-31": "", "2010-12-31": "", "2010-09-30": "", "2010-06-30": "", "2010-03-31": "", "2009-12-31": "", "2009-09-30": "", "2009-06-30": "", "2009-03-31": "", "2008-12-31": "", "2008-09-30": "", "2008-06-30": "", "2008-03-31": "", "2007-12-31": "", "2007-09-30": "", "2007-06-30": "", "2007-03-31": "", "2006-12-31": "", "2006-09-30": "", "2006-06-30": "", "2006-03-31": "", "2005-12-31": "", "2005-09-30": "", "2005-06-30": "", "2005-03-31": ""}, "Income From Continuous Operations": {"2020-09-30": "-154.60000", "2020-06-30": "60.60000", "2020-03-31": "106.40000", "2019-12-31": "-19.00000", "2019-09-30": "92.20000", "2019-06-30": "9.00000", "2019-03-31": "63.90000", "2018-12-31": "81.50000", "2018-09-30": "-67.50000", "2018-06-30": "36.20000", "2018-03-31": "80.80000", "2017-12-31": "73.10000", "2017-09-30": "44.50000", "2017-06-30": "-69.60000", "2017-03-31": "71.60000", "2016-12-31": "-1359.10000", "2016-09-30": "-1590.20000", "2016-06-30": "-534.30000", "2016-03-31": "-529.20000", "2015-12-31": "-174.00000", "2015-09-30": "260.90000", "2015-06-30": "", "2015-03-31": "-22.20000", "2014-12-31": "", "2014-09-30": "96.30000", "2014-06-30": "", "2014-03-31": "48.10000", "2013-12-31": "", "2013-09-30": "111.40000", "2013-06-30": "", "2013-03-31": "111.90000", "2012-12-31": "", "2012-09-30": "105.60000", "2012-06-30": "", "2012-03-31": "115.72700", "2011-12-31": "", "2011-09-30": "70.45800", "2011-06-30": "", "2011-03-31": "91.53100", "2010-12-31": "89.77900", "2010-09-30": "73.67800", "2010-06-30": "", "2010-03-31": "61.54100", "2009-12-31": "62.79100", "2009-09-30": "51.10000", "2009-06-30": "", "2009-03-31": "46.46900", "2008-12-31": "24.04200", "2008-09-30": "38.30700", "2008-06-30": "", "2008-03-31": "40.23000", "2007-12-31": "", "2007-09-30": "34.01900", "2007-06-30": "", "2007-03-31": "17.05600", "2006-12-31": "", "2006-09-30": "16.88200", "2006-06-30": "", "2006-03-31": "20.86100", "2005-12-31": "", "2005-09-30": "12.91100", "2005-06-30": "", "2005-03-31": "-379.43600"}, "Income From Discontinued Operations": {"2020-09-30": "", "2020-06-30": "", "2020-03-31": "", "2019-12-31": "", "2019-09-30": "", "2019-06-30": "", "2019-03-31": "", "2018-12-31": "", "2018-09-30": "", "2018-06-30": "", "2018-03-31": "", "2017-12-31": "", "2017-09-30": "", "2017-06-30": "", "2017-03-31": "", "2016-12-31": "", "2016-09-30": "", "2016-06-30": "", "2016-03-31": "", "2015-12-31": "", "2015-09-30": "", "2015-06-30": "", "2015-03-31": "", "2014-12-31": "", "2014-09-30": "", "2014-06-30": "", "2014-03-31": "", "2013-12-31": "", "2013-09-30": "", "2013-06-30": "", "2013-03-31": "", "2012-12-31": "", "2012-09-30": "", "2012-06-30": "", "2012-03-31": "", "2011-12-31": "", "2011-09-30": "", "2011-06-30": "", "2011-03-31": "-2.44600", "2010-12-31": "0.38800", "2010-09-30": "0.69700", "2010-06-30": "", "2010-03-31": "0.64000", "2009-12-31": "-1.97800", "2009-09-30": "0.76100", "2009-06-30": "", "2009-03-31": "-0.57200", "2008-12-31": "0.95100", "2008-09-30": "-0.34900", "2008-06-30": "", "2008-03-31": "-0.26300", "2007-12-31": "", "2007-09-30": "", "2007-06-30": "", "2007-03-31": "", "2006-12-31": "", "2006-09-30": "", "2006-06-30": "", "2006-03-31": "", "2005-12-31": "", "2005-09-30": "", "2005-06-30": "", "2005-03-31": ""}, "Net Income": {"2020-09-30": "-154.60000", "2020-06-30": "60.60000", "2020-03-31": "106.40000", "2019-12-31": "-19.00000", "2019-09-30": "92.20000", "2019-06-30": "9.00000", "2019-03-31": "63.90000", "2018-12-31": "81.50000", "2018-09-30": "-67.50000", "2018-06-30": "36.20000", "2018-03-31": "80.80000", "2017-12-31": "73.10000", "2017-09-30": "44.50000", "2017-06-30": "-69.60000", "2017-03-31": "71.60000", "2016-12-31": "-1359.10000", "2016-09-30": "-1590.20000", "2016-06-30": "-534.30000", "2016-03-31": "-529.20000", "2015-12-31": "-174.00000", "2015-09-30": "260.90000", "2015-06-30": "-22.20000", "2015-03-31": "-22.20000", "2014-12-31": "70.20000", "2014-09-30": "96.30000", "2014-06-30": "", "2014-03-31": "48.10000", "2013-12-31": "-86.00000", "2013-09-30": "111.40000", "2013-06-30": "", "2013-03-31": "111.90000", "2012-12-31": "106.00000", "2012-09-30": "105.60000", "2012-06-30": "", "2012-03-31": "115.72700", "2011-12-31": "99.73900", "2011-09-30": "70.45800", "2011-06-30": "", "2011-03-31": "89.08500", "2010-12-31": "90.16700", "2010-09-30": "74.37500", "2010-06-30": "", "2010-03-31": "62.18100", "2009-12-31": "60.81300", "2009-09-30": "51.86100", "2009-06-30": "", "2009-03-31": "45.89700", "2008-12-31": "24.99300", "2008-09-30": "37.95800", "2008-06-30": "", "2008-03-31": "39.96700", "2007-12-31": "34.28900", "2007-09-30": "34.01900", "2007-06-30": "", "2007-03-31": "17.05600", "2006-12-31": "21.08800", "2006-09-30": "16.88200", "2006-06-30": "", "2006-03-31": "20.86100", "2005-12-31": "25.36600", "2005-09-30": "12.91100", "2005-06-30": "", "2005-03-31": "-379.43600"}, "EBITDA": {"2020-09-30": "1.00000", "2020-06-30": "211.50000", "2020-03-31": "238.10010", "2019-12-31": "95.49970", "2019-09-30": "155.60000", "2019-06-30": "148.80000", "2019-03-31": "196.99990", "2018-12-31": "205.20040", "2018-09-30": "-18.30010", "2018-06-30": "201.40000", "2018-03-31": "263.69990", "2017-12-31": "266.19990", "2017-09-30": "268.10000", "2017-06-30": "254.80000", "2017-03-31": "231.50010", "2016-12-31": "-366.09970", "2016-09-30": "-1362.00000", "2016-06-30": "289.29990", "2016-03-31": "-128.60000", "2015-12-31": "-475.90010", "2015-09-30": "271.60000", "2015-06-30": "", "2015-03-31": "247.30000", "2014-12-31": "1198.80000", "2014-09-30": "137.20000", "2014-06-30": "", "2014-03-31": "340.90000", "2013-12-31": "1041.70000", "2013-09-30": "179.70010", "2013-06-30": "", "2013-03-31": "291.40000", "2012-12-31": "919.50000", "2012-09-30": "156.60000", "2012-06-30": "", "2012-03-31": "247.78210", "2011-12-31": "870.55500", "2011-09-30": "101.55200", "2011-06-30": "", "2011-03-31": "199.17000", "2010-12-31": "744.44900", "2010-09-30": "111.76700", "2010-06-30": "", "2010-03-31": "140.96300", "2009-12-31": "600.43700", "2009-09-30": "86.12900", "2009-06-30": "", "2009-03-31": "122.80300", "2008-12-31": "554.79800", "2008-09-30": "59.08700", "2008-06-30": "", "2008-03-31": "113.62200", "2007-12-31": "450.89600", "2007-09-30": "46.65900", "2007-06-30": "", "2007-03-31": "74.95500", "2006-12-31": "384.80800", "2006-09-30": "25.71200", "2006-06-30": "", "2006-03-31": "72.51000", "2005-12-31": "12.45700", "2005-09-30": "20.72900", "2005-06-30": "", "2005-03-31": "36.33200"}, "EBIT": {"2020-09-30": "-95.50000", "2020-06-30": "117.40000", "2020-03-31": "145.70010", "2019-12-31": "-6.90010", "2019-09-30": "54.40000", "2019-06-30": "55.00000", "2019-03-31": "102.29990", "2018-12-31": "107.50020", "2018-09-30": "-122.00010", "2018-06-30": "94.70000", "2018-03-31": "156.29990", "2017-12-31": "158.50000", "2017-09-30": "162.40000", "2017-06-30": "148.80000", "2017-03-31": "128.50010", "2016-12-31": "-484.59970", "2016-09-30": "-1468.30000", "2016-06-30": "184.79990", "2016-03-31": "-231.60000", "2015-12-31": "-490.40010", "2015-09-30": "175.30000", "2015-06-30": "", "2015-03-31": "190.40000", "2014-12-31": "", "2014-09-30": "137.20000", "2014-06-30": "", "2014-03-31": "103.30000", "2013-12-31": "", "2013-09-30": "179.70010", "2013-06-30": "", "2013-03-31": "178.60000", "2012-12-31": "", "2012-09-30": "156.60000", "2012-06-30": "", "2012-03-31": "146.07010", "2011-12-31": "", "2011-09-30": "101.55200", "2011-06-30": "", "2011-03-31": "122.91300", "2010-12-31": "", "2010-09-30": "111.76700", "2010-06-30": "", "2010-03-31": "89.15200", "2009-12-31": "", "2009-09-30": "86.12900", "2009-06-30": "", "2009-03-31": "71.89700", "2008-12-31": "", "2008-09-30": "59.08700", "2008-06-30": "", "2008-03-31": "62.80000", "2007-12-31": "", "2007-09-30": "46.65900", "2007-06-30": "", "2007-03-31": "32.95800", "2006-12-31": "", "2006-09-30": "25.71200", "2006-06-30": "", "2006-03-31": "30.35500", "2005-12-31": "", "2005-09-30": "20.72900", "2005-06-30": "", "2005-03-31": "12.77100"}, "Basic Shares Outstanding": {"2020-09-30": "136.50000", "2020-06-30": "136.40000", "2020-03-31": "136.20000", "2019-12-31": "136.00000", "2019-09-30": "136.00000", "2019-06-30": "136.00000", "2019-03-31": "135.90000", "2018-12-31": "137.80000", "2018-09-30": "137.40000", "2018-06-30": "138.10000", "2018-03-31": "140.80000", "2017-12-31": "142.30000", "2017-09-30": "141.30000", "2017-06-30": "143.30000", "2017-03-31": "143.40000", "2016-12-31": "143.30000", "2016-09-30": "143.30000", "2016-06-30": "143.20000", "2016-03-31": "143.20000", "2015-12-31": "145.60000", "2015-09-30": "146.30000", "2015-06-30": "146.30000", "2015-03-31": "140.80000", "2014-12-31": "136.30000", "2014-09-30": "133.90000", "2014-06-30": "", "2014-03-31": "133.70000", "2013-12-31": "98.70000", "2013-09-30": "94.20000", "2013-06-30": "", "2013-03-31": "94.00000", "2012-12-31": "93.90000", "2012-09-30": "93.60000", "2012-06-30": "", "2012-03-31": "93.33000", "2011-12-31": "93.22100", "2011-09-30": "92.90000", "2011-06-30": "", "2011-03-31": "92.45900", "2010-12-31": "92.23200", "2010-09-30": "91.82400", "2010-06-30": "", "2010-03-31": "91.17900", "2009-12-31": "91.63400", "2009-09-30": "92.04400", "2009-06-30": "", "2009-03-31": "91.96700", "2008-12-31": "92.04400", "2008-09-30": "92.78700", "2008-06-30": "", "2008-03-31": "92.85400", "2007-12-31": "93.14700", "2007-09-30": "93.14200", "2007-06-30": "", "2007-03-31": "91.64300", "2006-12-31": "91.83600", "2006-09-30": "92.16800", "2006-06-30": "", "2006-03-31": "92.68300", "2005-12-31": "92.83300", "2005-09-30": "93.18800", "2005-06-30": "", "2005-03-31": "73.66000"}, "Shares Outstanding": {"2020-09-30": "136.50000", "2020-06-30": "137.50000", "2020-03-31": "137.30000", "2019-12-31": "136.50000", "2019-09-30": "136.80000", "2019-06-30": "136.50000", "2019-03-31": "136.20000", "2018-12-31": "138.30000", "2018-09-30": "137.40000", "2018-06-30": "138.70000", "2018-03-31": "141.40000", "2017-12-31": "142.60000", "2017-09-30": "141.70000", "2017-06-30": "143.30000", "2017-03-31": "143.60000", "2016-12-31": "143.30000", "2016-09-30": "143.30000", "2016-06-30": "143.20000", "2016-03-31": "143.20000", "2015-12-31": "146.10000", "2015-09-30": "146.90000", "2015-06-30": "146.30000", "2015-03-31": "140.80000", "2014-12-31": "136.80000", "2014-09-30": "134.40000", "2014-06-30": "", "2014-03-31": "134.30000", "2013-12-31": "98.70000", "2013-09-30": "94.70000", "2013-06-30": "", "2013-03-31": "94.50000", "2012-12-31": "94.50000", "2012-09-30": "94.30000", "2012-06-30": "", "2012-03-31": "94.12400", "2011-12-31": "94.04300", "2011-09-30": "93.95300", "2011-06-30": "", "2011-03-31": "93.54900", "2010-12-31": "93.36300", "2010-09-30": "93.26900", "2010-06-30": "", "2010-03-31": "92.58900", "2009-12-31": "92.99900", "2009-09-30": "93.39600", "2009-06-30": "", "2009-03-31": "93.15300", "2008-12-31": "93.58700", "2008-09-30": "94.56800", "2008-06-30": "", "2008-03-31": "94.95500", "2007-12-31": "95.28300", "2007-09-30": "94.88400", "2007-06-30": "", "2007-03-31": "93.29800", "2006-12-31": "93.50600", "2006-09-30": "93.27300", "2006-06-30": "", "2006-03-31": "94.04400", "2005-12-31": "93.96300", "2005-09-30": "94.31400", "2005-06-30": "", "2005-03-31": "73.66000"}, "Basic EPS": {"2020-09-30": "-1.13000", "2020-06-30": "0.44000", "2020-03-31": "0.78000", "2019-12-31": "-0.15000", "2019-09-30": "0.68000", "2019-06-30": "0.07000", "2019-03-31": "0.47000", "2018-12-31": "0.61000", "2018-09-30": "-0.49000", "2018-06-30": "0.26000", "2018-03-31": "0.57000", "2017-12-31": "0.52000", "2017-09-30": "0.31000", "2017-06-30": "-0.49000", "2017-03-31": "0.50000", "2016-12-31": "-9.48000", "2016-09-30": "-11.10000", "2016-06-30": "-3.73000", "2016-03-31": "-3.70000", "2015-12-31": "-1.18000", "2015-09-30": "1.78000", "2015-06-30": "-0.15000", "2015-03-31": "-0.16000", "2014-12-31": "0.52000", "2014-09-30": "0.72000", "2014-06-30": "", "2014-03-31": "0.36000", "2013-12-31": "-0.87000", "2013-09-30": "1.18000", "2013-06-30": "", "2013-03-31": "1.19000", "2012-12-31": "1.13000", "2012-09-30": "1.13000", "2012-06-30": "", "2012-03-31": "1.24000", "2011-12-31": "1.07000", "2011-09-30": "0.76000", "2011-06-30": "", "2011-03-31": "0.96000", "2010-12-31": "0.98000", "2010-09-30": "0.81000", "2010-06-30": "", "2010-03-31": "0.68000", "2009-12-31": "0.66000", "2009-09-30": "0.56000", "2009-06-30": "", "2009-03-31": "0.50000", "2008-12-31": "0.27000", "2008-09-30": "0.41000", "2008-06-30": "", "2008-03-31": "0.43000", "2007-12-31": "0.37000", "2007-09-30": "0.37000", "2007-06-30": "", "2007-03-31": "0.19000", "2006-12-31": "0.23000", "2006-09-30": "0.18000", "2006-06-30": "", "2006-03-31": "0.23000", "2005-12-31": "0.27000", "2005-09-30": "0.14000", "2005-06-30": "", "2005-03-31": "-5.15000"}, "EPS - Earnings Per Share": {"2020-09-30": "-1.13000", "2020-06-30": "0.44000", "2020-03-31": "0.77000", "2019-12-31": "-0.14000", "2019-09-30": "0.67000", "2019-06-30": "0.07000", "2019-03-31": "0.47000", "2018-12-31": "0.61000", "2018-09-30": "-0.49000", "2018-06-30": "0.26000", "2018-03-31": "0.57000", "2017-12-31": "0.52000", "2017-09-30": "0.31000", "2017-06-30": "-0.49000", "2017-03-31": "0.50000", "2016-12-31": "-9.48000", "2016-09-30": "-11.10000", "2016-06-30": "-3.73000", "2016-03-31": "-3.70000", "2015-12-31": "-1.18000", "2015-09-30": "1.78000", "2015-06-30": "-0.15000", "2015-03-31": "-0.16000", "2014-12-31": "0.51000", "2014-09-30": "0.72000", "2014-06-30": "0.00000", "2014-03-31": "0.36000", "2013-12-31": "-0.87000", "2013-09-30": "1.18000", "2013-06-30": "0.00000", "2013-03-31": "1.18000", "2012-12-31": "1.12000", "2012-09-30": "1.12000", "2012-06-30": "0.00000", "2012-03-31": "1.23000", "2011-12-31": "1.06000", "2011-09-30": "0.75000", "2011-06-30": "0.00000", "2011-03-31": "0.95000", "2010-12-31": "0.97000", "2010-09-30": "0.80000", "2010-06-30": "0.00000", "2010-03-31": "0.67000", "2009-12-31": "0.65000", "2009-09-30": "0.56000", "2009-06-30": "0.00000", "2009-03-31": "0.49000", "2008-12-31": "0.27000", "2008-09-30": "0.40000", "2008-06-30": "0.00000", "2008-03-31": "0.42000", "2007-12-31": "0.36000", "2007-09-30": "0.36000", "2007-06-30": "0.00000", "2007-03-31": "0.18000", "2006-12-31": "0.23000", "2006-09-30": "0.18000", "2006-06-30": "0.00000", "2006-03-31": "0.22000", "2005-12-31": "0.27000", "2005-09-30": "0.14000", "2005-06-30": "0.00000", "2005-03-31": "-5.15000"}}, "balance sheet": {"Cash On Hand": {"2019-12-31": "354.30000", "2018-12-31": "551.10000", "2017-12-31": "678.70000", "2016-12-31": "622.30000", "2015-12-31": "417.80000", "2015-06-30": "785.60000", "2014-06-30": "805.40000", "2013-06-30": "779.90000", "2012-06-30": "602.50000", "2011-06-30": "310.10400", "2010-06-30": "510.32400", "2009-06-30": "316.13600", "2008-06-30": "319.15900", "2007-06-30": "79.41500", "2006-06-30": "45.75100", "2005-06-30": "34.46800"}, "Receivables": {"2019-12-31": "1243.20000", "2018-12-31": "1073.10000", "2017-12-31": "1130.80000", "2016-12-31": "1176.00000", "2015-12-31": "1189.00000", "2015-06-30": "1209.40000", "2014-06-30": "935.10000", "2013-06-30": "651.90000", "2012-06-30": "573.60000", "2011-06-30": "478.22100", "2010-06-30": "374.24800", "2009-06-30": "334.73600", "2008-06-30": "328.09000", "2007-06-30": "282.04500", "2006-06-30": "240.13000", "2005-06-30": "210.30800"}, "Inventory": {"2019-12-31": "967.30000", "2018-12-31": "878.00000", "2017-12-31": "806.90000", "2016-12-31": "795.00000", "2015-12-31": "898.70000", "2015-06-30": "935.70000", "2014-06-30": "631.60000", "2013-06-30": "703.90000", "2012-06-30": "547.40000", "2011-06-30": "505.57600", "2010-06-30": "452.98000", "2009-06-30": "384.79400", "2008-06-30": "374.78200", "2007-06-30": "295.11400", "2006-06-30": "302.94100", "2005-06-30": "272.98000"}, "Pre-Paid Expenses": {"2019-12-31": "192.10000", "2018-12-31": "400.00000", "2017-12-31": "203.20000", "2016-12-31": "212.00000", "2015-12-31": "286.10000", "2015-06-30": "150.10000", "2014-06-30": "116.00000", "2013-06-30": "54.10000", "2012-06-30": "26.60000", "2011-06-30": "50.35000", "2010-06-30": "30.54900", "2009-06-30": "23.65800", "2008-06-30": "36.95100", "2007-06-30": "18.34000", "2006-06-30": "16.29800", "2005-06-30": "35.06400"}, "Other Current Assets": {"2019-12-31": "", "2018-12-31": "", "2017-12-31": "", "2016-12-31": "", "2015-12-31": "", "2015-06-30": "", "2014-06-30": "", "2013-06-30": "", "2012-06-30": "", "2011-06-30": "", "2010-06-30": "", "2009-06-30": "", "2008-06-30": "", "2007-06-30": "2.74600", "2006-06-30": "", "2005-06-30": ""}, "Total Current Assets": {"2019-12-31": "2756.90000", "2018-12-31": "2902.20000", "2017-12-31": "2819.60000", "2016-12-31": "2805.30000", "2015-12-31": "2791.60000", "2015-06-30": "3229.00000", "2014-06-30": "2550.90000", "2013-06-30": "2236.90000", "2012-06-30": "1795.80000", "2011-06-30": "1377.29300", "2010-06-30": "1402.70100", "2009-06-30": "1134.28400", "2008-06-30": "1160.19100", "2007-06-30": "719.06000", "2006-06-30": "657.17800", "2005-06-30": "608.80700"}, "Property, Plant, And Equipment": {"2019-12-31": "902.80000", "2018-12-31": "829.10000", "2017-12-31": "833.10000", "2016-12-31": "870.10000", "2015-12-31": "886.20000", "2015-06-30": "932.40000", "2014-06-30": "779.90000", "2013-06-30": "681.50000", "2012-06-30": "578.40000", "2011-06-30": "507.30800", "2010-06-30": "448.58300", "2009-06-30": "354.31700", "2008-06-30": "338.54000", "2007-06-30": "331.07200", "2006-06-30": "319.35800", "2005-06-30": "323.80100"}, "Long-Term Investments": {"2019-12-31": "", "2018-12-31": "", "2017-12-31": "", "2016-12-31": "", "2015-12-31": "", "2015-06-30": "", "2014-06-30": "", "2013-06-30": "", "2012-06-30": "", "2011-06-30": "", "2010-06-30": "", "2009-06-30": "", "2008-06-30": "", "2007-06-30": "", "2006-06-30": "", "2005-06-30": ""}, "Goodwill And Intangible Assets": {"2019-12-31": "7106.70000", "2018-12-31": "6888.00000", "2017-12-31": "7556.20000", "2016-12-31": "9910.69900", "2015-12-31": "15352.10000", "2015-06-30": "15147.10000", "2014-06-30": "10330.80000", "2013-06-30": "2331.70000", "2012-06-30": "1549.40000", "2011-06-30": "1212.47500", "2010-06-30": "1205.04200", "2009-06-30": "483.02600", "2008-06-30": "507.83600", "2007-06-30": "356.19500", "2006-06-30": "284.60900", "2005-06-30": "298.26000"}, "Other Long-Term Assets": {"2019-12-31": "399.70000", "2018-12-31": "362.90000", "2017-12-31": "409.50000", "2016-12-31": "211.90000", "2015-12-31": "248.30000", "2015-06-30": "233.30000", "2014-06-30": "167.60000", "2013-06-30": "80.60000", "2012-06-30": "87.00000", "2011-06-30": "81.61400", "2010-06-30": "52.67700", "2009-06-30": "449.75600", "2008-06-30": "463.91400", "2007-06-30": "463.91900", "2006-06-30": "446.33600", "2005-06-30": "447.14400"}, "Total Long-Term Assets": {"2019-12-31": "8544.50000", "2018-12-31": "8081.20000", "2017-12-31": "8809.20000", "2016-12-31": "11064.80000", "2015-12-31": "16558.00000", "2015-06-30": "16362.90000", "2014-06-30": "11301.90000", "2013-06-30": "3114.10000", "2012-06-30": "2228.20000", "2011-06-30": "1811.92800", "2010-06-30": "1706.30200", "2009-06-30": "1308.95300", "2008-06-30": "1418.21800", "2007-06-30": "1206.09400", "2006-06-30": "1093.44600", "2005-06-30": "1096.16900"}, "Total Assets": {"2019-12-31": "11301.40000", "2018-12-31": "10983.40000", "2017-12-31": "11628.80000", "2016-12-31": "13870.10000", "2015-12-31": "19349.60000", "2015-06-30": "19591.90000", "2014-06-30": "13852.80000", "2013-06-30": "5350.80000", "2012-06-30": "4024.00000", "2011-06-30": "3189.22100", "2010-06-30": "3109.00300", "2009-06-30": "2443.23700", "2008-06-30": "2578.40900", "2007-06-30": "1925.15400", "2006-06-30": "1750.62400", "2005-06-30": "1704.97600"}, "Total Current Liabilities": {"2019-12-31": "1335.80000", "2018-12-31": "1537.40000", "2017-12-31": "1436.00000", "2016-12-31": "1836.30000", "2015-12-31": "2552.20000", "2015-06-30": "1748.50000", "2014-06-30": "1074.70000", "2013-06-30": "749.50000", "2012-06-30": "652.70000", "2011-06-30": "606.03500", "2010-06-30": "922.50900", "2009-06-30": "482.03300", "2008-06-30": "488.99400", "2007-06-30": "379.83700", "2006-06-30": "371.43100", "2005-06-30": "340.54200"}, "Long Term Debt": {"2019-12-31": "3365.80000", "2018-12-31": "3052.20000", "2017-12-31": "3270.80000", "2016-12-31": "5224.50000", "2015-12-31": "4971.60000", "2015-06-30": "5246.90000", "2014-06-30": "3063.10000", "2013-06-30": "1927.80000", "2012-06-30": "1329.20000", "2011-06-30": "875.00000", "2010-06-30": "935.00000", "2009-06-30": "875.00000", "2008-06-30": "895.09500", "2007-06-30": "650.76200", "2006-06-30": "621.71700", "2005-06-30": "656.12800"}, "Other Non-Current Liabilities": {"2019-12-31": "515.10000", "2018-12-31": "443.40000", "2017-12-31": "429.50000", "2016-12-31": "461.80000", "2015-12-31": "346.30000", "2015-06-30": "382.70000", "2014-06-30": "293.40000", "2013-06-30": "213.20000", "2012-06-30": "165.30000", "2011-06-30": "166.59800", "2010-06-30": "108.20800", "2009-06-30": "86.47600", "2008-06-30": "106.45300", "2007-06-30": "36.31100", "2006-06-30": "34.80900", "2005-06-30": "43.09000"}, "Total Long Term Liabilities": {"2019-12-31": "4161.50000", "2018-12-31": "3777.90000", "2017-12-31": "4022.20000", "2016-12-31": "6076.20000", "2015-12-31": "6690.60000", "2015-06-30": "7143.90000", "2014-06-30": "4084.40000", "2013-06-30": "2268.80000", "2012-06-30": "1518.60000", "2011-06-30": "1052.19900", "2010-06-30": "1092.55400", "2009-06-30": "1038.73500", "2008-06-30": "1155.70000", "2007-06-30": "790.84800", "2006-06-30": "738.44900", "2005-06-30": "773.59700"}, "Total Liabilities": {"2019-12-31": "5497.30000", "2018-12-31": "5315.30000", "2017-12-31": "5458.20000", "2016-12-31": "7912.50000", "2015-12-31": "9242.80000", "2015-06-30": "8892.40000", "2014-06-30": "5159.10000", "2013-06-30": "3018.20000", "2012-06-30": "2171.30000", "2011-06-30": "1658.23400", "2010-06-30": "2015.06300", "2009-06-30": "1520.76800", "2008-06-30": "1644.69400", "2007-06-30": "1170.68500", "2006-06-30": "1109.88000", "2005-06-30": "1114.13900"}, "Common Stock Net": {"2019-12-31": "7359.90000", "2018-12-31": "7421.70000", "2017-12-31": "7892.90000", "2016-12-31": "8135.00000", "2015-12-31": "8142.60000", "2015-06-30": "8621.90000", "2014-06-30": "6678.20000", "2013-06-30": "538.50000", "2012-06-30": "504.70000", "2011-06-30": "467.66100", "2010-06-30": "428.45700", "2009-06-30": "452.24300", "2008-06-30": "488.53700", "2007-06-30": "519.41900", "2006-06-30": "516.09800", "2005-06-30": "527.74800"}, "Retained Earnings (Accumulated Deficit)": {"2019-12-31": "-1695.50000", "2018-12-31": "-1838.30000", "2017-12-31": "-1975.50000", "2016-12-31": "-2095.10000", "2015-12-31": "1980.10000", "2015-06-30": "1973.90000", "2014-06-30": "1875.10000", "2013-06-30": "1715.90000", "2012-06-30": "1306.90000", "2011-06-30": "934.33300", "2010-06-30": "620.43900", "2009-06-30": "419.08600", "2008-06-30": "289.99400", "2007-06-30": "178.37400", "2006-06-30": "121.05300", "2005-06-30": "64.77600"}, "Comprehensive Income": {"2019-12-31": "139.40000", "2018-12-31": "84.60000", "2017-12-31": "253.10000", "2016-12-31": "-81.80000", "2015-12-31": "-15.30000", "2015-06-30": "103.50000", "2014-06-30": "139.60000", "2013-06-30": "77.00000", "2012-06-30": "39.40000", "2011-06-30": "127.05000", "2010-06-30": "43.20000", "2009-06-30": "50.59200", "2008-06-30": "155.18400", "2007-06-30": "56.67600", "2006-06-30": "3.59300", "2005-06-30": "-1.68700"}, "Other Share Holders Equity": {"2019-12-31": "", "2018-12-31": "", "2017-12-31": "", "2016-12-31": "", "2015-12-31": "", "2015-06-30": "", "2014-06-30": "", "2013-06-30": "", "2012-06-30": "", "2011-06-30": "", "2010-06-30": "", "2009-06-30": "", "2008-06-30": "", "2007-06-30": "", "2006-06-30": "", "2005-06-30": ""}, "Share Holder Equity": {"2019-12-31": "5804.10000", "2018-12-31": "5668.10000", "2017-12-31": "6170.60000", "2016-12-31": "5957.60000", "2015-12-31": "10106.80000", "2015-06-30": "10699.50000", "2014-06-30": "8693.70000", "2013-06-30": "2332.60000", "2012-06-30": "1852.60000", "2011-06-30": "1530.98700", "2010-06-30": "1093.94000", "2009-06-30": "922.46900", "2008-06-30": "933.71500", "2007-06-30": "754.46900", "2006-06-30": "640.74400", "2005-06-30": "590.83700"}, "Total Liabilities And Share Holders Equity": {"2019-12-31": "11301.40000", "2018-12-31": "10983.40000", "2017-12-31": "11628.80000", "2016-12-31": "13870.10000", "2015-12-31": "19349.60000", "2015-06-30": "19591.90000", "2014-06-30": "13852.80000", "2013-06-30": "5350.80000", "2012-06-30": "4024.00000", "2011-06-30": "3189.22100", "2010-06-30": "3109.00300", "2009-06-30": "2443.23700", "2008-06-30": "2578.40900", "2007-06-30": "1925.15400", "2006-06-30": "1750.62400", "2005-06-30": "1704.97600"}}, "balance sheet, quarterly": {"Cash On Hand": {"2020-09-30": "849.40000", "2020-06-30": "1456.30000", "2020-03-31": "510.40000", "2019-12-31": "354.30000", "2019-09-30": "398.50000", "2019-06-30": "1055.70000", "2019-03-31": "837.90000", "2018-12-31": "551.10000", "2018-09-30": "444.20000", "2018-06-30": "526.50000", "2018-03-31": "687.30000", "2017-12-31": "678.70000", "2017-09-30": "775.90000", "2017-06-30": "760.80000", "2017-03-31": "3077.80000", "2016-12-31": "622.30000", "2016-09-30": "362.70000", "2016-06-30": "641.80000", "2016-03-31": "588.90000", "2015-12-31": "417.80000", "2015-09-30": "523.00000", "2015-06-30": "798.30000", "2015-03-31": "3452.20000", "2014-12-31": "3616.10000", "2014-09-30": "913.10000", "2014-06-30": "805.40000", "2014-03-31": "617.10000", "2013-12-31": "606.60000", "2013-09-30": "816.60000", "2013-06-30": "779.90000", "2013-03-31": "300.82700", "2012-12-31": "459.51400", "2012-09-30": "632.00000", "2012-06-30": "602.48900", "2012-03-31": "554.28000", "2011-12-31": "531.41000", "2011-09-30": "116.61500", "2011-06-30": "310.10400", "2011-03-31": "223.23700", "2010-12-31": "134.77900", "2010-09-30": "56.65800", "2010-06-30": "510.32400", "2010-03-31": "319.08400", "2009-12-31": "282.99900", "2009-09-30": "244.53300", "2009-06-30": "316.13600", "2009-03-31": "197.82200", "2008-12-31": "162.16900", "2008-09-30": "249.31600", "2008-06-30": "319.15900", "2008-03-31": "64.83800", "2007-12-31": "101.80500", "2007-09-30": "79.32400", "2007-06-30": "79.41500", "2007-03-31": "93.09300", "2006-12-31": "73.66500", "2006-09-30": "60.94900", "2006-06-30": "45.75100", "2006-03-31": "35.85300", "2005-12-31": "26.55700", "2005-09-30": "40.94100", "2005-06-30": "34.46800", "2005-03-31": "73.93500"}, "Receivables": {"2020-09-30": "1097.70000", "2020-06-30": "1001.20000", "2020-03-31": "1296.70000", "2019-12-31": "1243.20000", "2019-09-30": "1102.20000", "2019-06-30": "1117.10000", "2019-03-31": "1118.70000", "2018-12-31": "1073.10000", "2018-09-30": "1079.80000", "2018-06-30": "1129.80000", "2018-03-31": "1123.40000", "2017-12-31": "1130.80000", "2017-09-30": "1076.60000", "2017-06-30": "1065.90000", "2017-03-31": "1050.20000", "2016-12-31": "1176.00000", "2016-09-30": "1124.10000", "2016-06-30": "1194.10000", "2016-03-31": "1188.00000", "2015-12-31": "1189.00000", "2015-09-30": "1232.20000", "2015-06-30": "1282.10000", "2015-03-31": "881.70000", "2014-12-31": "924.70000", "2014-09-30": "869.40000", "2014-06-30": "935.10000", "2014-03-31": "867.50000", "2013-12-31": "849.00000", "2013-09-30": "707.50000", "2013-06-30": "658.00000", "2013-03-31": "624.14500", "2012-12-31": "588.22600", "2012-09-30": "588.30000", "2012-06-30": "573.62900", "2012-03-31": "561.50600", "2011-12-31": "534.28900", "2011-09-30": "530.15400", "2011-06-30": "478.22100", "2011-03-31": "466.29300", "2010-12-31": "466.20000", "2010-09-30": "419.64100", "2010-06-30": "374.24800", "2010-03-31": "336.51000", "2009-12-31": "346.17900", "2009-09-30": "340.93000", "2009-06-30": "334.73600", "2009-03-31": "343.49800", "2008-12-31": "358.14100", "2008-09-30": "322.68600", "2008-06-30": "330.71600", "2008-03-31": "353.47000", "2007-12-31": "315.58100", "2007-09-30": "289.03900", "2007-06-30": "282.04500", "2007-03-31": "246.58200", "2006-12-31": "246.60300", "2006-09-30": "230.23900", "2006-06-30": "240.13000", "2006-03-31": "220.42500", "2005-12-31": "235.67200", "2005-09-30": "212.43300", "2005-06-30": "210.30800", "2005-03-31": "203.84900"}, "Inventory": {"2020-09-30": "1100.70000", "2020-06-30": "1034.70000", "2020-03-31": "930.80000", "2019-12-31": "967.30000", "2019-09-30": "990.50000", "2019-06-30": "940.50000", "2019-03-31": "912.90000", "2018-12-31": "878.00000", "2018-09-30": "885.30000", "2018-06-30": "883.80000", "2018-03-31": "843.80000", "2017-12-31": "806.90000", "2017-09-30": "821.90000", "2017-06-30": "818.10000", "2017-03-31": "800.20000", "2016-12-31": "795.00000", "2016-09-30": "884.60000", "2016-06-30": "894.60000", "2016-03-31": "905.10000", "2015-12-31": "898.70000", "2015-09-30": "888.00000", "2015-06-30": "838.90000", "2015-03-31": "637.00000", "2014-12-31": "641.80000", "2014-09-30": "656.80000", "2014-06-30": "631.60000", "2014-03-31": "693.50000", "2013-12-31": "702.30000", "2013-09-30": "721.40000", "2013-06-30": "703.90000", "2013-03-31": "684.74100", "2012-12-31": "638.79700", "2012-09-30": "598.80000", "2012-06-30": "547.45500", "2012-03-31": "589.94700", "2011-12-31": "580.66800", "2011-09-30": "563.25700", "2011-06-30": "505.57600", "2011-03-31": "494.27800", "2010-12-31": "483.78700", "2010-09-30": "461.24400", "2010-06-30": "452.98000", "2010-03-31": "419.77900", "2009-12-31": "411.22900", "2009-09-30": "390.58800", "2009-06-30": "384.79400", "2009-03-31": "383.01000", "2008-12-31": "406.83900", "2008-09-30": "421.74100", "2008-06-30": "374.78200", "2008-03-31": "335.90500", "2007-12-31": "326.00200", "2007-09-30": "314.59700", "2007-06-30": "295.11400", "2007-03-31": "310.27200", "2006-12-31": "322.62400", "2006-09-30": "326.53800", "2006-06-30": "302.94100", "2006-03-31": "273.66800", "2005-12-31": "262.85500", "2005-09-30": "269.69500", "2005-06-30": "272.98000", "2005-03-31": "301.27000"}, "Pre-Paid Expenses": {"2020-09-30": "350.50000", "2020-06-30": "311.30000", "2020-03-31": "308.30000", "2019-12-31": "165.80000", "2019-09-30": "248.60000", "2019-06-30": "322.10000", "2019-03-31": "139.80000", "2018-12-31": "400.00000", "2018-09-30": "359.50000", "2018-06-30": "238.40000", "2018-03-31": "246.20000", "2017-12-31": "203.20000", "2017-09-30": "297.40000", "2017-06-30": "176.50000", "2017-03-31": "185.20000", "2016-12-31": "212.00000", "2016-09-30": "250.60000", "2016-06-30": "297.30000", "2016-03-31": "332.60000", "2015-12-31": "286.10000", "2015-09-30": "168.60000", "2015-06-30": "141.30000", "2015-03-31": "89.20000", "2014-12-31": "115.00000", "2014-09-30": "130.10000", "2014-06-30": "116.00000", "2014-03-31": "60.20000", "2013-12-31": "66.50000", "2013-09-30": "69.00000", "2013-06-30": "48.00000", "2013-03-31": "44.84700", "2012-12-31": "42.77100", "2012-09-30": "35.80000", "2012-06-30": "26.61000", "2012-03-31": "33.88600", "2011-12-31": "40.50900", "2011-09-30": "38.78900", "2011-06-30": "50.35000", "2011-03-31": "50.11200", "2010-12-31": "43.25300", "2010-09-30": "42.08200", "2010-06-30": "30.54900", "2010-03-31": "35.02900", "2009-12-31": "23.83000", "2009-09-30": "24.52800", "2009-06-30": "23.65800", "2009-03-31": "26.90400", "2008-12-31": "25.82700", "2008-09-30": "25.74900", "2008-06-30": "36.95100", "2008-03-31": "18.63400", "2007-12-31": "21.41500", "2007-09-30": "23.01000", "2007-06-30": "18.34000", "2007-03-31": "23.83300", "2006-12-31": "24.51500", "2006-09-30": "21.06800", "2006-06-30": "16.29800", "2006-03-31": "16.01000", "2005-12-31": "21.84100", "2005-09-30": "39.27000", "2005-06-30": "35.06400", "2005-03-31": "28.69000"}, "Other Current Assets": {"2020-09-30": "", "2020-06-30": "", "2020-03-31": "", "2019-12-31": "", "2019-09-30": "", "2019-06-30": "", "2019-03-31": "", "2018-12-31": "", "2018-09-30": "", "2018-06-30": "", "2018-03-31": "", "2017-12-31": "", "2017-09-30": "", "2017-06-30": "", "2017-03-31": "", "2016-12-31": "", "2016-09-30": "", "2016-06-30": "", "2016-03-31": "", "2015-12-31": "", "2015-09-30": "", "2015-06-30": "", "2015-03-31": "", "2014-12-31": "", "2014-09-30": "", "2014-06-30": "", "2014-03-31": "", "2013-12-31": "", "2013-09-30": "", "2013-06-30": "", "2013-03-31": "", "2012-12-31": "", "2012-09-30": "", "2012-06-30": "", "2012-03-31": "", "2011-12-31": "", "2011-09-30": "", "2011-06-30": "", "2011-03-31": "", "2010-12-31": "", "2010-09-30": "", "2010-06-30": "", "2010-03-31": "", "2009-12-31": "", "2009-09-30": "", "2009-06-30": "", "2009-03-31": "", "2008-12-31": "", "2008-09-30": "", "2008-06-30": "", "2008-03-31": "", "2007-12-31": "", "2007-09-30": "", "2007-06-30": "2.74600", "2007-03-31": "", "2006-12-31": "", "2006-09-30": "", "2006-06-30": "", "2006-03-31": "", "2005-12-31": "", "2005-09-30": "", "2005-06-30": "", "2005-03-31": ""}, "Total Current Assets": {"2020-09-30": "3398.30000", "2020-06-30": "3803.50000", "2020-03-31": "3046.20000", "2019-12-31": "2730.60000", "2019-09-30": "2739.80000", "2019-06-30": "3435.40000", "2019-03-31": "3009.30000", "2018-12-31": "2902.20000", "2018-09-30": "2768.80000", "2018-06-30": "2778.50000", "2018-03-31": "2900.70000", "2017-12-31": "2819.60000", "2017-09-30": "2971.80000", "2017-06-30": "2821.30000", "2017-03-31": "5113.40000", "2016-12-31": "2805.30000", "2016-09-30": "2622.00000", "2016-06-30": "3027.80000", "2016-03-31": "3014.60000", "2015-12-31": "2791.60000", "2015-09-30": "2880.80000", "2015-06-30": "3182.90000", "2015-03-31": "5130.00000", "2014-12-31": "5364.20000", "2014-09-30": "2634.00000", "2014-06-30": "2550.90000", "2014-03-31": "2304.40000", "2013-12-31": "2286.00000", "2013-09-30": "2367.20000", "2013-06-30": "2236.90000", "2013-03-31": "1697.62800", "2012-12-31": "1774.12100", "2012-09-30": "1900.70000", "2012-06-30": "1795.92100", "2012-03-31": "1790.88800", "2011-12-31": "1734.09200", "2011-09-30": "1299.09100", "2011-06-30": "1377.29300", "2011-03-31": "1259.64700", "2010-12-31": "1163.54000", "2010-09-30": "1016.99300", "2010-06-30": "1402.70100", "2010-03-31": "1144.51700", "2009-12-31": "1160.09800", "2009-09-30": "1101.96300", "2009-06-30": "1152.96400", "2009-03-31": "1037.47700", "2008-12-31": "1051.93700", "2008-09-30": "1119.82800", "2008-06-30": "1162.81700", "2008-03-31": "857.57800", "2007-12-31": "803.48600", "2007-09-30": "747.34200", "2007-06-30": "719.06000", "2007-03-31": "712.90200", "2006-12-31": "717.76500", "2006-09-30": "691.00900", "2006-06-30": "657.17800", "2006-03-31": "593.04400", "2005-12-31": "599.06500", "2005-09-30": "612.20900", "2005-06-30": "608.80700", "2005-03-31": "655.12400"}, "Property, Plant, And Equipment": {"2020-09-30": "918.80000", "2020-06-30": "892.30000", "2020-03-31": "889.10000", "2019-12-31": "902.80000", "2019-09-30": "871.40000", "2019-06-30": "824.30000", "2019-03-31": "821.10000", "2018-12-31": "829.10000", "2018-09-30": "820.20000", "2018-06-30": "811.90000", "2018-03-31": "829.30000", "2017-12-31": "833.10000", "2017-09-30": "822.30000", "2017-06-30": "876.90000", "2017-03-31": "875.30000", "2016-12-31": "870.10000", "2016-09-30": "881.30000", "2016-06-30": "888.60000", "2016-03-31": "896.30000", "2015-12-31": "886.20000", "2015-09-30": "924.10000", "2015-06-30": "932.40000", "2015-03-31": "769.20000", "2014-12-31": "756.80000", "2014-09-30": "761.70000", "2014-06-30": "779.90000", "2014-03-31": "740.90000", "2013-12-31": "718.50000", "2013-09-30": "691.10000", "2013-06-30": "681.40000", "2013-03-31": "643.25800", "2012-12-31": "618.42500", "2012-09-30": "580.30000", "2012-06-30": "578.35000", "2012-03-31": "564.41400", "2011-12-31": "550.70700", "2011-09-30": "532.88100", "2011-06-30": "507.30800", "2011-03-31": "465.90300", "2010-12-31": "460.16400", "2010-09-30": "451.61000", "2010-06-30": "448.58300", "2010-03-31": "383.16700", "2009-12-31": "362.03100", "2009-09-30": "362.30100", "2009-06-30": "354.31700", "2009-03-31": "338.46200", "2008-12-31": "346.79500", "2008-09-30": "350.00800", "2008-06-30": "338.54000", "2008-03-31": "319.27500", "2007-12-31": "329.00000", "2007-09-30": "322.20600", "2007-06-30": "331.07200", "2007-03-31": "320.67100", "2006-12-31": "320.32600", "2006-09-30": "319.55300", "2006-06-30": "319.35800", "2006-03-31": "317.96900", "2005-12-31": "312.60600", "2005-09-30": "318.70600", "2005-06-30": "323.80100", "2005-03-31": "322.73300"}, "Long-Term Investments": {"2020-09-30": "", "2020-06-30": "", "2020-03-31": "", "2019-12-31": "", "2019-09-30": "", "2019-06-30": "", "2019-03-31": "", "2018-12-31": "", "2018-09-30": "", "2018-06-30": "", "2018-03-31": "", "2017-12-31": "", "2017-09-30": "", "2017-06-30": "", "2017-03-31": "", "2016-12-31": "", "2016-09-30": "", "2016-06-30": "", "2016-03-31": "", "2015-12-31": "", "2015-09-30": "", "2015-06-30": "", "2015-03-31": "", "2014-12-31": "", "2014-09-30": "", "2014-06-30": "", "2014-03-31": "60.60000", "2013-12-31": "69.00000", "2013-09-30": "", "2013-06-30": "4.40000", "2013-03-31": "", "2012-12-31": "", "2012-09-30": "", "2012-06-30": "", "2012-03-31": "", "2011-12-31": "", "2011-09-30": "", "2011-06-30": "", "2011-03-31": "", "2010-12-31": "", "2010-09-30": "", "2010-06-30": "", "2010-03-31": "", "2009-12-31": "", "2009-09-30": "", "2009-06-30": "", "2009-03-31": "", "2008-12-31": "", "2008-09-30": "", "2008-06-30": "", "2008-03-31": "", "2007-12-31": "", "2007-09-30": "", "2007-06-30": "", "2007-03-31": "", "2006-12-31": "", "2006-09-30": "", "2006-06-30": "", "2006-03-31": "", "2005-12-31": "", "2005-09-30": "", "2005-06-30": "", "2005-03-31": ""}, "Goodwill And Intangible Assets": {"2020-09-30": "6749.50000", "2020-06-30": "6926.30000", "2020-03-31": "7023.90000", "2019-12-31": "7106.70000", "2019-09-30": "7169.00000", "2019-06-30": "6643.00000", "2019-03-31": "6756.90000", "2018-12-31": "6888.00000", "2018-09-30": "7001.30000", "2018-06-30": "7293.10000", "2018-03-31": "7559.90000", "2017-12-31": "7556.20000", "2017-09-30": "7602.80000", "2017-06-30": "7626.40000", "2017-03-31": "7519.40000", "2016-12-31": "9910.69900", "2016-09-30": "12031.80000", "2016-06-30": "14053.40000", "2016-03-31": "15268.40000", "2015-12-31": "15352.10000", "2015-09-30": "15645.40000", "2015-06-30": "15340.60000", "2015-03-31": "9995.10000", "2014-12-31": "10118.50000", "2014-09-30": "10174.80000", "2014-06-30": "10330.80000", "2014-03-31": "10457.50000", "2013-12-31": "10478.90000", "2013-09-30": "2330.40000", "2013-06-30": "2331.70000", "2013-03-31": "2066.49800", "2012-12-31": "1808.47000", "2012-09-30": "1533.50000", "2012-06-30": "1549.37500", "2012-03-31": "1583.28900", "2011-12-31": "1561.12600", "2011-09-30": "1584.60100", "2011-06-30": "1212.47500", "2011-03-31": "1216.54300", "2010-12-31": "1218.34700", "2010-09-30": "1218.41500", "2010-06-30": "1205.04200", "2010-03-31": "508.70700", "2009-12-31": "483.12400", "2009-09-30": "488.74000", "2009-06-30": "483.02600", "2009-03-31": "458.05300", "2008-12-31": "495.15800", "2008-09-30": "481.83100", "2008-06-30": "507.83600", "2008-03-31": "491.95400", "2007-12-31": "404.36400", "2007-09-30": "387.19700", "2007-06-30": "356.19500", "2007-03-31": "348.87700", "2006-12-31": "326.19300", "2006-09-30": "321.08100", "2006-06-30": "284.60900", "2006-03-31": "285.67600", "2005-12-31": "291.14600", "2005-09-30": "288.67700", "2005-06-30": "298.26000", "2005-03-31": "292.27600"}, "Other Long-Term Assets": {"2020-09-30": "369.90000", "2020-06-30": "362.30000", "2020-03-31": "311.30000", "2019-12-31": "426.00000", "2019-09-30": "396.00000", "2019-06-30": "383.80000", "2019-03-31": "382.70000", "2018-12-31": "362.90000", "2018-09-30": "351.80000", "2018-06-30": "341.10000", "2018-03-31": "330.10000", "2017-12-31": "409.50000", "2017-09-30": "423.30000", "2017-06-30": "435.90000", "2017-03-31": "394.90000", "2016-12-31": "211.90000", "2016-09-30": "216.80000", "2016-06-30": "212.10000", "2016-03-31": "233.60000", "2015-12-31": "248.30000", "2015-09-30": "225.00000", "2015-06-30": "225.10000", "2015-03-31": "260.80000", "2014-12-31": "191.80000", "2014-09-30": "182.00000", "2014-06-30": "195.00000", "2014-03-31": "155.50000", "2013-12-31": "139.10000", "2013-09-30": "97.90000", "2013-06-30": "76.10000", "2013-03-31": "71.28100", "2012-12-31": "78.38200", "2012-09-30": "88.30000", "2012-06-30": "86.95700", "2012-03-31": "89.07300", "2011-12-31": "84.29900", "2011-09-30": "84.03500", "2011-06-30": "81.61400", "2011-03-31": "81.61200", "2010-12-31": "79.65500", "2010-09-30": "72.03100", "2010-06-30": "52.67700", "2010-03-31": "452.29000", "2009-12-31": "453.86200", "2009-09-30": "453.51000", "2009-06-30": "449.75600", "2009-03-31": "445.10100", "2008-12-31": "445.93200", "2008-09-30": "461.56700", "2008-06-30": "463.91400", "2008-03-31": "449.93700", "2007-12-31": "442.53500", "2007-09-30": "440.72300", "2007-06-30": "463.91900", "2007-03-31": "465.48700", "2006-12-31": "443.74000", "2006-09-30": "440.65100", "2006-06-30": "446.33600", "2006-03-31": "441.46000", "2005-12-31": "445.12900", "2005-09-30": "444.61700", "2005-06-30": "447.14400", "2005-03-31": "447.12600"}, "Total Long-Term Assets": {"2020-09-30": "8177.70000", "2020-06-30": "8324.80000", "2020-03-31": "8354.50100", "2019-12-31": "8570.80000", "2019-09-30": "8571.00000", "2019-06-30": "7993.29900", "2019-03-31": "8110.20000", "2018-12-31": "8081.20000", "2018-09-30": "8174.10000", "2018-06-30": "8447.10000", "2018-03-31": "8738.89900", "2017-12-31": "8809.20000", "2017-09-30": "8870.80000", "2017-06-30": "8970.90000", "2017-03-31": "8866.00100", "2016-12-31": "11064.80000", "2016-09-30": "13266.10000", "2016-06-30": "15263.40000", "2016-03-31": "16485.10000", "2015-12-31": "16558.00000", "2015-09-30": "16822.30000", "2015-06-30": "16537.70000", "2015-03-31": "11052.80000", "2014-12-31": "11096.50000", "2014-09-30": "11147.00000", "2014-06-30": "11329.30000", "2014-03-31": "11438.30000", "2013-12-31": "11426.80000", "2013-09-30": "3141.60000", "2013-06-30": "3113.90000", "2013-03-31": "2798.26000", "2012-12-31": "2520.21500", "2012-09-30": "2216.70000", "2012-06-30": "2228.12600", "2012-03-31": "2249.16600", "2011-12-31": "2208.46200", "2011-09-30": "2214.99600", "2011-06-30": "1811.92800", "2011-03-31": "1777.84400", "2010-12-31": "1771.48000", "2010-09-30": "1754.76300", "2010-06-30": "1706.30200", "2010-03-31": "1344.16400", "2009-12-31": "1299.01700", "2009-09-30": "1304.55100", "2009-06-30": "1383.39100", "2009-03-31": "1334.40700", "2008-12-31": "1375.99000", "2008-09-30": "1385.47900", "2008-06-30": "1418.21800", "2008-03-31": "1341.53500", "2007-12-31": "1235.82400", "2007-09-30": "1199.31000", "2007-06-30": "1206.09400", "2007-03-31": "1177.65900", "2006-12-31": "1136.29800", "2006-09-30": "1124.66500", "2006-06-30": "1093.44600", "2006-03-31": "1077.83000", "2005-12-31": "1085.01100", "2005-09-30": "1078.82800", "2005-06-30": "1096.16900", "2005-03-31": "1076.05700"}, "Total Assets": {"2020-09-30": "11576.00000", "2020-06-30": "12128.30000", "2020-03-31": "11400.70000", "2019-12-31": "11301.40000", "2019-09-30": "11310.80000", "2019-06-30": "11428.70000", "2019-03-31": "11119.50000", "2018-12-31": "10983.40000", "2018-09-30": "10942.90000", "2018-06-30": "11225.60000", "2018-03-31": "11639.60000", "2017-12-31": "11628.80000", "2017-09-30": "11842.60000", "2017-06-30": "11792.20000", "2017-03-31": "13979.40000", "2016-12-31": "13870.10000", "2016-09-30": "15888.10000", "2016-06-30": "18291.20000", "2016-03-31": "19499.70000", "2015-12-31": "19349.60000", "2015-09-30": "19703.10000", "2015-06-30": "19720.60000", "2015-03-31": "16182.80000", "2014-12-31": "16460.70000", "2014-09-30": "13781.00000", "2014-06-30": "13880.20000", "2014-03-31": "13742.70000", "2013-12-31": "13712.80000", "2013-09-30": "5508.80000", "2013-06-30": "5350.80000", "2013-03-31": "4495.88800", "2012-12-31": "4294.33600", "2012-09-30": "4117.40000", "2012-06-30": "4024.04700", "2012-03-31": "4040.05400", "2011-12-31": "3942.55400", "2011-09-30": "3514.08700", "2011-06-30": "3189.22100", "2011-03-31": "3037.49100", "2010-12-31": "2935.02000", "2010-09-30": "2771.75600", "2010-06-30": "3109.00300", "2010-03-31": "2488.68100", "2009-12-31": "2459.11500", "2009-09-30": "2406.51400", "2009-06-30": "2536.35500", "2009-03-31": "2371.88400", "2008-12-31": "2427.92700", "2008-09-30": "2505.30700", "2008-06-30": "2581.03500", "2008-03-31": "2199.11300", "2007-12-31": "2039.31000", "2007-09-30": "1946.65200", "2007-06-30": "1925.15400", "2007-03-31": "1890.56100", "2006-12-31": "1854.06300", "2006-09-30": "1815.67400", "2006-06-30": "1750.62400", "2006-03-31": "1670.87400", "2005-12-31": "1684.07600", "2005-09-30": "1691.03700", "2005-06-30": "1704.97600", "2005-03-31": "1731.18100"}, "Total Current Liabilities": {"2020-09-30": "1336.30000", "2020-06-30": "1859.70000", "2020-03-31": "1635.00000", "2019-12-31": "1335.80000", "2019-09-30": "1324.70000", "2019-06-30": "1790.80000", "2019-03-31": "1831.90000", "2018-12-31": "1537.40000", "2018-09-30": "1493.50000", "2018-06-30": "1537.60000", "2018-03-31": "1392.50000", "2017-12-31": "1436.00000", "2017-09-30": "1732.50000", "2017-06-30": "1629.70000", "2017-03-31": "2485.20000", "2016-12-31": "1836.30000", "2016-09-30": "1512.80000", "2016-06-30": "2060.20000", "2016-03-31": "2222.40000", "2015-12-31": "2552.20000", "2015-09-30": "1661.20000", "2015-06-30": "1693.70000", "2015-03-31": "1284.20000", "2014-12-31": "1325.00000", "2014-09-30": "1017.90000", "2014-06-30": "1074.70000", "2014-03-31": "953.00000", "2013-12-31": "961.80000", "2013-09-30": "743.50000", "2013-06-30": "749.40000", "2013-03-31": "673.62000", "2012-12-31": "634.86500", "2012-09-30": "629.90000", "2012-06-30": "652.73100", "2012-03-31": "629.75100", "2011-12-31": "666.64100", "2011-09-30": "622.04800", "2011-06-30": "606.03500", "2011-03-31": "566.60600", "2010-12-31": "588.18900", "2010-09-30": "570.76500", "2010-06-30": "922.50900", "2010-03-31": "452.74900", "2009-12-31": "485.85300", "2009-09-30": "459.19900", "2009-06-30": "500.56100", "2009-03-31": "438.01200", "2008-12-31": "457.09700", "2008-09-30": "476.00400", "2008-06-30": "491.62000", "2008-03-31": "417.76300", "2007-12-31": "368.70200", "2007-09-30": "344.04900", "2007-06-30": "379.83700", "2007-03-31": "339.48700", "2006-12-31": "351.65800", "2006-09-30": "333.46400", "2006-06-30": "371.43100", "2006-03-31": "347.95300", "2005-12-31": "344.47600", "2005-09-30": "333.28500", "2005-06-30": "340.54200", "2005-03-31": "362.12400"}, "Long Term Debt": {"2020-09-30": "3543.60000", "2020-06-30": "3536.00000", "2020-03-31": "3182.90000", "2019-12-31": "3365.80000", "2019-09-30": "3361.50000", "2019-06-30": "3084.40000", "2019-03-31": "2749.90000", "2018-12-31": "3052.20000", "2018-09-30": "3071.00000", "2018-06-30": "3085.30000", "2018-03-31": "3280.60000", "2017-12-31": "3270.80000", "2017-09-30": "3275.70000", "2017-06-30": "3267.90000", "2017-03-31": "4618.90000", "2016-12-31": "5224.50000", "2016-09-30": "5638.00000", "2016-06-30": "5652.50000", "2016-03-31": "5902.70000", "2015-12-31": "4971.60000", "2015-09-30": "5229.90000", "2015-06-30": "5246.90000", "2015-03-31": "4367.80000", "2014-12-31": "4439.40000", "2014-09-30": "3050.80000", "2014-06-30": "3090.50000", "2014-03-31": "3125.50000", "2013-12-31": "3159.10000", "2013-09-30": "1936.00000", "2013-06-30": "1927.80000", "2013-03-31": "1331.68400", "2012-12-31": "1329.88600", "2012-09-30": "1329.80000", "2012-06-30": "1329.23500", "2012-03-31": "1454.62000", "2011-12-31": "1452.54600", "2011-09-30": "1155.78700", "2011-06-30": "875.00000", "2011-03-31": "875.44200", "2010-12-31": "875.00000", "2010-09-30": "840.00000", "2010-06-30": "935.00000", "2010-03-31": "825.00000", "2009-12-31": "825.00000", "2009-09-30": "825.00000", "2009-06-30": "875.00000", "2009-03-31": "875.00000", "2008-12-31": "892.05000", "2008-09-30": "893.43300", "2008-06-30": "895.09500", "2008-03-31": "697.59800", "2007-12-31": "648.07700", "2007-09-30": "642.62900", "2007-06-30": "650.76200", "2007-03-31": "709.34200", "2006-12-31": "668.78400", "2006-09-30": "678.27200", "2006-06-30": "621.71700", "2006-03-31": "594.36000", "2005-12-31": "634.95600", "2005-09-30": "670.81400", "2005-06-30": "656.12800", "2005-03-31": "666.70600"}, "Other Non-Current Liabilities": {"2020-09-30": "562.20000", "2020-06-30": "530.10000", "2020-03-31": "509.60000", "2019-12-31": "515.10000", "2019-09-30": "551.20000", "2019-06-30": "546.90000", "2019-03-31": "554.50000", "2018-12-31": "443.40000", "2018-09-30": "423.70000", "2018-06-30": "414.60000", "2018-03-31": "428.90000", "2017-12-31": "429.50000", "2017-09-30": "434.90000", "2017-06-30": "445.00000", "2017-03-31": "458.60000", "2016-12-31": "461.80000", "2016-09-30": "456.70000", "2016-06-30": "422.50000", "2016-03-31": "408.50000", "2015-12-31": "346.30000", "2015-09-30": "374.90000", "2015-06-30": "372.10000", "2015-03-31": "300.50000", "2014-12-31": "291.10000", "2014-09-30": "286.90000", "2014-06-30": "293.40000", "2014-03-31": "275.10000", "2013-12-31": "244.50000", "2013-09-30": "234.90000", "2013-06-30": "213.20000", "2013-03-31": "184.78200", "2012-12-31": "173.64400", "2012-09-30": "166.10000", "2012-06-30": "165.31000", "2012-03-31": "163.46600", "2011-12-31": "183.39300", "2011-09-30": "182.20700", "2011-06-30": "166.59800", "2011-03-31": "158.44400", "2010-12-31": "147.13900", "2010-09-30": "139.20000", "2010-06-30": "108.20800", "2010-03-31": "104.88100", "2009-12-31": "106.22700", "2009-09-30": "99.11100", "2009-06-30": "86.47600", "2009-03-31": "74.22200", "2008-12-31": "111.35800", "2008-09-30": "111.73100", "2008-06-30": "112.39600", "2008-03-31": "102.47200", "2007-12-31": "99.56600", "2007-09-30": "87.32400", "2007-06-30": "36.31100", "2007-03-31": "34.34600", "2006-12-31": "34.64600", "2006-09-30": "36.92200", "2006-06-30": "34.80900", "2006-03-31": "35.27400", "2005-12-31": "34.80700", "2005-09-30": "37.71500", "2005-06-30": "43.09000", "2005-03-31": "33.63700"}, "Total Long Term Liabilities": {"2020-09-30": "4419.30000", "2020-06-30": "4357.70000", "2020-03-31": "3978.80000", "2019-12-31": "4161.50000", "2019-09-30": "4227.00000", "2019-06-30": "3911.50000", "2019-03-31": "3586.80000", "2018-12-31": "3777.90000", "2018-09-30": "3789.40000", "2018-06-30": "3790.70000", "2018-03-31": "4041.50000", "2017-12-31": "4022.20000", "2017-09-30": "4068.30000", "2017-06-30": "4081.30000", "2017-03-31": "5426.90000", "2016-12-31": "6076.20000", "2016-09-30": "6892.70000", "2016-06-30": "7182.60000", "2016-03-31": "7551.90000", "2015-12-31": "6690.60000", "2015-09-30": "7309.90000", "2015-06-30": "7364.10000", "2015-03-31": "5312.90000", "2014-12-31": "5420.50000", "2014-09-30": "4046.40000", "2014-06-30": "4111.80000", "2014-03-31": "4231.00000", "2013-12-31": "4249.80000", "2013-09-30": "2295.40000", "2013-06-30": "2268.80000", "2013-03-31": "1596.94000", "2012-12-31": "1551.01100", "2012-09-30": "1522.20000", "2012-06-30": "1518.67100", "2012-03-31": "1637.62900", "2011-12-31": "1645.10200", "2011-09-30": "1347.59800", "2011-06-30": "1052.19900", "2011-03-31": "1045.78600", "2010-12-31": "1038.79100", "2010-09-30": "996.20000", "2010-06-30": "1092.55400", "2010-03-31": "978.57500", "2009-12-31": "984.55000", "2009-09-30": "984.09600", "2009-06-30": "1113.32500", "2009-03-31": "1092.56800", "2008-12-31": "1144.56400", "2008-09-30": "1141.04500", "2008-06-30": "1155.70000", "2008-03-31": "920.78600", "2007-12-31": "854.21200", "2007-09-30": "831.37700", "2007-06-30": "790.84800", "2007-03-31": "845.81700", "2006-12-31": "810.13200", "2006-09-30": "820.62100", "2006-06-30": "738.44900", "2006-03-31": "698.55800", "2005-12-31": "733.94500", "2005-09-30": "765.11510", "2005-06-30": "773.59700", "2005-03-31": "760.08300"}, "Total Liabilities": {"2020-09-30": "5755.60000", "2020-06-30": "6217.40000", "2020-03-31": "5613.80000", "2019-12-31": "5497.30000", "2019-09-30": "5551.70000", "2019-06-30": "5702.30000", "2019-03-31": "5418.70000", "2018-12-31": "5315.30000", "2018-09-30": "5282.90000", "2018-06-30": "5328.30000", "2018-03-31": "5434.00000", "2017-12-31": "5458.20000", "2017-09-30": "5800.80000", "2017-06-30": "5711.00000", "2017-03-31": "7912.10000", "2016-12-31": "7912.50000", "2016-09-30": "8405.50000", "2016-06-30": "9242.80000", "2016-03-31": "9774.30000", "2015-12-31": "9242.80000", "2015-09-30": "8971.10000", "2015-06-30": "9057.80000", "2015-03-31": "6597.10000", "2014-12-31": "6745.50000", "2014-09-30": "5064.30000", "2014-06-30": "5186.50000", "2014-03-31": "5184.00000", "2013-12-31": "5211.60000", "2013-09-30": "3038.90000", "2013-06-30": "3018.20000", "2013-03-31": "2270.56000", "2012-12-31": "2185.87600", "2012-09-30": "2152.10000", "2012-06-30": "2171.40200", "2012-03-31": "2267.38000", "2011-12-31": "2311.74300", "2011-09-30": "1969.64600", "2011-06-30": "1658.23400", "2011-03-31": "1612.39200", "2010-12-31": "1626.98000", "2010-09-30": "1566.96500", "2010-06-30": "2015.06300", "2010-03-31": "1431.32400", "2009-12-31": "1470.40300", "2009-09-30": "1443.29500", "2009-06-30": "1613.88600", "2009-03-31": "1530.58000", "2008-12-31": "1601.66100", "2008-09-30": "1617.04900", "2008-06-30": "1647.32000", "2008-03-31": "1338.54900", "2007-12-31": "1222.91400", "2007-09-30": "1175.42600", "2007-06-30": "1170.68500", "2007-03-31": "1185.30400", "2006-12-31": "1161.79000", "2006-09-30": "1154.08500", "2006-06-30": "1109.88000", "2006-03-31": "1046.51100", "2005-12-31": "1078.42100", "2005-09-30": "1098.40000", "2005-06-30": "1114.13900", "2005-03-31": "1122.20700"}, "Common Stock Net": {"2020-09-30": "7299.70000", "2020-06-30": "7318.20000", "2020-03-31": "7339.60000", "2019-12-31": "7359.90000", "2019-09-30": "7378.80000", "2019-06-30": "7395.50000", "2019-03-31": "7409.40000", "2018-12-31": "7421.70000", "2018-09-30": "7436.30000", "2018-06-30": "7594.30000", "2018-03-31": "7769.50000", "2017-12-31": "7892.90000", "2017-09-30": "7900.10000", "2017-06-30": "8044.70000", "2017-03-31": "8118.10000", "2016-12-31": "8135.00000", "2016-09-30": "8148.60000", "2016-06-30": "8144.00000", "2016-03-31": "8160.80000", "2015-12-31": "8142.60000", "2015-09-30": "8632.80000", "2015-06-30": "8621.90000", "2015-03-31": "7704.70000", "2014-12-31": "7695.20000", "2014-09-30": "6685.20000", "2014-06-30": "6678.20000", "2014-03-31": "6670.50000", "2013-12-31": "6662.60000", "2013-09-30": "546.10000", "2013-06-30": "538.50000", "2013-03-31": "530.78000", "2012-12-31": "524.12400", "2012-09-30": "512.70000", "2012-06-30": "504.70800", "2012-03-31": "496.32000", "2011-12-31": "486.66500", "2011-09-30": "478.03500", "2011-06-30": "467.66100", "2011-03-31": "458.81100", "2010-12-31": "440.20800", "2010-09-30": "435.48200", "2010-06-30": "428.45700", "2010-03-31": "413.68300", "2009-12-31": "404.88000", "2009-09-30": "435.27800", "2009-06-30": "452.24300", "2009-03-31": "448.58900", "2008-12-31": "442.77400", "2008-09-30": "468.79800", "2008-06-30": "488.53700", "2008-03-31": "498.00200", "2007-12-31": "505.07600", "2007-09-30": "521.11700", "2007-06-30": "519.41900", "2007-03-31": "507.02500", "2006-12-31": "509.91000", "2006-09-30": "510.13200", "2006-06-30": "516.09800", "2006-03-31": "518.99600", "2005-12-31": "518.45900", "2005-09-30": "523.09300", "2005-06-30": "527.74800", "2005-03-31": "527.22000"}, "Retained Earnings (Accumulated Deficit)": {"2020-09-30": "-1683.10000", "2020-06-30": "-1528.50000", "2020-03-31": "-1589.10000", "2019-12-31": "-1695.50000", "2019-09-30": "-1676.60000", "2019-06-30": "-1768.80000", "2019-03-31": "-1777.80000", "2018-12-31": "-1838.30000", "2018-09-30": "-1919.70000", "2018-06-30": "-1852.20000", "2018-03-31": "-1888.40000", "2017-12-31": "-1975.50000", "2017-09-30": "-2049.60000", "2017-06-30": "-2094.00000", "2017-03-31": "-2024.00000", "2016-12-31": "-2095.10000", "2016-09-30": "-736.90000", "2016-06-30": "874.30000", "2016-03-31": "1427.80000", "2015-12-31": "1980.10000", "2015-09-30": "2034.00000", "2015-06-30": "1938.30000", "2015-03-31": "1900.00000", "2014-12-31": "2012.60000", "2014-09-30": "1957.20000", "2014-06-30": "1875.10000", "2014-03-31": "1757.30000", "2013-12-31": "1723.30000", "2013-09-30": "1818.80000", "2013-06-30": "1715.90000", "2013-03-31": "1605.89400", "2012-12-31": "1502.45500", "2012-09-30": "1405.00000", "2012-06-30": "1306.92500", "2012-03-31": "1198.74000", "2011-12-31": "1090.50900", "2011-09-30": "998.25600", "2011-06-30": "934.33300", "2011-03-31": "855.28700", "2010-12-31": "772.71300", "2010-09-30": "689.03500", "2010-06-30": "620.43900", "2010-03-31": "577.25800", "2009-12-31": "520.80300", "2009-09-30": "465.72200", "2009-06-30": "419.08600", "2009-03-31": "384.05600", "2008-12-31": "343.23500", "2008-09-30": "323.29300", "2008-06-30": "289.99400", "2008-03-31": "267.16400", "2007-12-31": "231.85000", "2007-09-30": "202.24500", "2007-06-30": "178.37400", "2007-03-31": "163.79800", "2006-12-31": "150.90700", "2006-09-30": "133.99600", "2006-06-30": "121.05300", "2006-03-31": "112.74400", "2005-12-31": "95.84100", "2005-09-30": "73.94600", "2005-06-30": "64.77600", "2005-03-31": "75.47900"}, "Comprehensive Income": {"2020-09-30": "203.70000", "2020-06-30": "120.70000", "2020-03-31": "35.90000", "2019-12-31": "139.40000", "2019-09-30": "56.60000", "2019-06-30": "99.50000", "2019-03-31": "69.00000", "2018-12-31": "84.60000", "2018-09-30": "143.20000", "2018-06-30": "155.00000", "2018-03-31": "324.30000", "2017-12-31": "253.10000", "2017-09-30": "191.20000", "2017-06-30": "130.50000", "2017-03-31": "-26.30000", "2016-12-31": "-81.80000", "2016-09-30": "71.50000", "2016-06-30": "30.70000", "2016-03-31": "137.40000", "2015-12-31": "-15.30000", "2015-09-30": "65.20000", "2015-06-30": "102.40000", "2015-03-31": "-19.00000", "2014-12-31": "7.40000", "2014-09-30": "74.30000", "2014-06-30": "139.60000", "2014-03-31": "130.30000", "2013-12-31": "114.60000", "2013-09-30": "104.30000", "2013-06-30": "77.00000", "2013-03-31": "87.27300", "2012-12-31": "80.55600", "2012-09-30": "46.20000", "2012-06-30": "39.40400", "2012-03-31": "75.80000", "2011-12-31": "50.97200", "2011-09-30": "66.27700", "2011-06-30": "127.05000", "2011-03-31": "109.08000", "2010-12-31": "93.21900", "2010-09-30": "78.41800", "2010-06-30": "43.20000", "2010-03-31": "64.54700", "2009-12-31": "61.72200", "2009-09-30": "60.42900", "2009-06-30": "50.59200", "2009-03-31": "8.11100", "2008-12-31": "39.71600", "2008-09-30": "96.16700", "2008-06-30": "155.18400", "2008-03-31": "95.39800", "2007-12-31": "79.47000", "2007-09-30": "47.86400", "2007-06-30": "56.67600", "2007-03-31": "34.43400", "2006-12-31": "31.45600", "2006-09-30": "17.46100", "2006-06-30": "3.59300", "2006-03-31": "-7.37700", "2005-12-31": "-8.64500", "2005-09-30": "-4.40200", "2005-06-30": "-1.68700", "2005-03-31": "6.27500"}, "Other Share Holders Equity": {"2020-09-30": "", "2020-06-30": "", "2020-03-31": "", "2019-12-31": "", "2019-09-30": "", "2019-06-30": "", "2019-03-31": "", "2018-12-31": "", "2018-09-30": "", "2018-06-30": "", "2018-03-31": "", "2017-12-31": "", "2017-09-30": "", "2017-06-30": "", "2017-03-31": "", "2016-12-31": "", "2016-09-30": "", "2016-06-30": "", "2016-03-31": "", "2015-12-31": "", "2015-09-30": "", "2015-06-30": "", "2015-03-31": "", "2014-12-31": "", "2014-09-30": "", "2014-06-30": "", "2014-03-31": "", "2013-12-31": "", "2013-09-30": "", "2013-06-30": "", "2013-03-31": "", "2012-12-31": "", "2012-09-30": "", "2012-06-30": "", "2012-03-31": "", "2011-12-31": "", "2011-09-30": "", "2011-06-30": "", "2011-03-31": "", "2010-12-31": "", "2010-09-30": "", "2010-06-30": "", "2010-03-31": "", "2009-12-31": "", "2009-09-30": "", "2009-06-30": "", "2009-03-31": "", "2008-12-31": "", "2008-09-30": "", "2008-06-30": "", "2008-03-31": "", "2007-12-31": "", "2007-09-30": "", "2007-06-30": "", "2007-03-31": "", "2006-12-31": "", "2006-09-30": "", "2006-06-30": "", "2006-03-31": "", "2005-12-31": "", "2005-09-30": "", "2005-06-30": "", "2005-03-31": ""}, "Share Holder Equity": {"2020-09-30": "5820.40000", "2020-06-30": "5910.90000", "2020-03-31": "5786.90000", "2019-12-31": "5804.10000", "2019-09-30": "5759.10000", "2019-06-30": "5726.40000", "2019-03-31": "5700.80000", "2018-12-31": "5668.10000", "2018-09-30": "5660.00000", "2018-06-30": "5897.30000", "2018-03-31": "6205.60000", "2017-12-31": "6170.60000", "2017-09-30": "6041.80000", "2017-06-30": "6081.20000", "2017-03-31": "6067.30000", "2016-12-31": "5957.60000", "2016-09-30": "7482.60000", "2016-06-30": "9048.40000", "2016-03-31": "9725.40000", "2015-12-31": "10106.80000", "2015-09-30": "10732.00000", "2015-06-30": "10662.80000", "2015-03-31": "9585.70000", "2014-12-31": "9715.20000", "2014-09-30": "8716.70000", "2014-06-30": "8693.70000", "2014-03-31": "8558.70000", "2013-12-31": "8501.20000", "2013-09-30": "2469.90000", "2013-06-30": "2332.60000", "2013-03-31": "2225.32800", "2012-12-31": "2108.46000", "2012-09-30": "1965.30000", "2012-06-30": "1852.64500", "2012-03-31": "1772.67400", "2011-12-31": "1630.81100", "2011-09-30": "1544.44100", "2011-06-30": "1530.98700", "2011-03-31": "1425.09900", "2010-12-31": "1308.04000", "2010-09-30": "1204.79100", "2010-06-30": "1093.94000", "2010-03-31": "1057.35700", "2009-12-31": "988.71200", "2009-09-30": "963.21900", "2009-06-30": "922.46900", "2009-03-31": "841.30400", "2008-12-31": "826.26600", "2008-09-30": "888.25800", "2008-06-30": "933.71500", "2008-03-31": "860.56400", "2007-12-31": "816.39600", "2007-09-30": "771.22600", "2007-06-30": "754.46900", "2007-03-31": "705.25700", "2006-12-31": "692.27300", "2006-09-30": "661.58900", "2006-06-30": "640.74400", "2006-03-31": "624.36300", "2005-12-31": "605.65500", "2005-09-30": "592.63700", "2005-06-30": "590.83700", "2005-03-31": "608.97400"}, "Total Liabilities And Share Holders Equity": {"2020-09-30": "11576.00000", "2020-06-30": "12128.30000", "2020-03-31": "11400.70000", "2019-12-31": "11301.40000", "2019-09-30": "11310.80000", "2019-06-30": "11428.70000", "2019-03-31": "11119.50000", "2018-12-31": "10983.40000", "2018-09-30": "10942.90000", "2018-06-30": "11225.60000", "2018-03-31": "11639.60000", "2017-12-31": "11628.80000", "2017-09-30": "11842.60000", "2017-06-30": "11792.20000", "2017-03-31": "13979.40000", "2016-12-31": "13870.10000", "2016-09-30": "15888.10000", "2016-06-30": "18291.20000", "2016-03-31": "19499.70000", "2015-12-31": "19349.60000", "2015-09-30": "19703.10000", "2015-06-30": "19720.60000", "2015-03-31": "16182.80000", "2014-12-31": "16460.70000", "2014-09-30": "13781.00000", "2014-06-30": "13880.20000", "2014-03-31": "13742.70000", "2013-12-31": "13712.80000", "2013-09-30": "5508.80000", "2013-06-30": "5350.80000", "2013-03-31": "4495.88800", "2012-12-31": "4294.33600", "2012-09-30": "4117.40000", "2012-06-30": "4024.04700", "2012-03-31": "4040.05400", "2011-12-31": "3942.55400", "2011-09-30": "3514.08700", "2011-06-30": "3189.22100", "2011-03-31": "3037.49100", "2010-12-31": "2935.02000", "2010-09-30": "2771.75600", "2010-06-30": "3109.00300", "2010-03-31": "2488.68100", "2009-12-31": "2459.11500", "2009-09-30": "2406.51400", "2009-06-30": "2536.35500", "2009-03-31": "2371.88400", "2008-12-31": "2427.92700", "2008-09-30": "2505.30700", "2008-06-30": "2581.03500", "2008-03-31": "2199.11300", "2007-12-31": "2039.31000", "2007-09-30": "1946.65200", "2007-06-30": "1925.15400", "2007-03-31": "1890.56100", "2006-12-31": "1854.06300", "2006-09-30": "1815.67400", "2006-06-30": "1750.62400", "2006-03-31": "1670.87400", "2005-12-31": "1684.07600", "2005-09-30": "1691.03700", "2005-06-30": "1704.97600", "2005-03-31": "1731.18100"}}, "cash flow statement": {"Net Income/Loss": {"2019-12-31": "146.10000", "2018-12-31": "131.00000", "2017-12-31": "119.60000", "2016-12-31": "-4012.80000", "2015-12-31": "42.50000", "2015-06-30": "136.10000", "2014-06-30": "232.80000", "2013-06-30": "441.90000", "2012-06-30": "401.60000", "2011-06-30": "339.20000", "2010-06-30": "223.79900", "2009-06-30": "145.53300", "2008-06-30": "135.77300", "2007-06-30": "73.79700", "2006-06-30": "71.40000", "2005-06-30": "-352.98300"}, "Total Depreciation And Amortization - Cash Flow": {"2019-12-31": "392.10000", "2018-12-31": "415.50000", "2017-12-31": "422.40000", "2016-12-31": "432.30000", "2015-12-31": "172.20000", "2015-06-30": "258.90000", "2014-06-30": "208.10000", "2013-06-30": "160.20000", "2012-06-30": "135.30000", "2011-06-30": "102.90000", "2010-06-30": "74.10400", "2009-06-30": "71.29700", "2008-06-30": "69.23100", "2007-06-30": "58.03200", "2006-06-30": "56.60400", "2005-06-30": "34.81300"}, "Other Non-Cash Items": {"2019-12-31": "163.10000", "2018-12-31": "65.90000", "2017-12-31": "260.80000", "2016-12-31": "4336.90000", "2015-12-31": "107.00000", "2015-06-30": "295.80000", "2014-06-30": "171.60000", "2013-06-30": "23.60000", "2012-06-30": "28.40000", "2011-06-30": "-55.30000", "2010-06-30": "15.23400", "2009-06-30": "35.01800", "2008-06-30": "15.76800", "2007-06-30": "14.31300", "2006-06-30": "11.46400", "2005-06-30": "370.19600"}, "Total Non-Cash Items": {"2019-12-31": "555.20000", "2018-12-31": "481.40000", "2017-12-31": "683.20000", "2016-12-31": "4769.20000", "2015-12-31": "279.20000", "2015-06-30": "554.70010", "2014-06-30": "379.70000", "2013-06-30": "183.80000", "2012-06-30": "163.70000", "2011-06-30": "47.60000", "2010-06-30": "89.33800", "2009-06-30": "106.31500", "2008-06-30": "84.99900", "2007-06-30": "72.34500", "2006-06-30": "68.06800", "2005-06-30": "405.00900"}, "Change In Accounts Receivable": {"2019-12-31": "-140.70000", "2018-12-31": "21.00000", "2017-12-31": "3.20000", "2016-12-31": "-0.60000", "2015-12-31": "52.50000", "2015-06-30": "-51.10000", "2014-06-30": "-140.50000", "2013-06-30": "-37.00000", "2012-06-30": "-49.30000", "2011-06-30": "-107.20000", "2010-06-30": "-21.76600", "2009-06-30": "5.74700", "2008-06-30": "-38.74200", "2007-06-30": "-36.81200", "2006-06-30": "-31.08500", "2005-06-30": "-16.90300"}, "Change In Inventories": {"2019-12-31": "-67.00000", "2018-12-31": "-98.60000", "2017-12-31": "-16.00000", "2016-12-31": "100.70000", "2015-12-31": "-29.60000", "2015-06-30": "-11.40000", "2014-06-30": "84.70000", "2013-06-30": "-94.60000", "2012-06-30": "5.40000", "2011-06-30": "-30.40000", "2010-06-30": "-32.21700", "2009-06-30": "6.77600", "2008-06-30": "-72.48000", "2007-06-30": "18.78600", "2006-06-30": "-31.68100", "2005-06-30": "40.52800"}, "Change In Accounts Payable": {"2019-12-31": "17.00000", "2018-12-31": "28.80000", "2017-12-31": "-39.60000", "2016-12-31": "-75.70000", "2015-12-31": "-194.10000", "2015-06-30": "120.50000", "2014-06-30": "-24.90000", "2013-06-30": "6.50000", "2012-06-30": "-23.60000", "2011-06-30": "57.80000", "2010-06-30": "-1.55800", "2009-06-30": "4.44400", "2008-06-30": "67.63800", "2007-06-30": "-19.18600", "2006-06-30": "38.31200", "2005-06-30": "-6.73600"}, "Change In Assets/Liabilities": {"2019-12-31": "27.20000", "2018-12-31": "-8.80000", "2017-12-31": "-4.80000", "2016-12-31": "-12.30000", "2015-12-31": "2.90000", "2015-06-30": "0.60000", "2014-06-30": "31.90000", "2013-06-30": "15.30000", "2012-06-30": "-5.70000", "2011-06-30": "11.20000", "2010-06-30": "4.94700", "2009-06-30": "-5.01300", "2008-06-30": "8.46700", "2007-06-30": "5.37500", "2006-06-30": "16.22900", "2005-06-30": "-4.53000"}, "Total Change In Assets/Liabilities": {"2019-12-31": "-313.50000", "2018-12-31": "-19.40000", "2017-12-31": "-103.90000", "2016-12-31": "-101.50000", "2015-12-31": "-120.80000", "2015-06-30": "164.40000", "2014-06-30": "20.50000", "2013-06-30": "-71.80000", "2012-06-30": "-51.90000", "2011-06-30": "-12.70000", "2010-06-30": "19.22600", "2009-06-30": "-12.09100", "2008-06-30": "23.54300", "2007-06-30": "-18.70100", "2006-06-30": "-12.93700", "2005-06-30": "17.56200"}, "Cash Flow From Operating Activities": {"2019-12-31": "387.80000", "2018-12-31": "593.00000", "2017-12-31": "698.90000", "2016-12-31": "654.90000", "2015-12-31": "200.90000", "2015-06-30": "855.20000", "2014-06-30": "633.00000", "2013-06-30": "553.80000", "2012-06-30": "513.40000", "2011-06-30": "374.10000", "2010-06-30": "332.36300", "2009-06-30": "239.75700", "2008-06-30": "244.31500", "2007-06-30": "127.44100", "2006-06-30": "126.53100", "2005-06-30": "77.64400"}, "Net Change In Property, Plant, And Equipment": {"2019-12-31": "-137.70000", "2018-12-31": "-102.60000", "2017-12-31": "-88.60000", "2016-12-31": "-106.20000", "2015-12-31": "-77.80000", "2015-06-30": "-137.00000", "2014-06-30": "-171.60000", "2013-06-30": "-104.10000", "2012-06-30": "-120.20000", "2011-06-30": "-99.40000", "2010-06-30": "-57.81600", "2009-06-30": "-57.43100", "2008-06-30": "-44.82400", "2007-06-30": "-45.01400", "2006-06-30": "-36.42700", "2005-06-30": "-26.82400"}, "Net Change In Intangible Assets": {"2019-12-31": "2.90000", "2018-12-31": "13.70000", "2017-12-31": "87.30000", "2016-12-31": "353.70000", "2015-12-31": "166.30000", "2015-06-30": "344.60000", "2014-06-30": "60.50000", "2013-06-30": "", "2012-06-30": "10.50000", "2011-06-30": "0.00000", "2010-06-30": "", "2009-06-30": "", "2008-06-30": "", "2007-06-30": "", "2006-06-30": "", "2005-06-30": ""}, "Net Acquisitions/Divestitures": {"2019-12-31": "-714.30000", "2018-12-31": "-30.40000", "2017-12-31": "2354.20000", "2016-12-31": "-358.30000", "2015-12-31": "-791.60000", "2015-06-30": "-2177.80000", "2014-06-30": "-1605.80000", "2013-06-30": "-852.30000", "2012-06-30": "-573.70000", "2011-06-30": "-1.00000", "2010-06-30": "-851.82200", "2009-06-30": "-88.24800", "2008-06-30": "-83.31200", "2007-06-30": "", "2006-06-30": "", "2005-06-30": "-381.57000"}, "Net Change In Short-term Investments": {"2019-12-31": "0.00000", "2018-12-31": "-7.50000", "2017-12-31": "0.00000", "2016-12-31": "4.50000", "2015-12-31": "0.00000", "2015-06-30": "0.00000", "2014-06-30": "81.40000", "2013-06-30": "8.60000", "2012-06-30": "", "2011-06-30": "0.60000", "2010-06-30": "", "2009-06-30": "", "2008-06-30": "31.79900", "2007-06-30": "-22.49500", "2006-06-30": "-9.28100", "2005-06-30": "177.11200"}, "Net Change In Long-Term Investments": {"2019-12-31": "", "2018-12-31": "", "2017-12-31": "", "2016-12-31": "", "2015-12-31": "", "2015-06-30": "", "2014-06-30": "", "2013-06-30": "", "2012-06-30": "", "2011-06-30": "", "2010-06-30": "", "2009-06-30": "", "2008-06-30": "", "2007-06-30": "", "2006-06-30": "", "2005-06-30": ""}, "Net Change In Investments - Total": {"2019-12-31": "", "2018-12-31": "-7.50000", "2017-12-31": "", "2016-12-31": "4.50000", "2015-12-31": "", "2015-06-30": "", "2014-06-30": "81.40000", "2013-06-30": "8.60000", "2012-06-30": "", "2011-06-30": "0.60000", "2010-06-30": "", "2009-06-30": "", "2008-06-30": "31.79900", "2007-06-30": "-22.49500", "2006-06-30": "-9.28100", "2005-06-30": "177.11200"}, "Investing Activities - Other": {"2019-12-31": "253.00000", "2018-12-31": "", "2017-12-31": "-14.80000", "2016-12-31": "-68.70000", "2015-12-31": "-5.00000", "2015-06-30": "-332.10000", "2014-06-30": "-8.80000", "2013-06-30": "", "2012-06-30": "-0.80000", "2011-06-30": "-10.80000", "2010-06-30": "-10.26200", "2009-06-30": "-1.00000", "2008-06-30": "-24.90100", "2007-06-30": "-57.92500", "2006-06-30": "-3.00000", "2005-06-30": "-418.13600"}, "Cash Flow From Investing Activities": {"2019-12-31": "-596.10000", "2018-12-31": "-126.80000", "2017-12-31": "2338.10000", "2016-12-31": "-175.00000", "2015-12-31": "-708.10000", "2015-06-30": "-2302.30000", "2014-06-30": "-1644.30000", "2013-06-30": "-947.80000", "2012-06-30": "-684.10000", "2011-06-30": "-110.60000", "2010-06-30": "-919.90000", "2009-06-30": "-146.67900", "2008-06-30": "-121.23800", "2007-06-30": "-125.43400", "2006-06-30": "-48.70800", "2005-06-30": "-649.41800"}, "Net Long-Term Debt": {"2019-12-31": "124.50000", "2018-12-31": "-55.90000", "2017-12-31": "-2604.20000", "2016-12-31": "-171.39990", "2015-12-31": "689.70000", "2015-06-30": "626.80000", "2014-06-30": "1255.60000", "2013-06-30": "-40.00000", "2012-06-30": "-610.00000", "2011-06-30": "-45.00000", "2010-06-30": "460.00000", "2009-06-30": "-31.38000", "2008-06-30": "239.19900", "2007-06-30": "40.00000", "2006-06-30": "-35.00000", "2005-06-30": "585.00000"}, "Net Current Debt": {"2019-12-31": "", "2018-12-31": "", "2017-12-31": "", "2016-12-31": "", "2015-12-31": "", "2015-06-30": "", "2014-06-30": "", "2013-06-30": "5.00000", "2012-06-30": "-2.70000", "2011-06-30": "-6.20000", "2010-06-30": "-8.77100", "2009-06-30": "-13.73600", "2008-06-30": "-11.77600", "2007-06-30": "-8.29500", "2006-06-30": "-5.28700", "2005-06-30": "6.42100"}, "Debt Issuance/Retirement Net - Total": {"2019-12-31": "124.50000", "2018-12-31": "-55.90000", "2017-12-31": "-2604.20000", "2016-12-31": "-171.39990", "2015-12-31": "689.70000", "2015-06-30": "626.80000", "2014-06-30": "1255.60000", "2013-06-30": "-35.00000", "2012-06-30": "-612.70000", "2011-06-30": "-51.20000", "2010-06-30": "451.22900", "2009-06-30": "-45.11600", "2008-06-30": "227.42300", "2007-06-30": "31.70500", "2006-06-30": "-40.28700", "2005-06-30": "591.42100"}, "Net Common Equity Issued/Repurchased": {"2019-12-31": "0.90000", "2018-12-31": "-398.70000", "2017-12-31": "-190.80000", "2016-12-31": "8.30000", "2015-12-31": "-495.10000", "2015-06-30": "1043.50000", "2014-06-30": "9.80000", "2013-06-30": "10.70000", "2012-06-30": "3.40000", "2011-06-30": "6.00000", "2010-06-30": "-49.64400", "2009-06-30": "-52.42700", "2008-06-30": "-45.95400", "2007-06-30": "-7.10200", "2006-06-30": "-20.27400", "2005-06-30": "4.01000"}, "Net Total Equity Issued/Repurchased": {"2019-12-31": "0.90000", "2018-12-31": "-398.70000", "2017-12-31": "-190.80000", "2016-12-31": "8.30000", "2015-12-31": "-495.10000", "2015-06-30": "1043.50000", "2014-06-30": "9.80000", "2013-06-30": "10.70000", "2012-06-30": "3.40000", "2011-06-30": "6.00000", "2010-06-30": "-49.64400", "2009-06-30": "-52.42700", "2008-06-30": "-45.95400", "2007-06-30": "-7.10200", "2006-06-30": "-20.27400", "2005-06-30": "4.01000"}, "Total Common And Preferred Stock Dividends Paid": {"2019-12-31": "-112.40000", "2018-12-31": "-104.90000", "2017-12-31": "-91.10000", "2016-12-31": "-83.20000", "2015-12-31": "-36.30000", "2015-06-30": "-64.80000", "2014-06-30": "-46.10000", "2013-06-30": "-33.00000", "2012-06-30": "-29.00000", "2011-06-30": "-25.30000", "2010-06-30": "-22.32900", "2009-06-30": "-19.95700", "2008-06-30": "-18.21900", "2007-06-30": "-16.47600", "2006-06-30": "-15.61300", "2005-06-30": "-11.93500"}, "Financial Activities - Other": {"2019-12-31": "-11.20000", "2018-12-31": "-12.40000", "2017-12-31": "-118.60000", "2016-12-31": "-22.40000", "2015-12-31": "-8.70000", "2015-06-30": "-83.10000", "2014-06-30": "-191.30000", "2013-06-30": "634.60000", "2012-06-30": "1097.00000", "2011-06-30": "11.70000", "2010-06-30": "4.04700", "2009-06-30": "2.29000", "2008-06-30": "10.59500", "2007-06-30": "2.95200", "2006-06-30": "-0.86100", "2005-06-30": "-0.30900"}, "Cash Flow From Financial Activities": {"2019-12-31": "1.80000", "2018-12-31": "-571.90000", "2017-12-31": "-3004.70000", "2016-12-31": "-268.70000", "2015-12-31": "149.60000", "2015-06-30": "1522.40000", "2014-06-30": "1028.00000", "2013-06-30": "577.20000", "2012-06-30": "458.70000", "2011-06-30": "-58.80000", "2010-06-30": "383.30300", "2009-06-30": "-115.21000", "2008-06-30": "173.84500", "2007-06-30": "11.07900", "2006-06-30": "-77.03500", "2005-06-30": "583.18700"}, "Net Cash Flow": {"2019-12-31": "-196.80000", "2018-12-31": "-127.60000", "2017-12-31": "56.40000", "2016-12-31": "204.50000", "2015-12-31": "-367.80000", "2015-06-30": "-13.90000", "2014-06-30": "19.60000", "2013-06-30": "177.40000", "2012-06-30": "292.40000", "2011-06-30": "200.40000", "2010-06-30": "-207.87300", "2009-06-30": "-19.77100", "2008-06-30": "288.29900", "2007-06-30": "11.28700", "2006-06-30": "2.31100", "2005-06-30": "8.31500"}, "Stock-Based Compensation": {"2019-12-31": "52.20000", "2018-12-31": "37.70000", "2017-12-31": "43.80000", "2016-12-31": "23.00000", "2015-12-31": "22.80000", "2015-06-30": "31.60000", "2014-06-30": "24.60000", "2013-06-30": "18.40000", "2012-06-30": "19.00000", "2011-06-30": "15.40000", "2010-06-30": "14.69600", "2009-06-30": "10.35300", "2008-06-30": "8.46900", "2007-06-30": "8.95300", "2006-06-30": "9.48500", "2005-06-30": "8.05600"}, "Common Stock Dividends Paid": {"2019-12-31": "-112.40000", "2018-12-31": "-104.90000", "2017-12-31": "-91.10000", "2016-12-31": "-83.20000", "2015-12-31": "-36.30000", "2015-06-30": "-64.80000", "2014-06-30": "-46.10000", "2013-06-30": "-33.00000", "2012-06-30": "-29.00000", "2011-06-30": "-25.30000", "2010-06-30": "-22.32900", "2009-06-30": "-19.95700", "2008-06-30": "-18.21900", "2007-06-30": "-16.47600", "2006-06-30": "-15.61300", "2005-06-30": "-11.93500"}}, "cash flow statement, quarterly": {"Net Income/Loss": {"2020-09-30": -154.6, "2020-06-30": 60.6, "2020-03-31": "106.40000", "2019-12-31": -19, "2019-09-30": 92.2, "2019-06-30": 9, "2019-03-31": "63.90000", "2018-12-31": 81.4, "2018-09-30": -67.4, "2018-06-30": 36.2, "2018-03-31": "80.80000", "2017-12-31": 73.2, "2017-09-30": 44.4, "2017-06-30": -69.6, "2017-03-31": "71.60000", "2016-12-31": -1359.1, "2016-09-30": -1590.2, "2016-06-30": -534.3, "2016-03-31": "-529.20000", "2015-12-31": -173.9, "2015-09-30": 260.9, "2015-06-30": -22.3, "2015-03-31": "-22.20000", "2014-12-31": 70.2, "2014-09-30": 96.3, "2014-06-30": -73.4, "2014-03-31": "73.40000", "2013-12-31": -86.1, "2013-09-30": 111.4, "2013-06-30": -323.5, "2013-03-31": "323.50000", "2012-12-31": 105.9, "2012-09-30": 105.6, "2012-06-30": -285.924, "2012-03-31": "285.92400", "2011-12-31": 99.739, "2011-09-30": 70.458, "2011-06-30": -253.627, "2011-03-31": "253.62700", "2010-12-31": 90.167, "2010-09-30": 74.375, "2010-06-30": -174.855, "2010-03-31": "174.85500", "2009-12-31": 60.813, "2009-09-30": 51.861, "2009-06-30": -108.848, "2009-03-31": "108.84800", "2008-12-31": 24.993, "2008-09-30": 37.958, "2008-06-30": -108.275, "2008-03-31": "108.27500", "2007-12-31": 34.289, "2007-09-30": 34.019, "2007-06-30": -55.026, "2007-03-31": "55.02600", "2006-12-31": 21.088, "2006-09-30": 16.882, "2006-06-30": -59.138, "2006-03-31": "59.13800", "2005-12-31": 25.366, "2005-09-30": 12.911, "2005-06-30": 346.02, "2005-03-31": "-346.02000"}, "Total Depreciation And Amortization - Cash Flow": {"2020-09-30": 96.5, "2020-06-30": 94.1, "2020-03-31": "92.40000", "2019-12-31": 102.4, "2019-09-30": 101.2, "2019-06-30": 93.8, "2019-03-31": "94.70000", "2018-12-31": 97.7, "2018-09-30": 103.7, "2018-06-30": 106.7, "2018-03-31": "107.40000", "2017-12-31": 107.7, "2017-09-30": 105.7, "2017-06-30": 106, "2017-03-31": "103.00000", "2016-12-31": 118.5, "2016-09-30": 106.3, "2016-06-30": 104.5, "2016-03-31": "103.00000", "2015-12-31": -72.2, "2015-09-30": 244.4, "2015-06-30": -56.9, "2015-03-31": "56.90000", "2014-12-31": 127.1, "2014-09-30": 126.6, "2014-06-30": -237.6, "2014-03-31": "237.60000", "2013-12-31": 62.7, "2013-09-30": 47.7, "2013-06-30": -112.8, "2013-03-31": "112.80000", "2012-12-31": 36.5, "2012-09-30": 33.4, "2012-06-30": -101.712, "2012-03-31": "101.71200", "2011-12-31": 32.385, "2011-09-30": 34.72, "2011-06-30": -76.257, "2011-03-31": "76.25700", "2010-12-31": 26.934, "2010-09-30": 23.436, "2010-06-30": -51.811, "2010-03-31": "51.81100", "2009-12-31": 18.012, "2009-09-30": 16.229, "2009-06-30": -50.906, "2009-03-31": "50.90600", "2008-12-31": 17.595, "2008-09-30": 16.767, "2008-06-30": -50.822, "2008-03-31": "50.82200", "2007-12-31": 15.413, "2007-09-30": 15.57, "2007-06-30": -41.997, "2007-03-31": "41.99700", "2006-12-31": 14.179, "2006-09-30": 13.502, "2006-06-30": -42.155, "2006-03-31": "42.15500", "2005-12-31": 12.457, "2005-09-30": 14.296, "2005-06-30": -23.561, "2005-03-31": "23.56100"}, "Other Non-Cash Items": {"2020-09-30": 229.9, "2020-06-30": 37.4, "2020-03-31": "7.30000", "2019-12-31": 94.9, "2019-09-30": -32.9, "2019-06-30": 68.4, "2019-03-31": "32.70000", "2018-12-31": -139.5, "2018-09-30": 175.8, "2018-06-30": 0.4, "2018-03-31": "29.20000", "2017-12-31": 14.7, "2017-09-30": 12.8, "2017-06-30": 240.5, "2017-03-31": "-7.20000", "2016-12-31": 1420.8, "2016-09-30": 1659.8, "2016-06-30": 803.1, "2016-03-31": "453.20000", "2015-12-31": -49.6, "2015-09-30": -161.7, "2015-06-30": 147.2, "2015-03-31": "171.10000", "2014-12-31": 32.3, "2014-09-30": -9.3, "2014-06-30": -186.1, "2014-03-31": "186.10000", "2013-12-31": 199.9, "2013-09-30": -12.2, "2013-06-30": 0.1, "2013-03-31": "-0.10000", "2012-12-31": 8.9, "2012-09-30": -10, "2012-06-30": -16.877, "2012-03-31": "16.87700", "2011-12-31": 9.967, "2011-09-30": -11.102, "2011-06-30": 61.803, "2011-03-31": "-61.80300", "2010-12-31": 3.26, "2010-09-30": -62.911, "2010-06-30": -8.912, "2010-03-31": "8.91200", "2009-12-31": 0.328, "2009-09-30": 2.382, "2009-06-30": -19.473, "2009-03-31": "19.47300", "2008-12-31": 23.415, "2008-09-30": -12.263, "2008-06-30": -6.081, "2008-03-31": "6.08100", "2007-12-31": 1.92, "2007-09-30": 2.803, "2007-06-30": -27.531, "2007-03-31": "27.53100", "2006-12-31": 0.193, "2006-09-30": 1.277, "2006-06-30": -4.567, "2006-03-31": "4.56700", "2005-12-31": -4.096, "2005-09-30": 1.331, "2005-06-30": -387.568, "2005-03-31": "387.56800"}, "Total Non-Cash Items": {"2020-09-30": 326.4, "2020-06-30": 131.5, "2020-03-31": "99.70000", "2019-12-31": 197.3, "2019-09-30": 68.3, "2019-06-30": 162.2, "2019-03-31": "127.40000", "2018-12-31": -41.8, "2018-09-30": 279.5, "2018-06-30": 107.1, "2018-03-31": "136.60000", "2017-12-31": 122.4, "2017-09-30": 118.5, "2017-06-30": 346.5, "2017-03-31": "95.80000", "2016-12-31": 1539.3, "2016-09-30": 1766.1, "2016-06-30": 907.6, "2016-03-31": "556.20000", "2015-12-31": -121.8, "2015-09-30": 401, "2015-06-30": -228, "2015-03-31": "228.00000", "2014-12-31": 159.4, "2014-09-30": 117.3, "2014-06-30": -423.7, "2014-03-31": "423.70000", "2013-12-31": 262.6, "2013-09-30": 35.5, "2013-06-30": -112.7, "2013-03-31": "112.70000", "2012-12-31": 45.4, "2012-09-30": 23.4, "2012-06-30": -118.589, "2012-03-31": "118.58900", "2011-12-31": 42.352, "2011-09-30": 23.618, "2011-06-30": -14.454, "2011-03-31": "14.45400", "2010-12-31": 30.194, "2010-09-30": -39.475, "2010-06-30": -60.723, "2010-03-31": "60.72300", "2009-12-31": 18.34, "2009-09-30": 18.611, "2009-06-30": -70.379, "2009-03-31": "70.37900", "2008-12-31": 41.01, "2008-09-30": 4.504, "2008-06-30": -56.903, "2008-03-31": "56.90300", "2007-12-31": 17.333, "2007-09-30": 18.373, "2007-06-30": -69.528, "2007-03-31": "69.52800", "2006-12-31": 14.372, "2006-09-30": 14.779, "2006-06-30": -46.722, "2006-03-31": "46.72200", "2005-12-31": 8.361, "2005-09-30": 15.627, "2005-06-30": -411.129, "2005-03-31": "411.12900"}, "Change In Accounts Receivable": {"2020-09-30": -121.5, "2020-06-30": 295.5, "2020-03-31": "-67.60000", "2019-12-31": -128.6, "2019-09-30": 43.2, "2019-06-30": -6.8, "2019-03-31": "-48.50000", "2018-12-31": 0.8, "2018-09-30": 44.5, "2018-06-30": -26.9, "2018-03-31": "2.60000", "2017-12-31": -35.2, "2017-09-30": -13.4, "2017-06-30": 1.7, "2017-03-31": "50.10000", "2016-12-31": -113.6, "2016-09-30": 71.8, "2016-06-30": 23.9, "2016-03-31": "17.30000", "2015-12-31": 60.9, "2015-09-30": 39.3, "2015-06-30": -80, "2015-03-31": "32.30000", "2014-12-31": -61.8, "2014-09-30": 57.3, "2014-06-30": 90, "2014-03-31": "-90.00000", "2013-12-31": -19.4, "2013-09-30": -45.7, "2013-06-30": 5.9, "2013-03-31": "-5.90000", "2012-12-31": 22.9, "2012-09-30": -6.7, "2012-06-30": 28.723, "2012-03-31": "-28.72300", "2011-12-31": -19.238, "2011-09-30": 8.581, "2011-06-30": 104.197, "2011-03-31": "-104.19700", "2010-12-31": -45.546, "2010-09-30": -58.401, "2010-06-30": 13.039, "2010-03-31": "-13.03900", "2009-12-31": -1.278, "2009-09-30": -23.901, "2009-06-30": 6.053, "2009-03-31": "-6.05300", "2008-12-31": -29.518, "2008-09-30": 15.669, "2008-06-30": 71.497, "2008-03-31": "-71.49700", "2007-12-31": -18.736, "2007-09-30": -3.389, "2007-06-30": 8.616, "2007-03-31": "-8.61600", "2006-12-31": -17.845, "2006-09-30": 8.55, "2006-06-30": 8.701, "2006-03-31": "-8.70100", "2005-12-31": -22.286, "2005-09-30": -1.559, "2005-06-30": 11.32, "2005-03-31": "-11.32000"}, "Change In Inventories": {"2020-09-30": -54.6, "2020-06-30": -75.1, "2020-03-31": "36.50000", "2019-12-31": 11.3, "2019-09-30": 0, "2019-06-30": -40.8, "2019-03-31": "-37.50000", "2018-12-31": 2.7, "2018-09-30": -2, "2018-06-30": -55.6, "2018-03-31": "-43.70000", "2017-12-31": 12.3, "2017-09-30": -23.7, "2017-06-30": -5.1, "2017-03-31": "0.50000", "2016-12-31": 75.6, "2016-09-30": 20.4, "2016-06-30": 0.3, "2016-03-31": "4.40000", "2015-12-31": -0.7, "2015-09-30": -36.9, "2015-06-30": 5.9, "2015-03-31": "2.10000", "2014-12-31": 12, "2014-09-30": -29.7, "2014-06-30": -19.7, "2014-03-31": "19.70000", "2013-12-31": 22.5, "2013-09-30": -12, "2013-06-30": 81.3, "2013-03-31": "-81.30000", "2012-12-31": 3.1, "2012-09-30": -48.1, "2012-06-30": 27.523, "2012-03-31": "-27.52300", "2011-12-31": -26.994, "2011-09-30": -7.156, "2011-06-30": 31.304, "2011-03-31": "-31.30400", "2010-12-31": -20.592, "2010-09-30": -3.559, "2010-06-30": 33.706, "2010-03-31": "-33.70600", "2009-12-31": -19.274, "2009-09-30": -3.408, "2009-06-30": 9.007, "2009-03-31": "-9.00700", "2008-12-31": 11.603, "2008-09-30": -40.317, "2008-06-30": 37.314, "2008-03-31": "-37.31400", "2007-12-31": -2.882, "2007-09-30": -21.356, "2007-06-30": 4.224, "2007-03-31": "-4.22400", "2006-12-31": 2.292, "2006-09-30": -25.211, "2006-06-30": -1.201, "2006-03-31": "1.20100", "2005-12-31": 8.18, "2005-09-30": 3.776, "2005-06-30": -10.202, "2005-03-31": "10.20200"}, "Change In Accounts Payable": {"2020-09-30": 36.8, "2020-06-30": -75.4, "2020-03-31": "53.80000", "2019-12-31": -16.7, "2019-09-30": -7.5, "2019-06-30": -34.2, "2019-03-31": "75.40000", "2018-12-31": -15.7, "2018-09-30": -44.7, "2018-06-30": 31.7, "2018-03-31": "57.50000", "2017-12-31": -33.6, "2017-09-30": 0, "2017-06-30": -8.5, "2017-03-31": "2.50000", "2016-12-31": -18, "2016-09-30": -10.7, "2016-06-30": -43.8, "2016-03-31": "-3.20000", "2015-12-31": -166, "2015-09-30": -195.5, "2015-06-30": 149.4, "2015-03-31": "18.00000", "2014-12-31": -14.3, "2014-09-30": -32.5, "2014-06-30": 52.4, "2014-03-31": "-52.40000", "2013-12-31": -3.2, "2013-09-30": -67.6, "2013-06-30": 17.4, "2013-03-31": "-17.40000", "2012-12-31": -5.5, "2012-09-30": -12.6, "2012-06-30": 43.867, "2012-03-31": "-43.86700", "2011-12-31": 32.93, "2011-09-30": -47.249, "2011-06-30": -15.521, "2011-03-31": "15.52100", "2010-12-31": 28.642, "2010-09-30": -9.636, "2010-06-30": 13.303, "2010-03-31": "-13.30300", "2009-12-31": 20.84, "2009-09-30": -29.907, "2009-06-30": 4.219, "2009-03-31": "-4.21900", "2008-12-31": 6.415, "2008-09-30": 7.259, "2008-06-30": -52.513, "2008-03-31": "52.51300", "2007-12-31": 17.286, "2007-09-30": 7.665, "2007-06-30": 19.254, "2007-03-31": "-19.25400", "2006-12-31": 1.751, "2006-09-30": -5.785, "2006-06-30": -19.18, "2006-03-31": "19.18000", "2005-12-31": 6.203, "2005-09-30": -0.723, "2005-06-30": 7.108, "2005-03-31": "-7.10800"}, "Change In Assets/Liabilities": {"2020-09-30": 20.3, "2020-06-30": 9.7, "2020-03-31": "-39.90000", "2019-12-31": 11.3, "2019-09-30": -4, "2019-06-30": 10.7, "2019-03-31": "9.20000", "2018-12-31": -4.4, "2018-09-30": 1.5, "2018-06-30": 16.3, "2018-03-31": "-22.20000", "2017-12-31": -8.3, "2017-09-30": 16.8, "2017-06-30": 13.6, "2017-03-31": "-26.90000", "2016-12-31": -2.9, "2016-09-30": 20, "2016-06-30": -28.6, "2016-03-31": "-0.80000", "2015-12-31": -10.8, "2015-09-30": -5, "2015-06-30": 22.5, "2015-03-31": "-3.80000", "2014-12-31": -4.4, "2014-09-30": -12, "2014-06-30": 3.4, "2014-03-31": "-3.40000", "2013-12-31": -18.2, "2013-09-30": 2.4, "2013-06-30": -18.6, "2013-03-31": "18.60000", "2012-12-31": 13.1, "2012-09-30": -9.2, "2012-06-30": 5.979, "2012-03-31": "-5.97900", "2011-12-31": -11.688, "2011-09-30": 5.484, "2011-06-30": -9.428, "2011-03-31": "9.42800", "2010-12-31": 10.689, "2010-09-30": 4.271, "2010-06-30": -0.439, "2010-03-31": "0.43900", "2009-12-31": 13.185, "2009-09-30": -4.816, "2009-06-30": 28.729, "2009-03-31": "-28.72900", "2008-12-31": -4.924, "2008-09-30": 7.285, "2008-06-30": -17.969, "2008-03-31": "17.96900", "2007-12-31": 10.694, "2007-09-30": -0.563, "2007-06-30": 5.084, "2007-03-31": "-5.08400", "2006-12-31": -7.008, "2006-09-30": 1.983, "2006-06-30": -12.648, "2006-03-31": "12.64800", "2005-12-31": 12.758, "2005-09-30": -5.961, "2005-06-30": -6.381, "2005-03-31": "6.38100"}, "Total Change In Assets/Liabilities": {"2020-09-30": -108.7, "2020-06-30": 98.8, "2020-03-31": "-34.30000", "2019-12-31": -88.8, "2019-09-30": -20.5, "2019-06-30": -107.4, "2019-03-31": "-96.80000", "2018-12-31": 154.7, "2018-09-30": -68.1, "2018-06-30": -61, "2018-03-31": "-45.00000", "2017-12-31": 21.3, "2017-09-30": 33.8, "2017-06-30": -186.1, "2017-03-31": "27.10000", "2016-12-31": 26, "2016-09-30": 43.1, "2016-06-30": -242.1, "2016-03-31": "71.50000", "2015-12-31": -120.8, "2015-09-30": 0, "2015-06-30": 25.6, "2015-03-31": "-25.60000", "2014-12-31": 43, "2014-09-30": -18.5, "2014-06-30": 96.3, "2014-03-31": "-96.30000", "2013-12-31": -54.9, "2013-09-30": -48.2, "2013-06-30": 56.1, "2013-03-31": "-56.10000", "2012-12-31": 33.4, "2012-09-30": -84.1, "2012-06-30": 92.893, "2012-03-31": "-92.89300", "2011-12-31": 23.884, "2011-09-30": -39.929, "2011-06-30": 39.047, "2011-03-31": "-39.04700", "2010-12-31": 8.54, "2010-09-30": -41.062, "2010-06-30": 15.158, "2010-03-31": "-15.15800", "2009-12-31": 40.576, "2009-09-30": -34.115, "2009-06-30": 77.644, "2009-03-31": "-77.64400", "2008-12-31": -30.989, "2008-09-30": -41.495, "2008-06-30": 32.929, "2008-03-31": "-32.92900", "2007-12-31": 14.42, "2007-09-30": -25.398, "2007-06-30": 50.393, "2007-03-31": "-50.39300", "2006-12-31": -11.421, "2006-09-30": -38.065, "2006-06-30": -4.772, "2006-03-31": "4.77200", "2005-12-31": 3.789, "2005-09-30": -10.816, "2005-06-30": 10.717, "2005-03-31": "-10.71700"}, "Cash Flow From Operating Activities": {"2020-09-30": 63.1, "2020-06-30": 290.9, "2020-03-31": "171.80000", "2019-12-31": 89.5, "2019-09-30": 140, "2019-06-30": 63.8, "2019-03-31": "94.50000", "2018-12-31": 194.3, "2018-09-30": 144, "2018-06-30": 82.3, "2018-03-31": "172.40000", "2017-12-31": 216.9, "2017-09-30": 196.7, "2017-06-30": 90.8, "2017-03-31": "194.50000", "2016-12-31": 206.2, "2016-09-30": 219, "2016-06-30": 131.2, "2016-03-31": "98.50000", "2015-12-31": -416.5, "2015-09-30": 54, "2015-06-30": 383.2, "2015-03-31": "180.20000", "2014-12-31": 272.6, "2014-09-30": 195.1, "2014-06-30": -400.8, "2014-03-31": "400.80000", "2013-12-31": 121.6, "2013-09-30": 98.7, "2013-06-30": -380.1, "2013-03-31": "380.10000", "2012-12-31": 184.7, "2012-09-30": 44.9, "2012-06-30": -311.62, "2012-03-31": "311.62000", "2011-12-31": 165.975, "2011-09-30": 54.147, "2011-06-30": -229.034, "2011-03-31": "229.03400", "2010-12-31": 128.901, "2010-09-30": -6.162, "2010-06-30": -220.42, "2010-03-31": "220.42000", "2009-12-31": 119.729, "2009-09-30": 36.357, "2009-06-30": -101.583, "2009-03-31": "101.58300", "2008-12-31": 35.014, "2008-09-30": 0.967, "2008-06-30": -132.249, "2008-03-31": "132.24900", "2007-12-31": 66.042, "2007-09-30": 26.994, "2007-06-30": -74.161, "2007-03-31": "74.16100", "2006-12-31": 24.039, "2006-09-30": -6.404, "2006-06-30": -110.632, "2006-03-31": "110.63200", "2005-12-31": 37.516, "2005-09-30": 17.722, "2005-06-30": -54.392, "2005-03-31": "54.39200"}, "Net Change In Property, Plant, And Equipment": {"2020-09-30": -44.2, "2020-06-30": -26.3, "2020-03-31": "-33.80000", "2019-12-31": -47.4, "2019-09-30": -35.6, "2019-06-30": -33.6, "2019-03-31": "-21.10000", "2018-12-31": -45.8, "2018-09-30": -23.5, "2018-06-30": -19.9, "2018-03-31": "-13.40000", "2017-12-31": -33.4, "2017-09-30": -18, "2017-06-30": -15.2, "2017-03-31": "-22.00000", "2016-12-31": -21.6, "2016-09-30": -27.5, "2016-06-30": -22.4, "2016-03-31": "-34.70000", "2015-12-31": 49.8, "2015-09-30": -127.6, "2015-06-30": 31.9, "2015-03-31": "-31.90000", "2014-12-31": -16.3, "2014-09-30": -31.7, "2014-06-30": 120, "2014-03-31": "-120.00000", "2013-12-31": -42, "2013-09-30": -35.8, "2013-06-30": 63.5, "2013-03-31": "-63.50000", "2012-12-31": -24.5, "2012-09-30": -14.8, "2012-06-30": 85.715, "2012-03-31": "-85.71500", "2011-12-31": -36.706, "2011-09-30": -18.953, "2011-06-30": 46.542, "2011-03-31": "-46.54200", "2010-12-31": -21.361, "2010-09-30": -9.194, "2010-06-30": 34.545, "2010-03-31": "-34.54500", "2009-12-31": -15.745, "2009-09-30": -7.515, "2009-06-30": 32.02, "2009-03-31": "-32.02000", "2008-12-31": -15.016, "2008-09-30": -5.913, "2008-06-30": 26.022, "2008-03-31": "-26.02200", "2007-12-31": -9.35, "2007-09-30": -4.364, "2007-06-30": 27.52, "2007-03-31": "-27.52000", "2006-12-31": -9.058, "2006-09-30": -8.113, "2006-06-30": 18.672, "2006-03-31": "-18.67200", "2005-12-31": -3.884, "2005-09-30": -8.228, "2005-06-30": 15.576, "2005-03-31": "-15.57600"}, "Net Change In Intangible Assets": {"2020-09-30": 0.8, "2020-06-30": 0.6, "2020-03-31": "1.80000", "2019-12-31": 0.7, "2019-09-30": 0.5, "2019-06-30": 0.5, "2019-03-31": "1.20000", "2018-12-31": 2.3, "2018-09-30": 1.1, "2018-06-30": 0.3, "2018-03-31": "10.00000", "2017-12-31": 0.9, "2017-09-30": 0.7, "2017-06-30": 0.4, "2017-03-31": "85.30000", "2016-12-31": 94.2, "2016-09-30": 89.6, "2016-06-30": 86.5, "2016-03-31": "83.40000", "2015-12-31": -84, "2015-09-30": 81.4, "2015-06-30": 81.1, "2015-03-31": "87.80000", "2014-12-31": 0, "2014-09-30": 0, "2014-06-30": 1598.3, "2014-03-31": "-1598.30000", "2013-12-31": 0, "2013-09-30": 0, "2013-06-30": 0, "2013-03-31": "", "2012-12-31": 0, "2012-09-30": 0, "2012-06-30": -9.75, "2012-03-31": "9.75000", "2011-12-31": -547.052, "2011-09-30": 10.5, "2011-06-30": 0, "2011-03-31": "0.00000", "2010-12-31": 0, "2010-09-30": 0, "2010-06-30": 0, "2010-03-31": "", "2009-12-31": 0, "2009-09-30": 0, "2009-06-30": 1, "2009-03-31": "-1.00000", "2008-12-31": 0, "2008-09-30": -1, "2008-06-30": 12.401, "2008-03-31": "-12.40100", "2007-12-31": -12.401, "2007-09-30": 0, "2007-06-30": 0, "2007-03-31": "", "2006-12-31": 0, "2006-09-30": 0, "2006-06-30": 0, "2006-03-31": "", "2005-12-31": 0, "2005-09-30": 0, "2005-06-30": 0, "2005-03-31": ""}, "Net Acquisitions/Divestitures": {"2020-09-30": -1.3, "2020-06-30": 93, "2020-03-31": "-44.00000", "2019-12-31": -62, "2019-09-30": -617.3, "2019-06-30": -35, "2019-03-31": "", "2018-12-31": 2.4, "2018-09-30": -34.1, "2018-06-30": 0, "2018-03-31": "1.30000", "2017-12-31": 107.5, "2017-09-30": 9.5, "2017-06-30": 11.9, "2017-03-31": "2225.30000", "2016-12-31": 20, "2016-09-30": 41.4, "2016-06-30": -3.3, "2016-03-31": "-416.40000", "2015-12-31": 1708.3, "2015-09-30": -2499.9, "2015-06-30": 4, "2015-03-31": "-4.00000", "2014-12-31": -83, "2014-09-30": 0, "2014-06-30": 0, "2014-03-31": "", "2013-12-31": -1527.9, "2013-09-30": 0, "2013-06-30": 607.8, "2013-03-31": "-607.80000", "2012-12-31": -326.9, "2012-09-30": 0, "2012-06-30": 582.329, "2012-03-31": "-582.32900", "2011-12-31": 547.052, "2011-09-30": -547.052, "2011-06-30": 0.934, "2011-03-31": "-0.93400", "2010-12-31": 0, "2010-09-30": 1.998, "2010-06-30": 36.905, "2010-03-31": "-36.90500", "2009-12-31": 0, "2009-09-30": -24.059, "2009-06-30": 88.248, "2009-03-31": "-88.24800", "2008-12-31": -73.385, "2008-09-30": -14.839, "2008-06-30": 87.13, "2008-03-31": "-87.13000", "2007-12-31": 0, "2007-09-30": 0, "2007-06-30": 0, "2007-03-31": "", "2006-12-31": 0, "2006-09-30": 0, "2006-06-30": 0, "2006-03-31": "", "2005-12-31": 0, "2005-09-30": 0, "2005-06-30": 381.569, "2005-03-31": "-381.56900"}, "Net Change In Short-term Investments": {"2020-09-30": 0, "2020-06-30": 0, "2020-03-31": "", "2019-12-31": 0, "2019-09-30": 0, "2019-06-30": 0, "2019-03-31": "", "2018-12-31": 0, "2018-09-30": 0, "2018-06-30": -7.5, "2018-03-31": "", "2017-12-31": 0, "2017-09-30": 0, "2017-06-30": 0, "2017-03-31": "", "2016-12-31": 4.5, "2016-09-30": 0, "2016-06-30": 0, "2016-03-31": "", "2015-12-31": 0, "2015-09-30": 0, "2015-06-30": 0, "2015-03-31": "", "2014-12-31": 0, "2014-09-30": 0, "2014-06-30": -66.4, "2014-03-31": "66.40000", "2013-12-31": 0, "2013-09-30": 0, "2013-06-30": -8.6, "2013-03-31": "8.60000", "2012-12-31": 0, "2012-09-30": 0, "2012-06-30": 0, "2012-03-31": "", "2011-12-31": 0, "2011-09-30": 0, "2011-06-30": -0.56, "2011-03-31": "0.56000", "2010-12-31": 0.56, "2010-09-30": 0, "2010-06-30": 0, "2010-03-31": "0.00000", "2009-12-31": 0, "2009-09-30": 0, "2009-06-30": 0, "2009-03-31": "", "2008-12-31": 0, "2008-09-30": 0, "2008-06-30": -30.884, "2008-03-31": "30.88400", "2007-12-31": 3.947, "2007-09-30": 15.764, "2007-06-30": 29.811, "2007-03-31": "-29.81100", "2006-12-31": -4.815, "2006-09-30": -1.266, "2006-06-30": -10.25, "2006-03-31": "10.25000", "2005-12-31": 4.765, "2005-09-30": 1.934, "2005-06-30": -162.905, "2005-03-31": "162.90500"}, "Net Change In Long-Term Investments": {"2020-09-30": 0, "2020-06-30": -15, "2020-03-31": "", "2019-12-31": 0, "2019-09-30": 0, "2019-06-30": 0, "2019-03-31": "", "2018-12-31": 0, "2018-09-30": 0, "2018-06-30": 0, "2018-03-31": "", "2017-12-31": 0, "2017-09-30": 0, "2017-06-30": 0, "2017-03-31": "", "2016-12-31": 0, "2016-09-30": 0, "2016-06-30": 0, "2016-03-31": "", "2015-12-31": 0, "2015-09-30": 0, "2015-06-30": 0, "2015-03-31": "", "2014-12-31": 0, "2014-09-30": 0, "2014-06-30": 0, "2014-03-31": "", "2013-12-31": 0, "2013-09-30": 0, "2013-06-30": 0, "2013-03-31": "", "2012-12-31": 0, "2012-09-30": 0, "2012-06-30": 0, "2012-03-31": "", "2011-12-31": 0, "2011-09-30": 0, "2011-06-30": 0, "2011-03-31": "", "2010-12-31": 0, "2010-09-30": 0, "2010-06-30": 0, "2010-03-31": "", "2009-12-31": 0, "2009-09-30": 0, "2009-06-30": 0, "2009-03-31": "", "2008-12-31": 0, "2008-09-30": 0, "2008-06-30": 0, "2008-03-31": "", "2007-12-31": 0, "2007-09-30": 0, "2007-06-30": 0, "2007-03-31": "", "2006-12-31": 0, "2006-09-30": 0, "2006-06-30": 0, "2006-03-31": "", "2005-12-31": 0, "2005-09-30": 0, "2005-06-30": 0, "2005-03-31": ""}, "Net Change In Investments - Total": {"2020-09-30": 0, "2020-06-30": -15, "2020-03-31": "", "2019-12-31": 0, "2019-09-30": 0, "2019-06-30": 0, "2019-03-31": "", "2018-12-31": 0, "2018-09-30": 0, "2018-06-30": -7.5, "2018-03-31": "", "2017-12-31": 0, "2017-09-30": 0, "2017-06-30": 0, "2017-03-31": "", "2016-12-31": 4.5, "2016-09-30": 0, "2016-06-30": 0, "2016-03-31": "", "2015-12-31": 0, "2015-09-30": 0, "2015-06-30": 0, "2015-03-31": "", "2014-12-31": 0, "2014-09-30": 0, "2014-06-30": -66.4, "2014-03-31": "66.40000", "2013-12-31": 0, "2013-09-30": 0, "2013-06-30": -8.6, "2013-03-31": "8.60000", "2012-12-31": 0, "2012-09-30": 0, "2012-06-30": 0, "2012-03-31": "", "2011-12-31": 0, "2011-09-30": 0, "2011-06-30": -0.56, "2011-03-31": "0.56000", "2010-12-31": 0.56, "2010-09-30": 0, "2010-06-30": 0, "2010-03-31": "", "2009-12-31": 0, "2009-09-30": 0, "2009-06-30": 0, "2009-03-31": "", "2008-12-31": 0, "2008-09-30": 0, "2008-06-30": -30.884, "2008-03-31": "30.88400", "2007-12-31": 3.947, "2007-09-30": 15.764, "2007-06-30": 29.811, "2007-03-31": "-29.81100", "2006-12-31": -4.815, "2006-09-30": -1.266, "2006-06-30": -10.25, "2006-03-31": "10.25000", "2005-12-31": 4.765, "2005-09-30": 1.934, "2005-06-30": -162.905, "2005-03-31": "162.90500"}, "Investing Activities - Other": {"2020-09-30": 6.1, "2020-06-30": 0.8, "2020-03-31": "1.20000", "2019-12-31": 2.4, "2019-09-30": 0.6, "2019-06-30": 0, "2019-03-31": "250.00000", "2018-12-31": -5, "2018-09-30": 5, "2018-06-30": 0, "2018-03-31": "", "2017-12-31": -9, "2017-09-30": -2.1, "2017-06-30": -2.9, "2017-03-31": "-0.80000", "2016-12-31": -2.6, "2016-09-30": -65.1, "2016-06-30": 0, "2016-03-31": "-1.00000", "2015-12-31": 306.5, "2015-09-30": -9, "2015-06-30": -4.4, "2015-03-31": "-298.10000", "2014-12-31": -26.6, "2014-09-30": 1, "2014-06-30": -6.2, "2014-03-31": "6.20000", "2013-12-31": 6.2, "2013-09-30": 0, "2013-06-30": 0, "2013-03-31": "", "2012-12-31": 0, "2012-09-30": 0, "2012-06-30": 0, "2012-03-31": "", "2011-12-31": -0.5, "2011-09-30": -0.25, "2011-06-30": 10, "2011-03-31": "-10.00000", "2010-12-31": -4, "2010-09-30": 0, "2010-06-30": 10.262, "2010-03-31": "-10.26200", "2009-12-31": -5.152, "2009-09-30": -5.11, "2009-06-30": -2.115, "2009-03-31": "2.11500", "2008-12-31": 0, "2008-09-30": 2.115, "2008-06-30": 0, "2008-03-31": "", "2007-12-31": 12.401, "2007-09-30": -12.401, "2007-06-30": 59.538, "2007-03-31": "-59.53800", "2006-12-31": 0, "2006-09-30": 0, "2006-06-30": 0, "2006-03-31": "", "2005-12-31": 0, "2005-09-30": 0, "2005-06-30": 405.562, "2005-03-31": "-405.56200"}, "Cash Flow From Investing Activities": {"2020-09-30": -38.6, "2020-06-30": 53.1, "2020-03-31": "-74.80000", "2019-12-31": -106.3, "2019-09-30": -651.8, "2019-06-30": -68.1, "2019-03-31": "230.10000", "2018-12-31": -46.1, "2018-09-30": -51.5, "2018-06-30": -27.1, "2018-03-31": "-2.10000", "2017-12-31": 66, "2017-09-30": -9.9, "2017-06-30": -5.8, "2017-03-31": "2287.80000", "2016-12-31": 94.5, "2016-09-30": 38.4, "2016-06-30": 60.8, "2016-03-31": "-368.70000", "2015-12-31": 1980.6, "2015-09-30": -367.3, "2015-06-30": -2075.2, "2015-03-31": "-246.20000", "2014-12-31": -125.9, "2014-09-30": -30.7, "2014-06-30": 1645.7, "2014-03-31": "-1645.70000", "2013-12-31": -1563.7, "2013-09-30": -35.8, "2013-06-30": 662.7, "2013-03-31": "-662.70000", "2012-12-31": -351.4, "2012-09-30": -14.8, "2012-06-30": 658.294, "2012-03-31": "-658.29400", "2011-12-31": -37.206, "2011-09-30": -555.755, "2011-06-30": 56.916, "2011-03-31": "-56.91600", "2010-12-31": -24.801, "2010-09-30": -7.196, "2010-06-30": 81.712, "2010-03-31": "-81.71200", "2009-12-31": -20.897, "2009-09-30": -36.684, "2009-06-30": 119.153, "2009-03-31": "-119.15300", "2008-12-31": -88.401, "2008-09-30": -19.637, "2008-06-30": 94.669, "2008-03-31": "-94.66900", "2007-12-31": -5.403, "2007-09-30": -1.001, "2007-06-30": 116.869, "2007-03-31": "-116.86900", "2006-12-31": -13.873, "2006-09-30": -9.379, "2006-06-30": 8.422, "2006-03-31": "-8.42200", "2005-12-31": 0.881, "2005-09-30": -6.294, "2005-06-30": 639.802, "2005-03-31": "-639.80200"}, "Net Long-Term Debt": {"2020-09-30": -591.5, "2020-06-30": 643.4, "2020-03-31": "102.00000", "2019-12-31": -0.3, "2019-09-30": -113.8, "2019-06-30": 251.2, "2019-03-31": "-12.60000", "2018-12-31": -8.2, "2018-09-30": -13.2, "2018-06-30": -14.8, "2018-03-31": "-19.70000", "2017-12-31": -360.5, "2017-09-30": -14.6, "2017-06-30": -2215.8, "2017-03-31": "-13.30000", "2016-12-31": -12.2999, "2016-09-30": -516.8001, "2016-06-30": -102.3999, "2016-03-31": "460.10000", "2015-12-31": 1565.4, "2015-09-30": -875.7, "2015-06-30": 10.2, "2015-03-31": "-10.20000", "2014-12-31": 1609.5, "2014-09-30": -39.5, "2014-06-30": -1293.6, "2014-03-31": "1293.60000", "2013-12-31": 1328.6, "2013-09-30": 0, "2013-06-30": -0.8, "2013-03-31": "0.80000", "2012-12-31": 0, "2012-09-30": 0.6, "2012-06-30": -604.62, "2012-03-31": "604.62000", "2011-12-31": 351.759, "2011-09-30": 250.787, "2011-06-30": 44.558, "2011-03-31": "-44.55800", "2010-12-31": 50, "2010-09-30": -95, "2010-06-30": 67.771, "2010-03-31": "-67.77100", "2009-12-31": -17.771, "2009-09-30": -50, "2009-06-30": 31.38, "2009-03-31": "-31.38000", "2008-12-31": 0, "2008-09-30": -14.287, "2008-06-30": 95.801, "2008-03-31": "-95.80100", "2007-12-31": 3, "2007-09-30": -8, "2007-06-30": -100, "2007-03-31": "100.00000", "2006-12-31": -10, "2006-09-30": 55, "2006-06-30": 60, "2006-03-31": "-60.00000", "2005-12-31": -35, "2005-09-30": 15, "2005-06-30": -615, "2005-03-31": "615.00000"}, "Net Current Debt": {"2020-09-30": 0, "2020-06-30": 0, "2020-03-31": "", "2019-12-31": 0, "2019-09-30": 0, "2019-06-30": 0, "2019-03-31": "", "2018-12-31": 0, "2018-09-30": 0, "2018-06-30": 0, "2018-03-31": "", "2017-12-31": 0, "2017-09-30": 0, "2017-06-30": 0, "2017-03-31": "", "2016-12-31": 0, "2016-09-30": 0, "2016-06-30": 0, "2016-03-31": "", "2015-12-31": 0, "2015-09-30": 0, "2015-06-30": 0, "2015-03-31": "", "2014-12-31": 2.1, "2014-09-30": -2.1, "2014-06-30": 0, "2014-03-31": "", "2013-12-31": -1.1, "2013-09-30": 1.1, "2013-06-30": -4.4, "2013-03-31": "4.40000", "2012-12-31": 1.1, "2012-09-30": 1.5, "2012-06-30": 2.77, "2012-03-31": "-2.77000", "2011-12-31": -58.75, "2011-09-30": 55.98, "2011-06-30": 7.82, "2011-03-31": "-7.82000", "2010-12-31": -63.553, "2010-09-30": 55.524, "2010-06-30": 0, "2010-03-31": "", "2009-12-31": 0, "2009-09-30": 0, "2009-06-30": 13.736, "2009-03-31": "-13.73600", "2008-12-31": -2.73, "2008-09-30": -11.006, "2008-06-30": -138.393, "2008-03-31": "138.39300", "2007-12-31": -7.74, "2007-09-30": -0.099, "2007-06-30": 16.293, "2007-03-31": "-16.29300", "2006-12-31": 12.632, "2006-09-30": -14.331, "2006-06-30": -1.543, "2006-03-31": "1.54300", "2005-12-31": 1.633, "2005-09-30": -6.104, "2005-06-30": -3.622, "2005-03-31": "3.62200"}, "Debt Issuance/Retirement Net - Total": {"2020-09-30": -591.5, "2020-06-30": 643.4, "2020-03-31": "102.00000", "2019-12-31": -0.3, "2019-09-30": -113.8, "2019-06-30": 251.2, "2019-03-31": "-12.60000", "2018-12-31": -8.2, "2018-09-30": -13.2, "2018-06-30": -14.8, "2018-03-31": "-19.70000", "2017-12-31": -360.5, "2017-09-30": -14.6, "2017-06-30": -2215.8, "2017-03-31": "-13.30000", "2016-12-31": -12.2999, "2016-09-30": -516.8001, "2016-06-30": -102.3999, "2016-03-31": "460.10000", "2015-12-31": 1565.4, "2015-09-30": -875.7, "2015-06-30": 10.2, "2015-03-31": "-10.20000", "2014-12-31": 1611.6, "2014-09-30": -41.6, "2014-06-30": -1293.6, "2014-03-31": "1293.60000", "2013-12-31": 1327.5, "2013-09-30": 1.1, "2013-06-30": -5.2, "2013-03-31": "5.20000", "2012-12-31": 1.1, "2012-09-30": 2.1, "2012-06-30": -601.85, "2012-03-31": "601.85000", "2011-12-31": 293.009, "2011-09-30": 306.767, "2011-06-30": 52.378, "2011-03-31": "-52.37800", "2010-12-31": -13.553, "2010-09-30": -39.476, "2010-06-30": 67.771, "2010-03-31": "-67.77100", "2009-12-31": -17.771, "2009-09-30": -50, "2009-06-30": 45.116, "2009-03-31": "-45.11600", "2008-12-31": -2.73, "2008-09-30": -25.293, "2008-06-30": -42.592, "2008-03-31": "42.59200", "2007-12-31": -4.74, "2007-09-30": -8.099, "2007-06-30": -83.707, "2007-03-31": "83.70700", "2006-12-31": 2.632, "2006-09-30": 40.669, "2006-06-30": 58.457, "2006-03-31": "-58.45700", "2005-12-31": -33.367, "2005-09-30": 8.896, "2005-06-30": -618.622, "2005-03-31": "618.62200"}, "Net Common Equity Issued/Repurchased": {"2020-09-30": 0, "2020-06-30": 0, "2020-03-31": "", "2019-12-31": 0.2, "2019-09-30": 0.4, "2019-06-30": 0.3, "2019-03-31": "", "2018-12-31": 0.3, "2018-09-30": -134, "2018-06-30": -156.9, "2018-03-31": "-108.10000", "2017-12-31": 0.2, "2017-09-30": -133, "2017-06-30": -58, "2017-03-31": "", "2016-12-31": 0.1, "2016-09-30": 4.7, "2016-06-30": 0.4, "2016-03-31": "3.10000", "2015-12-31": -501.3, "2015-09-30": 6.2, "2015-06-30": -1.1, "2015-03-31": "1.10000", "2014-12-31": 1036.6, "2014-09-30": -4.9, "2014-06-30": -1.4, "2014-03-31": "1.40000", "2013-12-31": 3.2, "2013-09-30": -3.8, "2013-06-30": 3.6, "2013-03-31": "-3.60000", "2012-12-31": 3.5, "2012-09-30": -8.1, "2012-06-30": -2.086, "2012-03-31": "2.08600", "2011-12-31": 1.76, "2011-09-30": -2.015, "2011-06-30": -4.191, "2011-03-31": "4.19100", "2010-12-31": 1.234, "2010-09-30": -4.181, "2010-06-30": 56.379, "2010-03-31": "-56.37900", "2009-12-31": -37.889, "2009-09-30": -21.666, "2009-06-30": 52.913, "2009-03-31": "-52.91300", "2008-12-31": -29.572, "2008-09-30": -23.833, "2008-06-30": 32.882, "2008-03-31": "-32.88200", "2007-12-31": -19.263, "2007-09-30": -0.125, "2007-06-30": 15.572, "2007-03-31": "-15.57200", "2006-12-31": -2.831, "2006-09-30": -9.016, "2006-06-30": 15.265, "2006-03-31": "-15.26500", "2005-12-31": -6.837, "2005-09-30": -6.558, "2005-06-30": -6.015, "2005-03-31": "6.01500"}, "Net Total Equity Issued/Repurchased": {"2020-09-30": 0, "2020-06-30": 0, "2020-03-31": "", "2019-12-31": 0.2, "2019-09-30": 0.4, "2019-06-30": 0.3, "2019-03-31": "", "2018-12-31": 0.3, "2018-09-30": -134, "2018-06-30": -156.9, "2018-03-31": "-108.10000", "2017-12-31": 0.2, "2017-09-30": -133, "2017-06-30": -58, "2017-03-31": "", "2016-12-31": 0.1, "2016-09-30": 4.7, "2016-06-30": 0.4, "2016-03-31": "3.10000", "2015-12-31": -501.3, "2015-09-30": 6.2, "2015-06-30": -1.1, "2015-03-31": "1.10000", "2014-12-31": 1036.6, "2014-09-30": -4.9, "2014-06-30": -1.4, "2014-03-31": "1.40000", "2013-12-31": 3.2, "2013-09-30": -3.8, "2013-06-30": 3.6, "2013-03-31": "-3.60000", "2012-12-31": 3.5, "2012-09-30": -8.1, "2012-06-30": -2.086, "2012-03-31": "2.08600", "2011-12-31": 1.76, "2011-09-30": -2.015, "2011-06-30": -4.191, "2011-03-31": "4.19100", "2010-12-31": 1.234, "2010-09-30": -4.181, "2010-06-30": 56.379, "2010-03-31": "-56.37900", "2009-12-31": -37.889, "2009-09-30": -21.666, "2009-06-30": 52.913, "2009-03-31": "-52.91300", "2008-12-31": -29.572, "2008-09-30": -23.833, "2008-06-30": 32.882, "2008-03-31": "-32.88200", "2007-12-31": -19.263, "2007-09-30": -0.125, "2007-06-30": 15.572, "2007-03-31": "-15.57200", "2006-12-31": -2.831, "2006-09-30": -9.016, "2006-06-30": 15.265, "2006-03-31": "-15.26500", "2005-12-31": -6.837, "2005-09-30": -6.558, "2005-06-30": -6.015, "2005-03-31": "6.01500"}, "Total Common And Preferred Stock Dividends Paid": {"2020-09-30": -31.1, "2020-06-30": -31, "2020-03-31": "-30.90000", "2019-12-31": -28.8, "2019-09-30": -28.8, "2019-06-30": -28.9, "2019-03-31": "-25.90000", "2018-12-31": -26.2, "2018-09-30": -25.9, "2018-06-30": -26.1, "2018-03-31": "-26.70000", "2017-12-31": -22.4, "2017-09-30": -22.7, "2017-06-30": -23, "2017-03-31": "-23.00000", "2016-12-31": -20.8, "2016-09-30": -20.8, "2016-06-30": -20.8, "2016-03-31": "-20.80000", "2015-12-31": 17.9, "2015-09-30": -54.2, "2015-06-30": 17.6, "2015-03-31": "-17.60000", "2014-12-31": -14.9, "2014-09-30": -14.1, "2014-06-30": 32, "2014-03-31": "-32.00000", "2013-12-31": -9.5, "2013-09-30": -8.5, "2013-06-30": 24.5, "2013-03-31": "-24.50000", "2012-12-31": -8.5, "2012-09-30": -7.5, "2012-06-30": 21.516, "2012-03-31": "-21.51600", "2011-12-31": -7.486, "2011-09-30": -6.535, "2011-06-30": 18.779, "2011-03-31": "-18.77900", "2010-12-31": -6.488, "2010-09-30": -5.78, "2010-06-30": 16.566, "2010-03-31": "-16.56600", "2009-12-31": -5.732, "2009-09-30": -5.106, "2009-06-30": 14.786, "2009-03-31": "-14.78600", "2008-12-31": -5.051, "2008-09-30": -4.659, "2008-06-30": 13.551, "2008-03-31": "-13.55100", "2007-12-31": -4.684, "2007-09-30": -4.214, "2007-06-30": 12.281, "2007-03-31": "-12.28100", "2006-12-31": -4.177, "2006-09-30": -3.939, "2006-06-30": 11.66, "2006-03-31": "-11.66000", "2005-12-31": -3.961, "2005-09-30": -3.741, "2005-06-30": 8.195, "2005-03-31": "-8.19500"}, "Financial Activities - Other": {"2020-09-30": -23.9, "2020-06-30": -10.3, "2020-03-31": "-6.40000", "2019-12-31": -2.6, "2019-09-30": -2.7, "2019-06-30": -2.8, "2019-03-31": "-3.10000", "2018-12-31": -0.2, "2018-09-30": -2.3, "2018-06-30": -1.8, "2018-03-31": "-8.10000", "2017-12-31": -1, "2017-09-30": -2.2, "2017-06-30": -114.5, "2017-03-31": "-0.90000", "2016-12-31": -1.6, "2016-09-30": -6.7, "2016-06-30": -9.1, "2016-03-31": "-5.00000", "2015-12-31": 10.1, "2015-09-30": -4.9, "2015-06-30": -9, "2015-03-31": "-4.90000", "2014-12-31": -63, "2014-09-30": -0.7, "2014-06-30": 188.1, "2014-03-31": "-188.10000", "2013-12-31": -170, "2013-09-30": -17.6, "2013-06-30": -14.8, "2013-03-31": "14.80000", "2012-12-31": 1.8, "2012-09-30": 13.3, "2012-06-30": -7.094, "2012-03-31": "7.09400", "2011-12-31": -1.992, "2011-09-30": 8.11, "2011-06-30": -11.098, "2011-03-31": "11.09800", "2010-12-31": -3.561, "2010-09-30": 9.465, "2010-06-30": -2.23, "2010-03-31": "2.23000", "2009-12-31": 1.921, "2009-09-30": 2.43, "2009-06-30": -2.97, "2009-03-31": "2.97000", "2008-12-31": 1.68, "2008-09-30": 1.685, "2008-06-30": -8.253, "2008-03-31": "8.25300", "2007-12-31": 2.639, "2007-09-30": 0.57, "2007-06-30": 0.03, "2007-03-31": "-0.03000", "2006-12-31": -0.675, "2006-09-30": 0.616, "2006-06-30": 0.762, "2006-03-31": "-0.76200", "2005-12-31": -0.135, "2005-09-30": -0.5, "2005-06-30": -0.07, "2005-03-31": "0.07000"}, "Cash Flow From Financial Activities": {"2020-09-30": -646.5, "2020-06-30": 602.1, "2020-03-31": "64.70000", "2019-12-31": -31.5, "2019-09-30": -144.9, "2019-06-30": 219.8, "2019-03-31": "-41.60000", "2018-12-31": -34.3, "2018-09-30": -175.4, "2018-06-30": -199.6, "2018-03-31": "-162.60000", "2017-12-31": -383.7, "2017-09-30": -172.5, "2017-06-30": -2411.3, "2017-03-31": "-37.20000", "2016-12-31": -34.6, "2016-09-30": -539.6, "2016-06-30": -131.9, "2016-03-31": "437.40000", "2015-12-31": 1092.1, "2015-09-30": 44.3, "2015-06-30": -955.2, "2015-03-31": "-31.60000", "2014-12-31": 2570.3, "2014-09-30": -61.3, "2014-06-30": -1074.9, "2014-03-31": "1074.90000", "2013-12-31": 1151.2, "2013-09-30": -28.8, "2013-06-30": 8.1, "2013-03-31": "-8.10000", "2012-12-31": -2.1, "2012-09-30": -0.2, "2012-06-30": -589.514, "2012-03-31": "589.51400", "2011-12-31": 285.291, "2011-09-30": 306.327, "2011-06-30": 55.868, "2011-03-31": "-55.86800", "2010-12-31": -22.368, "2010-09-30": -39.972, "2010-06-30": 138.486, "2010-03-31": "-138.48600", "2009-12-31": -59.471, "2009-09-30": -74.342, "2009-06-30": 109.845, "2009-03-31": "-109.84500", "2008-12-31": -35.673, "2008-09-30": -52.1, "2008-06-30": -4.412, "2008-03-31": "4.41200", "2007-12-31": -26.048, "2007-09-30": -11.868, "2007-06-30": -55.824, "2007-03-31": "55.82400", "2006-12-31": -5.051, "2006-09-30": 28.33, "2006-06-30": 86.144, "2006-03-31": "-86.14400", "2005-12-31": -44.3, "2005-09-30": -1.903, "2005-06-30": -616.512, "2005-03-31": "616.51200"}, "Net Cash Flow": {"2020-09-30": -606.9, "2020-06-30": 945.9, "2020-03-31": "156.10000", "2019-12-31": -44.2, "2019-09-30": -657.2, "2019-06-30": 217.8, "2019-03-31": "286.80000", "2018-12-31": 106.9, "2018-09-30": -82.3, "2018-06-30": -160.8, "2018-03-31": "8.60000", "2017-12-31": -97.2, "2017-09-30": 15.1, "2017-06-30": -2317, "2017-03-31": "2455.50000", "2016-12-31": 259.6, "2016-09-30": -279.1, "2016-06-30": 52.9, "2016-03-31": "171.10000", "2015-12-31": 2721.8, "2015-09-30": -279.1, "2015-06-30": -2644.8, "2015-03-31": "-165.70000", "2014-12-31": 2704.6, "2014-09-30": 92, "2014-06-30": 170.5, "2014-03-31": "-170.50000", "2013-12-31": -295.5, "2013-09-30": 36.7, "2013-06-30": 301.7, "2013-03-31": "-301.70000", "2012-12-31": -172.5, "2012-09-30": 29.5, "2012-06-30": -244.176, "2012-03-31": "244.17600", "2011-12-31": 414.795, "2011-09-30": -193.489, "2011-06-30": -113.472, "2011-03-31": "113.47200", "2010-12-31": 78.681, "2010-09-30": -53.667, "2010-06-30": -0.884, "2010-03-31": "0.88400", "2009-12-31": 38.475, "2009-09-30": -73.672, "2009-06-30": 120.782, "2009-03-31": "-120.78200", "2008-12-31": -87.164, "2008-09-30": -69.276, "2008-06-30": -33.812, "2008-03-31": "33.81200", "2007-12-31": 25.326, "2007-09-30": 16.532, "2007-06-30": -15.855, "2007-03-31": "15.85500", "2006-12-31": 6.608, "2006-09-30": 14.009, "2006-06-30": -12.461, "2006-03-31": "12.46100", "2005-12-31": -9.278, "2005-09-30": 8.411, "2005-06-30": -32.343, "2005-03-31": "32.34300"}, "Stock-Based Compensation": {"2020-09-30": 14.2, "2020-06-30": 13.5, "2020-03-31": "16.20000", "2019-12-31": 11.3, "2019-09-30": 12.9, "2019-06-30": 15.6, "2019-03-31": "12.40000", "2018-12-31": 11.1, "2018-09-30": 4.3, "2018-06-30": 9.6, "2018-03-31": "12.70000", "2017-12-31": 15.7, "2017-09-30": 13.3, "2017-06-30": 8.7, "2017-03-31": "6.10000", "2016-12-31": 7.7, "2016-09-30": 5.7, "2016-06-30": -6.2, "2016-03-31": "15.80000", "2015-12-31": -6.9, "2015-09-30": 14.2, "2015-06-30": 8, "2015-03-31": "7.50000", "2014-12-31": 7.4, "2014-09-30": 8.8, "2014-06-30": -18.5, "2014-03-31": "18.50000", "2013-12-31": 7.7, "2013-09-30": 5.9, "2013-06-30": -14, "2013-03-31": "14.00000", "2012-12-31": 4.6, "2012-09-30": 4.8, "2012-06-30": -13.924, "2012-03-31": "13.92400", "2011-12-31": 5.042, "2011-09-30": 3.935, "2011-06-30": -11.526, "2011-03-31": "11.52600", "2010-12-31": 3.53, "2010-09-30": 3.682, "2010-06-30": -11.184, "2010-03-31": "11.18400", "2009-12-31": 4.778, "2009-09-30": 2.917, "2009-06-30": -7.322, "2009-03-31": "7.32200", "2008-12-31": 2.169, "2008-09-30": 2.754, "2008-06-30": -6.457, "2008-03-31": "6.45700", "2007-12-31": 1.972, "2007-09-30": 1.958, "2007-06-30": -6.53, "2007-03-31": "6.53000", "2006-12-31": 3.284, "2006-09-30": 2.434, "2006-06-30": -7.274, "2006-03-31": "7.27400", "2005-12-31": 2.338, "2005-09-30": 2.403, "2005-06-30": -4.828, "2005-03-31": "4.82800"}, "Common Stock Dividends Paid": {"2020-09-30": -31.1, "2020-06-30": -31, "2020-03-31": "-30.90000", "2019-12-31": -28.8, "2019-09-30": -28.8, "2019-06-30": -28.9, "2019-03-31": "-25.90000", "2018-12-31": -26.2, "2018-09-30": -25.9, "2018-06-30": -26.1, "2018-03-31": "-26.70000", "2017-12-31": -22.4, "2017-09-30": -22.7, "2017-06-30": -23, "2017-03-31": "-23.00000", "2016-12-31": -20.8, "2016-09-30": -20.8, "2016-06-30": -20.8, "2016-03-31": "-20.80000", "2015-12-31": 17.9, "2015-09-30": -18.3, "2015-06-30": -18.3, "2015-03-31": "-17.60000", "2014-12-31": -14.9, "2014-09-30": -14.1, "2014-06-30": 32, "2014-03-31": "-32.00000", "2013-12-31": -9.5, "2013-09-30": -8.5, "2013-06-30": 24.5, "2013-03-31": "-24.50000", "2012-12-31": -8.5, "2012-09-30": -7.5, "2012-06-30": 21.516, "2012-03-31": "-21.51600", "2011-12-31": -7.486, "2011-09-30": -6.535, "2011-06-30": 18.779, "2011-03-31": "-18.77900", "2010-12-31": -6.488, "2010-09-30": -5.78, "2010-06-30": 16.566, "2010-03-31": "-16.56600", "2009-12-31": -5.732, "2009-09-30": -5.106, "2009-06-30": 14.786, "2009-03-31": "-14.78600", "2008-12-31": -5.051, "2008-09-30": -4.659, "2008-06-30": 13.551, "2008-03-31": "-13.55100", "2007-12-31": -4.684, "2007-09-30": -4.214, "2007-06-30": 12.281, "2007-03-31": "-12.28100", "2006-12-31": -4.177, "2006-09-30": -3.939, "2006-06-30": 11.66, "2006-03-31": "-11.66000", "2005-12-31": -3.961, "2005-09-30": -3.741, "2005-06-30": 8.195, "2005-03-31": "-8.19500"}}, "financial ratios": {"Current Ratio": {"2019-12-31": "2.06390", "2018-12-31": "1.88770", "2017-12-31": "1.96350", "2016-12-31": "1.52770", "2015-12-31": "1.09380", "2015-06-30": "1.84670", "2014-06-30": "2.37360", "2013-06-30": "2.98450", "2012-06-30": "2.75130", "2011-06-30": "2.27260", "2010-06-30": "1.52050", "2009-06-30": "2.35310", "2008-06-30": "2.37260", "2007-06-30": "1.89310", "2006-06-30": "1.76930", "2005-06-30": "1.78780"}, "Long-term Debt / Capital": {"2019-12-31": "0.36700", "2018-12-31": "0.35000", "2017-12-31": "0.34640", "2016-12-31": "0.46720", "2015-12-31": "0.32970", "2015-06-30": "0.32900", "2014-06-30": "0.26050", "2013-06-30": "0.45250", "2012-06-30": "0.41780", "2011-06-30": "0.36370", "2010-06-30": "0.46080", "2009-06-30": "0.48680", "2008-06-30": "0.48940", "2007-06-30": "0.46310", "2006-06-30": "0.49250", "2005-06-30": "0.52620"}, "Debt/Equity Ratio": {"2019-12-31": "0.58050", "2018-12-31": "0.57200", "2017-12-31": "0.54150", "2016-12-31": "0.97310", "2015-12-31": "0.59680", "2015-06-30": "0.50470", "2014-06-30": "0.36890", "2013-06-30": "0.84630", "2012-06-30": "0.73910", "2011-06-30": "0.58310", "2010-06-30": "1.22860", "2009-06-30": "0.96720", "2008-06-30": "0.98020", "2007-06-30": "0.89850", "2006-06-30": "1.00160", "2005-06-30": "1.15340"}, "Gross Margin": {"2019-12-31": "36.65810", "2018-12-31": "38.70700", "2017-12-31": "40.02060", "2016-12-31": "38.85540", "2015-12-31": "40.98850", "2015-06-30": "38.89660", "2014-06-30": "37.09920", "2013-06-30": "36.16020", "2012-06-30": "34.52350", "2011-06-30": "34.29400", "2010-06-30": "32.90050", "2009-06-30": "29.77180", "2008-06-30": "29.92780", "2007-06-30": "26.83410", "2006-06-30": "28.85830", "2005-06-30": "25.42620"}, "Operating Margin": {"2019-12-31": "4.23370", "2018-12-31": "4.99820", "2017-12-31": "12.09410", "2016-12-31": "-37.86880", "2015-12-31": "2.56820", "2015-06-30": "15.90930", "2014-06-30": "14.59850", "2013-06-30": "19.18470", "2012-06-30": "17.93460", "2011-06-30": "17.78950", "2010-06-30": "14.80940", "2009-06-30": "12.45360", "2008-06-30": "11.42500", "2007-06-30": "7.76280", "2006-06-30": "8.34770", "2005-06-30": "5.50020"}, "EBIT Margin": {"2019-12-31": "4.23370", "2018-12-31": "4.99820", "2017-12-31": "12.09410", "2016-12-31": "-37.86880", "2015-12-31": "2.56820", "2015-06-30": "15.90930", "2014-06-30": "14.59850", "2013-06-30": "19.18470", "2012-06-30": "17.93460", "2011-06-30": "17.78950", "2010-06-30": "14.80940", "2009-06-30": "12.45360", "2008-06-30": "11.42500", "2007-06-30": "7.76280", "2006-06-30": "8.34770", "2005-06-30": "5.50020"}, "EBITDA Margin": {"2019-12-31": "12.33930", "2018-12-31": "13.77940", "2017-12-31": "20.63400", "2016-12-31": "-29.68220", "2015-12-31": "9.11020", "2015-06-30": "22.03400", "2014-06-30": "19.91520", "2013-06-30": "23.71040", "2012-06-30": "22.19840", "2011-06-30": "21.52450", "2010-06-30": "18.07650", "2009-06-30": "16.00850", "2008-06-30": "15.42700", "2007-06-30": "12.00390", "2006-06-30": "12.48900", "2005-06-30": "8.89950"}, "Pre-Tax Profit Margin": {"2019-12-31": "3.53500", "2018-12-31": "6.14160", "2017-12-31": "5.66290", "2016-12-31": "-91.81340", "2015-12-31": "0.33810", "2015-06-30": "6.15790", "2014-06-30": "7.75660", "2013-06-30": "17.16760", "2012-06-30": "16.13510", "2011-06-30": "16.35210", "2010-06-30": "13.60800", "2009-06-30": "10.28530", "2008-06-30": "10.28640", "2007-06-30": "6.36770", "2006-06-30": "7.75050", "2005-06-30": "-32.29120"}, "Net Profit Margin": {"2019-12-31": "3.02020", "2018-12-31": "2.76860", "2017-12-31": "2.41800", "2016-12-31": "-75.99140", "2015-12-31": "1.61460", "2015-06-30": "3.21970", "2014-06-30": "5.94770", "2013-06-30": "12.48380", "2012-06-30": "12.65600", "2011-06-30": "12.30850", "2010-06-30": "9.86700", "2009-06-30": "7.25640", "2008-06-30": "7.84850", "2007-06-30": "5.39310", "2006-06-30": "5.22380", "2005-06-30": "-34.46770"}, "Asset Turnover": {"2019-12-31": "0.42800", "2018-12-31": "0.43080", "2017-12-31": "0.42530", "2016-12-31": "0.38070", "2015-12-31": "0.13600", "2015-06-30": "0.21580", "2014-06-30": "0.28250", "2013-06-30": "0.66150", "2012-06-30": "0.78860", "2011-06-30": "0.86380", "2010-06-30": "0.72950", "2009-06-30": "0.82090", "2008-06-30": "0.67090", "2007-06-30": "0.71080", "2006-06-30": "0.78080", "2005-06-30": "0.60070"}, "Inventory Turnover Ratio": {"2019-12-31": "3.16770", "2018-12-31": "3.30320", "2017-12-31": "3.67670", "2016-12-31": "4.06140", "2015-12-31": "1.72840", "2015-06-30": "2.76040", "2014-06-30": "3.89800", "2013-06-30": "3.21040", "2012-06-30": "3.79560", "2011-06-30": "3.58050", "2010-06-30": "3.35980", "2009-06-30": "3.66040", "2008-06-30": "3.23440", "2007-06-30": "3.39250", "2006-06-30": "3.20980", "2005-06-30": "2.79770"}, "Receiveable Turnover": {"2019-12-31": "3.89110", "2018-12-31": "4.40940", "2017-12-31": "4.37410", "2016-12-31": "4.49030", "2015-12-31": "2.21380", "2015-06-30": "3.49520", "2014-06-30": "4.18580", "2013-06-30": "5.43000", "2012-06-30": "5.53210", "2011-06-30": "5.76090", "2010-06-30": "6.06060", "2009-06-30": "5.99160", "2008-06-30": "5.27270", "2007-06-30": "4.85150", "2006-06-30": "5.69200", "2005-06-30": "4.86950"}, "Days Sales In Receivables": {"2019-12-31": "93.80410", "2018-12-31": "82.77820", "2017-12-31": "83.44630", "2016-12-31": "81.28620", "2015-12-31": "164.87540", "2015-06-30": "104.42880", "2014-06-30": "87.20050", "2013-06-30": "67.21950", "2012-06-30": "65.97880", "2011-06-30": "63.35780", "2010-06-30": "60.22550", "2009-06-30": "60.91910", "2008-06-30": "69.22450", "2007-06-30": "75.23390", "2006-06-30": "64.12500", "2005-06-30": "74.95610"}, "ROE - Return On Equity": {"2019-12-31": "2.51720", "2018-12-31": "2.31120", "2017-12-31": "1.93820", "2016-12-31": "-67.35600", "2015-12-31": "0.42050", "2015-06-30": "1.27200", "2014-06-30": "2.67780", "2013-06-30": "18.94450", "2012-06-30": "21.21340", "2011-06-30": "22.24060", "2010-06-30": "20.51610", "2009-06-30": "15.48330", "2008-06-30": "15.01500", "2007-06-30": "9.65370", "2006-06-30": "11.14330", "2005-06-30": "-59.74290"}, "Return On Tangible Equity": {"2019-12-31": "-11.21600", "2018-12-31": "-10.73860", "2017-12-31": "-8.63160", "2016-12-31": "101.51020", "2015-12-31": "-0.81020", "2015-06-30": "-3.06010", "2014-06-30": "-14.22030", "2013-06-30": "49105.33000", "2012-06-30": "129.57470", "2011-06-30": "106.90340", "2010-06-30": "-202.00710", "2009-06-30": "32.50230", "2008-06-30": "32.91950", "2007-06-30": "18.28740", "2006-06-30": "20.04860", "2005-06-30": "-120.64620"}, "ROA - Return On Assets": {"2019-12-31": "1.29280", "2018-12-31": "1.19270", "2017-12-31": "1.02850", "2016-12-31": "-28.93130", "2015-12-31": "0.21960", "2015-06-30": "0.69470", "2014-06-30": "1.68050", "2013-06-30": "8.25860", "2012-06-30": "9.76640", "2011-06-30": "10.67660", "2010-06-30": "7.21880", "2009-06-30": "5.84590", "2008-06-30": "5.43730", "2007-06-30": "3.78330", "2006-06-30": "4.07850", "2005-06-30": "-20.70310"}, "ROI - Return On Investment": {"2019-12-31": "1.59330", "2018-12-31": "1.50220", "2017-12-31": "1.26680", "2016-12-31": "-35.88590", "2015-12-31": "0.28190", "2015-06-30": "0.85350", "2014-06-30": "1.98010", "2013-06-30": "10.37230", "2012-06-30": "12.35150", "2011-06-30": "14.15220", "2010-06-30": "11.06160", "2009-06-30": "7.94610", "2008-06-30": "7.66600", "2007-06-30": "5.18310", "2006-06-30": "5.65560", "2005-06-30": "-28.30740"}, "Book Value Per Share": {"2019-12-31": "42.64590", "2018-12-31": "41.70790", "2017-12-31": "43.82530", "2016-12-31": "41.54530", "2015-12-31": "70.62750", "2015-06-30": "73.13400", "2014-06-30": "64.97530", "2013-06-30": "24.78850", "2012-06-30": "19.81390", "2011-06-30": "16.50160", "2010-06-30": "11.93030", "2009-06-30": "10.00410", "2008-06-30": "10.00650", "2007-06-30": "8.07830", "2006-06-30": "6.89550", "2005-06-30": "6.29200"}, "Operating Cash Flow Per Share": {"2019-12-31": -1.4468, "2018-12-31": -0.6133, "2017-12-31": 0.331, "2016-12-31": 3.195, "2015-12-31": -4.7422, "2015-06-30": 0.6415, "2014-06-30": -0.3845, "2013-06-30": 0.4044, "2012-06-30": 1.4548, "2011-06-30": 0.4213, "2010-06-30": 1.0191, "2009-06-30": -0.0054, "2008-06-30": 1.2076, "2007-06-30": 0.0139, "2006-06-30": 0.3403, "2005-06-30": 1.0043}, "Free Cash Flow Per Share": {"2019-12-31": -1.7137, "2018-12-31": -0.7339, "2017-12-31": 0.4508, "2016-12-31": 2.9864, "2015-12-31": -4.2947, "2015-06-30": 1.146, "2014-06-30": -0.7674, "2013-06-30": 0.5802, "2012-06-30": 1.2405, "2011-06-30": -0.019, "2010-06-30": 1.0097, "2009-06-30": -0.148, "2008-06-30": 1.2166, "2007-06-30": -0.0788, "2006-06-30": 0.3002, "2005-06-30": 0.6573}}, "financial ratios, quarterly": {"Current Ratio": {"2020-09-30": "2.54310", "2020-06-30": "2.04520", "2020-03-31": "1.86310", "2019-12-31": "2.04420", "2019-09-30": "2.06820", "2019-06-30": "1.91840", "2019-03-31": "1.64270", "2018-12-31": "1.88770", "2018-09-30": "1.85390", "2018-06-30": "1.80700", "2018-03-31": "2.08310", "2017-12-31": "1.96350", "2017-09-30": "1.71530", "2017-06-30": "1.73120", "2017-03-31": "2.05750", "2016-12-31": "1.52770", "2016-09-30": "1.73320", "2016-06-30": "1.46970", "2016-03-31": "1.35650", "2015-12-31": "1.09380", "2015-09-30": "1.73420", "2015-06-30": "", "2015-03-31": "3.99470", "2014-12-31": "4.04850", "2014-09-30": "2.58770", "2014-06-30": "", "2014-03-31": "2.41800", "2013-12-31": "2.37680", "2013-09-30": "3.18390", "2013-06-30": "", "2013-03-31": "2.52020", "2012-12-31": "2.79450", "2012-09-30": "3.01750", "2012-06-30": "", "2012-03-31": "2.84380", "2011-12-31": "2.60120", "2011-09-30": "2.08840", "2011-06-30": "", "2011-03-31": "2.22310", "2010-12-31": "1.97820", "2010-09-30": "1.78180", "2010-06-30": "", "2010-03-31": "2.52790", "2009-12-31": "2.38780", "2009-09-30": "2.39980", "2009-06-30": "", "2009-03-31": "2.36860", "2008-12-31": "2.30130", "2008-09-30": "2.35260", "2008-06-30": "", "2008-03-31": "2.05280", "2007-12-31": "2.17920", "2007-09-30": "2.17220", "2007-06-30": "", "2007-03-31": "2.09990", "2006-12-31": "2.04110", "2006-09-30": "2.07220", "2006-06-30": "", "2006-03-31": "1.70440", "2005-12-31": "1.73910", "2005-09-30": "1.83690", "2005-06-30": "", "2005-03-31": "1.80910"}, "Long-term Debt / Capital": {"2020-09-30": "0.37840", "2020-06-30": "0.37430", "2020-03-31": "0.35480", "2019-12-31": "0.36700", "2019-09-30": "0.36860", "2019-06-30": "0.35010", "2019-03-31": "0.32540", "2018-12-31": "0.35000", "2018-09-30": "0.35170", "2018-06-30": "0.34350", "2018-03-31": "0.34580", "2017-12-31": "0.34640", "2017-09-30": "0.35160", "2017-06-30": "0.34950", "2017-03-31": "0.43220", "2016-12-31": "0.46720", "2016-09-30": "0.42970", "2016-06-30": "0.38450", "2016-03-31": "0.37770", "2015-12-31": "0.32970", "2015-09-30": "0.32760", "2015-06-30": "", "2015-03-31": "0.31300", "2014-12-31": "0.31360", "2014-09-30": "0.25930", "2014-06-30": "", "2014-03-31": "0.26750", "2013-12-31": "0.27090", "2013-09-30": "0.43940", "2013-06-30": "", "2013-03-31": "0.37440", "2012-12-31": "0.38680", "2012-09-30": "0.40360", "2012-06-30": "", "2012-03-31": "0.45070", "2011-12-31": "0.47110", "2011-09-30": "0.42800", "2011-06-30": "", "2011-03-31": "0.38050", "2010-12-31": "0.40080", "2010-09-30": "0.41080", "2010-06-30": "", "2010-03-31": "0.43830", "2009-12-31": "0.45490", "2009-09-30": "0.46140", "2009-06-30": "", "2009-03-31": "0.50980", "2008-12-31": "0.51910", "2008-09-30": "0.50150", "2008-06-30": "", "2008-03-31": "0.44770", "2007-12-31": "0.44250", "2007-09-30": "0.45450", "2007-06-30": "", "2007-03-31": "0.50140", "2006-12-31": "0.49140", "2006-09-30": "0.50620", "2006-06-30": "", "2006-03-31": "0.48770", "2005-12-31": "0.51180", "2005-09-30": "0.53090", "2005-06-30": "", "2005-03-31": "0.52260"}, "Debt/Equity Ratio": {"2020-09-30": "0.61170", "2020-06-30": "0.70080", "2020-03-31": "0.59980", "2019-12-31": "0.58050", "2019-09-30": "0.58420", "2019-06-30": "0.60830", "2019-03-31": "0.56440", "2018-12-31": "0.57200", "2018-09-30": "0.57690", "2018-06-30": "0.55670", "2018-03-31": "0.53800", "2017-12-31": "0.54150", "2017-09-30": "0.61120", "2017-06-30": "0.60430", "2017-03-31": "0.95500", "2016-12-31": "0.97310", "2016-09-30": "0.78890", "2016-06-30": "0.70850", "2016-03-31": "0.67380", "2015-12-31": "0.59680", "2015-09-30": "0.50080", "2015-06-30": "", "2015-03-31": "0.49310", "2014-12-31": "0.49420", "2014-09-30": "0.36620", "2014-06-30": "", "2014-03-31": "0.38170", "2013-12-31": "0.38820", "2013-09-30": "0.80300", "2013-06-30": "", "2013-03-31": "0.61900", "2012-12-31": "0.65100", "2012-09-30": "0.69780", "2012-06-30": "", "2012-03-31": "0.84310", "2011-12-31": "0.91520", "2011-09-30": "0.77670", "2011-06-30": "", "2011-03-31": "0.62570", "2010-12-31": "0.68110", "2010-09-30": "0.75080", "2010-06-30": "", "2010-03-31": "0.78020", "2009-12-31": "0.83440", "2009-09-30": "0.87550", "2009-06-30": "", "2009-03-31": "1.05890", "2008-12-31": "1.10030", "2008-09-30": "1.02970", "2008-06-30": "", "2008-03-31": "0.84290", "2007-12-31": "0.81890", "2007-09-30": "0.86830", "2007-06-30": "", "2007-03-31": "1.03230", "2006-12-31": "0.99260", "2006-09-30": "1.03390", "2006-06-30": "", "2006-03-31": "0.99510", "2005-12-31": "1.08300", "2005-09-30": "1.16450", "2005-06-30": "", "2005-03-31": "1.16430"}, "Gross Margin": {"2020-09-30": "35.27230", "2020-06-30": "35.65750", "2020-03-31": "36.03280", "2019-12-31": "36.35470", "2019-09-30": "34.65700", "2019-06-30": "37.49350", "2019-03-31": "38.21200", "2018-12-31": "37.06490", "2018-09-30": "37.49010", "2018-06-30": "39.69990", "2018-03-31": "40.48480", "2017-12-31": "39.96100", "2017-09-30": "40.42880", "2017-06-30": "40.76260", "2017-03-31": "38.89450", "2016-12-31": "36.63610", "2016-09-30": "38.40360", "2016-06-30": "40.76840", "2016-03-31": "39.56800", "2015-12-31": "41.69840", "2015-09-30": "42.03910", "2015-06-30": "", "2015-03-31": "38.19270", "2014-12-31": "35.81230", "2014-09-30": "33.82030", "2014-06-30": "", "2014-03-31": "31.36830", "2013-12-31": "36.84370", "2013-09-30": "38.17230", "2013-06-30": "", "2013-03-31": "36.02960", "2012-12-31": "34.79050", "2012-09-30": "37.06160", "2012-06-30": "", "2012-03-31": "35.89550", "2011-12-31": "35.18080", "2011-09-30": "31.37740", "2011-06-30": "", "2011-03-31": "34.57880", "2010-12-31": "34.77280", "2010-09-30": "33.36140", "2010-06-30": "", "2010-03-31": "34.85560", "2009-12-31": "33.93140", "2009-09-30": "30.89190", "2009-06-30": "", "2009-03-31": "29.56940", "2008-12-31": "27.28300", "2008-09-30": "29.85130", "2008-06-30": "", "2008-03-31": "31.27140", "2007-12-31": "30.03770", "2007-09-30": "30.63990", "2007-06-30": "", "2007-03-31": "27.47460", "2006-12-31": "26.03200", "2006-09-30": "27.28130", "2006-06-30": "", "2006-03-31": "29.27230", "2005-12-31": "", "2005-09-30": "27.18390", "2005-06-30": "", "2005-03-31": "28.60650"}, "Operating Margin": {"2020-09-30": "-7.86850", "2020-06-30": "9.63010", "2020-03-31": "10.86500", "2019-12-31": "-0.52160", "2019-09-30": "4.56720", "2019-06-30": "4.78680", "2019-03-31": "8.71010", "2018-12-31": "8.99430", "2018-09-30": "-10.76690", "2018-06-30": "7.98210", "2018-03-31": "12.84310", "2017-12-31": "12.35390", "2017-09-30": "13.18930", "2017-06-30": "12.02040", "2017-03-31": "10.76220", "2016-12-31": "-36.40320", "2016-09-30": "-116.38400", "2016-06-30": "13.78590", "2016-03-31": "-17.18990", "2015-12-31": "47.92340", "2015-09-30": "13.76950", "2015-06-30": "", "2015-03-31": "19.68570", "2014-12-31": "100.00000", "2014-09-30": "14.41930", "2014-06-30": "", "2014-03-31": "10.28680", "2013-12-31": "100.00000", "2013-09-30": "19.25220", "2013-06-30": "", "2013-03-31": "19.41730", "2012-12-31": "100.00000", "2012-09-30": "20.34290", "2012-06-30": "", "2012-03-31": "18.77470", "2011-12-31": "100.00000", "2011-09-30": "14.00150", "2011-06-30": "", "2011-03-31": "17.77320", "2010-12-31": "100.00000", "2010-09-30": "17.42760", "2010-06-30": "", "2010-03-31": "16.58240", "2009-12-31": "100.00000", "2009-09-30": "16.30200", "2009-06-30": "", "2009-03-31": "14.21170", "2008-12-31": "100.00000", "2008-09-30": "12.97050", "2008-06-30": "", "2008-03-31": "13.06590", "2007-12-31": "100.00000", "2007-09-30": "12.19080", "2007-06-30": "", "2007-03-31": "9.09720", "2006-12-31": "100.00000", "2006-09-30": "7.55760", "2006-06-30": "", "2006-03-31": "9.13420", "2005-12-31": "", "2005-09-30": "6.48320", "2005-06-30": "", "2005-03-31": "5.80250"}, "EBIT Margin": {"2020-09-30": "-7.86850", "2020-06-30": "9.63010", "2020-03-31": "10.86500", "2019-12-31": "-0.52160", "2019-09-30": "4.56720", "2019-06-30": "4.78680", "2019-03-31": "8.71010", "2018-12-31": "8.99430", "2018-09-30": "-10.76690", "2018-06-30": "7.98210", "2018-03-31": "12.84310", "2017-12-31": "12.35390", "2017-09-30": "13.18930", "2017-06-30": "12.02040", "2017-03-31": "10.76220", "2016-12-31": "-36.40320", "2016-09-30": "-116.38400", "2016-06-30": "13.78590", "2016-03-31": "-17.18990", "2015-12-31": "47.92340", "2015-09-30": "13.76950", "2015-06-30": "", "2015-03-31": "19.68570", "2014-12-31": "", "2014-09-30": "14.41930", "2014-06-30": "", "2014-03-31": "10.28680", "2013-12-31": "", "2013-09-30": "19.25220", "2013-06-30": "", "2013-03-31": "19.41730", "2012-12-31": "", "2012-09-30": "20.34290", "2012-06-30": "", "2012-03-31": "18.77470", "2011-12-31": "", "2011-09-30": "14.00150", "2011-06-30": "", "2011-03-31": "17.77320", "2010-12-31": "", "2010-09-30": "17.42760", "2010-06-30": "", "2010-03-31": "16.58240", "2009-12-31": "", "2009-09-30": "16.30200", "2009-06-30": "", "2009-03-31": "14.21170", "2008-12-31": "", "2008-09-30": "12.97050", "2008-06-30": "", "2008-03-31": "13.06590", "2007-12-31": "", "2007-09-30": "12.19080", "2007-06-30": "", "2007-03-31": "9.09720", "2006-12-31": "", "2006-09-30": "7.55760", "2006-06-30": "", "2006-03-31": "9.13420", "2005-12-31": "", "2005-09-30": "6.48320", "2005-06-30": "", "2005-03-31": "5.80250"}, "EBITDA Margin": {"2020-09-30": "", "2020-06-30": "", "2020-03-31": "", "2019-12-31": "", "2019-09-30": "", "2019-06-30": "", "2019-03-31": "", "2018-12-31": "", "2018-09-30": "", "2018-06-30": "", "2018-03-31": "", "2017-12-31": "", "2017-09-30": "", "2017-06-30": "", "2017-03-31": "", "2016-12-31": "", "2016-09-30": "", "2016-06-30": "", "2016-03-31": "", "2015-12-31": "", "2015-09-30": "", "2015-06-30": "", "2015-03-31": "", "2014-12-31": "", "2014-09-30": "", "2014-06-30": "", "2014-03-31": "", "2013-12-31": "", "2013-09-30": "", "2013-06-30": "", "2013-03-31": "", "2012-12-31": "", "2012-09-30": "", "2012-06-30": "", "2012-03-31": "", "2011-12-31": "", "2011-09-30": "", "2011-06-30": "", "2011-03-31": "", "2010-12-31": "", "2010-09-30": "", "2010-06-30": "", "2010-03-31": "", "2009-12-31": "", "2009-09-30": "", "2009-06-30": "", "2009-03-31": "", "2008-12-31": "", "2008-09-30": "", "2008-06-30": "", "2008-03-31": "", "2007-12-31": "", "2007-09-30": "", "2007-06-30": "", "2007-03-31": "", "2006-12-31": "", "2006-09-30": "", "2006-06-30": "", "2006-03-31": "", "2005-12-31": "", "2005-09-30": "", "2005-06-30": "", "2005-03-31": ""}, "Pre-Tax Profit Margin": {"2020-09-30": "-10.52160", "2020-06-30": "5.88960", "2020-03-31": "8.55330", "2019-12-31": "-2.58540", "2019-09-30": "8.16890", "2019-06-30": "2.34990", "2019-03-31": "6.88800", "2018-12-31": "17.05150", "2018-09-30": "-6.97200", "2018-06-30": "4.66120", "2018-03-31": "9.07970", "2017-12-31": "10.28060", "2017-09-30": "10.45240", "2017-06-30": "-6.16370", "2017-03-31": "8.02350", "2016-12-31": "-123.49760", "2016-09-30": "-150.76090", "2016-06-30": "-60.58930", "2016-03-31": "-36.37650", "2015-12-31": "32.85450", "2015-09-30": "23.15610", "2015-06-30": "", "2015-03-31": "-1.05460", "2014-12-31": "7.90330", "2014-09-30": "11.41360", "2014-06-30": "", "2014-03-31": "6.24380", "2013-12-31": "-11.54240", "2013-09-30": "16.85240", "2013-06-30": "", "2013-03-31": "17.40600", "2012-12-31": "16.47790", "2012-09-30": "18.29050", "2012-06-30": "", "2012-03-31": "17.30310", "2011-12-31": "17.21310", "2011-09-30": "12.23680", "2011-06-30": "", "2011-03-31": "16.30380", "2010-12-31": "17.02490", "2010-09-30": "15.94190", "2010-06-30": "", "2010-03-31": "15.73420", "2009-12-31": "16.07230", "2009-09-30": "12.28960", "2009-06-30": "", "2009-03-31": "12.60540", "2008-12-31": "6.90320", "2008-09-30": "11.58910", "2008-06-30": "", "2008-03-31": "11.64590", "2007-12-31": "10.59400", "2007-09-30": "11.12430", "2007-06-30": "", "2007-03-31": "6.00490", "2006-12-31": "6.83840", "2006-09-30": "6.22750", "2006-06-30": "", "2006-03-31": "9.08760", "2005-12-31": "", "2005-09-30": "5.61370", "2005-06-30": "", "2005-03-31": "-170.05720"}, "Net Profit Margin": {"2020-09-30": "-12.73790", "2020-06-30": "4.97090", "2020-03-31": "7.93440", "2019-12-31": "-1.43630", "2019-09-30": "7.74070", "2019-06-30": "0.78330", "2019-03-31": "5.44060", "2018-12-31": "6.81890", "2018-09-30": "-5.95710", "2018-06-30": "3.05120", "2018-03-31": "6.63930", "2017-12-31": "5.69760", "2017-09-30": "3.61410", "2017-06-30": "-5.62240", "2017-03-31": "5.99670", "2016-12-31": "-102.09590", "2016-09-30": "-126.04630", "2016-06-30": "-39.85830", "2016-03-31": "-39.27860", "2015-12-31": "17.00380", "2015-09-30": "20.49330", "2015-06-30": "", "2015-03-31": "-2.29530", "2014-12-31": "6.55030", "2014-09-30": "10.12090", "2014-06-30": "", "2014-03-31": "4.78990", "2013-12-31": "-8.78450", "2013-09-30": "11.93490", "2013-06-30": "", "2013-03-31": "12.16570", "2012-12-31": "12.00450", "2012-09-30": "13.71790", "2012-06-30": "", "2012-03-31": "14.87460", "2011-12-31": "11.89960", "2011-09-30": "9.71440", "2011-06-30": "", "2011-03-31": "12.88170", "2010-12-31": "12.56660", "2010-09-30": "11.59710", "2010-06-30": "", "2010-03-31": "11.56570", "2009-12-31": "10.44130", "2009-09-30": "9.81600", "2009-06-30": "", "2009-03-31": "9.07230", "2008-12-31": "4.65240", "2008-09-30": "8.33240", "2008-06-30": "", "2008-03-31": "8.31540", "2007-12-31": "7.87380", "2007-09-30": "8.88830", "2007-06-30": "", "2007-03-31": "4.70790", "2006-12-31": "5.68980", "2006-09-30": "4.96220", "2006-06-30": "", "2006-03-31": "6.27740", "2005-12-31": "", "2005-09-30": "4.03800", "2005-06-30": "", "2005-03-31": "-172.39800"}, "Asset Turnover": {"2020-09-30": "0.10480", "2020-06-30": "0.10050", "2020-03-31": "0.11760", "2019-12-31": "0.11700", "2019-09-30": "0.10530", "2019-06-30": "0.10050", "2019-03-31": "0.10560", "2018-12-31": "0.10880", "2018-09-30": "0.10350", "2018-06-30": "0.10570", "2018-03-31": "0.10460", "2017-12-31": "0.11030", "2017-09-30": "0.10400", "2017-06-30": "0.10500", "2017-03-31": "0.08540", "2016-12-31": "0.09600", "2016-09-30": "0.07940", "2016-06-30": "0.07330", "2016-03-31": "0.06910", "2015-12-31": "-0.05290", "2015-09-30": "0.06460", "2015-06-30": "", "2015-03-31": "0.05980", "2014-12-31": "0.06510", "2014-09-30": "0.06900", "2014-06-30": "", "2014-03-31": "0.07310", "2013-12-31": "0.07140", "2013-09-30": "0.16940", "2013-06-30": "", "2013-03-31": "0.20460", "2012-12-31": "0.20560", "2012-09-30": "0.18700", "2012-06-30": "", "2012-03-31": "0.19260", "2011-12-31": "0.21260", "2011-09-30": "0.20640", "2011-06-30": "", "2011-03-31": "0.22770", "2010-12-31": "0.24450", "2010-09-30": "0.23140", "2010-06-30": "", "2010-03-31": "0.21600", "2009-12-31": "0.23680", "2009-09-30": "0.21950", "2009-06-30": "", "2009-03-31": "0.21330", "2008-12-31": "0.22130", "2008-09-30": "0.18180", "2008-06-30": "", "2008-03-31": "0.21860", "2007-12-31": "0.21350", "2007-09-30": "0.19660", "2007-06-30": "", "2007-03-31": "0.19160", "2006-12-31": "0.19990", "2006-09-30": "0.18740", "2006-06-30": "", "2006-03-31": "0.19890", "2005-12-31": "", "2005-09-30": "0.18910", "2005-06-30": "", "2005-03-31": "0.12710"}, "Inventory Turnover Ratio": {"2020-09-30": "0.71370", "2020-06-30": "0.75810", "2020-03-31": "0.92160", "2019-12-31": "0.87040", "2019-09-30": "0.78580", "2019-06-30": "0.76360", "2019-03-31": "0.79490", "2018-12-31": "0.85670", "2018-09-30": "0.80010", "2018-06-30": "0.80950", "2018-03-31": "0.85840", "2017-12-31": "0.95460", "2017-09-30": "0.89240", "2017-06-30": "0.89630", "2017-03-31": "0.91180", "2016-12-31": "1.06100", "2016-09-30": "0.87850", "2016-06-30": "0.88750", "2016-03-31": "0.89960", "2015-12-31": "-0.66380", "2015-09-30": "0.83100", "2015-06-30": "", "2015-03-31": "0.93850", "2014-12-31": "1.07180", "2014-09-30": "0.95870", "2014-06-30": "", "2014-03-31": "0.99380", "2013-12-31": "0.88040", "2013-09-30": "0.80000", "2013-06-30": "", "2013-03-31": "0.85930", "2012-12-31": "0.90140", "2012-09-30": "0.80910", "2012-06-30": "", "2012-03-31": "0.84540", "2011-12-31": "0.93560", "2011-09-30": "0.88360", "2011-06-30": "", "2011-03-31": "0.91530", "2010-12-31": "0.96740", "2010-09-30": "0.92660", "2010-06-30": "", "2010-03-31": "0.83430", "2009-12-31": "0.93570", "2009-09-30": "0.93480", "2009-06-30": "", "2009-03-31": "0.93030", "2008-12-31": "0.96020", "2008-09-30": "0.75770", "2008-06-30": "", "2008-03-31": "0.98340", "2007-12-31": "0.93460", "2007-09-30": "0.84380", "2007-06-30": "", "2007-03-31": "0.84680", "2006-12-31": "0.84970", "2006-09-30": "0.75760", "2006-06-30": "", "2006-03-31": "0.85890", "2005-12-31": "0.96680", "2005-09-30": "0.86330", "2005-06-30": "", "2005-03-31": "0.52160"}, "Receiveable Turnover": {"2020-09-30": "1.10570", "2020-06-30": "1.21760", "2020-03-31": "1.03420", "2019-12-31": "1.06400", "2019-09-30": "1.08070", "2019-06-30": "1.02860", "2019-03-31": "1.04990", "2018-12-31": "1.11380", "2018-09-30": "1.04940", "2018-06-30": "1.05010", "2018-03-31": "1.08330", "2017-12-31": "1.13460", "2017-09-30": "1.14370", "2017-06-30": "1.16140", "2017-03-31": "1.13690", "2016-12-31": "1.13200", "2016-09-30": "1.12230", "2016-06-30": "1.12260", "2016-03-31": "1.13410", "2015-12-31": "-0.86060", "2015-09-30": "1.03320", "2015-06-30": "", "2015-03-31": "1.09700", "2014-12-31": "1.15900", "2014-09-30": "1.09440", "2014-06-30": "", "2014-03-31": "1.15760", "2013-12-31": "1.15310", "2013-09-30": "1.31930", "2013-06-30": "", "2013-03-31": "1.47370", "2012-12-31": "1.50110", "2012-09-30": "1.30850", "2012-06-30": "", "2012-03-31": "1.38560", "2011-12-31": "1.56880", "2011-09-30": "1.36810", "2011-06-30": "", "2011-03-31": "1.48310", "2010-12-31": "1.53910", "2010-09-30": "1.52830", "2010-06-30": "", "2010-03-31": "1.59770", "2009-12-31": "1.68240", "2009-09-30": "1.54970", "2009-06-30": "", "2009-03-31": "1.47280", "2008-12-31": "1.50000", "2008-09-30": "1.41170", "2008-06-30": "", "2008-03-31": "1.35980", "2007-12-31": "1.37990", "2007-09-30": "1.32420", "2007-06-30": "", "2007-03-31": "1.46920", "2006-12-31": "1.50290", "2006-09-30": "1.47770", "2006-06-30": "", "2006-03-31": "1.50760", "2005-12-31": "", "2005-09-30": "1.50510", "2005-06-30": "", "2005-03-31": "1.07970"}, "Days Sales In Receivables": {"2020-09-30": "81.39820", "2020-06-30": "73.91350", "2020-03-31": "87.02680", "2019-12-31": "84.58420", "2019-09-30": "83.28270", "2019-06-30": "87.50130", "2019-03-31": "85.72410", "2018-12-31": "80.80570", "2018-09-30": "85.76650", "2018-06-30": "85.70630", "2018-03-31": "83.07810", "2017-12-31": "79.32350", "2017-09-30": "78.69240", "2017-06-30": "77.49500", "2017-03-31": "79.16080", "2016-12-31": "79.50720", "2016-09-30": "80.19100", "2016-06-30": "80.17080", "2016-03-31": "79.35870", "2015-12-31": "-104.57340", "2015-09-30": "87.10860", "2015-06-30": "", "2015-03-31": "82.04400", "2014-12-31": "77.65510", "2014-09-30": "82.23440", "2014-06-30": "", "2014-03-31": "77.74850", "2013-12-31": "78.04900", "2013-09-30": "68.21830", "2013-06-30": "", "2013-03-31": "61.07090", "2012-12-31": "59.95510", "2012-09-30": "68.78020", "2012-06-30": "", "2012-03-31": "64.95430", "2011-12-31": "57.37020", "2011-09-30": "65.78550", "2011-06-30": "", "2011-03-31": "60.68340", "2010-12-31": "58.47680", "2010-09-30": "58.89040", "2010-06-30": "", "2010-03-31": "56.33200", "2009-12-31": "53.49380", "2009-09-30": "58.07640", "2009-06-30": "", "2009-03-31": "61.10830", "2008-12-31": "60.00100", "2008-09-30": "63.75120", "2008-06-30": "", "2008-03-31": "66.18740", "2007-12-31": "65.22020", "2007-09-30": "67.96650", "2007-06-30": "", "2007-03-31": "61.25620", "2006-12-31": "59.88270", "2006-09-30": "60.90710", "2006-06-30": "", "2006-03-31": "59.69600", "2005-12-31": "", "2005-09-30": "59.79650", "2005-06-30": "", "2005-03-31": "83.35750"}, "ROE - Return On Equity": {"2020-09-30": "-2.65620", "2020-06-30": "1.02520", "2020-03-31": "1.83860", "2019-12-31": "-0.32740", "2019-09-30": "1.60090", "2019-06-30": "0.15720", "2019-03-31": "1.12090", "2018-12-31": "1.43790", "2018-09-30": "-1.19260", "2018-06-30": "0.61380", "2018-03-31": "1.30210", "2017-12-31": "1.18470", "2017-09-30": "0.73650", "2017-06-30": "-1.14450", "2017-03-31": "1.18010", "2016-12-31": "-22.81290", "2016-09-30": "-21.25200", "2016-06-30": "-5.90490", "2016-03-31": "-5.44140", "2015-12-31": "-1.72160", "2015-09-30": "2.43100", "2015-06-30": "", "2015-03-31": "-0.23160", "2014-12-31": "", "2014-09-30": "1.10480", "2014-06-30": "", "2014-03-31": "0.56200", "2013-12-31": "", "2013-09-30": "4.51030", "2013-06-30": "", "2013-03-31": "5.02850", "2012-12-31": "", "2012-09-30": "5.37320", "2012-06-30": "", "2012-03-31": "6.52840", "2011-12-31": "", "2011-09-30": "4.56200", "2011-06-30": "", "2011-03-31": "6.42280", "2010-12-31": "6.86360", "2010-09-30": "6.11540", "2010-06-30": "", "2010-03-31": "5.82030", "2009-12-31": "6.35080", "2009-09-30": "5.30510", "2009-06-30": "", "2009-03-31": "5.52340", "2008-12-31": "2.90970", "2008-09-30": "4.31260", "2008-06-30": "", "2008-03-31": "4.67480", "2007-12-31": "", "2007-09-30": "4.41100", "2007-06-30": "", "2007-03-31": "2.41840", "2006-12-31": "", "2006-09-30": "2.55170", "2006-06-30": "", "2006-03-31": "3.34120", "2005-12-31": "", "2005-09-30": "2.17860", "2005-06-30": "", "2005-03-31": "-62.30740"}, "Return On Tangible Equity": {"2020-09-30": "16.63980", "2020-06-30": "-5.96810", "2020-03-31": "-8.60150", "2019-12-31": "1.45860", "2019-09-30": "-6.53950", "2019-06-30": "-0.98190", "2019-03-31": "-6.05060", "2018-12-31": "-6.68090", "2018-09-30": "5.03240", "2018-06-30": "-2.59350", "2018-03-31": "-5.96620", "2017-12-31": "-5.27570", "2017-09-30": "-2.85070", "2017-06-30": "4.50430", "2017-03-31": "-4.93080", "2016-12-31": "34.38060", "2016-09-30": "34.95560", "2016-06-30": "10.67530", "2016-03-31": "9.54720", "2015-12-31": "3.31730", "2015-09-30": "-5.31000", "2015-06-30": "", "2015-03-31": "5.42260", "2014-12-31": "", "2014-09-30": "-6.60450", "2014-06-30": "", "2014-03-31": "-2.53320", "2013-12-31": "", "2013-09-30": "79.85660", "2013-06-30": "", "2013-03-31": "70.45270", "2012-12-31": "", "2012-09-30": "24.45580", "2012-06-30": "", "2012-03-31": "61.10670", "2011-12-31": "", "2011-09-30": "-175.44250", "2011-06-30": "", "2011-03-31": "43.88800", "2010-12-31": "100.09570", "2010-09-30": "-540.79960", "2010-06-30": "", "2010-03-31": "11.21680", "2009-12-31": "12.41940", "2009-09-30": "10.76970", "2009-06-30": "", "2009-03-31": "12.12500", "2008-12-31": "7.26110", "2008-09-30": "9.42530", "2008-06-30": "", "2008-03-31": "10.91400", "2007-12-31": "", "2007-09-30": "8.85840", "2007-06-30": "", "2007-03-31": "4.78590", "2006-12-31": "", "2006-09-30": "4.95790", "2006-06-30": "", "2006-03-31": "6.15940", "2005-12-31": "", "2005-09-30": "4.24760", "2005-06-30": "", "2005-03-31": "-119.81000"}, "ROA - Return On Assets": {"2020-09-30": "-1.33550", "2020-06-30": "0.49970", "2020-03-31": "0.93330", "2019-12-31": "-0.16810", "2019-09-30": "0.81520", "2019-06-30": "0.07870", "2019-03-31": "0.57470", "2018-12-31": "0.74200", "2018-09-30": "-0.61680", "2018-06-30": "0.32250", "2018-03-31": "0.69420", "2017-12-31": "0.62860", "2017-09-30": "0.37580", "2017-06-30": "-0.59020", "2017-03-31": "0.51220", "2016-12-31": "-9.79880", "2016-09-30": "-10.00880", "2016-06-30": "-2.92110", "2016-03-31": "-2.71390", "2015-12-31": "-0.89920", "2015-09-30": "1.32420", "2015-06-30": "", "2015-03-31": "-0.13720", "2014-12-31": "", "2014-09-30": "0.69880", "2014-06-30": "", "2014-03-31": "0.35000", "2013-12-31": "", "2013-09-30": "2.02220", "2013-06-30": "", "2013-03-31": "2.48890", "2012-12-31": "", "2012-09-30": "2.56470", "2012-06-30": "", "2012-03-31": "2.86450", "2011-12-31": "", "2011-09-30": "2.00500", "2011-06-30": "", "2011-03-31": "3.01340", "2010-12-31": "3.05890", "2010-09-30": "2.65820", "2010-06-30": "", "2010-03-31": "2.47280", "2009-12-31": "2.55340", "2009-09-30": "2.12340", "2009-06-30": "", "2009-03-31": "1.95920", "2008-12-31": "0.99020", "2008-09-30": "1.52900", "2008-06-30": "", "2008-03-31": "1.82940", "2007-12-31": "", "2007-09-30": "1.74760", "2007-06-30": "", "2007-03-31": "0.90220", "2006-12-31": "", "2006-09-30": "0.92980", "2006-06-30": "", "2006-03-31": "1.24850", "2005-12-31": "", "2005-09-30": "0.76350", "2005-06-30": "", "2005-03-31": "-21.91780"}, "ROI - Return On Investment": {"2020-09-30": "-1.65100", "2020-06-30": "0.64150", "2020-03-31": "1.18620", "2019-12-31": "-0.20720", "2019-09-30": "1.01090", "2019-06-30": "0.10210", "2019-03-31": "0.75620", "2018-12-31": "0.93460", "2018-09-30": "-0.77310", "2018-06-30": "0.40300", "2018-03-31": "0.85180", "2017-12-31": "0.77420", "2017-09-30": "0.47760", "2017-06-30": "-0.74450", "2017-03-31": "0.67000", "2016-12-31": "-12.15430", "2016-09-30": "-12.11990", "2016-06-30": "-3.63450", "2016-03-31": "-3.38620", "2015-12-31": "-1.15400", "2015-09-30": "1.63450", "2015-06-30": "", "2015-03-31": "-0.15910", "2014-12-31": "", "2014-09-30": "0.81840", "2014-06-30": "", "2014-03-31": "0.41170", "2013-12-31": "", "2013-09-30": "2.52840", "2013-06-30": "", "2013-03-31": "3.14590", "2012-12-31": "", "2012-09-30": "3.20480", "2012-06-30": "", "2012-03-31": "3.58590", "2011-12-31": "", "2011-09-30": "2.60930", "2011-06-30": "", "2011-03-31": "3.97870", "2010-12-31": "4.11260", "2010-09-30": "3.60320", "2010-06-30": "", "2010-03-31": "3.26940", "2009-12-31": "3.46200", "2009-09-30": "2.85760", "2009-06-30": "", "2009-03-31": "2.70750", "2008-12-31": "1.39920", "2008-09-30": "2.15000", "2008-06-30": "", "2008-03-31": "2.58190", "2007-12-31": "", "2007-09-30": "2.40610", "2007-06-30": "", "2007-03-31": "1.20570", "2006-12-31": "", "2006-09-30": "1.26000", "2006-06-30": "", "2006-03-31": "1.71170", "2005-12-31": "", "2005-09-30": "1.02190", "2005-06-30": "", "2005-03-31": "-29.74380"}, "Book Value Per Share": {"2020-09-30": "42.64030", "2020-06-30": "43.30330", "2020-03-31": "42.45710", "2019-12-31": "42.64590", "2019-09-30": "42.31520", "2019-06-30": "42.10590", "2019-03-31": "41.91760", "2018-12-31": "41.70790", "2018-09-30": "41.64830", "2018-06-30": "42.85830", "2018-03-31": "44.42090", "2017-12-31": "43.82530", "2017-09-30": "42.91050", "2017-06-30": "42.64520", "2017-03-31": "42.31030", "2016-12-31": "41.54530", "2016-09-30": "52.17990", "2016-06-30": "63.18720", "2016-03-31": "67.91480", "2015-12-31": "70.62750", "2015-09-30": "73.30600", "2015-06-30": "", "2015-03-31": "68.08030", "2014-12-31": "69.00000", "2014-09-30": "65.09860", "2014-06-30": "", "2014-03-31": "63.96640", "2013-12-31": "63.56180", "2013-09-30": "26.19190", "2013-06-30": "", "2013-03-31": "23.66820", "2012-12-31": "22.43520", "2012-09-30": "20.95200", "2012-06-30": "", "2012-03-31": "18.97840", "2011-12-31": "17.48170", "2011-09-30": "16.57320", "2011-06-30": "", "2011-03-31": "15.37620", "2010-12-31": "14.17210", "2010-09-30": "13.06640", "2010-06-30": "", "2010-03-31": "11.57400", "2009-12-31": "10.85460", "2009-09-30": "10.49500", "2009-06-30": "", "2009-03-31": "9.12760", "2008-12-31": "8.96860", "2008-09-30": "9.56240", "2008-06-30": "", "2008-03-31": "9.21570", "2007-12-31": "8.74530", "2007-09-30": "8.24260", "2007-06-30": "", "2007-03-31": "7.62360", "2006-12-31": "7.47060", "2006-09-30": "7.14800", "2006-06-30": "", "2006-03-31": "6.70730", "2005-12-31": "6.50510", "2005-09-30": "6.33420", "2005-06-30": "", "2005-03-31": "6.49210"}, "Operating Cash Flow Per Share": {"2020-09-30": 0.4869, "2020-06-30": 2.1138, "2020-03-31": "1.25130", "2019-12-31": 0.6604, "2019-09-30": 1.0209, "2019-06-30": 0.4659, "2019-03-31": "0.69380", "2018-12-31": 1.3861, "2018-09-30": 1.0654, "2018-06-30": 0.6171, "2018-03-31": "1.21920", "2017-12-31": 1.4995, "2017-09-30": 1.4107, "2017-06-30": 0.6364, "2017-03-31": "1.35450", "2016-12-31": 1.4389, "2016-09-30": 1.5271, "2016-06-30": 0.9163, "2016-03-31": "0.68780", "2015-12-31": -2.8278, "2015-09-30": 4.2029, "2015-06-30": -1.2798, "2015-03-31": "1.27980", "2014-12-31": 1.9673, "2014-09-30": 1.4516, "2014-06-30": -2.9844, "2014-03-31": "2.98440", "2013-12-31": 1.1898, "2013-09-30": 1.0422, "2013-06-30": -4.0222, "2013-03-31": "4.02220", "2012-12-31": 1.9535, "2012-09-30": 0.4761, "2012-06-30": -3.3107, "2012-03-31": "3.31070", "2011-12-31": 1.7644, "2011-09-30": 0.5763, "2011-06-30": -2.4483, "2011-03-31": "2.44830", "2010-12-31": 1.3807, "2010-09-30": -0.0661, "2010-06-30": -2.3806, "2010-03-31": "2.38060", "2009-12-31": 1.2891, "2009-09-30": 0.3893, "2009-06-30": -1.0905, "2009-03-31": "1.09050", "2008-12-31": 0.3743, "2008-09-30": 0.0102, "2008-06-30": -1.3928, "2008-03-31": "1.39280", "2007-12-31": 0.6919, "2007-09-30": 0.2845, "2007-06-30": -0.7949, "2007-03-31": "0.79490", "2006-12-31": 0.2573, "2006-09-30": -0.0687, "2006-06-30": -1.1764, "2006-03-31": "1.17640", "2005-12-31": 0.4, "2005-09-30": 0.1879, "2005-06-30": -0.7384, "2005-03-31": "0.73840"}, "Free Cash Flow Per Share": {"2020-09-30": 0.1599, "2020-06-30": 1.9229, "2020-03-31": "1.00510", "2019-12-31": 0.3117, "2019-09-30": 0.7615, "2019-06-30": 0.2201, "2019-03-31": "0.53890", "2018-12-31": 1.0575, "2018-09-30": 0.8921, "2018-06-30": 0.4718, "2018-03-31": "1.12450", "2017-12-31": 1.2678, "2017-09-30": 1.2807, "2017-06-30": 0.53, "2017-03-31": "1.20130", "2016-12-31": 1.2882, "2016-09-30": 1.3355, "2016-06-30": 0.7598, "2016-03-31": "0.44550", "2015-12-31": -2.4916, "2015-09-30": 3.3342, "2015-06-30": -1.0533, "2015-03-31": "1.05330", "2014-12-31": 1.8522, "2014-09-30": 1.2158, "2014-06-30": -2.0908, "2014-03-31": "2.09080", "2013-12-31": 0.7796, "2013-09-30": 0.6642, "2013-06-30": -3.3503, "2013-03-31": "3.35030", "2012-12-31": 1.6946, "2012-09-30": 0.3192, "2012-06-30": -2.4001, "2012-03-31": "2.40010", "2011-12-31": 1.3742, "2011-09-30": 0.3746, "2011-06-30": -1.9508, "2011-03-31": "1.95080", "2010-12-31": 1.152, "2010-09-30": -0.1646, "2010-06-30": -2.0075, "2010-03-31": "2.00750", "2009-12-31": 1.1195, "2009-09-30": 0.3088, "2009-06-30": -0.7468, "2009-03-31": "0.74680", "2008-12-31": 0.2131, "2008-09-30": -0.0523, "2008-06-30": -1.1187, "2008-03-31": "1.11870", "2007-12-31": 0.594, "2007-09-30": 0.2385, "2007-06-30": -0.4999, "2007-03-31": "0.49990", "2006-12-31": 0.1606, "2006-09-30": -0.1556, "2006-06-30": -0.9778, "2006-03-31": "0.97780", "2005-12-31": 0.3583, "2005-09-30": 0.1007, "2005-06-30": -0.527, "2005-03-31": "0.52700"}}, "revenue": {"Perrigo Annual Revenue (Millions of US $)": {"2019": "$4,837", "2018": "$4,732", "2017": "$4,946", "2016": "$5,281", "2015": "$4,227", "2014": "$3,914", "2013": "$3,540", "2012": "$3,173", "2011": "$2,755", "2010": "$2,268", "2009": "$2,006", "2008": "$1,730", "2007": "$1,368", "2006": "$1,367", "2005": "$1,024"}, "Perrigo Quarterly Revenue (Millions of US $)": {"2020-09-30": "$1,214", "2020-06-30": "$1,219", "2020-03-31": "$1,341", "2019-12-31": "$1,323", "2019-09-30": "$1,191", "2019-06-30": "$1,149", "2019-03-31": "$1,175", "2018-12-31": "$1,195", "2018-09-30": "$1,133", "2018-06-30": "$1,186", "2018-03-31": "$1,217", "2017-12-31": "$1,283", "2017-09-30": "$1,231", "2017-06-30": "$1,238", "2017-03-31": "$1,194", "2016-12-31": "$1,331", "2016-09-30": "$1,262", "2016-06-30": "$1,341", "2016-03-31": "$1,347", "2015-12-31": "$-1,023", "2015-09-30": "$1,273", "2015-06-30": "", "2015-03-31": "$967", "2014-12-31": "$1,072", "2014-09-30": "$952", "2014-06-30": "", "2014-03-31": "$1,004", "2013-12-31": "$979", "2013-09-30": "$933", "2013-06-30": "", "2013-03-31": "$920", "2012-12-31": "$883", "2012-09-30": "$770", "2012-06-30": "", "2012-03-31": "$778", "2011-12-31": "$838", "2011-09-30": "$725", "2011-06-30": "", "2011-03-31": "$692", "2010-12-31": "$718", "2010-09-30": "$641", "2010-06-30": "", "2010-03-31": "$538", "2009-12-31": "$582", "2009-09-30": "$528", "2009-06-30": "", "2009-03-31": "$506", "2008-12-31": "$537", "2008-09-30": "$456", "2008-06-30": "", "2008-03-31": "$481", "2007-12-31": "$435", "2007-09-30": "$383", "2007-06-30": "", "2007-03-31": "$362", "2006-12-31": "$371", "2006-09-30": "$340", "2006-06-30": "", "2006-03-31": "$332", "2005-12-31": "", "2005-09-30": "$320", "2005-06-30": "", "2005-03-31": "$220"}}, "gross-profit": {"Perrigo Annual Gross Profit (Millions of US $)": {"2019": "$1,773", "2018": "$1,832", "2017": "$1,980", "2016": "$2,052", "2015": "$1,644", "2014": "$1,452", "2013": "$1,280", "2012": "$1,096", "2011": "$945", "2010": "$746", "2009": "$597", "2008": "$518", "2007": "$367", "2006": "$394", "2005": "$260"}, "Perrigo Quarterly Gross Profit (Millions of US $)": {"2020-09-30": "$428", "2020-06-30": "$435", "2020-03-31": "$483", "2019-12-31": "$481", "2019-09-30": "$413", "2019-06-30": "$431", "2019-03-31": "$449", "2018-12-31": "$443", "2018-09-30": "$425", "2018-06-30": "$471", "2018-03-31": "$493", "2017-12-31": "$513", "2017-09-30": "$498", "2017-06-30": "$505", "2017-03-31": "$464", "2016-12-31": "$488", "2016-09-30": "$485", "2016-06-30": "$547", "2016-03-31": "$533", "2015-12-31": "$-427", "2015-09-30": "$535", "2015-06-30": "", "2015-03-31": "$369", "2014-12-31": "$384", "2014-09-30": "$322", "2014-06-30": "", "2014-03-31": "$315", "2013-12-31": "$361", "2013-09-30": "$356", "2013-06-30": "", "2013-03-31": "$331", "2012-12-31": "$307", "2012-09-30": "$285", "2012-06-30": "", "2012-03-31": "$279", "2011-12-31": "$295", "2011-09-30": "$228", "2011-06-30": "", "2011-03-31": "$239", "2010-12-31": "$250", "2010-09-30": "$214", "2010-06-30": "", "2010-03-31": "$187", "2009-12-31": "$198", "2009-09-30": "$163", "2009-06-30": "", "2009-03-31": "$150", "2008-12-31": "$147", "2008-09-30": "$136", "2008-06-30": "", "2008-03-31": "$150", "2007-12-31": "$131", "2007-09-30": "$117", "2007-06-30": "", "2007-03-31": "$100", "2006-12-31": "$96", "2006-09-30": "$93", "2006-06-30": "", "2006-03-31": "$97", "2005-12-31": "$-254", "2005-09-30": "$87", "2005-06-30": "", "2005-03-31": "$63"}}, "operating-income": {"Perrigo Annual Operating Income (Millions of US $)": {"2019": "$205", "2018": "$237", "2017": "$598", "2016": "$-2,000", "2015": "$673", "2014": "$571", "2013": "$679", "2012": "$569", "2011": "$490", "2010": "$336", "2009": "$250", "2008": "$198", "2007": "$106", "2006": "$114", "2005": "$56"}, "Perrigo Quarterly Operating Income (Millions of US $)": {"2020-09-30": "$-96", "2020-06-30": "$117", "2020-03-31": "$146", "2019-12-31": "$-7", "2019-09-30": "$54", "2019-06-30": "$55", "2019-03-31": "$102", "2018-12-31": "$108", "2018-09-30": "$-122", "2018-06-30": "$95", "2018-03-31": "$156", "2017-12-31": "$159", "2017-09-30": "$162", "2017-06-30": "$149", "2017-03-31": "$129", "2016-12-31": "$-485", "2016-09-30": "$-1,468", "2016-06-30": "$185", "2016-03-31": "$-232", "2015-12-31": "$-490", "2015-09-30": "$175", "2015-06-30": "$192", "2015-03-31": "$190", "2014-12-31": "$1,072", "2014-09-30": "$137", "2014-06-30": "", "2014-03-31": "$103", "2013-12-31": "$979", "2013-09-30": "$180", "2013-06-30": "", "2013-03-31": "$179", "2012-12-31": "$883", "2012-09-30": "$157", "2012-06-30": "", "2012-03-31": "$146", "2011-12-31": "$838", "2011-09-30": "$102", "2011-06-30": "", "2011-03-31": "$123", "2010-12-31": "$718", "2010-09-30": "$112", "2010-06-30": "", "2010-03-31": "$89", "2009-12-31": "$582", "2009-09-30": "$86", "2009-06-30": "", "2009-03-31": "$72", "2008-12-31": "$537", "2008-09-30": "$59", "2008-06-30": "", "2008-03-31": "$63", "2007-12-31": "$435", "2007-09-30": "$47", "2007-06-30": "", "2007-03-31": "$33", "2006-12-31": "$371", "2006-09-30": "$26", "2006-06-30": "", "2006-03-31": "$30", "2005-12-31": "", "2005-09-30": "$21", "2005-06-30": "", "2005-03-31": "$13"}}, "ebitda": {"Perrigo Annual EBITDA (Millions of US $)": {"2019": "$597", "2018": "$652", "2017": "$1,021", "2016": "$-1,567", "2015": "$931", "2014": "$780", "2013": "$839", "2012": "$704", "2011": "$593", "2010": "$410", "2009": "$321", "2008": "$267", "2007": "$164", "2006": "$171", "2005": "$91"}, "Perrigo Quarterly EBITDA (Millions of US $)": {"2020-09-30": "$1", "2020-06-30": "$212", "2020-03-31": "$238", "2019-12-31": "$96", "2019-09-30": "$156", "2019-06-30": "$149", "2019-03-31": "$197", "2018-12-31": "$205", "2018-09-30": "$-18", "2018-06-30": "$201", "2018-03-31": "$264", "2017-12-31": "$266", "2017-09-30": "$268", "2017-06-30": "$255", "2017-03-31": "$232", "2016-12-31": "$-366", "2016-09-30": "$-1,362", "2016-06-30": "$289", "2016-03-31": "$-129", "2015-12-31": "$-476", "2015-09-30": "$272", "2015-06-30": "", "2015-03-31": "$247", "2014-12-31": "$1,199", "2014-09-30": "$137", "2014-06-30": "", "2014-03-31": "$341", "2013-12-31": "$1,042", "2013-09-30": "$180", "2013-06-30": "", "2013-03-31": "$291", "2012-12-31": "$920", "2012-09-30": "$157", "2012-06-30": "", "2012-03-31": "$248", "2011-12-31": "$871", "2011-09-30": "$102", "2011-06-30": "", "2011-03-31": "$199", "2010-12-31": "$744", "2010-09-30": "$112", "2010-06-30": "", "2010-03-31": "$141", "2009-12-31": "$600", "2009-09-30": "$86", "2009-06-30": "", "2009-03-31": "$123", "2008-12-31": "$555", "2008-09-30": "$59", "2008-06-30": "", "2008-03-31": "$114", "2007-12-31": "$451", "2007-09-30": "$47", "2007-06-30": "", "2007-03-31": "$75", "2006-12-31": "$385", "2006-09-30": "$26", "2006-06-30": "", "2006-03-31": "$73", "2005-12-31": "$12", "2005-09-30": "$21", "2005-06-30": "", "2005-03-31": "$36"}}, "net-income": {"Perrigo Annual Net Income (Millions of US $)": {"2019": "$146", "2018": "$131", "2017": "$120", "2016": "$-4,013", "2015": "$136", "2014": "$233", "2013": "$442", "2012": "$402", "2011": "$339", "2010": "$224", "2009": "$146", "2008": "$136", "2007": "$74", "2006": "$71", "2005": "$-353"}, "Perrigo Quarterly Net Income (Millions of US $)": {"2020-09-30": "$-155", "2020-06-30": "$61", "2020-03-31": "$106", "2019-12-31": "$-19", "2019-09-30": "$92", "2019-06-30": "$9", "2019-03-31": "$64", "2018-12-31": "$82", "2018-09-30": "$-68", "2018-06-30": "$36", "2018-03-31": "$81", "2017-12-31": "$73", "2017-09-30": "$45", "2017-06-30": "$-70", "2017-03-31": "$72", "2016-12-31": "$-1,359", "2016-09-30": "$-1,590", "2016-06-30": "$-534", "2016-03-31": "$-529", "2015-12-31": "$-174", "2015-09-30": "$261", "2015-06-30": "$-22", "2015-03-31": "$-22", "2014-12-31": "$70", "2014-09-30": "$96", "2014-06-30": "", "2014-03-31": "$48", "2013-12-31": "$-86", "2013-09-30": "$111", "2013-06-30": "", "2013-03-31": "$112", "2012-12-31": "$106", "2012-09-30": "$106", "2012-06-30": "", "2012-03-31": "$116", "2011-12-31": "$100", "2011-09-30": "$70", "2011-06-30": "", "2011-03-31": "$89", "2010-12-31": "$90", "2010-09-30": "$74", "2010-06-30": "", "2010-03-31": "$62", "2009-12-31": "$61", "2009-09-30": "$52", "2009-06-30": "", "2009-03-31": "$46", "2008-12-31": "$25", "2008-09-30": "$38", "2008-06-30": "", "2008-03-31": "$40", "2007-12-31": "$34", "2007-09-30": "$34", "2007-06-30": "", "2007-03-31": "$17", "2006-12-31": "$21", "2006-09-30": "$17", "2006-06-30": "", "2006-03-31": "$21", "2005-12-31": "$25", "2005-09-30": "$13", "2005-06-30": "", "2005-03-31": "$-379"}}, "eps-earnings-per-share-diluted": {"Perrigo Annual EPS": {"2019": "$1.07", "2018": "$0.95", "2017": "$0.84", "2016": "$-28.01", "2015": "$0.97", "2014": "$2.01", "2013": "$4.68", "2012": "$4.27", "2011": "$3.63", "2010": "$2.41", "2009": "$1.55", "2008": "$1.43", "2007": "$0.79", "2006": "$0.76", "2005": "$-4.57"}, "Perrigo Quarterly EPS": {"2020-09-30": "$-1.13", "2020-06-30": "$0.44", "2020-03-31": "$0.77", "2019-12-31": "$-0.14", "2019-09-30": "$0.67", "2019-06-30": "$0.07", "2019-03-31": "$0.47", "2018-12-31": "$0.61", "2018-09-30": "$-0.49", "2018-06-30": "$0.26", "2018-03-31": "$0.57", "2017-12-31": "$0.52", "2017-09-30": "$0.31", "2017-06-30": "$-0.49", "2017-03-31": "$0.50", "2016-12-31": "$-9.48", "2016-09-30": "$-11.10", "2016-06-30": "$-3.73", "2016-03-31": "$-3.70", "2015-12-31": "$-1.18", "2015-09-30": "$1.78", "2015-06-30": "$-0.15", "2015-03-31": "$-0.16", "2014-12-31": "$0.51", "2014-09-30": "$0.72", "2014-06-30": "$0.00", "2014-03-31": "$0.36", "2013-12-31": "$-0.87", "2013-09-30": "$1.18", "2013-06-30": "$0.00", "2013-03-31": "$1.18", "2012-12-31": "$1.12", "2012-09-30": "$1.12", "2012-06-30": "$0.00", "2012-03-31": "$1.23", "2011-12-31": "$1.06", "2011-09-30": "$0.75", "2011-06-30": "$0.00", "2011-03-31": "$0.95", "2010-12-31": "$0.97", "2010-09-30": "$0.80", "2010-06-30": "$0.00", "2010-03-31": "$0.67", "2009-12-31": "$0.65", "2009-09-30": "$0.56", "2009-06-30": "$0.00", "2009-03-31": "$0.49", "2008-12-31": "$0.27", "2008-09-30": "$0.40", "2008-06-30": "$0.00", "2008-03-31": "$0.42", "2007-12-31": "$0.36", "2007-09-30": "$0.36", "2007-06-30": "$0.00", "2007-03-31": "$0.18", "2006-12-31": "$0.23", "2006-09-30": "$0.18", "2006-06-30": "$0.00", "2006-03-31": "$0.22", "2005-12-31": "$0.27", "2005-09-30": "$0.14", "2005-06-30": "$0.00", "2005-03-31": "$-5.15"}}, "shares-outstanding": {"Perrigo Annual Shares Outstanding (Millions of Shares)": {"2019": "137", "2018": "138", "2017": "143", "2016": "143", "2015": "140", "2014": "116", "2013": "95", "2012": "94", "2011": "94", "2010": "93", "2009": "94", "2008": "95", "2007": "94", "2006": "94", "2005": "77"}, "Perrigo Quarterly Shares Outstanding (Millions of Shares)": {"2020-09-30": "137", "2020-06-30": "138", "2020-03-31": "137", "2019-12-31": "137", "2019-09-30": "137", "2019-06-30": "137", "2019-03-31": "136", "2018-12-31": "138", "2018-09-30": "137", "2018-06-30": "139", "2018-03-31": "141", "2017-12-31": "143", "2017-09-30": "142", "2017-06-30": "143", "2017-03-31": "144", "2016-12-31": "143", "2016-09-30": "143", "2016-06-30": "143", "2016-03-31": "143", "2015-12-31": "146", "2015-09-30": "147", "2015-06-30": "146", "2015-03-31": "141", "2014-12-31": "137", "2014-09-30": "134", "2014-06-30": "", "2014-03-31": "134", "2013-12-31": "99", "2013-09-30": "95", "2013-06-30": "", "2013-03-31": "95", "2012-12-31": "95", "2012-09-30": "94", "2012-06-30": "", "2012-03-31": "94", "2011-12-31": "94", "2011-09-30": "94", "2011-06-30": "", "2011-03-31": "94", "2010-12-31": "93", "2010-09-30": "93", "2010-06-30": "", "2010-03-31": "93", "2009-12-31": "93", "2009-09-30": "93", "2009-06-30": "", "2009-03-31": "93", "2008-12-31": "94", "2008-09-30": "95", "2008-06-30": "", "2008-03-31": "95", "2007-12-31": "95", "2007-09-30": "95", "2007-06-30": "", "2007-03-31": "93", "2006-12-31": "94", "2006-09-30": "93", "2006-06-30": "", "2006-03-31": "94", "2005-12-31": "94", "2005-09-30": "94", "2005-06-30": "", "2005-03-31": "74"}}, "total-assets": {"Perrigo Annual Total Assets (Millions of US $)": {"2019": "$11,301", "2018": "$10,983", "2017": "$11,629", "2016": "$13,870", "2015": "$19,592", "2014": "$13,853", "2013": "$5,351", "2012": "$4,024", "2011": "$3,189", "2010": "$3,109", "2009": "$2,443", "2008": "$2,578", "2007": "$1,925", "2006": "$1,751", "2005": "$1,705"}, "Perrigo Quarterly Total Assets (Millions of US $)": {"2020-09-30": "$11,576", "2020-06-30": "$12,128", "2020-03-31": "$11,401", "2019-12-31": "$11,301", "2019-09-30": "$11,311", "2019-06-30": "$11,429", "2019-03-31": "$11,120", "2018-12-31": "$10,983", "2018-09-30": "$10,943", "2018-06-30": "$11,226", "2018-03-31": "$11,640", "2017-12-31": "$11,629", "2017-09-30": "$11,843", "2017-06-30": "$11,792", "2017-03-31": "$13,979", "2016-12-31": "$13,870", "2016-09-30": "$15,888", "2016-06-30": "$18,291", "2016-03-31": "$19,500", "2015-12-31": "$19,350", "2015-09-30": "$19,703", "2015-06-30": "$19,721", "2015-03-31": "$16,183", "2014-12-31": "$16,461", "2014-09-30": "$13,781", "2014-06-30": "$13,880", "2014-03-31": "$13,743", "2013-12-31": "$13,713", "2013-09-30": "$5,509", "2013-06-30": "$5,351", "2013-03-31": "$4,496", "2012-12-31": "$4,294", "2012-09-30": "$4,117", "2012-06-30": "$4,024", "2012-03-31": "$4,040", "2011-12-31": "$3,943", "2011-09-30": "$3,514", "2011-06-30": "$3,189", "2011-03-31": "$3,037", "2010-12-31": "$2,935", "2010-09-30": "$2,772", "2010-06-30": "$3,109", "2010-03-31": "$2,489", "2009-12-31": "$2,459", "2009-09-30": "$2,407", "2009-06-30": "$2,536", "2009-03-31": "$2,372", "2008-12-31": "$2,428", "2008-09-30": "$2,505", "2008-06-30": "$2,581", "2008-03-31": "$2,199", "2007-12-31": "$2,039", "2007-09-30": "$1,947", "2007-06-30": "$1,925", "2007-03-31": "$1,891", "2006-12-31": "$1,854", "2006-09-30": "$1,816", "2006-06-30": "$1,751", "2006-03-31": "$1,671", "2005-12-31": "$1,684", "2005-09-30": "$1,691", "2005-06-30": "$1,705", "2005-03-31": "$1,731"}}, "cash-on-hand": {"Perrigo Annual Cash on Hand (Millions of US $)": {"2019": "$354", "2018": "$551", "2017": "$679", "2016": "$622", "2015": "$786", "2014": "$805", "2013": "$780", "2012": "$603", "2011": "$310", "2010": "$510", "2009": "$316", "2008": "$319", "2007": "$79", "2006": "$46", "2005": "$34"}, "Perrigo Quarterly Cash on Hand (Millions of US $)": {"2020-09-30": "$849", "2020-06-30": "$1,456", "2020-03-31": "$510", "2019-12-31": "$354", "2019-09-30": "$399", "2019-06-30": "$1,056", "2019-03-31": "$838", "2018-12-31": "$551", "2018-09-30": "$444", "2018-06-30": "$527", "2018-03-31": "$687", "2017-12-31": "$679", "2017-09-30": "$776", "2017-06-30": "$761", "2017-03-31": "$3,078", "2016-12-31": "$622", "2016-09-30": "$363", "2016-06-30": "$642", "2016-03-31": "$589", "2015-12-31": "$418", "2015-09-30": "$523", "2015-06-30": "$798", "2015-03-31": "$3,452", "2014-12-31": "$3,616", "2014-09-30": "$913", "2014-06-30": "$805", "2014-03-31": "$617", "2013-12-31": "$607", "2013-09-30": "$817", "2013-06-30": "$780", "2013-03-31": "$301", "2012-12-31": "$460", "2012-09-30": "$632", "2012-06-30": "$602", "2012-03-31": "$554", "2011-12-31": "$531", "2011-09-30": "$117", "2011-06-30": "$310", "2011-03-31": "$223", "2010-12-31": "$135", "2010-09-30": "$57", "2010-06-30": "$510", "2010-03-31": "$319", "2009-12-31": "$283", "2009-09-30": "$245", "2009-06-30": "$316", "2009-03-31": "$198", "2008-12-31": "$162", "2008-09-30": "$249", "2008-06-30": "$319", "2008-03-31": "$65", "2007-12-31": "$102", "2007-09-30": "$79", "2007-06-30": "$79", "2007-03-31": "$93", "2006-12-31": "$74", "2006-09-30": "$61", "2006-06-30": "$46", "2006-03-31": "$36", "2005-12-31": "$27", "2005-09-30": "$41", "2005-06-30": "$34", "2005-03-31": "$74"}}, "long-term-debt": {"Perrigo Annual Long Term Debt (Millions of US $)": {"2019": "$3,366", "2018": "$3,052", "2017": "$3,271", "2016": "$5,225", "2015": "$5,247", "2014": "$3,063", "2013": "$1,928", "2012": "$1,329", "2011": "$875", "2010": "$935", "2009": "$875", "2008": "$895", "2007": "$651", "2006": "$622", "2005": "$656"}, "Perrigo Quarterly Long Term Debt (Millions of US $)": {"2020-09-30": "$3,544", "2020-06-30": "$3,536", "2020-03-31": "$3,183", "2019-12-31": "$3,366", "2019-09-30": "$3,362", "2019-06-30": "$3,084", "2019-03-31": "$2,750", "2018-12-31": "$3,052", "2018-09-30": "$3,071", "2018-06-30": "$3,085", "2018-03-31": "$3,281", "2017-12-31": "$3,271", "2017-09-30": "$3,276", "2017-06-30": "$3,268", "2017-03-31": "$4,619", "2016-12-31": "$5,225", "2016-09-30": "$5,638", "2016-06-30": "$5,653", "2016-03-31": "$5,903", "2015-12-31": "$4,972", "2015-09-30": "$5,230", "2015-06-30": "$5,247", "2015-03-31": "$4,368", "2014-12-31": "$4,439", "2014-09-30": "$3,051", "2014-06-30": "$3,091", "2014-03-31": "$3,126", "2013-12-31": "$3,159", "2013-09-30": "$1,936", "2013-06-30": "$1,928", "2013-03-31": "$1,332", "2012-12-31": "$1,330", "2012-09-30": "$1,330", "2012-06-30": "$1,329", "2012-03-31": "$1,455", "2011-12-31": "$1,453", "2011-09-30": "$1,156", "2011-06-30": "$875", "2011-03-31": "$875", "2010-12-31": "$875", "2010-09-30": "$840", "2010-06-30": "$935", "2010-03-31": "$825", "2009-12-31": "$825", "2009-09-30": "$825", "2009-06-30": "$875", "2009-03-31": "$875", "2008-12-31": "$892", "2008-09-30": "$893", "2008-06-30": "$895", "2008-03-31": "$698", "2007-12-31": "$648", "2007-09-30": "$643", "2007-06-30": "$651", "2007-03-31": "$709", "2006-12-31": "$669", "2006-09-30": "$678", "2006-06-30": "$622", "2006-03-31": "$594", "2005-12-31": "$635", "2005-09-30": "$671", "2005-06-30": "$656", "2005-03-31": "$667"}}, "total-liabilities": {"Perrigo Annual Total Liabilities (Millions of US $)": {"2019": "$5,497", "2018": "$5,315", "2017": "$5,458", "2016": "$7,913", "2015": "$8,892", "2014": "$5,159", "2013": "$3,018", "2012": "$2,171", "2011": "$1,658", "2010": "$2,015", "2009": "$1,521", "2008": "$1,645", "2007": "$1,171", "2006": "$1,110", "2005": "$1,114"}, "Perrigo Quarterly Total Liabilities (Millions of US $)": {"2020-09-30": "$5,756", "2020-06-30": "$6,217", "2020-03-31": "$5,614", "2019-12-31": "$5,497", "2019-09-30": "$5,552", "2019-06-30": "$5,702", "2019-03-31": "$5,419", "2018-12-31": "$5,315", "2018-09-30": "$5,283", "2018-06-30": "$5,328", "2018-03-31": "$5,434", "2017-12-31": "$5,458", "2017-09-30": "$5,801", "2017-06-30": "$5,711", "2017-03-31": "$7,912", "2016-12-31": "$7,913", "2016-09-30": "$8,406", "2016-06-30": "$9,243", "2016-03-31": "$9,774", "2015-12-31": "$9,243", "2015-09-30": "$8,971", "2015-06-30": "$9,058", "2015-03-31": "$6,597", "2014-12-31": "$6,746", "2014-09-30": "$5,064", "2014-06-30": "$5,187", "2014-03-31": "$5,184", "2013-12-31": "$5,212", "2013-09-30": "$3,039", "2013-06-30": "$3,018", "2013-03-31": "$2,271", "2012-12-31": "$2,186", "2012-09-30": "$2,152", "2012-06-30": "$2,171", "2012-03-31": "$2,267", "2011-12-31": "$2,312", "2011-09-30": "$1,970", "2011-06-30": "$1,658", "2011-03-31": "$1,612", "2010-12-31": "$1,627", "2010-09-30": "$1,567", "2010-06-30": "$2,015", "2010-03-31": "$1,431", "2009-12-31": "$1,470", "2009-09-30": "$1,443", "2009-06-30": "$1,614", "2009-03-31": "$1,531", "2008-12-31": "$1,602", "2008-09-30": "$1,617", "2008-06-30": "$1,647", "2008-03-31": "$1,339", "2007-12-31": "$1,223", "2007-09-30": "$1,175", "2007-06-30": "$1,171", "2007-03-31": "$1,185", "2006-12-31": "$1,162", "2006-09-30": "$1,154", "2006-06-30": "$1,110", "2006-03-31": "$1,047", "2005-12-31": "$1,078", "2005-09-30": "$1,098", "2005-06-30": "$1,114", "2005-03-31": "$1,122"}}, "total-share-holder-equity": {"Perrigo Annual Share Holder Equity (Millions of US $)": {"2019": "$5,804", "2018": "$5,668", "2017": "$6,171", "2016": "$5,958", "2015": "$10,700", "2014": "$8,694", "2013": "$2,333", "2012": "$1,853", "2011": "$1,531", "2010": "$1,094", "2009": "$922", "2008": "$934", "2007": "$754", "2006": "$641", "2005": "$591"}, "Perrigo Quarterly Share Holder Equity (Millions of US $)": {"2020-09-30": "$5,820", "2020-06-30": "$5,911", "2020-03-31": "$5,787", "2019-12-31": "$5,804", "2019-09-30": "$5,759", "2019-06-30": "$5,726", "2019-03-31": "$5,701", "2018-12-31": "$5,668", "2018-09-30": "$5,660", "2018-06-30": "$5,897", "2018-03-31": "$6,206", "2017-12-31": "$6,171", "2017-09-30": "$6,042", "2017-06-30": "$6,081", "2017-03-31": "$6,067", "2016-12-31": "$5,958", "2016-09-30": "$7,483", "2016-06-30": "$9,048", "2016-03-31": "$9,725", "2015-12-31": "$10,107", "2015-09-30": "$10,732", "2015-06-30": "$10,663", "2015-03-31": "$9,586", "2014-12-31": "$9,715", "2014-09-30": "$8,717", "2014-06-30": "$8,694", "2014-03-31": "$8,559", "2013-12-31": "$8,501", "2013-09-30": "$2,470", "2013-06-30": "$2,333", "2013-03-31": "$2,225", "2012-12-31": "$2,108", "2012-09-30": "$1,965", "2012-06-30": "$1,853", "2012-03-31": "$1,773", "2011-12-31": "$1,631", "2011-09-30": "$1,544", "2011-06-30": "$1,531", "2011-03-31": "$1,425", "2010-12-31": "$1,308", "2010-09-30": "$1,205", "2010-06-30": "$1,094", "2010-03-31": "$1,057", "2009-12-31": "$989", "2009-09-30": "$963", "2009-06-30": "$922", "2009-03-31": "$841", "2008-12-31": "$826", "2008-09-30": "$888", "2008-06-30": "$934", "2008-03-31": "$861", "2007-12-31": "$816", "2007-09-30": "$771", "2007-06-30": "$754", "2007-03-31": "$705", "2006-12-31": "$692", "2006-09-30": "$662", "2006-06-30": "$641", "2006-03-31": "$624", "2005-12-31": "$606", "2005-09-30": "$593", "2005-06-30": "$591", "2005-03-31": "$609"}}, "profit-margins": {"current": "-0.13%"}, "gross margin": {"2020-09-30": "35.84%", "2020-06-30": "35.71%", "2020-03-31": "36.13%", "2019-12-31": "36.67%", "2019-09-30": "36.86%", "2019-06-30": "37.58%", "2019-03-31": "38.13%", "2018-12-31": "38.72%", "2018-09-30": "39.47%", "2018-06-30": "40.17%", "2018-03-31": "40.43%", "2017-12-31": "40.03%", "2017-09-30": "39.15%", "2017-06-30": "38.65%", "2017-03-31": "38.69%", "2016-12-31": "38.88%", "2016-09-30": "38.88%", "2016-06-30": "40.44%", "2015-12-31": "39.19%", "2015-09-30": "38.89%", "2014-12-31": "33.72%", "2014-09-30": "34.00%", "2013-12-31": "37.01%", "2013-09-30": "36.33%", "2012-12-31": "35.83%", "2012-09-30": "36.00%", "2011-12-31": "33.79%", "2011-09-30": "33.58%", "2010-12-31": "34.32%", "2010-09-30": "34.01%", "2009-12-31": "31.62%", "2009-09-30": "29.28%", "2008-12-31": "29.38%", "2008-09-30": "30.39%", "2007-12-31": "29.49%", "2007-09-30": "28.05%", "2006-12-31": "27.42%"}, "operating margin": {"2020-09-30": "3.14%", "2020-06-30": "6.11%", "2020-03-31": "4.96%", "2019-12-31": "4.22%", "2019-09-30": "6.77%", "2019-06-30": "3.07%", "2019-03-31": "3.90%", "2018-12-31": "5.01%", "2018-09-30": "5.96%", "2018-06-30": "11.61%", "2018-03-31": "12.58%", "2017-12-31": "12.09%", "2017-09-30": "-0.90%", "2017-06-30": "-33.33%", "2017-03-31": "-31.96%", "2016-12-31": "-37.87%", "2016-09-30": "-68.50%", "2016-06-30": "-12.32%", "2015-12-31": "5.51%", "2015-09-30": "49.18%", "2014-12-31": "43.33%", "2014-09-30": "41.53%", "2013-12-31": "47.25%", "2013-09-30": "45.39%", "2012-12-31": "48.79%", "2012-09-30": "47.82%", "2011-12-31": "47.14%", "2011-09-30": "44.17%", "2010-12-31": "48.44%", "2010-09-30": "44.46%", "2009-12-31": "45.79%", "2009-09-30": "44.24%", "2008-12-31": "44.71%", "2008-09-30": "40.60%", "2007-12-31": "43.64%", "2007-09-30": "40.41%", "2006-12-31": "40.94%"}, "ebitda margin": {"2020-09-30": "10.71%", "2020-06-30": "13.82%", "2020-03-31": "12.75%", "2019-12-31": "12.34%", "2019-09-30": "15.01%", "2019-06-30": "11.46%", "2019-03-31": "12.48%", "2018-12-31": "13.78%", "2018-09-30": "14.80%", "2018-06-30": "20.32%", "2018-03-31": "21.19%", "2017-12-31": "20.64%", "2017-09-30": "7.79%", "2017-06-30": "-24.70%", "2017-03-31": "-23.54%", "2016-12-31": "-29.69%", "2016-09-30": "-57.33%", "2016-06-30": "-1.50%", "2015-12-31": "3.53%", "2015-09-30": "51.87%", "2014-12-31": "55.38%", "2014-09-30": "51.79%", "2013-12-31": "53.43%", "2013-09-30": "50.84%", "2012-12-31": "54.50%", "2012-09-30": "53.48%", "2011-12-31": "51.97%", "2011-09-30": "48.95%", "2010-12-31": "52.56%", "2010-09-30": "48.44%", "2009-12-31": "50.06%", "2009-09-30": "48.63%", "2008-12-31": "49.39%", "2008-09-30": "45.48%", "2007-12-31": "48.56%", "2007-09-30": "45.43%", "2006-12-31": "46.40%"}, "pre tax profit margin": {"2020-09-30": "0.49%", "2020-06-30": "4.93%", "2020-03-31": "4.10%", "2019-12-31": "3.53%", "2019-09-30": "8.68%", "2019-06-30": "5.01%", "2019-03-31": "5.57%", "2018-12-31": "6.15%", "2018-09-30": "4.54%", "2018-06-30": "8.68%", "2018-03-31": "5.96%", "2017-12-31": "5.68%", "2017-09-30": "-29.94%", "2017-06-30": "-70.17%", "2017-03-31": "-83.11%", "2016-12-31": "-91.80%", "2016-09-30": "-120.94%", "2016-06-30": "-45.71%", "2015-12-31": "0.82%", "2015-09-30": "13.01%", "2014-12-31": "8.49%", "2014-09-30": "2.01%", "2013-12-31": "7.20%", "2013-09-30": "16.92%", "2012-12-31": "17.36%", "2012-09-30": "17.60%", "2011-12-31": "15.34%", "2011-09-30": "15.18%", "2010-12-31": "16.29%", "2010-09-30": "15.96%", "2009-12-31": "13.80%", "2009-09-30": "10.57%", "2008-12-31": "9.91%", "2008-09-30": "11.30%", "2007-12-31": "9.41%", "2007-09-30": "8.06%", "2006-12-31": "7.29%"}, "net profit margin": {"2020-09-30": "-0.14%", "2020-06-30": "4.73%", "2020-03-31": "3.76%", "2019-12-31": "3.02%", "2019-09-30": "5.24%", "2019-06-30": "1.87%", "2019-03-31": "2.43%", "2018-12-31": "2.77%", "2018-09-30": "2.53%", "2018-06-30": "4.78%", "2018-03-31": "2.60%", "2017-12-31": "2.43%", "2017-09-30": "-26.27%", "2017-06-30": "-58.65%", "2017-03-31": "-66.52%", "2016-12-31": "-75.97%", "2016-09-30": "-96.58%", "2016-06-30": "-33.22%", "2015-12-31": "3.53%", "2015-09-30": "8.67%", "2014-12-31": "7.07%", "2014-09-30": "1.98%", "2013-12-31": "4.84%", "2013-09-30": "12.02%", "2012-12-31": "13.49%", "2012-09-30": "13.50%", "2011-12-31": "11.49%", "2011-09-30": "11.66%", "2010-12-31": "11.91%", "2010-09-30": "11.19%", "2009-12-31": "9.84%", "2009-09-30": "7.83%", "2008-12-31": "6.99%", "2008-09-30": "8.16%", "2007-12-31": "7.20%", "2007-09-30": "6.45%", "2006-12-31": "5.66%"}, "pe ratio": {"current": "10.55", "2021-02-11": "0.00", "2020-09-30": "0.00", "2020-06-30": "31.48", "2020-03-31": "34.65", "2019-12-31": "47.45", "2019-09-30": "30.22", "2019-06-30": "71.38", "2019-03-31": "55.59", "2018-12-31": "39.82", "2018-09-30": "79.52", "2018-06-30": "42.32", "2018-03-31": "88.01", "2017-12-31": "99.47", "2017-09-30": "0.00", "2017-06-30": "0.00", "2017-03-31": "0.00", "2016-12-31": "0.00", "2016-09-30": "0.00", "2016-06-30": "0.00", "2016-03-31": "0.00", "2015-12-31": "0.00", "2015-09-30": "150.02", "2015-06-30": "185.56", "2015-03-31": "278.81", "2014-12-31": "99.07", "2014-09-30": "673.51", "2014-06-30": "204.73", "2014-03-31": "217.06", "2013-12-31": "96.79", "2013-09-30": "33.30", "2013-06-30": "33.20", "2013-03-31": "32.56", "2012-12-31": "28.09", "2012-09-30": "31.89", "2012-06-30": "36.29", "2012-03-31": "31.77", "2011-12-31": "32.93", "2011-09-30": "33.94", "2011-06-30": "30.13", "2011-03-31": "27.24", "2010-12-31": "24.26", "2010-09-30": "29.71", "2010-06-30": "29.34", "2010-03-31": "29.13", "2009-12-31": "21.71", "2009-09-30": "22.15", "2009-06-30": "22.12", "2009-03-31": "19.73", "2008-12-31": "27.25", "2008-09-30": "29.91", "2008-06-30": "25.54", "2008-03-31": "30.29", "2007-12-31": "35.54", "2007-09-30": "25.29", "2007-06-30": "29.71", "2007-03-31": "26.74", "2006-12-31": "24.49"}, "price sales": {"2021-02-11": "1.23", "2020-09-30": "1.23", "2020-06-30": "1.48", "2020-03-31": "1.30", "2019-12-31": "1.43", "2019-09-30": "1.59", "2019-06-30": "1.37", "2019-03-31": "1.37", "2018-12-31": "1.10", "2018-09-30": "1.99", "2018-06-30": "2.02", "2018-03-31": "2.29", "2017-12-31": "2.41", "2017-09-30": "2.32", "2017-06-30": "2.06", "2017-03-31": "1.77", "2016-12-31": "2.15", "2016-09-30": "4.26", "2016-06-30": "4.21", "2016-03-31": "10.93", "2015-12-31": "16.03", "2015-09-30": "6.36", "2015-06-30": "8.01", "2015-03-31": "7.17", "2014-12-31": "7.04", "2014-09-30": "5.78", "2014-06-30": "5.03", "2014-03-31": "5.34", "2013-12-31": "4.89", "2013-09-30": "4.00", "2013-06-30": "4.17", "2013-03-31": "4.09", "2012-12-31": "3.78", "2012-09-30": "4.29", "2012-06-30": "4.43", "2012-03-31": "3.88", "2011-12-31": "3.78", "2011-09-30": "3.98", "2011-06-30": "3.73", "2011-03-31": "3.37", "2010-12-31": "2.89", "2010-09-30": "3.15", "2010-06-30": "3.10", "2010-03-31": "3.07", "2009-12-31": "2.13", "2009-09-30": "1.87", "2009-06-30": "1.60", "2009-03-31": "1.43", "2008-12-31": "1.90", "2008-09-30": "2.44", "2008-06-30": "2.13", "2008-03-31": "2.53", "2007-12-31": "2.56", "2007-09-30": "1.64", "2007-06-30": "1.55", "2007-03-31": "1.40", "2006-12-31": "1.41"}, "price book": {"current": "1.03", "2021-02-11": "1.07", "2020-09-30": "1.07", "2020-06-30": "1.26", "2020-03-31": "1.12", "2019-12-31": "1.19", "2019-09-30": "1.29", "2019-06-30": "1.10", "2019-03-31": "1.11", "2018-12-31": "0.90", "2018-09-30": "1.64", "2018-06-30": "1.64", "2018-03-31": "1.80", "2017-12-31": "1.91", "2017-09-30": "1.89", "2017-06-30": "1.69", "2017-03-31": "1.50", "2016-12-31": "1.90", "2016-09-30": "1.68", "2016-06-30": "1.36", "2016-03-31": "1.78", "2015-12-31": "1.94", "2015-09-30": "2.03", "2015-06-30": "0.00", "2015-03-31": "2.29", "2014-12-31": "2.28", "2014-09-30": "2.17", "2014-06-30": "0.00", "2014-03-31": "2.27", "2013-12-31": "2.27", "2013-09-30": "4.42", "2013-06-30": "0.00", "2013-03-31": "4.70", "2012-12-31": "4.34", "2012-09-30": "5.19", "2012-06-30": "0.00", "2012-03-31": "5.09", "2011-12-31": "5.20", "2011-09-30": "5.47", "2011-06-30": "0.00", "2011-03-31": "4.82", "2010-12-31": "4.16", "2010-09-30": "4.57", "2010-06-30": "0.00", "2010-03-31": "4.71", "2009-12-31": "3.40", "2009-09-30": "3.00", "2009-06-30": "0.00", "2009-03-31": "2.51", "2008-12-31": "3.31", "2008-09-30": "3.69", "2008-06-30": "0.00", "2008-03-31": "3.75", "2007-12-31": "3.66", "2007-09-30": "2.36", "2007-06-30": "0.00", "2007-03-31": "2.10", "2006-12-31": "2.10", "2006-09-30": "2.15", "2006-06-30": "0.00", "2006-03-31": "2.19"}, "price fcf": {"2021-02-11": "", "2020-09-30": "$3.40", "2020-06-30": "$4.00", "2020-03-31": "$2.30", "2019-12-31": "$1.83", "2019-09-30": "$2.58", "2019-06-30": "$2.71", "2019-03-31": "$2.96", "2018-12-31": "$3.55", "2018-09-30": "$3.76", "2018-06-30": "$4.14", "2018-03-31": "$4.20", "2017-12-31": "$4.28", "2017-09-30": "$4.30", "2017-06-30": "$4.36", "2017-03-31": "$4.58", "2016-12-31": "$3.83", "2016-09-30": "$0.05", "2016-06-30": "$2.05", "2016-03-31": "$0.23", "2015-12-31": "$0.84", "2015-09-30": "$5.19", "2015-06-30": "$3.07", "2015-03-31": "$2.03", "2014-12-31": "$3.07", "2014-09-30": "$2.00", "2014-06-30": "$1.44", "2014-03-31": "$0.18", "2013-12-31": "$1.44", "2013-09-30": "$2.36", "2013-06-30": "$2.01", "2013-03-31": "$2.96", "2012-12-31": "$2.01", "2012-09-30": "$1.69", "2012-06-30": "$1.75", "2012-03-31": "$2.20", "2011-12-31": "$1.75", "2011-09-30": "$1.53", "2011-06-30": "$0.99", "2011-03-31": "$0.93", "2010-12-31": "$0.99", "2010-09-30": "$0.95", "2010-06-30": "$1.43", "2010-03-31": "$2.69", "2009-12-31": "$1.43", "2009-09-30": "$0.52", "2009-06-30": "$0.16", "2009-03-31": "$-0.21", "2008-12-31": "$0.16", "2008-09-30": "$0.54", "2008-06-30": "$0.83", "2008-03-31": "$1.45", "2007-12-31": "$0.83", "2007-09-30": "$0.40", "2007-06-30": "$0.01", "2007-03-31": "$-0.47", "2006-12-31": "$0.01"}, "net worth": {"value": "$5.99B"}, "current ratio": {"current": "2.54", "2020-09-30": "2.54", "2020-06-30": "2.05", "2020-03-31": "1.86", "2019-12-31": "2.04", "2019-09-30": "2.07", "2019-06-30": "1.92", "2019-03-31": "1.64", "2018-12-31": "1.89", "2018-09-30": "1.85", "2018-06-30": "1.81", "2018-03-31": "2.08", "2017-12-31": "1.96", "2017-09-30": "1.72", "2017-06-30": "1.73", "2017-03-31": "2.06", "2016-12-31": "1.53", "2016-09-30": "1.73", "2016-06-30": "1.47", "2016-03-31": "1.36", "2015-12-31": "1.09", "2015-09-30": "1.73", "2015-06-30": "1.88", "2015-03-31": "4.00", "2014-12-31": "4.05", "2014-09-30": "2.59", "2014-06-30": "2.37", "2014-03-31": "2.42", "2013-12-31": "2.38", "2013-09-30": "3.18", "2013-06-30": "2.99", "2013-03-31": "2.52", "2012-12-31": "2.79", "2012-09-30": "3.02", "2012-06-30": "2.75", "2012-03-31": "2.84", "2011-12-31": "2.60", "2011-09-30": "2.09", "2011-06-30": "2.27", "2011-03-31": "2.22", "2010-12-31": "1.98", "2010-09-30": "1.78", "2010-06-30": "1.52", "2010-03-31": "2.53", "2009-12-31": "2.39", "2009-09-30": "2.40", "2009-06-30": "2.30", "2009-03-31": "2.37", "2008-12-31": "2.30", "2008-09-30": "2.35", "2008-06-30": "2.37", "2008-03-31": "2.05", "2007-12-31": "2.18", "2007-09-30": "2.17", "2007-06-30": "1.89", "2007-03-31": "2.10", "2006-12-31": "2.04", "2006-09-30": "2.07", "2006-06-30": "1.77", "2006-03-31": "1.70", "2005-12-31": "1.74", "2005-09-30": "1.84", "2005-06-30": "1.79", "2005-03-31": "1.81"}, "quick ratio": {"2020-09-30": "1.72", "2020-06-30": "1.49", "2020-03-31": "1.29", "2019-12-31": "1.32", "2019-09-30": "1.32", "2019-06-30": "1.39", "2019-03-31": "1.14", "2018-12-31": "1.32", "2018-09-30": "1.26", "2018-06-30": "1.23", "2018-03-31": "1.48", "2017-12-31": "1.40", "2017-09-30": "1.24", "2017-06-30": "1.23", "2017-03-31": "1.74", "2016-12-31": "1.10", "2016-09-30": "1.15", "2016-06-30": "1.04", "2016-03-31": "0.95", "2015-12-31": "0.74", "2015-09-30": "1.20", "2015-06-30": "1.38", "2015-03-31": "3.50", "2014-12-31": "3.56", "2014-09-30": "1.94", "2014-06-30": "1.79", "2014-03-31": "1.69", "2013-12-31": "1.65", "2013-09-30": "2.21", "2013-06-30": "2.05", "2013-03-31": "1.50", "2012-12-31": "1.79", "2012-09-30": "2.07", "2012-06-30": "1.91", "2012-03-31": "1.91", "2011-12-31": "1.73", "2011-09-30": "1.18", "2011-06-30": "1.44", "2011-03-31": "1.35", "2010-12-31": "1.16", "2010-09-30": "0.97", "2010-06-30": "1.03", "2010-03-31": "1.60", "2009-12-31": "1.54", "2009-09-30": "1.55", "2009-06-30": "1.54", "2009-03-31": "1.49", "2008-12-31": "1.41", "2008-09-30": "1.47", "2008-06-30": "1.60", "2008-03-31": "1.25", "2007-12-31": "1.30", "2007-09-30": "1.26", "2007-06-30": "1.12", "2007-03-31": "1.19", "2006-12-31": "1.12", "2006-09-30": "1.09", "2006-06-30": "0.95", "2006-03-31": "0.92", "2005-12-31": "0.98", "2005-09-30": "1.03", "2005-06-30": "0.99", "2005-03-31": "0.98"}, "debt equity ratio": {"current": "0.61", "2020-09-30": "0.99", "2020-06-30": "1.05", "2020-03-31": "0.97", "2019-12-31": "0.95", "2019-09-30": "0.96", "2019-06-30": "1.00", "2019-03-31": "0.95", "2018-12-31": "0.94", "2018-09-30": "0.93", "2018-06-30": "0.90", "2018-03-31": "0.88", "2017-12-31": "0.89", "2017-09-30": "0.96", "2017-06-30": "0.94", "2017-03-31": "1.30", "2016-12-31": "1.33", "2016-09-30": "1.12", "2016-06-30": "1.02", "2016-03-31": "1.01", "2015-12-31": "0.92", "2015-09-30": "0.84", "2015-06-30": "0.85", "2015-03-31": "0.69", "2014-12-31": "0.69", "2014-09-30": "0.58", "2014-06-30": "0.60", "2014-03-31": "0.61", "2013-12-31": "0.61", "2013-09-30": "1.23", "2013-06-30": "1.29", "2013-03-31": "1.02", "2012-12-31": "1.04", "2012-09-30": "1.10", "2012-06-30": "1.17", "2012-03-31": "1.28", "2011-12-31": "1.42", "2011-09-30": "1.28", "2011-06-30": "1.08", "2011-03-31": "1.13", "2010-12-31": "1.24", "2010-09-30": "1.30", "2010-06-30": "1.84", "2010-03-31": "1.35", "2009-12-31": "1.49", "2009-09-30": "1.50", "2009-06-30": "1.75", "2009-03-31": "1.82", "2008-12-31": "1.94", "2008-09-30": "1.82", "2008-06-30": "1.76", "2008-03-31": "1.56", "2007-12-31": "1.50", "2007-09-30": "1.52", "2007-06-30": "1.55", "2007-03-31": "1.68", "2006-12-31": "1.68", "2006-09-30": "1.74", "2006-06-30": "1.73", "2006-03-31": "1.68", "2005-12-31": "1.78", "2005-09-30": "1.85", "2005-06-30": "1.89", "2005-03-31": "1.84"}, "return on equity": {"2020-09-30": "-0.12%", "2020-06-30": "4.13%", "2020-03-31": "3.26%", "2019-12-31": "2.54%", "2019-09-30": "4.32%", "2019-06-30": "1.53%", "2019-03-31": "1.99%", "2018-12-31": "2.24%", "2018-09-30": "2.04%", "2018-06-30": "3.87%", "2018-03-31": "2.11%", "2017-12-31": "1.97%", "2017-09-30": "-21.73%", "2017-06-30": "-46.07%", "2017-03-31": "-47.78%", "2016-12-31": "-49.82%", "2016-09-30": "-31.10%", "2016-06-30": "-9.86%", "2016-03-31": "-4.50%", "2015-12-31": "0.42%", "2015-09-30": "2.82%", "2015-06-30": "1.26%", "2014-12-31": "2.40%", "2014-09-30": "0.67%", "2013-12-31": "3.53%", "2013-09-30": "14.40%", "2012-12-31": "17.04%", "2012-09-30": "17.83%", "2011-12-31": "16.90%", "2011-09-30": "17.15%", "2010-12-31": "19.38%", "2010-09-30": "18.14%", "2009-12-31": "17.12%", "2009-09-30": "13.85%", "2008-12-31": "11.74%", "2008-09-30": "12.80%", "2007-12-31": "11.16%", "2007-09-30": "9.86%", "2006-12-31": "9.01%", "2006-09-30": "9.95%", "2005-12-31": "-56.86%"}, "return on assets": {"2020-09-30": "-0.06%", "2020-06-30": "2.08%", "2020-03-31": "1.65%", "2019-12-31": "1.29%", "2019-09-30": "2.20%", "2019-06-30": "0.78%", "2019-03-31": "1.03%", "2018-12-31": "1.17%", "2018-09-30": "1.07%", "2018-06-30": "2.03%", "2018-03-31": "1.10%", "2017-12-31": "0.97%", "2017-09-30": "-10.19%", "2017-06-30": "-21.23%", "2017-03-31": "-22.00%", "2016-12-31": "-23.76%", "2016-09-30": "-15.48%", "2016-06-30": "-5.08%", "2016-03-31": "-2.37%", "2015-12-31": "0.23%", "2015-09-30": "1.59%", "2015-06-30": "0.74%", "2014-12-31": "1.48%", "2014-09-30": "0.42%", "2013-12-31": "1.89%", "2013-09-30": "6.70%", "2012-12-31": "7.96%", "2012-09-30": "7.99%", "2011-12-31": "7.57%", "2011-09-30": "7.86%", "2010-12-31": "8.00%", "2010-09-30": "7.28%", "2009-12-31": "6.51%", "2009-09-30": "5.05%", "2008-12-31": "4.24%", "2008-09-30": "4.80%", "2007-12-31": "4.36%", "2007-09-30": "3.78%", "2006-12-31": "3.33%", "2006-09-30": "3.64%", "2005-12-31": "-20.03%"}, "return on investments": {"2020-09-30": "1.73%", "2020-06-30": "3.38%", "2020-03-31": "2.75%", "2019-12-31": "2.30%", "2019-09-30": "3.64%", "2019-06-30": "1.65%", "2019-03-31": "2.10%", "2018-12-31": "2.64%", "2018-09-30": "3.13%", "2018-06-30": "6.14%", "2018-03-31": "6.65%", "2017-12-31": "6.17%", "2017-09-30": "-0.44%", "2017-06-30": "-15.11%", "2017-03-31": "-13.19%", "2016-12-31": "-14.64%", "2016-09-30": "-13.70%", "2016-06-30": "-2.36%", "2016-03-31": "-2.27%", "2015-12-31": "0.44%", "2015-09-30": "10.86%", "2015-06-30": "11.41%", "2014-12-31": "10.63%", "2014-09-30": "10.40%", "2013-12-31": "22.41%", "2013-09-30": "31.72%", "2012-12-31": "36.10%", "2012-09-30": "35.69%", "2011-12-31": "40.53%", "2011-09-30": "39.33%", "2010-12-31": "45.17%", "2010-09-30": "40.31%", "2009-12-31": "41.60%", "2009-09-30": "39.61%", "2008-12-31": "38.28%", "2008-09-30": "33.59%", "2007-12-31": "36.15%", "2007-09-30": "32.24%", "2006-12-31": "32.96%"}, "return on tangible equity": {"2020-09-30": "0.62%", "2020-06-30": "-19.34%", "2020-03-31": "-15.45%", "2019-12-31": "-12.46%", "2019-09-30": "-21.46%", "2019-06-30": "-7.68%", "2019-03-31": "-9.10%", "2018-12-31": "-9.87%", "2018-09-30": "-8.91%", "2018-06-30": "-16.50%", "2018-03-31": "-8.83%", "2017-12-31": "-8.08%", "2017-09-30": "61.66%", "2017-06-30": "102.51%", "2017-03-31": "91.21%", "2016-12-31": "84.24%", "2016-09-30": "55.59%", "2016-06-30": "18.85%", "2016-03-31": "9.11%", "2015-12-31": "-1.13%", "2015-09-30": "-11.04%", "2015-06-30": "-7.02%", "2014-12-31": "-15.86%", "2014-09-30": "-3.33%", "2013-12-31": "-32.66%", "2013-09-30": "219.33%", "2012-12-31": "107.19%", "2012-09-30": "129.58%", "2011-12-31": "185.66%", "2011-09-30": "172.32%", "2010-12-31": "175.88%", "2010-09-30": "84.73%", "2009-12-31": "35.29%", "2009-09-30": "30.24%", "2008-12-31": "26.89%", "2008-09-30": "27.77%", "2007-12-31": "21.94%", "2007-09-30": "19.15%", "2006-12-31": "16.83%", "2006-09-30": "18.65%", "2005-12-31": "-110.98%"}, "dividend yield history": {"last payout": "$0.90", "last yield": "2.05%"}}