{"ticker": "PGR", "price": {"title": "Progressive Historical Annual Stock Price Data", "value": 87.47, "historical": {"2021": {"Average Stock Price": "92.3600", "Year Open": "97.1300", "Year High": "98.7900", "Year Low": "86.1900", "Year Close": "87.4700", "Annual % Change": "-11.54%"}, "2020": {"Average Stock Price": "84.9912", "Year Open": "74.3300", "Year High": "101.3800", "Year Low": "66.5500", "Year Close": "98.8800", "Annual % Change": "36.59%"}, "2019": {"Average Stock Price": "74.2093", "Year Open": "59.2300", "Year High": "84.3900", "Year Low": "58.2300", "Year Close": "72.3900", "Annual % Change": "19.99%"}, "2018": {"Average Stock Price": "62.3302", "Year Open": "55.3600", "Year High": "73.4600", "Year Low": "51.0700", "Year Close": "60.3300", "Annual % Change": "7.12%"}, "2017": {"Average Stock Price": "44.5745", "Year Open": "35.5300", "Year High": "56.5100", "Year Low": "35.5300", "Year Close": "56.3200", "Annual % Change": "58.65%"}, "2016": {"Average Stock Price": "32.6752", "Year Open": "31.1200", "Year High": "35.7400", "Year Low": "29.4900", "Year Close": "35.5000", "Annual % Change": "11.64%"}, "2015": {"Average Stock Price": "29.0227", "Year Open": "27.0400", "Year High": "33.6400", "Year Low": "25.8500", "Year Close": "31.8000", "Annual % Change": "17.82%"}, "2014": {"Average Stock Price": "25.0313", "Year Open": "26.7200", "Year High": "27.3500", "Year Low": "22.5900", "Year Close": "26.9900", "Annual % Change": "-1.03%"}, "2013": {"Average Stock Price": "25.4965", "Year Open": "21.6900", "Year High": "28.1400", "Year Low": "21.6900", "Year Close": "27.2700", "Annual % Change": "29.24%"}, "2012": {"Average Stock Price": "21.1992", "Year Open": "19.3400", "Year High": "23.3000", "Year Low": "19.2400", "Year Close": "21.1000", "Annual % Change": "8.15%"}, "2011": {"Average Stock Price": "19.7254", "Year Open": "20.1100", "Year High": "21.9400", "Year Low": "17.0900", "Year Close": "19.5100", "Annual % Change": "-1.81%"}, "2010": {"Average Stock Price": "19.5221", "Year Open": "18.0300", "Year High": "21.9700", "Year Low": "16.2100", "Year Close": "19.8700", "Annual % Change": "10.45%"}, "2009": {"Average Stock Price": "15.3101", "Year Open": "15.0900", "Year High": "18.0500", "Year Low": "9.8900", "Year Close": "17.9900", "Annual % Change": "21.47%"}, "2008": {"Average Stock Price": "17.3187", "Year Open": "18.4800", "Year High": "21.0000", "Year Low": "11.7400", "Year Close": "14.8100", "Annual % Change": "-22.70%"}, "2007": {"Average Stock Price": "21.5180", "Year Open": "24.2100", "Year High": "24.7000", "Year Low": "17.3200", "Year Close": "19.1600", "Annual % Change": "-20.89%"}, "2006": {"Average Stock Price": "25.3386", "Year Open": "28.8800", "Year High": "29.7075", "Year Low": "22.2400", "Year Close": "24.2200", "Annual % Change": "-17.04%"}, "2005": {"Average Stock Price": "24.8024", "Year Open": "21.8875", "Year High": "30.9700", "Year Low": "20.6150", "Year Close": "29.1950", "Annual % Change": "37.65%"}, "2004": {"Average Stock Price": "21.2337", "Year Open": "20.6000", "Year High": "24.2425", "Year Low": "18.5175", "Year Close": "21.2100", "Annual % Change": "1.50%"}, "2003": {"Average Stock Price": "16.7741", "Year Open": "12.7775", "Year High": "20.8975", "Year Low": "11.6375", "Year Close": "20.8975", "Annual % Change": "68.43%"}, "2002": {"Average Stock Price": "13.3887", "Year Open": "12.3333", "Year High": "14.8725", "Year Low": "11.5375", "Year Close": "12.4075", "Annual % Change": "-0.27%"}, "2001": {"Average Stock Price": "10.1822", "Year Open": "8.3025", "Year High": "12.5750", "Year Low": "7.0000", "Year Close": "12.4417", "Annual % Change": "44.11%"}, "2000": {"Average Stock Price": "6.4197", "Year Open": "5.8908", "Year High": "9.1667", "Year Low": "4.1042", "Year Close": "8.6333", "Annual % Change": "41.66%"}, "1999": {"Average Stock Price": "10.0239", "Year Open": "14.1333", "Year High": "14.2333", "Year Low": "5.9217", "Year Close": "6.0942", "Annual % Change": "-56.83%"}, "1998": {"Average Stock Price": "10.7957", "Year Open": "9.9250", "Year High": "14.1750", "Year Low": "7.9950", "Year Close": "14.1167", "Annual % Change": "41.28%"}, "1997": {"Average Stock Price": "7.3919", "Year Open": "5.5942", "Year High": "9.9917", "Year Low": "5.1667", "Year Close": "9.9917", "Annual % Change": "77.97%"}, "1996": {"Average Stock Price": "4.3908", "Year Open": "4.1458", "Year High": "5.9792", "Year Low": "3.3750", "Year Close": "5.6142", "Annual % Change": "37.83%"}, "1995": {"Average Stock Price": "3.4108", "Year Open": "2.9167", "Year High": "4.1150", "Year Low": "2.9167", "Year Close": "4.0733", "Annual % Change": "36.23%"}, "1994": {"Average Stock Price": "2.8941", "Year Open": "3.3025", "Year High": "3.3025", "Year Low": "2.4167", "Year Close": "2.9900", "Annual % Change": "-11.41%"}, "1993": {"Average Stock Price": "2.9923", "Year Open": "2.4067", "Year High": "3.8125", "Year Low": "2.3125", "Year Close": "3.3750", "Annual % Change": "39.03%"}, "1992": {"Average Stock Price": "1.6735", "Year Open": "1.4967", "Year High": "2.4275", "Year Low": "1.2431", "Year Close": "2.4275", "Annual % Change": "61.83%"}, "1991": {"Average Stock Price": "1.4840", "Year Open": "1.4444", "Year High": "1.7222", "Year Low": "1.2639", "Year Close": "1.5000", "Annual % Change": "5.37%"}, "1990": {"Average Stock Price": "1.1860", "Year Open": "1.0694", "Year High": "1.5486", "Year Low": "0.9236", "Year Close": "1.4236", "Annual % Change": "33.12%"}, "1989": {"Average Stock Price": "0.9160", "Year Open": "0.6319", "Year High": "1.1944", "Year Low": "0.6250", "Year Close": "1.0694", "Annual % Change": "67.38%"}, "1988": {"Average Stock Price": "0.7781", "Year Open": "0.8439", "Year High": "0.8922", "Year Low": "0.6111", "Year Close": "0.6389", "Annual % Change": "-24.59%"}, "1987": {"Average Stock Price": "0.8435", "Year Open": "0.8681", "Year High": "0.9756", "Year Low": "0.7083", "Year Close": "0.8472", "Annual % Change": "-1.61%"}}}, "market cap": {"value": "$51.22B"}, "income statement": {"Revenue": {"2020-12-31": "42658.10000", "2019-12-31": "39022.30000", "2018-12-31": "31979.00000", "2017-12-31": "26839.00000", "2016-12-31": "23441.40000", "2015-12-31": "20853.80000", "2014-12-31": "19391.40000", "2013-12-31": "18170.90000", "2012-12-31": "17083.90000", "2011-12-31": "15774.60000", "2010-12-31": "15215.50000", "2009-12-31": "14563.60000", "2008-12-31": "12840.10000", "2007-12-31": "14686.80000", "2006-12-31": "14786.40000", "2005-12-31": "14303.40000"}, "Cost Of Goods Sold": {"2020-12-31": "35042.40000", "2019-12-31": "33468.80000", "2018-12-31": "28490.50000", "2017-12-31": "24413.60000", "2016-12-31": "21715.40000", "2015-12-31": "18705.90000", "2014-12-31": "17297.30000", "2013-12-31": "16275.10000", "2012-12-31": "15590.90000", "2011-12-31": "14122.00000", "2010-12-31": "13483.50000", "2009-12-31": "12837.20000", "2008-12-31": "12896.50000", "2007-12-31": "12852.30000", "2006-12-31": "12239.60000", "2005-12-31": "12125.20000"}, "Gross Profit": {"2020-12-31": "7615.69900", "2019-12-31": "5553.50000", "2018-12-31": "3488.50000", "2017-12-31": "2425.40000", "2016-12-31": "1726.00200", "2015-12-31": "2147.90000", "2014-12-31": "2094.10000", "2013-12-31": "1895.80000", "2012-12-31": "1493.00000", "2011-12-31": "1652.60000", "2010-12-31": "1732.00000", "2009-12-31": "1726.39900", "2008-12-31": "-56.40040", "2007-12-31": "1834.49900", "2006-12-31": "2546.80000", "2005-12-31": "2178.20100"}, "Research And Development Expenses": {"2020-12-31": "", "2019-12-31": "", "2018-12-31": "", "2017-12-31": "", "2016-12-31": "", "2015-12-31": "", "2014-12-31": "", "2013-12-31": "", "2012-12-31": "", "2011-12-31": "", "2010-12-31": "", "2009-12-31": "", "2008-12-31": "", "2007-12-31": "", "2006-12-31": "", "2005-12-31": ""}, "SG&A Expenses": {"2020-12-31": "", "2019-12-31": "", "2018-12-31": "", "2017-12-31": "", "2016-12-31": "", "2015-12-31": "", "2014-12-31": "", "2013-12-31": "", "2012-12-31": "", "2011-12-31": "", "2010-12-31": "", "2009-12-31": "", "2008-12-31": "", "2007-12-31": "", "2006-12-31": "", "2005-12-31": ""}, "Other Operating Income Or Expenses": {"2020-12-31": "", "2019-12-31": "", "2018-12-31": "", "2017-12-31": "", "2016-12-31": "", "2015-12-31": "", "2014-12-31": "", "2013-12-31": "", "2012-12-31": "", "2011-12-31": "", "2010-12-31": "", "2009-12-31": "", "2008-12-31": "", "2007-12-31": "", "2006-12-31": "", "2005-12-31": ""}, "Operating Expenses": {"2020-12-31": "35042.40000", "2019-12-31": "33468.80000", "2018-12-31": "28490.50000", "2017-12-31": "24413.60000", "2016-12-31": "21715.40000", "2015-12-31": "18705.90000", "2014-12-31": "17297.30000", "2013-12-31": "16275.10000", "2012-12-31": "15590.90000", "2011-12-31": "14122.00000", "2010-12-31": "13483.50000", "2009-12-31": "12837.20000", "2008-12-31": "12896.50000", "2007-12-31": "12852.30000", "2006-12-31": "12239.60000", "2005-12-31": "12125.20000"}, "Operating Income": {"2020-12-31": "7615.69900", "2019-12-31": "5553.50000", "2018-12-31": "3488.50000", "2017-12-31": "2425.40000", "2016-12-31": "1726.00200", "2015-12-31": "2147.90000", "2014-12-31": "2094.10000", "2013-12-31": "1895.80000", "2012-12-31": "1493.00000", "2011-12-31": "1652.60000", "2010-12-31": "1732.00000", "2009-12-31": "1726.39900", "2008-12-31": "-56.40040", "2007-12-31": "1834.49900", "2006-12-31": "2546.80000", "2005-12-31": "2178.20100"}, "Total Non-Operating Income/Expense": {"2020-12-31": "-442.50000", "2019-12-31": "-393.20000", "2018-12-31": "-324.90000", "2017-12-31": "-286.50000", "2016-12-31": "-255.30000", "2015-12-31": "-236.30000", "2014-12-31": "-186.70000", "2013-12-31": "-175.80000", "2012-12-31": "-175.30000", "2011-12-31": "-165.60000", "2010-12-31": "-166.80000", "2009-12-31": "-169.50000", "2008-12-31": "-165.90000", "2007-12-31": "-141.50000", "2006-12-31": "-113.60000", "2005-12-31": "-119.30010"}, "Pre-Tax Income": {"2020-12-31": "7173.20000", "2019-12-31": "5160.30000", "2018-12-31": "3163.60000", "2017-12-31": "2138.90000", "2016-12-31": "1470.70000", "2015-12-31": "1911.60000", "2014-12-31": "1907.40000", "2013-12-31": "1720.00000", "2012-12-31": "1317.70000", "2011-12-31": "1487.00000", "2010-12-31": "1565.20000", "2009-12-31": "1556.90000", "2008-12-31": "-222.30000", "2007-12-31": "1693.00000", "2006-12-31": "2433.20000", "2005-12-31": "2058.90000"}, "Income Taxes": {"2020-12-31": "1468.60000", "2019-12-31": "1180.30000", "2018-12-31": "542.60000", "2017-12-31": "540.80000", "2016-12-31": "413.50000", "2015-12-31": "611.10000", "2014-12-31": "626.40000", "2013-12-31": "554.60000", "2012-12-31": "415.40000", "2011-12-31": "471.50000", "2010-12-31": "496.90000", "2009-12-31": "499.40000", "2008-12-31": "-152.30000", "2007-12-31": "510.50000", "2006-12-31": "785.70000", "2005-12-31": "665.00000"}, "Income After Taxes": {"2020-12-31": "5704.60000", "2019-12-31": "3980.00000", "2018-12-31": "2621.00000", "2017-12-31": "1598.10000", "2016-12-31": "1057.20000", "2015-12-31": "1300.50000", "2014-12-31": "1281.00000", "2013-12-31": "1165.40000", "2012-12-31": "902.29990", "2011-12-31": "1015.50000", "2010-12-31": "1068.30000", "2009-12-31": "1057.50000", "2008-12-31": "-70.00000", "2007-12-31": "1182.50000", "2006-12-31": "1647.50000", "2005-12-31": "1393.90000"}, "Other Income": {"2020-12-31": "", "2019-12-31": "", "2018-12-31": "", "2017-12-31": "", "2016-12-31": "", "2015-12-31": "", "2014-12-31": "", "2013-12-31": "", "2012-12-31": "", "2011-12-31": "", "2010-12-31": "", "2009-12-31": "", "2008-12-31": "", "2007-12-31": "", "2006-12-31": "", "2005-12-31": ""}, "Income From Continuous Operations": {"2020-12-31": "5704.60000", "2019-12-31": "3980.00000", "2018-12-31": "2621.00000", "2017-12-31": "1598.10000", "2016-12-31": "1057.20000", "2015-12-31": "1300.50000", "2014-12-31": "1281.00000", "2013-12-31": "1165.40000", "2012-12-31": "902.29990", "2011-12-31": "1015.50000", "2010-12-31": "1068.30000", "2009-12-31": "1057.50000", "2008-12-31": "-70.00000", "2007-12-31": "1182.50000", "2006-12-31": "1647.50000", "2005-12-31": "1393.90000"}, "Income From Discontinued Operations": {"2020-12-31": "", "2019-12-31": "", "2018-12-31": "", "2017-12-31": "", "2016-12-31": "", "2015-12-31": "", "2014-12-31": "", "2013-12-31": "", "2012-12-31": "", "2011-12-31": "", "2010-12-31": "", "2009-12-31": "", "2008-12-31": "", "2007-12-31": "", "2006-12-31": "", "2005-12-31": ""}, "Net Income": {"2020-12-31": "5677.70000", "2019-12-31": "3943.40000", "2018-12-31": "2593.90000", "2017-12-31": "1592.20000", "2016-12-31": "1031.00000", "2015-12-31": "1267.60000", "2014-12-31": "1281.00000", "2013-12-31": "1165.40000", "2012-12-31": "902.30000", "2011-12-31": "1015.50000", "2010-12-31": "1068.30000", "2009-12-31": "1057.50000", "2008-12-31": "-70.00000", "2007-12-31": "1182.50000", "2006-12-31": "1647.50000", "2005-12-31": "1393.90000"}, "EBITDA": {"2020-12-31": "7615.69900", "2019-12-31": "5892.90000", "2018-12-31": "3785.20000", "2017-12-31": "2747.70000", "2016-12-31": "2002.70200", "2015-12-31": "2396.80000", "2014-12-31": "2269.40000", "2013-12-31": "2131.10000", "2012-12-31": "1774.10000", "2011-12-31": "1974.10000", "2010-12-31": "2044.30000", "2009-12-31": "2044.49900", "2008-12-31": "292.29960", "2007-12-31": "2225.49900", "2006-12-31": "2875.80000", "2005-12-31": "2460.20100"}, "EBIT": {"2020-12-31": "7615.69900", "2019-12-31": "5553.50000", "2018-12-31": "3488.50000", "2017-12-31": "2425.40000", "2016-12-31": "1726.00200", "2015-12-31": "2147.90000", "2014-12-31": "2094.10000", "2013-12-31": "1895.80000", "2012-12-31": "1493.00000", "2011-12-31": "1652.60000", "2010-12-31": "1732.00000", "2009-12-31": "1726.39900", "2008-12-31": "-56.40040", "2007-12-31": "1834.49900", "2006-12-31": "2546.80000", "2005-12-31": "2178.20100"}, "Basic Shares Outstanding": {"2020-12-31": "584.90000", "2019-12-31": "583.80000", "2018-12-31": "582.40000", "2017-12-31": "580.80000", "2016-12-31": "581.70000", "2015-12-31": "585.50000", "2014-12-31": "590.60000", "2013-12-31": "599.10000", "2012-12-31": "603.30000", "2011-12-31": "632.30000", "2010-12-31": "657.90000", "2009-12-31": "666.80000", "2008-12-31": "668.00000", "2007-12-31": "710.40000", "2006-12-31": "774.30000", "2005-12-31": "787.70000"}, "Shares Outstanding": {"2020-12-31": "587.60000", "2019-12-31": "587.20000", "2018-12-31": "586.70000", "2017-12-31": "585.70000", "2016-12-31": "585.00000", "2015-12-31": "589.20000", "2014-12-31": "594.80000", "2013-12-31": "603.60000", "2012-12-31": "607.80000", "2011-12-31": "636.90000", "2010-12-31": "663.30000", "2009-12-31": "672.20000", "2008-12-31": "673.90000", "2007-12-31": "718.50000", "2006-12-31": "783.80000", "2005-12-31": "799.30000"}, "Basic EPS": {"2020-12-31": "9.71000", "2019-12-31": "6.75000", "2018-12-31": "4.45000", "2017-12-31": "2.74000", "2016-12-31": "1.77000", "2015-12-31": "2.16000", "2014-12-31": "2.17000", "2013-12-31": "1.95000", "2012-12-31": "1.50000", "2011-12-31": "1.61000", "2010-12-31": "1.62000", "2009-12-31": "1.59000", "2008-12-31": "-0.10000", "2007-12-31": "1.66000", "2006-12-31": "2.13000", "2005-12-31": "1.77000"}, "EPS - Earnings Per Share": {"2020-12-31": "9.66000", "2019-12-31": "6.72000", "2018-12-31": "4.42000", "2017-12-31": "2.72000", "2016-12-31": "1.76000", "2015-12-31": "2.15000", "2014-12-31": "2.15000", "2013-12-31": "1.93000", "2012-12-31": "1.48000", "2011-12-31": "1.59000", "2010-12-31": "1.61000", "2009-12-31": "1.57000", "2008-12-31": "-0.10000", "2007-12-31": "1.65000", "2006-12-31": "2.10000", "2005-12-31": "1.74000"}}, "income statement, quarterly": {"Revenue": {"2020-12-31": "", "2020-09-30": "10947.20000", "2020-06-30": "10971.70000", "2020-03-31": "9323.40000", "2019-12-31": "10741.10000", "2019-09-30": "9530.50000", "2019-06-30": "9450.70000", "2019-03-31": "9300.00000", "2018-12-31": "8035.09900", "2018-09-30": "8495.80000", "2018-06-30": "8018.00000", "2018-03-31": "7430.10000", "2017-12-31": "7119.79900", "2017-09-30": "6791.80000", "2017-06-30": "6605.70000", "2017-03-31": "6321.70000", "2016-12-31": "6129.60100", "2016-09-30": "5935.00000", "2016-06-30": "5819.30000", "2016-03-31": "5557.50000", "2015-12-31": "5401.40100", "2015-09-30": "5273.80000", "2015-06-30": "5283.30000", "2015-03-31": "4895.30000", "2014-12-31": "5176.20100", "2014-09-30": "4766.10000", "2014-06-30": "4741.50000", "2014-03-31": "4707.60000", "2013-12-31": "4618.80000", "2013-09-30": "4521.30000", "2013-06-30": "4593.60000", "2013-03-31": "4437.20000", "2012-12-31": "4350.60000", "2012-09-30": "4423.90000", "2012-06-30": "4183.00000", "2012-03-31": "4126.40000", "2011-12-31": "4197.39900", "2011-09-30": "3811.00000", "2011-06-30": "3872.70000", "2011-03-31": "3893.50000", "2010-12-31": "4093.80000", "2010-09-30": "3769.50000", "2010-06-30": "3686.30000", "2010-03-31": "3665.90000", "2009-12-31": "3900.60000", "2009-09-30": "3611.30000", "2009-06-30": "3583.50000", "2009-03-31": "3468.20000", "2008-12-31": "3507.50000", "2008-09-30": "2210.10000", "2008-06-30": "3536.60000", "2008-03-31": "3585.90000", "2007-12-31": "3614.49900", "2007-09-30": "3709.60000", "2007-06-30": "3675.90000", "2007-03-31": "3686.80000", "2006-12-31": "3693.80100", "2006-09-30": "3723.80000", "2006-06-30": "3707.90000", "2006-03-31": "3660.90000", "2005-12-31": "3599.00000", "2005-09-30": "3622.50000", "2005-06-30": "3590.10000", "2005-03-31": "3491.80000"}, "Cost Of Goods Sold": {"2020-12-31": "", "2020-09-30": "8908.20000", "2020-06-30": "8589.20000", "2020-03-31": "8347.90000", "2019-12-31": "9301.69900", "2019-09-30": "8418.10000", "2019-06-30": "8108.20000", "2019-03-31": "7640.80000", "2018-12-31": "7708.60100", "2018-09-30": "7281.70000", "2018-06-30": "7053.00000", "2018-03-31": "6447.20000", "2017-12-31": "6359.30000", "2017-09-30": "6468.30000", "2017-06-30": "5974.10000", "2017-03-31": "5611.90000", "2016-12-31": "5524.00000", "2016-09-30": "5613.20000", "2016-06-30": "5468.70000", "2016-03-31": "5109.50000", "2015-12-31": "4825.60000", "2015-09-30": "4785.00000", "2015-06-30": "4696.90000", "2015-03-31": "4398.40000", "2014-12-31": "4580.20100", "2014-09-30": "4276.20000", "2014-06-30": "4255.60000", "2014-03-31": "4185.30000", "2013-12-31": "4153.40000", "2013-09-30": "4129.60000", "2013-06-30": "4062.10000", "2013-03-31": "3930.00000", "2012-12-31": "3954.00000", "2012-09-30": "3968.00000", "2012-06-30": "3970.90000", "2012-03-31": "3698.00000", "2011-12-31": "3777.30000", "2011-09-30": "3560.00000", "2011-06-30": "3475.20000", "2011-03-31": "3309.50000", "2010-12-31": "3627.40000", "2010-09-30": "3344.90000", "2010-06-30": "3328.20000", "2010-03-31": "3183.00000", "2009-12-31": "3403.40000", "2009-09-30": "3195.60000", "2009-06-30": "3187.60000", "2009-03-31": "3050.60000", "2008-12-31": "3248.40000", "2008-09-30": "3248.80000", "2008-06-30": "3191.50000", "2008-03-31": "3207.80000", "2007-12-31": "3241.90000", "2007-09-30": "3244.00000", "2007-06-30": "3239.20000", "2007-03-31": "3127.20000", "2006-12-31": "3076.00000", "2006-09-30": "3093.10000", "2006-06-30": "3086.90000", "2006-03-31": "2983.60000", "2005-12-31": "3159.40000", "2005-09-30": "3144.70000", "2005-06-30": "2973.00000", "2005-03-31": "2848.10000"}, "Gross Profit": {"2020-12-31": "", "2020-09-30": "2039.00000", "2020-06-30": "2382.50000", "2020-03-31": "975.50000", "2019-12-31": "1439.40200", "2019-09-30": "1112.40000", "2019-06-30": "1342.50000", "2019-03-31": "1659.20000", "2018-12-31": "326.49850", "2018-09-30": "1214.10000", "2018-06-30": "965.00000", "2018-03-31": "982.90040", "2017-12-31": "760.49900", "2017-09-30": "323.50000", "2017-06-30": "631.60060", "2017-03-31": "709.80030", "2016-12-31": "605.60110", "2016-09-30": "321.79980", "2016-06-30": "350.59960", "2016-03-31": "448.00000", "2015-12-31": "575.80180", "2015-09-30": "488.79980", "2015-06-30": "586.39990", "2015-03-31": "496.89940", "2014-12-31": "596.00000", "2014-09-30": "489.89990", "2014-06-30": "485.89990", "2014-03-31": "522.30030", "2013-12-31": "465.39990", "2013-09-30": "391.69970", "2013-06-30": "531.50000", "2013-03-31": "507.20020", "2012-12-31": "396.60060", "2012-09-30": "455.89990", "2012-06-30": "212.10010", "2012-03-31": "428.39990", "2011-12-31": "420.09960", "2011-09-30": "251.00000", "2011-06-30": "397.50000", "2011-03-31": "584.00000", "2010-12-31": "466.39990", "2010-09-30": "424.60010", "2010-06-30": "358.10010", "2010-03-31": "482.89990", "2009-12-31": "497.19950", "2009-09-30": "415.70020", "2009-06-30": "395.89990", "2009-03-31": "417.59990", "2008-12-31": "259.10030", "2008-09-30": "-1038.70000", "2008-06-30": "345.10010", "2008-03-31": "378.09990", "2007-12-31": "372.59890", "2007-09-30": "465.60010", "2007-06-30": "436.70000", "2007-03-31": "559.60010", "2006-12-31": "617.80100", "2006-09-30": "630.70000", "2006-06-30": "621.00000", "2006-03-31": "677.29980", "2005-12-31": "439.60030", "2005-09-30": "477.79980", "2005-06-30": "617.10010", "2005-03-31": "643.70000"}, "Research And Development Expenses": {"2020-12-31": "", "2020-09-30": "", "2020-06-30": "", "2020-03-31": "", "2019-12-31": "", "2019-09-30": "", "2019-06-30": "", "2019-03-31": "", "2018-12-31": "", "2018-09-30": "", "2018-06-30": "", "2018-03-31": "", "2017-12-31": "", "2017-09-30": "", "2017-06-30": "", "2017-03-31": "", "2016-12-31": "", "2016-09-30": "", "2016-06-30": "", "2016-03-31": "", "2015-12-31": "", "2015-09-30": "", "2015-06-30": "", "2015-03-31": "", "2014-12-31": "", "2014-09-30": "", "2014-06-30": "", "2014-03-31": "", "2013-12-31": "", "2013-09-30": "", "2013-06-30": "", "2013-03-31": "", "2012-12-31": "", "2012-09-30": "", "2012-06-30": "", "2012-03-31": "", "2011-12-31": "", "2011-09-30": "", "2011-06-30": "", "2011-03-31": "", "2010-12-31": "", "2010-09-30": "", "2010-06-30": "", "2010-03-31": "", "2009-12-31": "", "2009-09-30": "", "2009-06-30": "", "2009-03-31": "", "2008-12-31": "", "2008-09-30": "", "2008-06-30": "", "2008-03-31": "", "2007-12-31": "", "2007-09-30": "", "2007-06-30": "", "2007-03-31": "", "2006-12-31": "", "2006-09-30": "", "2006-06-30": "", "2006-03-31": "", "2005-12-31": "", "2005-09-30": "", "2005-06-30": "", "2005-03-31": ""}, "SG&A Expenses": {"2020-12-31": "", "2020-09-30": "", "2020-06-30": "", "2020-03-31": "", "2019-12-31": "", "2019-09-30": "", "2019-06-30": "", "2019-03-31": "", "2018-12-31": "", "2018-09-30": "", "2018-06-30": "", "2018-03-31": "", "2017-12-31": "", "2017-09-30": "", "2017-06-30": "", "2017-03-31": "", "2016-12-31": "", "2016-09-30": "", "2016-06-30": "", "2016-03-31": "", "2015-12-31": "", "2015-09-30": "", "2015-06-30": "", "2015-03-31": "", "2014-12-31": "", "2014-09-30": "", "2014-06-30": "", "2014-03-31": "", "2013-12-31": "", "2013-09-30": "", "2013-06-30": "", "2013-03-31": "", "2012-12-31": "", "2012-09-30": "", "2012-06-30": "", "2012-03-31": "", "2011-12-31": "", "2011-09-30": "", "2011-06-30": "", "2011-03-31": "", "2010-12-31": "", "2010-09-30": "", "2010-06-30": "", "2010-03-31": "", "2009-12-31": "", "2009-09-30": "", "2009-06-30": "", "2009-03-31": "", "2008-12-31": "", "2008-09-30": "", "2008-06-30": "", "2008-03-31": "", "2007-12-31": "", "2007-09-30": "", "2007-06-30": "", "2007-03-31": "", "2006-12-31": "", "2006-09-30": "", "2006-06-30": "", "2006-03-31": "", "2005-12-31": "", "2005-09-30": "", "2005-06-30": "", "2005-03-31": ""}, "Other Operating Income Or Expenses": {"2020-12-31": "", "2020-09-30": "", "2020-06-30": "", "2020-03-31": "", "2019-12-31": "", "2019-09-30": "", "2019-06-30": "", "2019-03-31": "", "2018-12-31": "", "2018-09-30": "", "2018-06-30": "", "2018-03-31": "", "2017-12-31": "", "2017-09-30": "", "2017-06-30": "", "2017-03-31": "", "2016-12-31": "", "2016-09-30": "", "2016-06-30": "", "2016-03-31": "", "2015-12-31": "", "2015-09-30": "", "2015-06-30": "", "2015-03-31": "", "2014-12-31": "", "2014-09-30": "", "2014-06-30": "", "2014-03-31": "", "2013-12-31": "", "2013-09-30": "", "2013-06-30": "", "2013-03-31": "", "2012-12-31": "", "2012-09-30": "", "2012-06-30": "", "2012-03-31": "", "2011-12-31": "", "2011-09-30": "", "2011-06-30": "", "2011-03-31": "", "2010-12-31": "", "2010-09-30": "", "2010-06-30": "", "2010-03-31": "", "2009-12-31": "", "2009-09-30": "", "2009-06-30": "", "2009-03-31": "", "2008-12-31": "", "2008-09-30": "", "2008-06-30": "", "2008-03-31": "", "2007-12-31": "", "2007-09-30": "", "2007-06-30": "", "2007-03-31": "", "2006-12-31": "", "2006-09-30": "", "2006-06-30": "", "2006-03-31": "", "2005-12-31": "", "2005-09-30": "", "2005-06-30": "", "2005-03-31": ""}, "Operating Expenses": {"2020-12-31": "", "2020-09-30": "8908.20000", "2020-06-30": "8589.20000", "2020-03-31": "8347.90000", "2019-12-31": "9301.70000", "2019-09-30": "8418.10000", "2019-06-30": "8108.20000", "2019-03-31": "7640.80000", "2018-12-31": "7708.60100", "2018-09-30": "7281.70000", "2018-06-30": "7053.00000", "2018-03-31": "6447.20000", "2017-12-31": "6359.30100", "2017-09-30": "6468.30000", "2017-06-30": "5974.10000", "2017-03-31": "5611.90000", "2016-12-31": "5523.99800", "2016-09-30": "5613.20000", "2016-06-30": "5468.70000", "2016-03-31": "5109.50000", "2015-12-31": "4825.60000", "2015-09-30": "4785.00000", "2015-06-30": "4696.90000", "2015-03-31": "4398.40000", "2014-12-31": "4580.20000", "2014-09-30": "4276.20000", "2014-06-30": "4255.60000", "2014-03-31": "4185.30000", "2013-12-31": "4153.40000", "2013-09-30": "4129.60000", "2013-06-30": "4062.10000", "2013-03-31": "3930.00000", "2012-12-31": "3954.00000", "2012-09-30": "3968.00000", "2012-06-30": "3970.90000", "2012-03-31": "3698.00000", "2011-12-31": "3777.30000", "2011-09-30": "3560.00000", "2011-06-30": "3475.20000", "2011-03-31": "3309.50000", "2010-12-31": "3627.39900", "2010-09-30": "3344.90000", "2010-06-30": "3328.20000", "2010-03-31": "3183.00000", "2009-12-31": "3403.40000", "2009-09-30": "3195.60000", "2009-06-30": "3187.60000", "2009-03-31": "3050.60000", "2008-12-31": "3248.40000", "2008-09-30": "3248.80000", "2008-06-30": "3191.50000", "2008-03-31": "3207.80000", "2007-12-31": "3241.90100", "2007-09-30": "3244.00000", "2007-06-30": "3239.20000", "2007-03-31": "3127.20000", "2006-12-31": "3076.00000", "2006-09-30": "3093.10000", "2006-06-30": "3086.90000", "2006-03-31": "2983.60000", "2005-12-31": "3159.39900", "2005-09-30": "3144.70000", "2005-06-30": "2973.00000", "2005-03-31": "2848.10000"}, "Operating Income": {"2020-12-31": "", "2020-09-30": "2039.00000", "2020-06-30": "2382.50000", "2020-03-31": "975.50000", "2019-12-31": "1439.40100", "2019-09-30": "1112.40000", "2019-06-30": "1342.50000", "2019-03-31": "1659.20000", "2018-12-31": "326.49800", "2018-09-30": "1214.10000", "2018-06-30": "965.00000", "2018-03-31": "982.90040", "2017-12-31": "760.49760", "2017-09-30": "323.50000", "2017-06-30": "631.60060", "2017-03-31": "709.80030", "2016-12-31": "605.60250", "2016-09-30": "321.79980", "2016-06-30": "350.59960", "2016-03-31": "448.00000", "2015-12-31": "575.80180", "2015-09-30": "488.79980", "2015-06-30": "586.39990", "2015-03-31": "496.89940", "2014-12-31": "596.00050", "2014-09-30": "489.89990", "2014-06-30": "485.89990", "2014-03-31": "522.30030", "2013-12-31": "465.39990", "2013-09-30": "391.69970", "2013-06-30": "531.50000", "2013-03-31": "507.20020", "2012-12-31": "396.59960", "2012-09-30": "455.89990", "2012-06-30": "212.10010", "2012-03-31": "428.39990", "2011-12-31": "420.09960", "2011-09-30": "251.00000", "2011-06-30": "397.50000", "2011-03-31": "584.00000", "2010-12-31": "466.40090", "2010-09-30": "424.60010", "2010-06-30": "358.10010", "2010-03-31": "482.89990", "2009-12-31": "497.19950", "2009-09-30": "415.70020", "2009-06-30": "395.89990", "2009-03-31": "417.59990", "2008-12-31": "259.09990", "2008-09-30": "-1038.70000", "2008-06-30": "345.10010", "2008-03-31": "378.09990", "2007-12-31": "372.59860", "2007-09-30": "465.60010", "2007-06-30": "436.70000", "2007-03-31": "559.60010", "2006-12-31": "617.80080", "2006-09-30": "630.70000", "2006-06-30": "621.00000", "2006-03-31": "677.29980", "2005-12-31": "439.60130", "2005-09-30": "477.79980", "2005-06-30": "617.10010", "2005-03-31": "643.70000"}, "Total Non-Operating Income/Expense": {"2020-12-31": "", "2020-09-30": "-115.50000", "2020-06-30": "-113.70000", "2020-03-31": "-100.80000", "2019-12-31": "-100.50000", "2019-09-30": "-102.10000", "2019-06-30": "-98.90000", "2019-03-31": "-91.70000", "2018-12-31": "-84.30000", "2018-09-30": "-83.60000", "2018-06-30": "-84.90000", "2018-03-31": "-72.10000", "2017-12-31": "-69.10000", "2017-09-30": "-72.10000", "2017-06-30": "-77.00000", "2017-03-31": "-68.30000", "2016-12-31": "-68.10000", "2016-09-30": "-63.30000", "2016-06-30": "-63.30000", "2016-03-31": "-60.60000", "2015-12-31": "-61.70000", "2015-09-30": "-59.80000", "2015-06-30": "-61.10000", "2015-03-31": "-53.70000", "2014-12-31": "-49.60000", "2014-09-30": "-48.10000", "2014-06-30": "-48.50000", "2014-03-31": "-40.50000", "2013-12-31": "-39.80000", "2013-09-30": "-46.70000", "2013-06-30": "-45.20000", "2013-03-31": "-44.10000", "2012-12-31": "-43.10000", "2012-09-30": "-43.50000", "2012-06-30": "-44.40000", "2012-03-31": "-44.30000", "2011-12-31": "-44.70000", "2011-09-30": "-42.50000", "2011-06-30": "-39.80000", "2011-03-31": "-38.60000", "2010-12-31": "-40.20000", "2010-09-30": "-37.40000", "2010-06-30": "-45.20000", "2010-03-31": "-44.00000", "2009-12-31": "-42.90000", "2009-09-30": "-43.70000", "2009-06-30": "-42.00000", "2009-03-31": "-40.90000", "2008-12-31": "-40.20000", "2008-09-30": "-42.20000", "2008-06-30": "-42.60000", "2008-03-31": "-40.90000", "2007-12-31": "-41.80000", "2007-09-30": "-43.00000", "2007-06-30": "-29.80000", "2007-03-31": "-26.90000", "2006-12-31": "-27.10000", "2006-09-30": "-27.60000", "2006-06-30": "-29.10000", "2006-03-31": "-29.80000", "2005-12-31": "-29.90010", "2005-09-30": "-30.00000", "2005-06-30": "-30.40000", "2005-03-31": "-29.00000"}, "Pre-Tax Income": {"2020-12-31": "", "2020-09-30": "1923.50000", "2020-06-30": "2268.80000", "2020-03-31": "874.70000", "2019-12-31": "1338.90000", "2019-09-30": "1010.30000", "2019-06-30": "1243.60000", "2019-03-31": "1567.50000", "2018-12-31": "242.20010", "2018-09-30": "1130.50000", "2018-06-30": "880.10000", "2018-03-31": "910.80000", "2017-12-31": "691.39990", "2017-09-30": "251.40000", "2017-06-30": "554.60000", "2017-03-31": "641.50000", "2016-12-31": "537.50000", "2016-09-30": "258.50000", "2016-06-30": "287.30000", "2016-03-31": "387.40000", "2015-12-31": "514.10000", "2015-09-30": "429.00000", "2015-06-30": "525.30000", "2015-03-31": "443.20000", "2014-12-31": "546.40010", "2014-09-30": "441.80000", "2014-06-30": "437.40000", "2014-03-31": "481.80000", "2013-12-31": "425.60000", "2013-09-30": "345.00000", "2013-06-30": "486.30000", "2013-03-31": "463.10000", "2012-12-31": "353.49990", "2012-09-30": "412.40000", "2012-06-30": "167.70000", "2012-03-31": "384.10000", "2011-12-31": "375.40000", "2011-09-30": "208.50000", "2011-06-30": "357.70000", "2011-03-31": "545.40000", "2010-12-31": "426.20000", "2010-09-30": "387.20000", "2010-06-30": "312.90000", "2010-03-31": "438.90000", "2009-12-31": "454.30000", "2009-09-30": "372.00000", "2009-06-30": "353.90000", "2009-03-31": "376.70000", "2008-12-31": "218.90000", "2008-09-30": "-1080.90000", "2008-06-30": "302.50000", "2008-03-31": "337.20000", "2007-12-31": "330.80000", "2007-09-30": "422.60000", "2007-06-30": "406.90000", "2007-03-31": "532.70000", "2006-12-31": "590.70000", "2006-09-30": "603.10000", "2006-06-30": "591.90000", "2006-03-31": "647.50000", "2005-12-31": "409.69990", "2005-09-30": "447.80000", "2005-06-30": "586.70000", "2005-03-31": "614.70000"}, "Income Taxes": {"2020-12-31": "", "2020-09-30": "392.70000", "2020-06-30": "478.40000", "2020-03-31": "175.60000", "2019-12-31": "264.30000", "2019-09-30": "166.70000", "2019-06-30": "264.60000", "2019-03-31": "484.70000", "2018-12-31": "-17.60000", "2018-09-30": "200.30000", "2018-06-30": "178.90000", "2018-03-31": "181.00000", "2017-12-31": "111.10000", "2017-09-30": "36.60000", "2017-06-30": "181.90000", "2017-03-31": "211.20000", "2016-12-31": "139.40000", "2016-09-30": "53.00000", "2016-06-30": "92.40000", "2016-03-31": "128.70000", "2015-12-31": "164.20000", "2015-09-30": "142.50000", "2015-06-30": "156.80000", "2015-03-31": "147.60000", "2014-12-31": "176.20000", "2014-09-30": "145.70000", "2014-06-30": "144.00000", "2014-03-31": "160.50000", "2013-12-31": "125.80000", "2013-09-30": "112.60000", "2013-06-30": "161.70000", "2013-03-31": "154.50000", "2012-12-31": "104.40000", "2012-09-30": "135.40000", "2012-06-30": "49.10000", "2012-03-31": "126.50000", "2011-12-31": "118.70000", "2011-09-30": "57.80000", "2011-06-30": "112.50000", "2011-03-31": "182.50000", "2010-12-31": "127.00000", "2010-09-30": "125.60000", "2010-06-30": "101.00000", "2010-03-31": "143.30000", "2009-12-31": "149.30000", "2009-09-30": "102.10000", "2009-06-30": "103.80000", "2009-03-31": "144.20000", "2008-12-31": "59.60000", "2008-09-30": "-396.70000", "2008-06-30": "87.00000", "2008-03-31": "97.80000", "2007-12-31": "94.70000", "2007-09-30": "123.40000", "2007-06-30": "123.20000", "2007-03-31": "169.20000", "2006-12-31": "189.80000", "2006-09-30": "193.50000", "2006-06-30": "191.50000", "2006-03-31": "210.90000", "2005-12-31": "128.10000", "2005-09-30": "142.50000", "2005-06-30": "192.40000", "2005-03-31": "202.00000"}, "Income After Taxes": {"2020-12-31": "", "2020-09-30": "1530.80000", "2020-06-30": "1790.40000", "2020-03-31": "699.10000", "2019-12-31": "1074.60000", "2019-09-30": "843.60000", "2019-06-30": "979.00000", "2019-03-31": "1082.80000", "2018-12-31": "259.80010", "2018-09-30": "930.20000", "2018-06-30": "701.20000", "2018-03-31": "729.80000", "2017-12-31": "580.29990", "2017-09-30": "214.80000", "2017-06-30": "372.70000", "2017-03-31": "430.30000", "2016-12-31": "398.09990", "2016-09-30": "205.50000", "2016-06-30": "194.90000", "2016-03-31": "258.70000", "2015-12-31": "349.90000", "2015-09-30": "286.50000", "2015-06-30": "368.50000", "2015-03-31": "295.60000", "2014-12-31": "370.20000", "2014-09-30": "296.10000", "2014-06-30": "293.40000", "2014-03-31": "321.30000", "2013-12-31": "299.80000", "2013-09-30": "232.40000", "2013-06-30": "324.60000", "2013-03-31": "308.60000", "2012-12-31": "249.09990", "2012-09-30": "277.00000", "2012-06-30": "118.60000", "2012-03-31": "257.60000", "2011-12-31": "256.70000", "2011-09-30": "150.70000", "2011-06-30": "245.20000", "2011-03-31": "362.90000", "2010-12-31": "299.20000", "2010-09-30": "261.60000", "2010-06-30": "211.90000", "2010-03-31": "295.60000", "2009-12-31": "305.00000", "2009-09-30": "269.90000", "2009-06-30": "250.10000", "2009-03-31": "232.50000", "2008-12-31": "159.30000", "2008-09-30": "-684.20000", "2008-06-30": "215.50000", "2008-03-31": "239.40000", "2007-12-31": "236.10000", "2007-09-30": "299.20000", "2007-06-30": "283.70000", "2007-03-31": "363.50000", "2006-12-31": "400.90000", "2006-09-30": "409.60000", "2006-06-30": "400.40000", "2006-03-31": "436.60000", "2005-12-31": "281.59980", "2005-09-30": "305.30000", "2005-06-30": "394.30000", "2005-03-31": "412.70000"}, "Other Income": {"2020-12-31": "", "2020-09-30": "", "2020-06-30": "", "2020-03-31": "", "2019-12-31": "", "2019-09-30": "", "2019-06-30": "", "2019-03-31": "", "2018-12-31": "", "2018-09-30": "", "2018-06-30": "", "2018-03-31": "", "2017-12-31": "", "2017-09-30": "", "2017-06-30": "", "2017-03-31": "", "2016-12-31": "", "2016-09-30": "", "2016-06-30": "", "2016-03-31": "", "2015-12-31": "", "2015-09-30": "", "2015-06-30": "", "2015-03-31": "", "2014-12-31": "", "2014-09-30": "", "2014-06-30": "", "2014-03-31": "", "2013-12-31": "", "2013-09-30": "", "2013-06-30": "", "2013-03-31": "", "2012-12-31": "", "2012-09-30": "", "2012-06-30": "", "2012-03-31": "", "2011-12-31": "", "2011-09-30": "", "2011-06-30": "", "2011-03-31": "", "2010-12-31": "", "2010-09-30": "", "2010-06-30": "", "2010-03-31": "", "2009-12-31": "", "2009-09-30": "", "2009-06-30": "", "2009-03-31": "", "2008-12-31": "", "2008-09-30": "", "2008-06-30": "", "2008-03-31": "", "2007-12-31": "", "2007-09-30": "", "2007-06-30": "", "2007-03-31": "", "2006-12-31": "", "2006-09-30": "", "2006-06-30": "", "2006-03-31": "", "2005-12-31": "", "2005-09-30": "", "2005-06-30": "", "2005-03-31": ""}, "Income From Continuous Operations": {"2020-12-31": "", "2020-09-30": "1530.80000", "2020-06-30": "1790.40000", "2020-03-31": "699.10000", "2019-12-31": "1074.60000", "2019-09-30": "843.60000", "2019-06-30": "979.00000", "2019-03-31": "1082.80000", "2018-12-31": "259.80010", "2018-09-30": "930.20000", "2018-06-30": "701.20000", "2018-03-31": "729.80000", "2017-12-31": "580.29990", "2017-09-30": "214.80000", "2017-06-30": "372.70000", "2017-03-31": "430.30000", "2016-12-31": "398.09990", "2016-09-30": "205.50000", "2016-06-30": "194.90000", "2016-03-31": "258.70000", "2015-12-31": "349.90000", "2015-09-30": "286.50000", "2015-06-30": "368.50000", "2015-03-31": "295.60000", "2014-12-31": "370.20000", "2014-09-30": "296.10000", "2014-06-30": "293.40000", "2014-03-31": "321.30000", "2013-12-31": "299.80000", "2013-09-30": "232.40000", "2013-06-30": "324.60000", "2013-03-31": "308.60000", "2012-12-31": "249.09990", "2012-09-30": "277.00000", "2012-06-30": "118.60000", "2012-03-31": "257.60000", "2011-12-31": "256.70000", "2011-09-30": "150.70000", "2011-06-30": "245.20000", "2011-03-31": "362.90000", "2010-12-31": "299.20000", "2010-09-30": "261.60000", "2010-06-30": "211.90000", "2010-03-31": "295.60000", "2009-12-31": "305.00000", "2009-09-30": "269.90000", "2009-06-30": "250.10000", "2009-03-31": "232.50000", "2008-12-31": "159.30000", "2008-09-30": "-684.20000", "2008-06-30": "215.50000", "2008-03-31": "239.40000", "2007-12-31": "236.10000", "2007-09-30": "299.20000", "2007-06-30": "283.70000", "2007-03-31": "363.50000", "2006-12-31": "400.90000", "2006-09-30": "409.60000", "2006-06-30": "400.40000", "2006-03-31": "436.60000", "2005-12-31": "281.59980", "2005-09-30": "305.30000", "2005-06-30": "394.30000", "2005-03-31": "412.70000"}, "Income From Discontinued Operations": {"2020-12-31": "", "2020-09-30": "", "2020-06-30": "", "2020-03-31": "", "2019-12-31": "", "2019-09-30": "", "2019-06-30": "", "2019-03-31": "", "2018-12-31": "", "2018-09-30": "", "2018-06-30": "", "2018-03-31": "", "2017-12-31": "", "2017-09-30": "", "2017-06-30": "", "2017-03-31": "", "2016-12-31": "", "2016-09-30": "", "2016-06-30": "", "2016-03-31": "", "2015-12-31": "", "2015-09-30": "", "2015-06-30": "", "2015-03-31": "", "2014-12-31": "", "2014-09-30": "", "2014-06-30": "", "2014-03-31": "", "2013-12-31": "", "2013-09-30": "", "2013-06-30": "", "2013-03-31": "", "2012-12-31": "", "2012-09-30": "", "2012-06-30": "", "2012-03-31": "", "2011-12-31": "", "2011-09-30": "", "2011-06-30": "", "2011-03-31": "", "2010-12-31": "", "2010-09-30": "", "2010-06-30": "", "2010-03-31": "", "2009-12-31": "", "2009-09-30": "", "2009-06-30": "", "2009-03-31": "", "2008-12-31": "", "2008-09-30": "", "2008-06-30": "", "2008-03-31": "", "2007-12-31": "", "2007-09-30": "", "2007-06-30": "", "2007-03-31": "", "2006-12-31": "", "2006-09-30": "", "2006-06-30": "", "2006-03-31": "", "2005-12-31": "", "2005-09-30": "", "2005-06-30": "", "2005-03-31": ""}, "Net Income": {"2020-12-31": "", "2020-09-30": "1530.80000", "2020-06-30": "1783.70000", "2020-03-31": "692.70000", "2019-12-31": "1050.60000", "2019-09-30": "841.70000", "2019-06-30": "972.70000", "2019-03-31": "1078.40000", "2018-12-31": "249.99990", "2018-09-30": "928.40000", "2018-06-30": "697.50000", "2018-03-31": "718.00000", "2017-12-31": "576.30000", "2017-09-30": "224.00000", "2017-06-30": "367.60000", "2017-03-31": "424.30000", "2016-12-31": "383.20000", "2016-09-30": "198.70000", "2016-06-30": "190.90000", "2016-03-31": "258.20000", "2015-12-31": "330.40000", "2015-09-30": "278.30000", "2015-06-30": "363.30000", "2015-03-31": "295.60000", "2014-12-31": "370.20000", "2014-09-30": "296.10000", "2014-06-30": "293.40000", "2014-03-31": "321.30000", "2013-12-31": "299.80000", "2013-09-30": "232.40000", "2013-06-30": "324.60000", "2013-03-31": "308.60000", "2012-12-31": "249.10000", "2012-09-30": "277.00000", "2012-06-30": "118.60000", "2012-03-31": "257.60000", "2011-12-31": "256.70000", "2011-09-30": "150.70000", "2011-06-30": "245.20000", "2011-03-31": "362.90000", "2010-12-31": "299.20000", "2010-09-30": "261.60000", "2010-06-30": "211.90000", "2010-03-31": "295.60000", "2009-12-31": "305.00000", "2009-09-30": "269.90000", "2009-06-30": "250.10000", "2009-03-31": "232.50000", "2008-12-31": "159.30000", "2008-09-30": "-684.20000", "2008-06-30": "215.50000", "2008-03-31": "239.40000", "2007-12-31": "236.10000", "2007-09-30": "299.20000", "2007-06-30": "283.70000", "2007-03-31": "363.50000", "2006-12-31": "400.90000", "2006-09-30": "409.60000", "2006-06-30": "400.40000", "2006-03-31": "436.60000", "2005-12-31": "281.60010", "2005-09-30": "305.30000", "2005-06-30": "394.30000", "2005-03-31": "412.70000"}, "EBITDA": {"2020-12-31": "", "2020-09-30": "2154.00000", "2020-06-30": "2487.90000", "2020-03-31": "1071.50000", "2019-12-31": "1542.00100", "2019-09-30": "1196.80000", "2019-06-30": "1424.20000", "2019-03-31": "1729.90000", "2018-12-31": "401.69810", "2018-09-30": "1289.80000", "2018-06-30": "1036.90000", "2018-03-31": "1056.80000", "2017-12-31": "840.39760", "2017-09-30": "406.80000", "2017-06-30": "712.10060", "2017-03-31": "788.40030", "2016-12-31": "684.00260", "2016-09-30": "388.79980", "2016-06-30": "418.39960", "2016-03-31": "511.50000", "2015-12-31": "646.20180", "2015-09-30": "558.39980", "2015-06-30": "654.19990", "2015-03-31": "537.99940", "2014-12-31": "640.00050", "2014-09-30": "536.39990", "2014-06-30": "528.89990", "2014-03-31": "564.10030", "2013-12-31": "514.39990", "2013-09-30": "452.19970", "2013-06-30": "593.60000", "2013-03-31": "570.90020", "2012-12-31": "463.29960", "2012-09-30": "526.49990", "2012-06-30": "283.00010", "2012-03-31": "501.29990", "2011-12-31": "501.59960", "2011-09-30": "332.00000", "2011-06-30": "476.00000", "2011-03-31": "664.50000", "2010-12-31": "543.40090", "2010-09-30": "507.30010", "2010-06-30": "432.30010", "2010-03-31": "561.29990", "2009-12-31": "570.29940", "2009-09-30": "499.20020", "2009-06-30": "476.89990", "2009-03-31": "498.09990", "2008-12-31": "347.39990", "2008-09-30": "-952.49990", "2008-06-30": "425.60010", "2008-03-31": "471.79990", "2007-12-31": "474.99860", "2007-09-30": "568.00010", "2007-06-30": "530.70000", "2007-03-31": "651.80010", "2006-12-31": "707.90080", "2006-09-30": "715.90000", "2006-06-30": "698.20000", "2006-03-31": "753.79980", "2005-12-31": "512.80130", "2005-09-30": "555.49980", "2005-06-30": "684.00010", "2005-03-31": "707.90000"}, "EBIT": {"2020-12-31": "", "2020-09-30": "2039.00000", "2020-06-30": "2382.50000", "2020-03-31": "975.50000", "2019-12-31": "1439.39900", "2019-09-30": "1112.40000", "2019-06-30": "1342.50000", "2019-03-31": "1659.20000", "2018-12-31": "326.50000", "2018-09-30": "1214.10000", "2018-06-30": "965.00000", "2018-03-31": "982.90040", "2017-12-31": "760.49950", "2017-09-30": "323.50000", "2017-06-30": "631.60060", "2017-03-31": "709.80030", "2016-12-31": "605.60250", "2016-09-30": "321.79980", "2016-06-30": "350.59960", "2016-03-31": "448.00000", "2015-12-31": "575.80130", "2015-09-30": "488.79980", "2015-06-30": "586.39990", "2015-03-31": "496.89940", "2014-12-31": "595.99950", "2014-09-30": "489.89990", "2014-06-30": "485.89990", "2014-03-31": "522.30030", "2013-12-31": "465.39990", "2013-09-30": "391.69970", "2013-06-30": "531.50000", "2013-03-31": "507.20020", "2012-12-31": "396.60010", "2012-09-30": "455.89990", "2012-06-30": "212.10010", "2012-03-31": "428.39990", "2011-12-31": "420.09960", "2011-09-30": "251.00000", "2011-06-30": "397.50000", "2011-03-31": "584.00000", "2010-12-31": "466.39990", "2010-09-30": "424.60010", "2010-06-30": "358.10010", "2010-03-31": "482.89990", "2009-12-31": "497.19950", "2009-09-30": "415.70020", "2009-06-30": "395.89990", "2009-03-31": "417.59990", "2008-12-31": "259.09960", "2008-09-30": "-1038.70000", "2008-06-30": "345.10010", "2008-03-31": "378.09990", "2007-12-31": "372.59890", "2007-09-30": "465.60010", "2007-06-30": "436.70000", "2007-03-31": "559.60010", "2006-12-31": "617.80000", "2006-09-30": "630.70000", "2006-06-30": "621.00000", "2006-03-31": "677.29980", "2005-12-31": "439.60130", "2005-09-30": "477.79980", "2005-06-30": "617.10010", "2005-03-31": "643.70000"}, "Basic Shares Outstanding": {"2020-12-31": "", "2020-09-30": "585.10000", "2020-06-30": "584.80000", "2020-03-31": "584.70000", "2019-12-31": "583.80000", "2019-09-30": "584.10000", "2019-06-30": "583.60000", "2019-03-31": "583.50000", "2018-12-31": "582.40000", "2018-09-30": "582.70000", "2018-06-30": "582.00000", "2018-03-31": "582.00000", "2017-12-31": "580.80000", "2017-09-30": "581.30000", "2017-06-30": "580.50000", "2017-03-31": "580.30000", "2016-12-31": "581.70000", "2016-09-30": "581.50000", "2016-06-30": "582.40000", "2016-03-31": "583.20000", "2015-12-31": "585.50000", "2015-09-30": "585.20000", "2015-06-30": "585.70000", "2015-03-31": "587.60000", "2014-12-31": "590.60000", "2014-09-30": "589.80000", "2014-06-30": "591.20000", "2014-03-31": "593.90000", "2013-12-31": "599.10000", "2013-09-30": "598.90000", "2013-06-30": "599.50000", "2013-03-31": "600.60000", "2012-12-31": "603.30000", "2012-09-30": "601.90000", "2012-06-30": "604.80000", "2012-03-31": "606.20000", "2011-12-31": "632.30000", "2011-09-30": "626.90000", "2011-06-30": "643.60000", "2011-03-31": "651.80000", "2010-12-31": "657.90000", "2010-09-30": "655.80000", "2010-06-30": "660.40000", "2010-03-31": "661.40000", "2009-12-31": "666.80000", "2009-09-30": "666.70000", "2009-06-30": "669.20000", "2009-03-31": "668.60000", "2008-12-31": "668.00000", "2008-09-30": "666.30000", "2008-06-30": "667.40000", "2008-03-31": "671.50000", "2007-12-31": "710.40000", "2007-09-30": "702.60000", "2007-06-30": "721.80000", "2007-03-31": "737.80000", "2006-12-31": "774.30000", "2006-09-30": "763.20000", "2006-06-30": "776.10000", "2006-03-31": "781.20000", "2005-12-31": "787.70000", "2005-09-30": "783.10000", "2005-06-30": "788.60000", "2005-03-31": "796.00000"}, "Shares Outstanding": {"2020-12-31": "", "2020-09-30": "587.80000", "2020-06-30": "587.20000", "2020-03-31": "586.90000", "2019-12-31": "587.20000", "2019-09-30": "587.10000", "2019-06-30": "586.90000", "2019-03-31": "586.60000", "2018-12-31": "586.70000", "2018-09-30": "586.60000", "2018-06-30": "585.80000", "2018-03-31": "585.60000", "2017-12-31": "585.70000", "2017-09-30": "585.60000", "2017-06-30": "583.80000", "2017-03-31": "583.30000", "2016-12-31": "585.00000", "2016-09-30": "584.60000", "2016-06-30": "585.10000", "2016-03-31": "585.50000", "2015-12-31": "589.20000", "2015-09-30": "589.10000", "2015-06-30": "589.50000", "2015-03-31": "591.00000", "2014-12-31": "594.80000", "2014-09-30": "593.70000", "2014-06-30": "595.50000", "2014-03-31": "597.70000", "2013-12-31": "603.60000", "2013-09-30": "603.50000", "2013-06-30": "603.60000", "2013-03-31": "604.40000", "2012-12-31": "607.80000", "2012-09-30": "606.50000", "2012-06-30": "608.90000", "2012-03-31": "610.00000", "2011-12-31": "636.90000", "2011-09-30": "631.40000", "2011-06-30": "647.90000", "2011-03-31": "655.80000", "2010-12-31": "663.30000", "2010-09-30": "661.20000", "2010-06-30": "665.70000", "2010-03-31": "666.40000", "2009-12-31": "672.20000", "2009-09-30": "672.80000", "2009-06-30": "674.60000", "2009-03-31": "672.00000", "2008-12-31": "673.90000", "2008-09-30": "672.80000", "2008-06-30": "673.70000", "2008-03-31": "677.30000", "2007-12-31": "718.50000", "2007-09-30": "710.80000", "2007-06-30": "729.50000", "2007-03-31": "745.30000", "2006-12-31": "783.80000", "2006-09-30": "772.20000", "2006-06-30": "785.90000", "2006-03-31": "791.70000", "2005-12-31": "799.30000", "2005-09-30": "794.50000", "2005-06-30": "800.10000", "2005-03-31": "807.60000"}, "Basic EPS": {"2020-12-31": "", "2020-09-30": "2.60000", "2020-06-30": "3.05000", "2020-03-31": "1.17000", "2019-12-31": "1.81000", "2019-09-30": "1.43000", "2019-06-30": "1.67000", "2019-03-31": "1.84000", "2018-12-31": "0.44000", "2018-09-30": "1.58000", "2018-06-30": "1.20000", "2018-03-31": "1.23000", "2017-12-31": "0.99000", "2017-09-30": "0.39000", "2017-06-30": "0.63000", "2017-03-31": "0.73000", "2016-12-31": "0.66000", "2016-09-30": "0.34000", "2016-06-30": "0.33000", "2016-03-31": "0.44000", "2015-12-31": "0.56000", "2015-09-30": "0.48000", "2015-06-30": "0.62000", "2015-03-31": "0.50000", "2014-12-31": "0.63000", "2014-09-30": "0.50000", "2014-06-30": "0.50000", "2014-03-31": "0.54000", "2013-12-31": "0.51000", "2013-09-30": "0.39000", "2013-06-30": "0.54000", "2013-03-31": "0.51000", "2012-12-31": "0.42000", "2012-09-30": "0.46000", "2012-06-30": "0.20000", "2012-03-31": "0.42000", "2011-12-31": "0.43000", "2011-09-30": "0.24000", "2011-06-30": "0.38000", "2011-03-31": "0.56000", "2010-12-31": "0.45000", "2010-09-30": "0.40000", "2010-06-30": "0.32000", "2010-03-31": "0.45000", "2009-12-31": "0.47000", "2009-09-30": "0.40000", "2009-06-30": "0.37000", "2009-03-31": "0.35000", "2008-12-31": "0.25000", "2008-09-30": "-1.03000", "2008-06-30": "0.32000", "2008-03-31": "0.36000", "2007-12-31": "0.35000", "2007-09-30": "0.43000", "2007-06-30": "0.39000", "2007-03-31": "0.49000", "2006-12-31": "0.51000", "2006-09-30": "0.54000", "2006-06-30": "0.52000", "2006-03-31": "0.56000", "2005-12-31": "0.36250", "2005-09-30": "0.39000", "2005-06-30": "0.50000", "2005-03-31": "0.51750"}, "EPS - Earnings Per Share": {"2020-12-31": "0.00000", "2020-09-30": "2.59000", "2020-06-30": "3.04000", "2020-03-31": "1.17000", "2019-12-31": "1.81000", "2019-09-30": "1.42000", "2019-06-30": "1.66000", "2019-03-31": "1.83000", "2018-12-31": "0.44000", "2018-09-30": "1.57000", "2018-06-30": "1.19000", "2018-03-31": "1.22000", "2017-12-31": "0.98000", "2017-09-30": "0.38000", "2017-06-30": "0.63000", "2017-03-31": "0.73000", "2016-12-31": "0.65000", "2016-09-30": "0.34000", "2016-06-30": "0.33000", "2016-03-31": "0.44000", "2015-12-31": "0.56000", "2015-09-30": "0.47000", "2015-06-30": "0.62000", "2015-03-31": "0.50000", "2014-12-31": "0.62000", "2014-09-30": "0.50000", "2014-06-30": "0.49000", "2014-03-31": "0.54000", "2013-12-31": "0.49000", "2013-09-30": "0.39000", "2013-06-30": "0.54000", "2013-03-31": "0.51000", "2012-12-31": "0.41000", "2012-09-30": "0.46000", "2012-06-30": "0.19000", "2012-03-31": "0.42000", "2011-12-31": "0.42000", "2011-09-30": "0.24000", "2011-06-30": "0.38000", "2011-03-31": "0.55000", "2010-12-31": "0.45000", "2010-09-30": "0.40000", "2010-06-30": "0.32000", "2010-03-31": "0.44000", "2009-12-31": "0.45000", "2009-09-30": "0.40000", "2009-06-30": "0.37000", "2009-03-31": "0.35000", "2008-12-31": "0.26000", "2008-09-30": "-1.03000", "2008-06-30": "0.32000", "2008-03-31": "0.35000", "2007-12-31": "0.35000", "2007-09-30": "0.42000", "2007-06-30": "0.39000", "2007-03-31": "0.49000", "2006-12-31": "0.51000", "2006-09-30": "0.53000", "2006-06-30": "0.51000", "2006-03-31": "0.55000", "2005-12-31": "0.36000", "2005-09-30": "0.38000", "2005-06-30": "0.49000", "2005-03-31": "0.51000"}}, "balance sheet": {"Cash On Hand": {"2020-12-31": "", "2019-12-31": "227.40000", "2018-12-31": "75.00000", "2017-12-31": "275.30000", "2016-12-31": "226.40000", "2015-12-31": "224.40000", "2014-12-31": "108.40000", "2013-12-31": "75.10000", "2012-12-31": "179.10000", "2011-12-31": "155.70000", "2010-12-31": "158.90000", "2009-12-31": "160.70000", "2008-12-31": "2.90000", "2007-12-31": "5.80000", "2006-12-31": "5.60000", "2005-12-31": "5.60000"}, "Receivables": {"2020-12-31": "12179.50000", "2019-12-31": "10886.20000", "2018-12-31": "9193.20000", "2017-12-31": "7695.90000", "2016-12-31": "6394.00000", "2015-12-31": "5476.50000", "2014-12-31": "4769.40000", "2013-12-31": "4400.90000", "2012-12-31": "4084.70000", "2011-12-31": "3747.80000", "2010-12-31": "3479.90000", "2009-12-31": "3019.60000", "2008-12-31": "2697.10000", "2007-12-31": "2730.20000", "2006-12-31": "2932.00000", "2005-12-31": "2906.40000"}, "Inventory": {"2020-12-31": "", "2019-12-31": "", "2018-12-31": "", "2017-12-31": "", "2016-12-31": "", "2015-12-31": "", "2014-12-31": "", "2013-12-31": "", "2012-12-31": "", "2011-12-31": "", "2010-12-31": "", "2009-12-31": "", "2008-12-31": "", "2007-12-31": "", "2006-12-31": "", "2005-12-31": ""}, "Pre-Paid Expenses": {"2020-12-31": "", "2019-12-31": "", "2018-12-31": "", "2017-12-31": "", "2016-12-31": "", "2015-12-31": "", "2014-12-31": "", "2013-12-31": "", "2012-12-31": "", "2011-12-31": "", "2010-12-31": "", "2009-12-31": "", "2008-12-31": "", "2007-12-31": "", "2006-12-31": "", "2005-12-31": ""}, "Other Current Assets": {"2020-12-31": "", "2019-12-31": "", "2018-12-31": "", "2017-12-31": "", "2016-12-31": "", "2015-12-31": "", "2014-12-31": "", "2013-12-31": "", "2012-12-31": "", "2011-12-31": "", "2010-12-31": "", "2009-12-31": "", "2008-12-31": "", "2007-12-31": "", "2006-12-31": "", "2005-12-31": ""}, "Total Current Assets": {"2020-12-31": "12179.50000", "2019-12-31": "11113.60000", "2018-12-31": "9268.20000", "2017-12-31": "7971.20000", "2016-12-31": "6620.40000", "2015-12-31": "5700.90000", "2014-12-31": "4877.80000", "2013-12-31": "4476.00000", "2012-12-31": "4263.80000", "2011-12-31": "3903.50000", "2010-12-31": "3638.80000", "2009-12-31": "3180.30000", "2008-12-31": "2700.00000", "2007-12-31": "2736.00000", "2006-12-31": "2937.60000", "2005-12-31": "2912.00000"}, "Property, Plant, And Equipment": {"2020-12-31": "", "2019-12-31": "1213.70000", "2018-12-31": "1131.70000", "2017-12-31": "1119.60000", "2016-12-31": "1177.10000", "2015-12-31": "1037.20000", "2014-12-31": "960.60000", "2013-12-31": "960.90000", "2012-12-31": "933.70000", "2011-12-31": "911.30000", "2010-12-31": "932.60000", "2009-12-31": "961.30000", "2008-12-31": "997.10000", "2007-12-31": "1000.40000", "2006-12-31": "973.40000", "2005-12-31": "758.70000"}, "Long-Term Investments": {"2020-12-31": "47530.30000", "2019-12-31": "39435.60000", "2018-12-31": "33758.20000", "2017-12-31": "27394.40000", "2016-12-31": "23586.50000", "2015-12-31": "21039.50000", "2014-12-31": "19105.30000", "2013-12-31": "18144.50000", "2012-12-31": "16565.50000", "2011-12-31": "16068.70000", "2010-12-31": "15632.70000", "2009-12-31": "14823.80000", "2008-12-31": "13103.80000", "2007-12-31": "14307.20000", "2006-12-31": "14823.60000", "2005-12-31": "14407.80000"}, "Goodwill And Intangible Assets": {"2020-12-31": "624.10000", "2019-12-31": "681.00000", "2018-12-31": "747.30000", "2017-12-31": "819.30000", "2016-12-31": "882.20000", "2015-12-31": "942.50000", "2014-12-31": "12.90000", "2013-12-31": "", "2012-12-31": "", "2011-12-31": "", "2010-12-31": "", "2009-12-31": "", "2008-12-31": "", "2007-12-31": "", "2006-12-31": "", "2005-12-31": ""}, "Other Long-Term Assets": {"2020-12-31": "2527.20000", "2019-12-31": "1394.90000", "2018-12-31": "674.80000", "2017-12-31": "616.20000", "2016-12-31": "510.10000", "2015-12-31": "535.10000", "2014-12-31": "373.80000", "2013-12-31": "379.20000", "2012-12-31": "497.20000", "2011-12-31": "527.70000", "2010-12-31": "529.00000", "2009-12-31": "681.70000", "2008-12-31": "1035.60000", "2007-12-31": "373.20000", "2006-12-31": "306.50000", "2005-12-31": "375.30000"}, "Total Long-Term Assets": {"2020-12-31": "51918.80000", "2019-12-31": "43781.70000", "2018-12-31": "37306.80000", "2017-12-31": "30730.00000", "2016-12-31": "26807.10000", "2015-12-31": "24118.40000", "2014-12-31": "20909.80000", "2013-12-31": "19932.20000", "2012-12-31": "18430.90000", "2011-12-31": "17941.30000", "2010-12-31": "17511.50000", "2009-12-31": "16869.00000", "2008-12-31": "15550.50000", "2007-12-31": "16107.10000", "2006-12-31": "16544.50000", "2005-12-31": "15986.60000"}, "Total Assets": {"2020-12-31": "64098.30000", "2019-12-31": "54895.30000", "2018-12-31": "46575.00000", "2017-12-31": "38701.20000", "2016-12-31": "33427.50000", "2015-12-31": "29819.30000", "2014-12-31": "25787.60000", "2013-12-31": "24408.20000", "2012-12-31": "22694.70000", "2011-12-31": "21844.80000", "2010-12-31": "21150.30000", "2009-12-31": "20049.30000", "2008-12-31": "18250.50000", "2007-12-31": "18843.10000", "2006-12-31": "19482.10000", "2005-12-31": "18898.60000"}, "Total Current Liabilities": {"2020-12-31": "36397.80000", "2019-12-31": "36456.90000", "2018-12-31": "31133.80000", "2017-12-31": "25471.40000", "2016-12-31": "21727.20000", "2015-12-31": "19247.80000", "2014-12-31": "16595.40000", "2013-12-31": "16329.40000", "2012-12-31": "14624.60000", "2011-12-31": "13596.00000", "2010-12-31": "13143.20000", "2009-12-31": "12123.50000", "2008-12-31": "11859.70000", "2007-12-31": "11733.70000", "2006-12-31": "11450.00000", "2005-12-31": "11506.20000"}, "Long Term Debt": {"2020-12-31": "5396.10000", "2019-12-31": "4407.10000", "2018-12-31": "4404.90000", "2017-12-31": "3306.30000", "2016-12-31": "3148.20000", "2015-12-31": "2707.90000", "2014-12-31": "2164.70000", "2013-12-31": "1860.90000", "2012-12-31": "2063.10000", "2011-12-31": "2442.10000", "2010-12-31": "1958.20000", "2009-12-31": "2177.20000", "2008-12-31": "2175.50000", "2007-12-31": "2173.90000", "2006-12-31": "1185.50000", "2005-12-31": "1284.90000"}, "Other Non-Current Liabilities": {"2020-12-31": "5265.80000", "2019-12-31": "", "2018-12-31": "", "2017-12-31": "", "2016-12-31": "", "2015-12-31": "", "2014-12-31": "", "2013-12-31": "", "2012-12-31": "", "2011-12-31": "", "2010-12-31": "", "2009-12-31": "", "2008-12-31": "", "2007-12-31": "", "2006-12-31": "", "2005-12-31": ""}, "Total Long Term Liabilities": {"2020-12-31": "10661.90000", "2019-12-31": "4765.20000", "2018-12-31": "4619.40000", "2017-12-31": "3945.00000", "2016-12-31": "3743.20000", "2015-12-31": "3282.10000", "2014-12-31": "2263.60000", "2013-12-31": "1889.30000", "2012-12-31": "2063.10000", "2011-12-31": "2442.10000", "2010-12-31": "1958.20000", "2009-12-31": "2177.20000", "2008-12-31": "2175.50000", "2007-12-31": "2173.90000", "2006-12-31": "1185.50000", "2005-12-31": "1284.90000"}, "Total Liabilities": {"2020-12-31": "47059.70000", "2019-12-31": "41222.10000", "2018-12-31": "35753.20000", "2017-12-31": "29416.40000", "2016-12-31": "25470.40000", "2015-12-31": "22529.90000", "2014-12-31": "18859.00000", "2013-12-31": "18218.70000", "2012-12-31": "16687.70000", "2011-12-31": "16038.10000", "2010-12-31": "15101.40000", "2009-12-31": "14300.70000", "2008-12-31": "14035.20000", "2007-12-31": "13907.60000", "2006-12-31": "12635.50000", "2005-12-31": "12791.10000"}, "Common Stock Net": {"2020-12-31": "", "2019-12-31": "584.60000", "2018-12-31": "583.20000", "2017-12-31": "581.70000", "2016-12-31": "579.90000", "2015-12-31": "583.60000", "2014-12-31": "587.80000", "2013-12-31": "595.80000", "2012-12-31": "604.60000", "2011-12-31": "613.00000", "2010-12-31": "662.40000", "2009-12-31": "672.60000", "2008-12-31": "676.50000", "2007-12-31": "680.20000", "2006-12-31": "748.00000", "2005-12-31": "197.30000"}, "Retained Earnings (Accumulated Deficit)": {"2020-12-31": "", "2019-12-31": "10679.60000", "2018-12-31": "8386.60000", "2017-12-31": "6031.70000", "2016-12-31": "5140.40000", "2015-12-31": "4686.60000", "2014-12-31": "4133.40000", "2013-12-31": "3500.00000", "2012-12-31": "3454.40000", "2011-12-31": "3495.00000", "2010-12-31": "3595.70000", "2009-12-31": "3683.10000", "2008-12-31": "2697.80000", "2007-12-31": "2927.70000", "2006-12-31": "4646.90000", "2005-12-31": "4726.00000"}, "Comprehensive Income": {"2020-12-31": "", "2019-12-31": "341.70000", "2018-12-31": "-120.90000", "2017-12-31": "1282.20000", "2016-12-31": "933.40000", "2015-12-31": "800.40000", "2014-12-31": "1023.10000", "2013-12-31": "951.70000", "2012-12-31": "871.00000", "2011-12-31": "692.50000", "2010-12-31": "783.70000", "2009-12-31": "453.20000", "2008-12-31": "-51.90000", "2007-12-31": "492.80000", "2006-12-31": "604.30000", "2005-12-31": "398.70000"}, "Other Share Holders Equity": {"2020-12-31": "", "2019-12-31": "", "2018-12-31": "", "2017-12-31": "", "2016-12-31": "", "2015-12-31": "", "2014-12-31": "", "2013-12-31": "", "2012-12-31": "", "2011-12-31": "", "2010-12-31": "", "2009-12-31": "", "2008-12-31": "", "2007-12-31": "", "2006-12-31": "", "2005-12-31": "-62.70000"}, "Share Holder Equity": {"2020-12-31": "17038.60000", "2019-12-31": "13673.20000", "2018-12-31": "10821.80000", "2017-12-31": "9284.80000", "2016-12-31": "7957.10000", "2015-12-31": "7289.40000", "2014-12-31": "6928.60000", "2013-12-31": "6189.50000", "2012-12-31": "6007.00000", "2011-12-31": "5806.70000", "2010-12-31": "6048.90000", "2009-12-31": "5748.60000", "2008-12-31": "4215.30000", "2007-12-31": "4935.50000", "2006-12-31": "6846.60000", "2005-12-31": "6107.50000"}, "Total Liabilities And Share Holders Equity": {"2020-12-31": "64098.30000", "2019-12-31": "54895.30000", "2018-12-31": "46575.00000", "2017-12-31": "38701.20000", "2016-12-31": "33427.50000", "2015-12-31": "29819.30000", "2014-12-31": "25787.60000", "2013-12-31": "24408.20000", "2012-12-31": "22694.70000", "2011-12-31": "21844.80000", "2010-12-31": "21150.30000", "2009-12-31": "20049.30000", "2008-12-31": "18250.50000", "2007-12-31": "18843.10000", "2006-12-31": "19482.10000", "2005-12-31": "18898.60000"}}, "balance sheet, quarterly": {"Cash On Hand": {"2020-12-31": "", "2020-09-30": "91.10000", "2020-06-30": "109.10000", "2020-03-31": "370.40000", "2019-12-31": "227.40000", "2019-09-30": "46.20000", "2019-06-30": "92.90000", "2019-03-31": "158.70000", "2018-12-31": "75.00000", "2018-09-30": "122.70000", "2018-06-30": "157.70000", "2018-03-31": "196.60000", "2017-12-31": "275.30000", "2017-09-30": "256.30000", "2017-06-30": "161.80000", "2017-03-31": "215.00000", "2016-12-31": "226.40000", "2016-09-30": "165.70000", "2016-06-30": "134.70000", "2016-03-31": "209.90000", "2015-12-31": "224.40000", "2015-09-30": "194.50000", "2015-06-30": "263.80000", "2015-03-31": "101.50000", "2014-12-31": "108.40000", "2014-09-30": "90.60000", "2014-06-30": "126.10000", "2014-03-31": "96.70000", "2013-12-31": "75.10000", "2013-09-30": "100.90000", "2013-06-30": "96.90000", "2013-03-31": "110.20000", "2012-12-31": "179.10000", "2012-09-30": "192.20000", "2012-06-30": "165.50000", "2012-03-31": "156.00000", "2011-12-31": "155.70000", "2011-09-30": "170.30000", "2011-06-30": "149.70000", "2011-03-31": "155.50000", "2010-12-31": "158.90000", "2010-09-30": "155.00000", "2010-06-30": "153.80000", "2010-03-31": "155.10000", "2009-12-31": "160.70000", "2009-09-30": "172.50000", "2009-06-30": "160.70000", "2009-03-31": "134.50000", "2008-12-31": "2.90000", "2008-09-30": "6.60000", "2008-06-30": "9.90000", "2008-03-31": "8.50000", "2007-12-31": "5.80000", "2007-09-30": "7.70000", "2007-06-30": "14.00000", "2007-03-31": "9.90000", "2006-12-31": "5.60000", "2006-09-30": "14.50000", "2006-06-30": "17.60000", "2006-03-31": "10.60000", "2005-12-31": "5.60000", "2005-09-30": "6.90000", "2005-06-30": "19.80000", "2005-03-31": "16.80000"}, "Receivables": {"2020-12-31": "12179.50000", "2020-09-30": "12561.60000", "2020-06-30": "11211.70000", "2020-03-31": "11207.90000", "2019-12-31": "10886.20000", "2019-09-30": "10985.60000", "2019-06-30": "10218.60000", "2019-03-31": "10032.60000", "2018-12-31": "9193.20000", "2018-09-30": "9267.10000", "2018-06-30": "8640.90000", "2018-03-31": "8282.90000", "2017-12-31": "7695.90000", "2017-09-30": "8221.00000", "2017-06-30": "7118.40000", "2017-03-31": "6789.70000", "2016-12-31": "6394.00000", "2016-09-30": "6645.30000", "2016-06-30": "6191.90000", "2016-03-31": "5947.10000", "2015-12-31": "5476.50000", "2015-09-30": "5554.80000", "2015-06-30": "5269.60000", "2015-03-31": "5034.20000", "2014-12-31": "4769.40000", "2014-09-30": "4871.50000", "2014-06-30": "4701.30000", "2014-03-31": "4627.40000", "2013-12-31": "4400.90000", "2013-09-30": "4532.70000", "2013-06-30": "4364.10000", "2013-03-31": "4319.80000", "2012-12-31": "4084.70000", "2012-09-30": "4236.50000", "2012-06-30": "4066.80000", "2012-03-31": "3986.00000", "2011-12-31": "3747.80000", "2011-09-30": "3884.10000", "2011-06-30": "3758.30000", "2011-03-31": "3695.80000", "2010-12-31": "3479.90000", "2010-09-30": "3543.80000", "2010-06-30": "3442.00000", "2010-03-31": "3389.10000", "2009-12-31": "3019.60000", "2009-09-30": "2972.00000", "2009-06-30": "2833.70000", "2009-03-31": "2801.30000", "2008-12-31": "2697.10000", "2008-09-30": "2875.10000", "2008-06-30": "2824.10000", "2008-03-31": "2825.40000", "2007-12-31": "2730.20000", "2007-09-30": "2969.30000", "2007-06-30": "2997.80000", "2007-03-31": "3026.90000", "2006-12-31": "2932.00000", "2006-09-30": "3085.60000", "2006-06-30": "3052.00000", "2006-03-31": "3039.90000", "2005-12-31": "2906.40000", "2005-09-30": "3019.10000", "2005-06-30": "2917.70000", "2005-03-31": "2860.90000"}, "Inventory": {"2020-12-31": "", "2020-09-30": "", "2020-06-30": "", "2020-03-31": "", "2019-12-31": "", "2019-09-30": "", "2019-06-30": "", "2019-03-31": "", "2018-12-31": "", "2018-09-30": "", "2018-06-30": "", "2018-03-31": "", "2017-12-31": "", "2017-09-30": "", "2017-06-30": "", "2017-03-31": "", "2016-12-31": "", "2016-09-30": "", "2016-06-30": "", "2016-03-31": "", "2015-12-31": "", "2015-09-30": "", "2015-06-30": "", "2015-03-31": "", "2014-12-31": "", "2014-09-30": "", "2014-06-30": "", "2014-03-31": "", "2013-12-31": "", "2013-09-30": "", "2013-06-30": "", "2013-03-31": "", "2012-12-31": "", "2012-09-30": "", "2012-06-30": "", "2012-03-31": "", "2011-12-31": "", "2011-09-30": "", "2011-06-30": "", "2011-03-31": "", "2010-12-31": "", "2010-09-30": "", "2010-06-30": "", "2010-03-31": "", "2009-12-31": "", "2009-09-30": "", "2009-06-30": "", "2009-03-31": "", "2008-12-31": "", "2008-09-30": "", "2008-06-30": "", "2008-03-31": "", "2007-12-31": "", "2007-09-30": "", "2007-06-30": "", "2007-03-31": "", "2006-12-31": "", "2006-09-30": "", "2006-06-30": "", "2006-03-31": "", "2005-12-31": "", "2005-09-30": "", "2005-06-30": "", "2005-03-31": ""}, "Pre-Paid Expenses": {"2020-12-31": "", "2020-09-30": "", "2020-06-30": "", "2020-03-31": "", "2019-12-31": "", "2019-09-30": "", "2019-06-30": "", "2019-03-31": "", "2018-12-31": "", "2018-09-30": "", "2018-06-30": "", "2018-03-31": "", "2017-12-31": "", "2017-09-30": "", "2017-06-30": "", "2017-03-31": "", "2016-12-31": "", "2016-09-30": "", "2016-06-30": "", "2016-03-31": "", "2015-12-31": "", "2015-09-30": "", "2015-06-30": "", "2015-03-31": "", "2014-12-31": "", "2014-09-30": "", "2014-06-30": "", "2014-03-31": "", "2013-12-31": "", "2013-09-30": "", "2013-06-30": "", "2013-03-31": "", "2012-12-31": "", "2012-09-30": "", "2012-06-30": "", "2012-03-31": "", "2011-12-31": "", "2011-09-30": "", "2011-06-30": "", "2011-03-31": "", "2010-12-31": "", "2010-09-30": "", "2010-06-30": "", "2010-03-31": "", "2009-12-31": "", "2009-09-30": "", "2009-06-30": "", "2009-03-31": "", "2008-12-31": "", "2008-09-30": "", "2008-06-30": "", "2008-03-31": "", "2007-12-31": "", "2007-09-30": "", "2007-06-30": "", "2007-03-31": "", "2006-12-31": "", "2006-09-30": "", "2006-06-30": "", "2006-03-31": "", "2005-12-31": "", "2005-09-30": "", "2005-06-30": "", "2005-03-31": ""}, "Other Current Assets": {"2020-12-31": "", "2020-09-30": "", "2020-06-30": "", "2020-03-31": "", "2019-12-31": "", "2019-09-30": "", "2019-06-30": "", "2019-03-31": "", "2018-12-31": "", "2018-09-30": "", "2018-06-30": "", "2018-03-31": "", "2017-12-31": "", "2017-09-30": "", "2017-06-30": "", "2017-03-31": "", "2016-12-31": "", "2016-09-30": "", "2016-06-30": "", "2016-03-31": "", "2015-12-31": "", "2015-09-30": "", "2015-06-30": "", "2015-03-31": "", "2014-12-31": "", "2014-09-30": "", "2014-06-30": "", "2014-03-31": "", "2013-12-31": "", "2013-09-30": "", "2013-06-30": "", "2013-03-31": "", "2012-12-31": "", "2012-09-30": "", "2012-06-30": "", "2012-03-31": "", "2011-12-31": "", "2011-09-30": "", "2011-06-30": "", "2011-03-31": "", "2010-12-31": "", "2010-09-30": "", "2010-06-30": "", "2010-03-31": "", "2009-12-31": "", "2009-09-30": "", "2009-06-30": "", "2009-03-31": "", "2008-12-31": "", "2008-09-30": "", "2008-06-30": "", "2008-03-31": "", "2007-12-31": "", "2007-09-30": "", "2007-06-30": "", "2007-03-31": "", "2006-12-31": "", "2006-09-30": "", "2006-06-30": "", "2006-03-31": "", "2005-12-31": "", "2005-09-30": "", "2005-06-30": "", "2005-03-31": ""}, "Total Current Assets": {"2020-12-31": "12179.50000", "2020-09-30": "12652.70000", "2020-06-30": "11320.80000", "2020-03-31": "11578.30000", "2019-12-31": "11113.60000", "2019-09-30": "11031.80000", "2019-06-30": "10311.50000", "2019-03-31": "10191.30000", "2018-12-31": "9268.20000", "2018-09-30": "9389.80000", "2018-06-30": "8798.60100", "2018-03-31": "8479.50000", "2017-12-31": "7971.20000", "2017-09-30": "8477.30000", "2017-06-30": "7280.20000", "2017-03-31": "7004.70000", "2016-12-31": "6620.40000", "2016-09-30": "6811.00000", "2016-06-30": "6326.60100", "2016-03-31": "6157.00000", "2015-12-31": "5700.90000", "2015-09-30": "5749.30000", "2015-06-30": "5533.40000", "2015-03-31": "5135.70000", "2014-12-31": "4877.80000", "2014-09-30": "4962.10000", "2014-06-30": "4827.40000", "2014-03-31": "4724.10000", "2013-12-31": "4476.00000", "2013-09-30": "4633.60000", "2013-06-30": "4461.00000", "2013-03-31": "4430.00000", "2012-12-31": "4263.80000", "2012-09-30": "4428.70000", "2012-06-30": "4232.30000", "2012-03-31": "4142.00000", "2011-12-31": "3903.50000", "2011-09-30": "4054.40000", "2011-06-30": "3908.00000", "2011-03-31": "3851.30000", "2010-12-31": "3638.80000", "2010-09-30": "3698.80000", "2010-06-30": "3595.80000", "2010-03-31": "3544.20000", "2009-12-31": "3180.30000", "2009-09-30": "3144.50000", "2009-06-30": "2994.40000", "2009-03-31": "2935.80000", "2008-12-31": "2700.00000", "2008-09-30": "2881.70000", "2008-06-30": "2834.00000", "2008-03-31": "2833.90000", "2007-12-31": "2736.00000", "2007-09-30": "2977.00000", "2007-06-30": "3011.80000", "2007-03-31": "3036.80000", "2006-12-31": "2937.60000", "2006-09-30": "3100.10000", "2006-06-30": "3069.60000", "2006-03-31": "3050.50000", "2005-12-31": "2912.00000", "2005-09-30": "3026.00000", "2005-06-30": "2937.50000", "2005-03-31": "2877.70000"}, "Property, Plant, And Equipment": {"2020-12-31": "", "2020-09-30": "1181.60000", "2020-06-30": "1189.80000", "2020-03-31": "1215.10000", "2019-12-31": "1213.70000", "2019-09-30": "1214.20000", "2019-06-30": "1174.90000", "2019-03-31": "1127.30000", "2018-12-31": "1131.70000", "2018-09-30": "1139.30000", "2018-06-30": "1116.40000", "2018-03-31": "1112.00000", "2017-12-31": "1119.60000", "2017-09-30": "1129.40000", "2017-06-30": "1152.10000", "2017-03-31": "1166.00000", "2016-12-31": "1177.10000", "2016-09-30": "1115.00000", "2016-06-30": "1083.70000", "2016-03-31": "1061.90000", "2015-12-31": "1037.20000", "2015-09-30": "1024.10000", "2015-06-30": "1018.90000", "2015-03-31": "957.50000", "2014-12-31": "960.60000", "2014-09-30": "954.00000", "2014-06-30": "952.50000", "2014-03-31": "950.00000", "2013-12-31": "960.90000", "2013-09-30": "955.30000", "2013-06-30": "950.60000", "2013-03-31": "935.90000", "2012-12-31": "933.70000", "2012-09-30": "918.20000", "2012-06-30": "914.30000", "2012-03-31": "916.40000", "2011-12-31": "911.30000", "2011-09-30": "910.90000", "2011-06-30": "917.10000", "2011-03-31": "927.40000", "2010-12-31": "932.60000", "2010-09-30": "932.00000", "2010-06-30": "947.70000", "2010-03-31": "956.30000", "2009-12-31": "961.30000", "2009-09-30": "974.10000", "2009-06-30": "989.90000", "2009-03-31": "997.50000", "2008-12-31": "997.10000", "2008-09-30": "1001.50000", "2008-06-30": "1002.70000", "2008-03-31": "1000.60000", "2007-12-31": "1000.40000", "2007-09-30": "990.10000", "2007-06-30": "987.40000", "2007-03-31": "979.70000", "2006-12-31": "973.40000", "2006-09-30": "941.60000", "2006-06-30": "902.70000", "2006-03-31": "822.50000", "2005-12-31": "758.70000", "2005-09-30": "695.80000", "2005-06-30": "704.30000", "2005-03-31": "660.90000"}, "Long-Term Investments": {"2020-12-31": "47530.30000", "2020-09-30": "45945.80000", "2020-06-30": "43968.70000", "2020-03-31": "40513.90000", "2019-12-31": "39435.60000", "2019-09-30": "38756.20000", "2019-06-30": "37002.10000", "2019-03-31": "34684.60000", "2018-12-31": "33758.20000", "2018-09-30": "32510.10000", "2018-06-30": "31067.50000", "2018-03-31": "29390.80000", "2017-12-31": "27394.40000", "2017-09-30": "27107.70000", "2017-06-30": "26090.50000", "2017-03-31": "24413.10000", "2016-12-31": "23586.50000", "2016-09-30": "23618.50000", "2016-06-30": "22473.70000", "2016-03-31": "21424.10000", "2015-12-31": "21039.50000", "2015-09-30": "21117.20000", "2015-06-30": "20677.80000", "2015-03-31": "19915.30000", "2014-12-31": "19105.30000", "2014-09-30": "19165.10000", "2014-06-30": "18842.10000", "2014-03-31": "17478.00000", "2013-12-31": "18144.50000", "2013-09-30": "18087.40000", "2013-06-30": "17576.80000", "2013-03-31": "17387.00000", "2012-12-31": "16565.50000", "2012-09-30": "17265.10000", "2012-06-30": "16705.90000", "2012-03-31": "16498.50000", "2011-12-31": "16068.70000", "2011-09-30": "16086.10000", "2011-06-30": "16133.90000", "2011-03-31": "15888.80000", "2010-12-31": "15632.70000", "2010-09-30": "16483.30000", "2010-06-30": "15938.90000", "2010-03-31": "15677.90000", "2009-12-31": "14823.80000", "2009-09-30": "14772.80000", "2009-06-30": "13725.00000", "2009-03-31": "12881.30000", "2008-12-31": "13103.80000", "2008-09-30": "12865.00000", "2008-06-30": "14099.10000", "2008-03-31": "14005.50000", "2007-12-31": "14307.20000", "2007-09-30": "14958.00000", "2007-06-30": "16325.30000", "2007-03-31": "15249.40000", "2006-12-31": "14823.60000", "2006-09-30": "15009.00000", "2006-06-30": "14798.60000", "2006-03-31": "14657.10000", "2005-12-31": "14407.80000", "2005-09-30": "14645.70000", "2005-06-30": "14100.50000", "2005-03-31": "13505.30000"}, "Goodwill And Intangible Assets": {"2020-12-31": "624.10000", "2020-09-30": "638.20000", "2020-06-30": "652.40000", "2020-03-31": "666.50000", "2019-12-31": "681.00000", "2019-09-30": "695.60000", "2019-06-30": "711.40000", "2019-03-31": "729.40000", "2018-12-31": "747.30000", "2018-09-30": "765.30000", "2018-06-30": "783.30000", "2018-03-31": "801.30000", "2017-12-31": "819.30000", "2017-09-30": "837.30000", "2017-06-30": "854.50000", "2017-03-31": "866.70000", "2016-12-31": "882.20000", "2016-09-30": "897.70000", "2016-06-30": "913.20000", "2016-03-31": "927.00000", "2015-12-31": "942.50000", "2015-09-30": "956.90000", "2015-06-30": "998.90000", "2015-03-31": "12.90000", "2014-12-31": "12.90000", "2014-09-30": "12.90000", "2014-06-30": "12.90000", "2014-03-31": "", "2013-12-31": "", "2013-09-30": "", "2013-06-30": "", "2013-03-31": "", "2012-12-31": "", "2012-09-30": "", "2012-06-30": "", "2012-03-31": "", "2011-12-31": "", "2011-09-30": "", "2011-06-30": "", "2011-03-31": "", "2010-12-31": "", "2010-09-30": "", "2010-06-30": "", "2010-03-31": "", "2009-12-31": "", "2009-09-30": "", "2009-06-30": "", "2009-03-31": "", "2008-12-31": "", "2008-09-30": "", "2008-06-30": "", "2008-03-31": "", "2007-12-31": "", "2007-09-30": "", "2007-06-30": "", "2007-03-31": "", "2006-12-31": "", "2006-09-30": "", "2006-06-30": "", "2006-03-31": "", "2005-12-31": "", "2005-09-30": "", "2005-06-30": "", "2005-03-31": ""}, "Other Long-Term Assets": {"2020-12-31": "2527.20000", "2020-09-30": "1207.50000", "2020-06-30": "1119.60000", "2020-03-31": "1161.00000", "2019-12-31": "1394.90000", "2019-09-30": "1216.60000", "2019-06-30": "1076.90000", "2019-03-31": "1118.60000", "2018-12-31": "674.80000", "2018-09-30": "776.50000", "2018-06-30": "702.00000", "2018-03-31": "705.00000", "2017-12-31": "616.20000", "2017-09-30": "598.30000", "2017-06-30": "585.30000", "2017-03-31": "680.50000", "2016-12-31": "510.10000", "2016-09-30": "503.20000", "2016-06-30": "515.80000", "2016-03-31": "551.60000", "2015-12-31": "535.10000", "2015-09-30": "496.70000", "2015-06-30": "507.00000", "2015-03-31": "375.30000", "2014-12-31": "373.80000", "2014-09-30": "343.60000", "2014-06-30": "338.80000", "2014-03-31": "696.40000", "2013-12-31": "379.20000", "2013-09-30": "330.50000", "2013-06-30": "317.40000", "2013-03-31": "289.30000", "2012-12-31": "497.20000", "2012-09-30": "413.40000", "2012-06-30": "414.10000", "2012-03-31": "351.30000", "2011-12-31": "527.70000", "2011-09-30": "634.80000", "2011-06-30": "397.00000", "2011-03-31": "420.90000", "2010-12-31": "529.00000", "2010-09-30": "460.00000", "2010-06-30": "571.10000", "2010-03-31": "441.60000", "2009-12-31": "681.70000", "2009-09-30": "722.40000", "2009-06-30": "942.00000", "2009-03-31": "973.10000", "2008-12-31": "1035.60000", "2008-09-30": "1442.60000", "2008-06-30": "532.40000", "2008-03-31": "442.70000", "2007-12-31": "373.20000", "2007-09-30": "279.30000", "2007-06-30": "287.80000", "2007-03-31": "292.50000", "2006-12-31": "306.50000", "2006-09-30": "318.20000", "2006-06-30": "353.70000", "2006-03-31": "266.60000", "2005-12-31": "375.30000", "2005-09-30": "310.10000", "2005-06-30": "248.20000", "2005-03-31": "228.70000"}, "Total Long-Term Assets": {"2020-12-31": "51918.80000", "2020-09-30": "50238.10000", "2020-06-30": "48085.30000", "2020-03-31": "44686.90000", "2019-12-31": "43781.70000", "2019-09-30": "42976.30000", "2019-06-30": "41012.70000", "2019-03-31": "38659.00000", "2018-12-31": "37306.80000", "2018-09-30": "36153.90000", "2018-06-30": "34564.90000", "2018-03-31": "32851.40000", "2017-12-31": "30730.00000", "2017-09-30": "30455.30000", "2017-06-30": "29409.60000", "2017-03-31": "27805.80000", "2016-12-31": "26807.10000", "2016-09-30": "26809.80000", "2016-06-30": "25631.60000", "2016-03-31": "24564.60000", "2015-12-31": "24118.40000", "2015-09-30": "24185.70000", "2015-06-30": "23770.80000", "2015-03-31": "21745.00000", "2014-12-31": "20909.80000", "2014-09-30": "20963.90000", "2014-06-30": "20625.30000", "2014-03-31": "19591.30000", "2013-12-31": "19932.20000", "2013-09-30": "19875.30000", "2013-06-30": "19380.80000", "2013-03-31": "19113.50000", "2012-12-31": "18430.90000", "2012-09-30": "19058.50000", "2012-06-30": "18486.70000", "2012-03-31": "18207.90000", "2011-12-31": "17941.30000", "2011-09-30": "18089.90000", "2011-06-30": "17899.60000", "2011-03-31": "17674.80000", "2010-12-31": "17511.50000", "2010-09-30": "18325.80000", "2010-06-30": "17900.80000", "2010-03-31": "17504.70000", "2009-12-31": "16869.00000", "2009-09-30": "16902.90000", "2009-06-30": "16093.20000", "2009-03-31": "15279.30000", "2008-12-31": "15550.50000", "2008-09-30": "15757.90000", "2008-06-30": "16080.40000", "2008-03-31": "15882.90000", "2007-12-31": "16107.10000", "2007-09-30": "16688.50000", "2007-06-30": "18061.80000", "2007-03-31": "16974.90000", "2006-12-31": "16544.50000", "2006-09-30": "16746.10000", "2006-06-30": "16533.00000", "2006-03-31": "16207.70000", "2005-12-31": "15986.60000", "2005-09-30": "16129.10000", "2005-06-30": "15521.70000", "2005-03-31": "14845.50000"}, "Total Assets": {"2020-12-31": "64098.30000", "2020-09-30": "62890.80000", "2020-06-30": "59406.10000", "2020-03-31": "56265.20000", "2019-12-31": "54895.30000", "2019-09-30": "54008.10000", "2019-06-30": "51324.20000", "2019-03-31": "48850.30000", "2018-12-31": "46575.00000", "2018-09-30": "45543.70000", "2018-06-30": "43363.50000", "2018-03-31": "41330.90000", "2017-12-31": "38701.20000", "2017-09-30": "38932.60000", "2017-06-30": "36689.80000", "2017-03-31": "34810.50000", "2016-12-31": "33427.50000", "2016-09-30": "33620.80000", "2016-06-30": "31958.20000", "2016-03-31": "30721.60000", "2015-12-31": "29819.30000", "2015-09-30": "29935.00000", "2015-06-30": "29304.20000", "2015-03-31": "26880.70000", "2014-12-31": "25787.60000", "2014-09-30": "25926.00000", "2014-06-30": "25452.70000", "2014-03-31": "24315.40000", "2013-12-31": "24408.20000", "2013-09-30": "24508.90000", "2013-06-30": "23841.80000", "2013-03-31": "23543.50000", "2012-12-31": "22694.70000", "2012-09-30": "23487.20000", "2012-06-30": "22719.00000", "2012-03-31": "22349.90000", "2011-12-31": "21844.80000", "2011-09-30": "22144.30000", "2011-06-30": "21807.60000", "2011-03-31": "21526.10000", "2010-12-31": "21150.30000", "2010-09-30": "22024.60000", "2010-06-30": "21496.60000", "2010-03-31": "21048.90000", "2009-12-31": "20049.30000", "2009-09-30": "20047.40000", "2009-06-30": "19087.60000", "2009-03-31": "18215.10000", "2008-12-31": "18250.50000", "2008-09-30": "18639.60000", "2008-06-30": "18914.40000", "2008-03-31": "18716.80000", "2007-12-31": "18843.10000", "2007-09-30": "19665.50000", "2007-06-30": "21073.60000", "2007-03-31": "20011.70000", "2006-12-31": "19482.10000", "2006-09-30": "19846.20000", "2006-06-30": "19602.60000", "2006-03-31": "19258.20000", "2005-12-31": "18898.60000", "2005-09-30": "19155.10000", "2005-06-30": "18459.20000", "2005-03-31": "17723.20000"}, "Total Current Liabilities": {"2020-12-31": "36397.80000", "2020-09-30": "39194.30000", "2020-06-30": "37143.70000", "2020-03-31": "36294.10000", "2019-12-31": "36456.90000", "2019-09-30": "35119.40000", "2019-06-30": "33232.80000", "2019-03-31": "32074.50000", "2018-12-31": "31133.80000", "2018-09-30": "29554.10000", "2018-06-30": "28239.00000", "2018-03-31": "26581.10000", "2017-12-31": "25471.40000", "2017-09-30": "25631.30000", "2017-06-30": "23621.30000", "2017-03-31": "22513.30000", "2016-12-31": "21727.20000", "2016-09-30": "21742.80000", "2016-06-30": "20851.10000", "2016-03-31": "19878.80000", "2015-12-31": "19247.80000", "2015-09-30": "19230.10000", "2015-06-30": "18596.00000", "2015-03-31": "17021.50000", "2014-12-31": "16595.40000", "2014-09-30": "16769.00000", "2014-06-30": "16356.70000", "2014-03-31": "15964.40000", "2013-12-31": "16329.40000", "2013-09-30": "15705.70000", "2013-06-30": "15254.00000", "2013-03-31": "15090.20000", "2012-12-31": "14624.60000", "2012-09-30": "14869.90000", "2012-06-30": "14369.60000", "2012-03-31": "14019.50000", "2011-12-31": "13596.00000", "2011-09-30": "13884.10000", "2011-06-30": "13499.00000", "2011-03-31": "13246.80000", "2010-12-31": "13143.20000", "2010-09-30": "13353.60000", "2010-06-30": "13013.90000", "2010-03-31": "12659.70000", "2009-12-31": "12123.50000", "2009-09-30": "12374.20000", "2009-06-30": "11986.20000", "2009-03-31": "11735.90000", "2008-12-31": "11859.70000", "2008-09-30": "12203.90000", "2008-06-30": "11934.20000", "2008-03-31": "11792.90000", "2007-12-31": "11733.70000", "2007-09-30": "12097.20000", "2007-06-30": "13341.40000", "2007-03-31": "11752.10000", "2006-12-31": "11450.00000", "2006-09-30": "11946.70000", "2006-06-30": "11995.10000", "2006-03-31": "11600.60000", "2005-12-31": "11506.20000", "2005-09-30": "12059.80000", "2005-06-30": "11489.30000", "2005-03-31": "11098.50000"}, "Long Term Debt": {"2020-12-31": "5396.10000", "2020-09-30": "5395.40000", "2020-06-30": "5394.70000", "2020-03-31": "5394.00000", "2019-12-31": "4407.10000", "2019-09-30": "4406.50000", "2019-06-30": "4406.00000", "2019-03-31": "4405.40000", "2018-12-31": "4404.90000", "2018-09-30": "3859.90000", "2018-06-30": "3859.50000", "2018-03-31": "3859.20000", "2017-12-31": "3306.30000", "2017-09-30": "3312.20000", "2017-06-30": "3383.40000", "2017-03-31": "3111.70000", "2016-12-31": "3148.20000", "2016-09-30": "3153.90000", "2016-06-30": "2664.10000", "2016-03-31": "2701.60000", "2015-12-31": "2707.90000", "2015-09-30": "2714.30000", "2015-06-30": "2739.00000", "2015-03-31": "2560.10000", "2014-12-31": "2164.70000", "2014-09-30": "2164.30000", "2014-06-30": "2208.00000", "2014-03-31": "1861.30000", "2013-12-31": "1860.90000", "2013-09-30": "2010.60000", "2013-06-30": "2063.90000", "2013-03-31": "2063.50000", "2012-12-31": "2063.10000", "2012-09-30": "2062.70000", "2012-06-30": "2062.80000", "2012-03-31": "2080.00000", "2011-12-31": "2442.10000", "2011-09-30": "2443.90000", "2011-06-30": "1959.10000", "2011-03-31": "1958.70000", "2010-12-31": "1958.20000", "2010-09-30": "1957.80000", "2010-06-30": "2178.10000", "2010-03-31": "2177.70000", "2009-12-31": "2177.20000", "2009-09-30": "2176.80000", "2009-06-30": "2176.40000", "2009-03-31": "2175.90000", "2008-12-31": "2175.50000", "2008-09-30": "2175.10000", "2008-06-30": "2174.70000", "2008-03-31": "2174.30000", "2007-12-31": "2173.90000", "2007-09-30": "2173.50000", "2007-06-30": "2173.10000", "2007-03-31": "1185.70000", "2006-12-31": "1185.50000", "2006-09-30": "1185.40000", "2006-06-30": "1185.20000", "2006-03-31": "1285.00000", "2005-12-31": "1284.90000", "2005-09-30": "1284.80000", "2005-06-30": "1284.60000", "2005-03-31": "1284.50000"}, "Other Non-Current Liabilities": {"2020-12-31": "5265.80000", "2020-09-30": "", "2020-06-30": "", "2020-03-31": "", "2019-12-31": "", "2019-09-30": "", "2019-06-30": "", "2019-03-31": "", "2018-12-31": "", "2018-09-30": "", "2018-06-30": "", "2018-03-31": "", "2017-12-31": "", "2017-09-30": "", "2017-06-30": "", "2017-03-31": "", "2016-12-31": "", "2016-09-30": "", "2016-06-30": "", "2016-03-31": "", "2015-12-31": "", "2015-09-30": "", "2015-06-30": "", "2015-03-31": "", "2014-12-31": "", "2014-09-30": "", "2014-06-30": "", "2014-03-31": "", "2013-12-31": "", "2013-09-30": "", "2013-06-30": "", "2013-03-31": "", "2012-12-31": "", "2012-09-30": "", "2012-06-30": "", "2012-03-31": "", "2011-12-31": "", "2011-09-30": "", "2011-06-30": "", "2011-03-31": "", "2010-12-31": "", "2010-09-30": "", "2010-06-30": "", "2010-03-31": "", "2009-12-31": "", "2009-09-30": "", "2009-06-30": "", "2009-03-31": "", "2008-12-31": "", "2008-09-30": "", "2008-06-30": "", "2008-03-31": "", "2007-12-31": "", "2007-09-30": "", "2007-06-30": "", "2007-03-31": "", "2006-12-31": "", "2006-09-30": "", "2006-06-30": "", "2006-03-31": "", "2005-12-31": "", "2005-09-30": "", "2005-06-30": "", "2005-03-31": ""}, "Total Long Term Liabilities": {"2020-12-31": "10661.90000", "2020-09-30": "5609.30000", "2020-06-30": "5591.80000", "2020-03-31": "5619.60000", "2019-12-31": "4765.20000", "2019-09-30": "4765.40000", "2019-06-30": "4760.60000", "2019-03-31": "4665.10000", "2018-12-31": "4619.40000", "2018-09-30": "4130.80000", "2018-06-30": "4123.70000", "2018-03-31": "4426.60000", "2017-12-31": "3945.00000", "2017-09-30": "4011.90000", "2017-06-30": "4077.00000", "2017-03-31": "3774.30000", "2016-12-31": "3743.20000", "2016-09-30": "3783.30000", "2016-06-30": "3271.60000", "2016-03-31": "3282.90000", "2015-12-31": "3282.10000", "2015-09-30": "3242.90000", "2015-06-30": "3348.40000", "2015-03-31": "2657.30000", "2014-12-31": "2263.60000", "2014-09-30": "2221.70000", "2014-06-30": "2306.80000", "2014-03-31": "1912.40000", "2013-12-31": "1889.30000", "2013-09-30": "2010.60000", "2013-06-30": "2063.90000", "2013-03-31": "2063.50000", "2012-12-31": "2063.10000", "2012-09-30": "2062.70000", "2012-06-30": "2062.80000", "2012-03-31": "2080.00000", "2011-12-31": "2442.10000", "2011-09-30": "2443.90000", "2011-06-30": "1959.10000", "2011-03-31": "1958.70000", "2010-12-31": "1958.20000", "2010-09-30": "1957.80000", "2010-06-30": "2178.10000", "2010-03-31": "2177.70000", "2009-12-31": "2177.20000", "2009-09-30": "2176.80000", "2009-06-30": "2176.40000", "2009-03-31": "2175.90000", "2008-12-31": "2175.50000", "2008-09-30": "2175.10000", "2008-06-30": "2174.70000", "2008-03-31": "2174.30000", "2007-12-31": "2173.90000", "2007-09-30": "2224.40000", "2007-06-30": "2229.30000", "2007-03-31": "1329.00000", "2006-12-31": "1185.50000", "2006-09-30": "1185.40000", "2006-06-30": "1185.20000", "2006-03-31": "1333.30000", "2005-12-31": "1284.90000", "2005-09-30": "1284.80000", "2005-06-30": "1379.40000", "2005-03-31": "1329.90000"}, "Total Liabilities": {"2020-12-31": "47059.70000", "2020-09-30": "44803.60000", "2020-06-30": "42735.50000", "2020-03-31": "41913.70000", "2019-12-31": "41222.10000", "2019-09-30": "39884.80000", "2019-06-30": "37993.40000", "2019-03-31": "36739.60000", "2018-12-31": "35753.20000", "2018-09-30": "33684.90000", "2018-06-30": "32362.70000", "2018-03-31": "31007.70000", "2017-12-31": "29416.40000", "2017-09-30": "29643.20000", "2017-06-30": "27698.30000", "2017-03-31": "26287.60000", "2016-12-31": "25470.40000", "2016-09-30": "25526.10000", "2016-06-30": "24122.70000", "2016-03-31": "23161.70000", "2015-12-31": "22529.90000", "2015-09-30": "22473.00000", "2015-06-30": "21944.40000", "2015-03-31": "19678.80000", "2014-12-31": "18859.00000", "2014-09-30": "18990.70000", "2014-06-30": "18663.50000", "2014-03-31": "17876.80000", "2013-12-31": "18218.70000", "2013-09-30": "17716.30000", "2013-06-30": "17317.90000", "2013-03-31": "17153.70000", "2012-12-31": "16687.70000", "2012-09-30": "16932.60000", "2012-06-30": "16432.40000", "2012-03-31": "16099.50000", "2011-12-31": "16038.10000", "2011-09-30": "16328.00000", "2011-06-30": "15458.10000", "2011-03-31": "15205.50000", "2010-12-31": "15101.40000", "2010-09-30": "15311.40000", "2010-06-30": "15192.00000", "2010-03-31": "14837.40000", "2009-12-31": "14300.70000", "2009-09-30": "14551.00000", "2009-06-30": "14162.60000", "2009-03-31": "13911.80000", "2008-12-31": "14035.20000", "2008-09-30": "14379.00000", "2008-06-30": "14108.90000", "2008-03-31": "13967.20000", "2007-12-31": "13907.60000", "2007-09-30": "14321.60000", "2007-06-30": "15570.70000", "2007-03-31": "13081.10000", "2006-12-31": "12635.50000", "2006-09-30": "13132.10000", "2006-06-30": "13180.30000", "2006-03-31": "12933.90000", "2005-12-31": "12791.10000", "2005-09-30": "13344.60000", "2005-06-30": "12868.70000", "2005-03-31": "12428.40000"}, "Common Stock Net": {"2020-12-31": "", "2020-09-30": "585.60000", "2020-06-30": "585.40000", "2020-03-31": "585.30000", "2019-12-31": "584.60000", "2019-09-30": "584.60000", "2019-06-30": "584.10000", "2019-03-31": "584.00000", "2018-12-31": "583.20000", "2018-09-30": "583.10000", "2018-06-30": "582.50000", "2018-03-31": "582.40000", "2017-12-31": "581.70000", "2017-09-30": "581.60000", "2017-06-30": "581.00000", "2017-03-31": "580.90000", "2016-12-31": "579.90000", "2016-09-30": "580.80000", "2016-06-30": "581.90000", "2016-03-31": "583.00000", "2015-12-31": "583.60000", "2015-09-30": "584.60000", "2015-06-30": "585.90000", "2015-03-31": "587.30000", "2014-12-31": "587.80000", "2014-09-30": "589.20000", "2014-06-30": "591.50000", "2014-03-31": "593.10000", "2013-12-31": "595.80000", "2013-09-30": "600.00000", "2013-06-30": "600.40000", "2013-03-31": "603.20000", "2012-12-31": "604.60000", "2012-09-30": "604.70000", "2012-06-30": "609.20000", "2012-03-31": "611.20000", "2011-12-31": "613.00000", "2011-09-30": "620.60000", "2011-06-30": "642.70000", "2011-03-31": "655.70000", "2010-12-31": "662.40000", "2010-09-30": "663.40000", "2010-06-30": "667.60000", "2010-03-31": "670.50000", "2009-12-31": "672.60000", "2009-09-30": "676.20000", "2009-06-30": "680.00000", "2009-03-31": "680.70000", "2008-12-31": "676.50000", "2008-09-30": "675.60000", "2008-06-30": "675.40000", "2008-03-31": "677.50000", "2007-12-31": "680.20000", "2007-09-30": "698.10000", "2007-06-30": "724.10000", "2007-03-31": "736.20000", "2006-12-31": "748.00000", "2006-09-30": "761.70000", "2006-06-30": "775.20000", "2006-03-31": "195.90000", "2005-12-31": "197.30000", "2005-09-30": "197.10000", "2005-06-30": "197.70000", "2005-03-31": "199.60000"}, "Retained Earnings (Accumulated Deficit)": {"2020-12-31": "", "2020-09-30": "14427.70000", "2020-06-30": "13001.80000", "2020-03-31": "11266.20000", "2019-12-31": "10679.60000", "2019-09-30": "10995.20000", "2019-06-30": "10276.40000", "2019-03-31": "9358.10000", "2018-12-31": "8386.60000", "2018-09-30": "9602.10000", "2018-06-30": "8720.40000", "2018-03-31": "8017.90000", "2017-12-31": "6031.70000", "2017-09-30": "6116.50000", "2017-06-30": "5908.80000", "2017-03-31": "5543.40000", "2016-12-31": "5140.40000", "2016-09-30": "5183.10000", "2016-06-30": "5031.20000", "2016-03-31": "4877.60000", "2015-12-31": "4686.60000", "2015-09-30": "4910.90000", "2015-06-30": "4694.90000", "2015-03-31": "4368.60000", "2014-12-31": "4133.40000", "2014-09-30": "4203.50000", "2014-06-30": "3989.50000", "2014-03-31": "3735.20000", "2013-12-31": "3500.00000", "2013-09-30": "4198.70000", "2013-06-30": "4000.00000", "2013-03-31": "3720.00000", "2012-12-31": "3454.40000", "2012-09-30": "3996.20000", "2012-06-30": "3794.30000", "2012-03-31": "3715.00000", "2011-12-31": "3495.00000", "2011-09-30": "3632.40000", "2011-06-30": "3835.60000", "2011-03-31": "3839.20000", "2010-12-31": "3595.70000", "2010-09-30": "4273.60000", "2010-06-30": "4097.90000", "2010-03-31": "3942.50000", "2009-12-31": "3683.10000", "2009-09-30": "3561.90000", "2009-06-30": "3353.30000", "2009-03-31": "2925.00000", "2008-12-31": "2697.80000", "2008-09-30": "2540.60000", "2008-06-30": "3224.80000", "2008-03-31": "3063.00000", "2007-12-31": "2927.70000", "2007-09-30": "3110.50000", "2007-06-30": "3278.20000", "2007-03-31": "4714.60000", "2006-12-31": "4646.90000", "2006-09-30": "4587.00000", "2006-06-30": "4506.10000", "2006-03-31": "4937.80000", "2005-12-31": "4726.00000", "2005-09-30": "4461.70000", "2005-06-30": "4241.90000", "2005-03-31": "4061.40000"}, "Comprehensive Income": {"2020-12-31": "", "2020-09-30": "950.60000", "2020-06-30": "975.00000", "2020-03-31": "404.20000", "2019-12-31": "341.70000", "2019-09-30": "510.50000", "2019-06-30": "453.10000", "2019-03-31": "178.10000", "2018-12-31": "-120.90000", "2018-09-30": "-263.70000", "2018-06-30": "-221.90000", "2018-03-31": "-172.60000", "2017-12-31": "1282.20000", "2017-09-30": "1226.20000", "2017-06-30": "1150.70000", "2017-03-31": "1067.50000", "2016-12-31": "933.40000", "2016-09-30": "1046.10000", "2016-06-30": "957.80000", "2016-03-31": "868.00000", "2015-12-31": "800.40000", "2015-09-30": "769.20000", "2015-06-30": "902.00000", "2015-03-31": "1049.30000", "2014-12-31": "1023.10000", "2014-09-30": "972.70000", "2014-06-30": "1038.90000", "2014-03-31": "951.30000", "2013-12-31": "951.70000", "2013-09-30": "870.90000", "2013-06-30": "814.20000", "2013-03-31": "969.70000", "2012-12-31": "871.00000", "2012-09-30": "905.10000", "2012-06-30": "842.70000", "2012-03-31": "894.80000", "2011-12-31": "692.50000", "2011-09-30": "576.60000", "2011-06-30": "863.50000", "2011-03-31": "812.70000", "2010-12-31": "783.70000", "2010-09-30": "799.20000", "2010-06-30": "574.60000", "2010-03-31": "648.60000", "2009-12-31": "453.20000", "2009-09-30": "336.10000", "2009-06-30": "-22.50000", "2009-03-31": "-203.70000", "2008-12-31": "-51.90000", "2008-09-30": "169.50000", "2008-06-30": "41.70000", "2008-03-31": "162.80000", "2007-12-31": "492.80000", "2007-09-30": "701.10000", "2007-06-30": "647.30000", "2007-03-31": "629.50000", "2006-12-31": "604.30000", "2006-09-30": "528.20000", "2006-06-30": "313.20000", "2006-03-31": "375.70000", "2005-12-31": "398.70000", "2005-09-30": "390.00000", "2005-06-30": "407.80000", "2005-03-31": "310.00000"}, "Other Share Holders Equity": {"2020-12-31": "", "2020-09-30": "", "2020-06-30": "", "2020-03-31": "", "2019-12-31": "", "2019-09-30": "", "2019-06-30": "", "2019-03-31": "", "2018-12-31": "", "2018-09-30": "", "2018-06-30": "", "2018-03-31": "", "2017-12-31": "", "2017-09-30": "", "2017-06-30": "", "2017-03-31": "", "2016-12-31": "", "2016-09-30": "", "2016-06-30": "", "2016-03-31": "", "2015-12-31": "", "2015-09-30": "", "2015-06-30": "", "2015-03-31": "", "2014-12-31": "", "2014-09-30": "", "2014-06-30": "", "2014-03-31": "", "2013-12-31": "", "2013-09-30": "", "2013-06-30": "", "2013-03-31": "", "2012-12-31": "", "2012-09-30": "", "2012-06-30": "", "2012-03-31": "", "2011-12-31": "", "2011-09-30": "", "2011-06-30": "", "2011-03-31": "", "2010-12-31": "", "2010-09-30": "", "2010-06-30": "", "2010-03-31": "", "2009-12-31": "", "2009-09-30": "", "2009-06-30": "", "2009-03-31": "", "2008-12-31": "", "2008-09-30": "", "2008-06-30": "", "2008-03-31": "", "2007-12-31": "", "2007-09-30": "", "2007-06-30": "", "2007-03-31": "", "2006-12-31": "", "2006-09-30": "", "2006-06-30": "", "2006-03-31": "", "2005-12-31": "-62.70000", "2005-09-30": "-68.90000", "2005-06-30": "-75.70000", "2005-03-31": "-82.00000"}, "Share Holder Equity": {"2020-12-31": "17038.60000", "2020-09-30": "18087.20000", "2020-06-30": "16670.60000", "2020-03-31": "14351.50000", "2019-12-31": "13673.20000", "2019-09-30": "14123.30000", "2019-06-30": "13330.80000", "2019-03-31": "12110.70000", "2018-12-31": "10821.80000", "2018-09-30": "11858.80000", "2018-06-30": "11000.80000", "2018-03-31": "10323.20000", "2017-12-31": "9284.80000", "2017-09-30": "9289.40000", "2017-06-30": "8991.50000", "2017-03-31": "8522.90000", "2016-12-31": "7957.10000", "2016-09-30": "8094.70000", "2016-06-30": "7835.50000", "2016-03-31": "7559.90000", "2015-12-31": "7289.40000", "2015-09-30": "7462.00000", "2015-06-30": "7359.80000", "2015-03-31": "7201.90000", "2014-12-31": "6928.60000", "2014-09-30": "6935.30000", "2014-06-30": "6789.20000", "2014-03-31": "6438.60000", "2013-12-31": "6189.50000", "2013-09-30": "6792.60000", "2013-06-30": "6523.90000", "2013-03-31": "6389.80000", "2012-12-31": "6007.00000", "2012-09-30": "6554.60000", "2012-06-30": "6286.60000", "2012-03-31": "6250.40000", "2011-12-31": "5806.70000", "2011-09-30": "5816.30000", "2011-06-30": "6349.50000", "2011-03-31": "6320.60000", "2010-12-31": "6048.90000", "2010-09-30": "6713.20000", "2010-06-30": "6304.60000", "2010-03-31": "6211.50000", "2009-12-31": "5748.60000", "2009-09-30": "5496.40000", "2009-06-30": "4925.00000", "2009-03-31": "4303.30000", "2008-12-31": "4215.30000", "2008-09-30": "4260.60000", "2008-06-30": "4805.50000", "2008-03-31": "4749.60000", "2007-12-31": "4935.50000", "2007-09-30": "5343.90000", "2007-06-30": "5502.90000", "2007-03-31": "6930.60000", "2006-12-31": "6846.60000", "2006-09-30": "6714.10000", "2006-06-30": "6422.30000", "2006-03-31": "6324.30000", "2005-12-31": "6107.50000", "2005-09-30": "5810.50000", "2005-06-30": "5590.50000", "2005-03-31": "5294.80000"}, "Total Liabilities And Share Holders Equity": {"2020-12-31": "64098.30000", "2020-09-30": "62890.80000", "2020-06-30": "59406.10000", "2020-03-31": "56265.20000", "2019-12-31": "54895.30000", "2019-09-30": "54008.10000", "2019-06-30": "51324.20000", "2019-03-31": "48850.30000", "2018-12-31": "46575.00000", "2018-09-30": "45543.70000", "2018-06-30": "43363.50000", "2018-03-31": "41330.90000", "2017-12-31": "38701.20000", "2017-09-30": "38932.60000", "2017-06-30": "36689.80000", "2017-03-31": "34810.50000", "2016-12-31": "33427.50000", "2016-09-30": "33620.80000", "2016-06-30": "31958.20000", "2016-03-31": "30721.60000", "2015-12-31": "29819.30000", "2015-09-30": "29935.00000", "2015-06-30": "29304.20000", "2015-03-31": "26880.70000", "2014-12-31": "25787.60000", "2014-09-30": "25926.00000", "2014-06-30": "25452.70000", "2014-03-31": "24315.40000", "2013-12-31": "24408.20000", "2013-09-30": "24508.90000", "2013-06-30": "23841.80000", "2013-03-31": "23543.50000", "2012-12-31": "22694.70000", "2012-09-30": "23487.20000", "2012-06-30": "22719.00000", "2012-03-31": "22349.90000", "2011-12-31": "21844.80000", "2011-09-30": "22144.30000", "2011-06-30": "21807.60000", "2011-03-31": "21526.10000", "2010-12-31": "21150.30000", "2010-09-30": "22024.60000", "2010-06-30": "21496.60000", "2010-03-31": "21048.90000", "2009-12-31": "20049.30000", "2009-09-30": "20047.40000", "2009-06-30": "19087.60000", "2009-03-31": "18215.10000", "2008-12-31": "18250.50000", "2008-09-30": "18639.60000", "2008-06-30": "18914.40000", "2008-03-31": "18716.80000", "2007-12-31": "18843.10000", "2007-09-30": "19665.50000", "2007-06-30": "21073.60000", "2007-03-31": "20011.70000", "2006-12-31": "19482.10000", "2006-09-30": "19846.20000", "2006-06-30": "19602.60000", "2006-03-31": "19258.20000", "2005-12-31": "18898.60000", "2005-09-30": "19155.10000", "2005-06-30": "18459.20000", "2005-03-31": "17723.20000"}}, "cash flow statement": {"Net Income/Loss": {"2020-12-31": "0.00000", "2019-12-31": "3980.00000", "2018-12-31": "2621.00000", "2017-12-31": "1598.10000", "2016-12-31": "1057.20000", "2015-12-31": "1300.50000", "2014-12-31": "1281.00000", "2013-12-31": "1165.40000", "2012-12-31": "902.30000", "2011-12-31": "1015.50000", "2010-12-31": "1068.30000", "2009-12-31": "1057.50000", "2008-12-31": "-70.00000", "2007-12-31": "1182.50000", "2006-12-31": "1647.50000", "2005-12-31": "1393.90000"}, "Total Depreciation And Amortization - Cash Flow": {"2020-12-31": "", "2019-12-31": "339.40000", "2018-12-31": "296.70000", "2017-12-31": "322.30000", "2016-12-31": "276.70000", "2015-12-31": "248.90000", "2014-12-31": "175.30000", "2013-12-31": "235.30000", "2012-12-31": "281.10000", "2011-12-31": "321.50000", "2010-12-31": "312.30000", "2009-12-31": "318.10000", "2008-12-31": "348.70000", "2007-12-31": "391.00000", "2006-12-31": "329.00000", "2005-12-31": "282.00000"}, "Other Non-Cash Items": {"2020-12-31": "", "2019-12-31": "-927.99990", "2018-12-31": "514.80000", "2017-12-31": "54.00000", "2016-12-31": "43.60000", "2015-12-31": "-43.60000", "2014-12-31": "-162.60000", "2013-12-31": "-243.60000", "2012-12-31": "-234.50000", "2011-12-31": "-43.30000", "2010-12-31": "-54.30000", "2009-12-31": "26.50000", "2008-12-31": "1481.20000", "2007-12-31": "-79.40000", "2006-12-31": "38.20000", "2005-12-31": "71.60000"}, "Total Non-Cash Items": {"2020-12-31": "", "2019-12-31": "-588.59990", "2018-12-31": "811.50000", "2017-12-31": "376.30000", "2016-12-31": "320.30000", "2015-12-31": "205.30000", "2014-12-31": "12.70000", "2013-12-31": "-8.30000", "2012-12-31": "46.60000", "2011-12-31": "278.20000", "2010-12-31": "258.00000", "2009-12-31": "344.60000", "2008-12-31": "1829.90000", "2007-12-31": "311.60000", "2006-12-31": "367.20000", "2005-12-31": "353.60000"}, "Change In Accounts Receivable": {"2020-12-31": "", "2019-12-31": "-1693.00000", "2018-12-31": "-1497.30000", "2017-12-31": "-1301.80000", "2016-12-31": "-906.70000", "2015-12-31": "-623.70000", "2014-12-31": "-368.80000", "2013-12-31": "-316.60000", "2012-12-31": "-336.80000", "2011-12-31": "-267.90000", "2010-12-31": "-460.30000", "2009-12-31": "-322.50000", "2008-12-31": "33.10000", "2007-12-31": "201.80000", "2006-12-31": "-25.60000", "2005-12-31": "-237.60000"}, "Change In Inventories": {"2020-12-31": "", "2019-12-31": "", "2018-12-31": "", "2017-12-31": "", "2016-12-31": "", "2015-12-31": "", "2014-12-31": "", "2013-12-31": "", "2012-12-31": "", "2011-12-31": "", "2010-12-31": "", "2009-12-31": "", "2008-12-31": "", "2007-12-31": "", "2006-12-31": "", "2005-12-31": ""}, "Change In Accounts Payable": {"2020-12-31": "", "2019-12-31": "2313.90000", "2018-12-31": "2529.60000", "2017-12-31": "1834.90000", "2016-12-31": "1139.60000", "2015-12-31": "670.30000", "2014-12-31": "358.40000", "2013-12-31": "409.80000", "2012-12-31": "474.70000", "2011-12-31": "261.10000", "2010-12-31": "391.00000", "2009-12-31": "-74.80000", "2008-12-31": "-135.70000", "2007-12-31": "-122.20000", "2006-12-31": "7.00000", "2005-12-31": "276.60000"}, "Change In Assets/Liabilities": {"2020-12-31": "", "2019-12-31": "2022.10000", "2018-12-31": "1978.70000", "2017-12-31": "1421.90000", "2016-12-31": "1178.00000", "2015-12-31": "847.70000", "2014-12-31": "344.80000", "2013-12-31": "591.80000", "2012-12-31": "584.80000", "2011-12-31": "182.60000", "2010-12-31": "374.20000", "2009-12-31": "452.30000", "2008-12-31": "315.70000", "2007-12-31": "247.60000", "2006-12-31": "18.40000", "2005-12-31": "306.30000"}, "Total Change In Assets/Liabilities": {"2020-12-31": "", "2019-12-31": "2870.20000", "2018-12-31": "2852.30000", "2017-12-31": "1782.40000", "2016-12-31": "1355.20000", "2015-12-31": "787.10000", "2014-12-31": "431.90000", "2013-12-31": "742.80000", "2012-12-31": "742.50000", "2011-12-31": "204.20000", "2010-12-31": "353.00000", "2009-12-31": "84.70000", "2008-12-31": "-210.70000", "2007-12-31": "296.90000", "2006-12-31": "9.90000", "2005-12-31": "246.50000"}, "Cash Flow From Operating Activities": {"2020-12-31": "", "2019-12-31": "6261.60000", "2018-12-31": "6284.80000", "2017-12-31": "3756.80000", "2016-12-31": "2732.70000", "2015-12-31": "2292.90000", "2014-12-31": "1725.60000", "2013-12-31": "1899.90000", "2012-12-31": "1691.40000", "2011-12-31": "1497.90000", "2010-12-31": "1679.30000", "2009-12-31": "1486.80000", "2008-12-31": "1549.20000", "2007-12-31": "1791.00000", "2006-12-31": "2024.60000", "2005-12-31": "1994.00000"}, "Net Change In Property, Plant, And Equipment": {"2020-12-31": "", "2019-12-31": "-310.20000", "2018-12-31": "-256.60000", "2017-12-31": "-140.40000", "2016-12-31": "-208.80000", "2015-12-31": "-120.10000", "2014-12-31": "-102.20000", "2013-12-31": "-136.70000", "2012-12-31": "-123.90000", "2011-12-31": "-75.90000", "2010-12-31": "-56.70000", "2009-12-31": "-64.80000", "2008-12-31": "-97.40000", "2007-12-31": "-134.30000", "2006-12-31": "-318.90000", "2005-12-31": "-183.20000"}, "Net Change In Intangible Assets": {"2020-12-31": "", "2019-12-31": "", "2018-12-31": "", "2017-12-31": "", "2016-12-31": "", "2015-12-31": "", "2014-12-31": "", "2013-12-31": "", "2012-12-31": "", "2011-12-31": "", "2010-12-31": "", "2009-12-31": "", "2008-12-31": "", "2007-12-31": "", "2006-12-31": "", "2005-12-31": ""}, "Net Acquisitions/Divestitures": {"2020-12-31": "", "2019-12-31": "", "2018-12-31": "", "2017-12-31": "-18.10000", "2016-12-31": "", "2015-12-31": "-752.70000", "2014-12-31": "", "2013-12-31": "", "2012-12-31": "", "2011-12-31": "", "2010-12-31": "", "2009-12-31": "", "2008-12-31": "", "2007-12-31": "", "2006-12-31": "", "2005-12-31": ""}, "Net Change In Short-term Investments": {"2020-12-31": "", "2019-12-31": "31.50000", "2018-12-31": "1116.30000", "2017-12-31": "727.60000", "2016-12-31": "-1357.20000", "2015-12-31": "20.50000", "2014-12-31": "-876.00000", "2013-12-31": "716.60000", "2012-12-31": "-438.20000", "2011-12-31": "-461.00000", "2010-12-31": "-11.50000", "2009-12-31": "75.60000", "2008-12-31": "-771.00000", "2007-12-31": "198.79990", "2006-12-31": "193.90000", "2005-12-31": "609.90000"}, "Net Change In Long-Term Investments": {"2020-12-31": "", "2019-12-31": "-4065.60000", "2018-12-31": "-7906.30200", "2017-12-31": "-3942.19900", "2016-12-31": "-957.89940", "2015-12-31": "-1063.39800", "2014-12-31": "171.29980", "2013-12-31": "-2088.60100", "2012-12-31": "341.19970", "2011-12-31": "-207.39990", "2010-12-31": "-364.30030", "2009-12-31": "-942.89940", "2008-12-31": "-621.30030", "2007-12-31": "-3.50000", "2006-12-31": "-525.59960", "2005-12-31": "-2099.40100"}, "Net Change In Investments - Total": {"2020-12-31": "", "2019-12-31": "-4034.10000", "2018-12-31": "-6790.00200", "2017-12-31": "-3214.59900", "2016-12-31": "-2315.09900", "2015-12-31": "-1042.89800", "2014-12-31": "-704.70020", "2013-12-31": "-1372.00100", "2012-12-31": "-97.00030", "2011-12-31": "-668.39990", "2010-12-31": "-375.80030", "2009-12-31": "-867.29940", "2008-12-31": "-1392.30000", "2007-12-31": "195.29990", "2006-12-31": "-331.69960", "2005-12-31": "-1489.50100"}, "Investing Activities - Other": {"2020-12-31": "", "2019-12-31": "6.00000", "2018-12-31": "11.70000", "2017-12-31": "-33.60000", "2016-12-31": "43.20000", "2015-12-31": "-8.20000", "2014-12-31": "-30.00000", "2013-12-31": "152.20000", "2012-12-31": "-44.00000", "2011-12-31": "-0.60000", "2010-12-31": "-54.00000", "2009-12-31": "-246.50000", "2008-12-31": "177.20000", "2007-12-31": "35.10000", "2006-12-31": "-116.60000", "2005-12-31": "126.60000"}, "Cash Flow From Investing Activities": {"2020-12-31": "", "2019-12-31": "-4338.30000", "2018-12-31": "-7034.90000", "2017-12-31": "-3406.70000", "2016-12-31": "-2480.70000", "2015-12-31": "-1923.90000", "2014-12-31": "-836.90000", "2013-12-31": "-1356.50000", "2012-12-31": "-264.90000", "2011-12-31": "-744.90000", "2010-12-31": "-486.50000", "2009-12-31": "-1178.60000", "2008-12-31": "-1312.50000", "2007-12-31": "96.10000", "2006-12-31": "-767.20000", "2005-12-31": "-1546.10000"}, "Net Long-Term Debt": {"2020-12-31": "", "2019-12-31": "", "2018-12-31": "1096.90000", "2017-12-31": "156.50000", "2016-12-31": "451.90000", "2015-12-31": "342.30000", "2014-12-31": "295.80000", "2013-12-31": "-208.10000", "2012-12-31": "-382.50000", "2011-12-31": "476.90000", "2010-12-31": "-214.30000", "2009-12-31": "", "2008-12-31": "", "2007-12-31": "1021.70000", "2006-12-31": "-100.00000", "2005-12-31": ""}, "Net Current Debt": {"2020-12-31": "", "2019-12-31": "", "2018-12-31": "", "2017-12-31": "", "2016-12-31": "", "2015-12-31": "", "2014-12-31": "", "2013-12-31": "", "2012-12-31": "", "2011-12-31": "", "2010-12-31": "", "2009-12-31": "", "2008-12-31": "", "2007-12-31": "", "2006-12-31": "", "2005-12-31": ""}, "Debt Issuance/Retirement Net - Total": {"2020-12-31": "", "2019-12-31": "", "2018-12-31": "1096.90000", "2017-12-31": "156.50000", "2016-12-31": "451.90000", "2015-12-31": "342.30000", "2014-12-31": "295.80000", "2013-12-31": "-208.10000", "2012-12-31": "-382.50000", "2011-12-31": "476.90000", "2010-12-31": "-214.30000", "2009-12-31": "", "2008-12-31": "", "2007-12-31": "1021.70000", "2006-12-31": "-100.00000", "2005-12-31": ""}, "Net Common Equity Issued/Repurchased": {"2020-12-31": "", "2019-12-31": "-100.90000", "2018-12-31": "-372.60000", "2017-12-31": "-62.00000", "2016-12-31": "-192.50000", "2015-12-31": "-208.30000", "2014-12-31": "-271.40000", "2013-12-31": "-273.40000", "2012-12-31": "-173.70000", "2011-12-31": "-975.40000", "2010-12-31": "-231.40000", "2009-12-31": "-161.80000", "2008-12-31": "-152.40000", "2007-12-31": "-1517.60000", "2006-12-31": "-1171.20000", "2005-12-31": "-438.60000"}, "Net Total Equity Issued/Repurchased": {"2020-12-31": "", "2019-12-31": "-100.90000", "2018-12-31": "121.30000", "2017-12-31": "-62.00000", "2016-12-31": "-192.50000", "2015-12-31": "-208.30000", "2014-12-31": "-271.40000", "2013-12-31": "-273.40000", "2012-12-31": "-173.70000", "2011-12-31": "-975.40000", "2010-12-31": "-231.40000", "2009-12-31": "-161.80000", "2008-12-31": "-152.40000", "2007-12-31": "-1517.60000", "2006-12-31": "-1171.20000", "2005-12-31": "-438.60000"}, "Total Common And Preferred Stock Dividends Paid": {"2020-12-31": "", "2019-12-31": "-1670.00000", "2018-12-31": "-668.40000", "2017-12-31": "-395.40000", "2016-12-31": "-519.00000", "2015-12-31": "-403.60000", "2014-12-31": "-892.60000", "2013-12-31": "-175.60000", "2012-12-31": "-853.70000", "2011-12-31": "-263.60000", "2010-12-31": "-763.70000", "2009-12-31": "", "2008-12-31": "-98.30000", "2007-12-31": "-1406.50000", "2006-12-31": "-25.00000", "2005-12-31": "-23.70000"}, "Financial Activities - Other": {"2020-12-31": "", "2019-12-31": "", "2018-12-31": "", "2017-12-31": "", "2016-12-31": "9.20000", "2015-12-31": "16.80000", "2014-12-31": "12.80000", "2013-12-31": "10.30000", "2012-12-31": "5.80000", "2011-12-31": "6.40000", "2010-12-31": "14.00000", "2009-12-31": "9.70000", "2008-12-31": "11.10000", "2007-12-31": "15.50000", "2006-12-31": "38.80000", "2005-12-31": ""}, "Cash Flow From Financial Activities": {"2020-12-31": "", "2019-12-31": "-1770.90000", "2018-12-31": "549.80000", "2017-12-31": "-300.90000", "2016-12-31": "-250.40000", "2015-12-31": "-252.80000", "2014-12-31": "-855.40000", "2013-12-31": "-646.80000", "2012-12-31": "-1404.10000", "2011-12-31": "-755.70000", "2010-12-31": "-1195.40000", "2009-12-31": "-152.10000", "2008-12-31": "-239.60000", "2007-12-31": "-1886.90000", "2006-12-31": "-1257.40000", "2005-12-31": "-462.30000"}, "Net Cash Flow": {"2020-12-31": "", "2019-12-31": "152.40000", "2018-12-31": "-200.30000", "2017-12-31": "48.90000", "2016-12-31": "2.00000", "2015-12-31": "116.00000", "2014-12-31": "33.30000", "2013-12-31": "-104.00000", "2012-12-31": "23.40000", "2011-12-31": "-3.20000", "2010-12-31": "-1.80000", "2009-12-31": "157.80000", "2008-12-31": "-2.90000", "2007-12-31": "0.20000", "2006-12-31": "0.00000", "2005-12-31": "-14.40000"}, "Stock-Based Compensation": {"2020-12-31": "", "2019-12-31": "90.20000", "2018-12-31": "77.20000", "2017-12-31": "95.40000", "2016-12-31": "85.20000", "2015-12-31": "66.20000", "2014-12-31": "51.40000", "2013-12-31": "64.90000", "2012-12-31": "63.40000", "2011-12-31": "50.50000", "2010-12-31": "45.90000", "2009-12-31": "40.30000", "2008-12-31": "34.50000", "2007-12-31": "26.50000", "2006-12-31": "27.60000", "2005-12-31": "33.70000"}, "Common Stock Dividends Paid": {"2020-12-31": "", "2019-12-31": "-1643.20000", "2018-12-31": "-654.90000", "2017-12-31": "-395.40000", "2016-12-31": "-519.00000", "2015-12-31": "-403.60000", "2014-12-31": "-892.60000", "2013-12-31": "-175.60000", "2012-12-31": "-853.70000", "2011-12-31": "-263.60000", "2010-12-31": "-763.70000", "2009-12-31": "0.00000", "2008-12-31": "-98.30000", "2007-12-31": "-1406.50000", "2006-12-31": "-25.00000", "2005-12-31": "-23.70000"}}, "cash flow statement, quarterly": {"Net Income/Loss": {"2020-12-31": -4020.3, "2020-09-30": 1530.8, "2020-06-30": 1790.4, "2020-03-31": "699.10000", "2019-12-31": 1074.6, "2019-09-30": 843.6, "2019-06-30": 979, "2019-03-31": "1082.80000", "2018-12-31": 259.8, "2018-09-30": 930.2, "2018-06-30": 701.2, "2018-03-31": "729.80000", "2017-12-31": 580.3, "2017-09-30": 214.8, "2017-06-30": 372.7, "2017-03-31": "430.30000", "2016-12-31": 398.1, "2016-09-30": 205.5, "2016-06-30": 194.9, "2016-03-31": "258.70000", "2015-12-31": 349.9, "2015-09-30": 286.5, "2015-06-30": 368.5, "2015-03-31": "295.60000", "2014-12-31": 370.2, "2014-09-30": 296.1, "2014-06-30": 293.4, "2014-03-31": "321.30000", "2013-12-31": 299.8, "2013-09-30": 232.4, "2013-06-30": 324.6, "2013-03-31": "308.60000", "2012-12-31": 249.1, "2012-09-30": 277, "2012-06-30": 118.6, "2012-03-31": "257.60000", "2011-12-31": 256.7, "2011-09-30": 150.7, "2011-06-30": 245.2, "2011-03-31": "362.90000", "2010-12-31": 299.2, "2010-09-30": 261.6, "2010-06-30": 211.9, "2010-03-31": "295.60000", "2009-12-31": 305, "2009-09-30": 269.9, "2009-06-30": 250.1, "2009-03-31": "232.50000", "2008-12-31": 159.3, "2008-09-30": -684.2, "2008-06-30": 215.5, "2008-03-31": "239.40000", "2007-12-31": 236.1, "2007-09-30": 299.2, "2007-06-30": 283.7, "2007-03-31": "363.50000", "2006-12-31": 400.9, "2006-09-30": 409.6, "2006-06-30": 400.4, "2006-03-31": "436.60000", "2005-12-31": 281.6, "2005-09-30": 305.3, "2005-06-30": 394.3, "2005-03-31": "412.70000"}, "Total Depreciation And Amortization - Cash Flow": {"2020-12-31": -316.4, "2020-09-30": 115, "2020-06-30": 105.4, "2020-03-31": "96.00000", "2019-12-31": 102.6, "2019-09-30": 84.4, "2019-06-30": 81.7, "2019-03-31": "70.70000", "2018-12-31": 75.2, "2018-09-30": 75.7, "2018-06-30": 71.9, "2018-03-31": "73.90000", "2017-12-31": 79.9, "2017-09-30": 83.3, "2017-06-30": 80.5, "2017-03-31": "78.60000", "2016-12-31": 78.4, "2016-09-30": 67, "2016-06-30": 67.8, "2016-03-31": "63.50000", "2015-12-31": 70.4, "2015-09-30": 69.6, "2015-06-30": 67.8, "2015-03-31": "41.10000", "2014-12-31": 44, "2014-09-30": 46.5, "2014-06-30": 43, "2014-03-31": "41.80000", "2013-12-31": 49, "2013-09-30": 60.5, "2013-06-30": 62.1, "2013-03-31": "63.70000", "2012-12-31": 66.7, "2012-09-30": 70.6, "2012-06-30": 70.9, "2012-03-31": "72.90000", "2011-12-31": 81.5, "2011-09-30": 81, "2011-06-30": 78.5, "2011-03-31": "80.50000", "2010-12-31": 77, "2010-09-30": 82.7, "2010-06-30": 74.2, "2010-03-31": "78.40000", "2009-12-31": 73.1, "2009-09-30": 83.5, "2009-06-30": 81, "2009-03-31": "80.50000", "2008-12-31": 88.3, "2008-09-30": 86.2, "2008-06-30": 80.5, "2008-03-31": "93.70000", "2007-12-31": 102.4, "2007-09-30": 102.4, "2007-06-30": 94, "2007-03-31": "92.20000", "2006-12-31": 90.1, "2006-09-30": 85.2, "2006-06-30": 77.2, "2006-03-31": "76.50000", "2005-12-31": 73.2, "2005-09-30": 77.7, "2005-06-30": 66.9, "2005-03-31": "64.20000"}, "Other Non-Cash Items": {"2020-12-31": 803.1, "2020-09-30": -512.9, "2020-06-30": -867.2, "2020-03-31": "577.00000", "2019-12-31": -332.7999, "2019-09-30": -45.2, "2019-06-30": -159.8, "2019-03-31": "-390.20000", "2018-12-31": 620.1, "2018-09-30": -160.9, "2018-06-30": -11.2, "2018-03-31": "66.80000", "2017-12-31": 31.6, "2017-09-30": 49.5, "2017-06-30": -7.2, "2017-03-31": "-19.90000", "2016-12-31": 1, "2016-09-30": 46.1, "2016-06-30": 1, "2016-03-31": "-4.50000", "2015-12-31": 2.3, "2015-09-30": 35.9, "2015-06-30": -62, "2015-03-31": "-19.80000", "2014-12-31": -12, "2014-09-30": -23.9, "2014-06-30": -24.6, "2014-03-31": "-102.10000", "2013-12-31": -60.4, "2013-09-30": -6.8, "2013-06-30": -114.6, "2013-03-31": "-61.80000", "2012-12-31": -42.2, "2012-09-30": -156.2, "2012-06-30": 22.8, "2012-03-31": "-58.90000", "2011-12-31": -14.5, "2011-09-30": 65.1, "2011-06-30": -7.6, "2011-03-31": "-86.30000", "2010-12-31": -63.7, "2010-09-30": -24.1, "2010-06-30": 53.7, "2010-03-31": "-20.20000", "2009-12-31": -27.3, "2009-09-30": -24.5, "2009-06-30": -4.4, "2009-03-31": "82.70000", "2008-12-31": 68.1, "2008-09-30": 1383.7, "2008-06-30": 54.6, "2008-03-31": "-25.20000", "2007-12-31": -25.3, "2007-09-30": -53.3, "2007-06-30": 16.4, "2007-03-31": "-17.20000", "2006-12-31": 1.1, "2006-09-30": 3.4, "2006-06-30": 29.4, "2006-03-31": "4.30000", "2005-12-31": 49.9, "2005-09-30": 12.5, "2005-06-30": 12.7, "2005-03-31": "-3.50000"}, "Total Non-Cash Items": {"2020-12-31": 486.7, "2020-09-30": -397.9, "2020-06-30": -761.8, "2020-03-31": "673.00000", "2019-12-31": -230.1999, "2019-09-30": 39.2, "2019-06-30": -78.1, "2019-03-31": "-319.50000", "2018-12-31": 695.3, "2018-09-30": -85.2, "2018-06-30": 60.7, "2018-03-31": "140.70000", "2017-12-31": 111.5, "2017-09-30": 132.8, "2017-06-30": 73.3, "2017-03-31": "58.70000", "2016-12-31": 79.4, "2016-09-30": 113.1, "2016-06-30": 68.8, "2016-03-31": "59.00000", "2015-12-31": 72.7, "2015-09-30": 105.5, "2015-06-30": 5.8, "2015-03-31": "21.30000", "2014-12-31": 32, "2014-09-30": 22.6, "2014-06-30": 18.4, "2014-03-31": "-60.30000", "2013-12-31": -11.4, "2013-09-30": 53.7, "2013-06-30": -52.5, "2013-03-31": "1.90000", "2012-12-31": 24.5, "2012-09-30": -85.6, "2012-06-30": 93.7, "2012-03-31": "14.00000", "2011-12-31": 67, "2011-09-30": 146.1, "2011-06-30": 70.9, "2011-03-31": "-5.80000", "2010-12-31": 13.3, "2010-09-30": 58.6, "2010-06-30": 127.9, "2010-03-31": "58.20000", "2009-12-31": 45.8, "2009-09-30": 59, "2009-06-30": 76.6, "2009-03-31": "163.20000", "2008-12-31": 156.4, "2008-09-30": 1469.9, "2008-06-30": 135.1, "2008-03-31": "68.50000", "2007-12-31": 77.1, "2007-09-30": 49.1, "2007-06-30": 110.4, "2007-03-31": "75.00000", "2006-12-31": 91.2, "2006-09-30": 88.6, "2006-06-30": 106.6, "2006-03-31": "80.80000", "2005-12-31": 123.1, "2005-09-30": 90.2, "2005-06-30": 79.6, "2005-03-31": "60.70000"}, "Change In Accounts Receivable": {"2020-12-31": 1675.4, "2020-09-30": -1349.9, "2020-06-30": -3.8, "2020-03-31": "-321.70000", "2019-12-31": 99.4, "2019-09-30": -767, "2019-06-30": -186, "2019-03-31": "-839.40000", "2018-12-31": 73.9, "2018-09-30": -626.2, "2018-06-30": -358, "2018-03-31": "-587.00000", "2017-12-31": 524.6, "2017-09-30": -1102, "2017-06-30": -328.8, "2017-03-31": "-395.60000", "2016-12-31": 251.2, "2016-09-30": -453.3, "2016-06-30": -234.1, "2016-03-31": "-470.50000", "2015-12-31": 78.3, "2015-09-30": -285.4, "2015-06-30": -151.7, "2015-03-31": "-264.90000", "2014-12-31": 101.8, "2014-09-30": -170.4, "2014-06-30": -73.7, "2014-03-31": "-226.50000", "2013-12-31": 131.7, "2013-09-30": -168.7, "2013-06-30": -44.5, "2013-03-31": "-235.10000", "2012-12-31": 151.9, "2012-09-30": -169.7, "2012-06-30": -80.8, "2012-03-31": "-238.20000", "2011-12-31": 136.3, "2011-09-30": -125.8, "2011-06-30": -62.5, "2011-03-31": "-215.90000", "2010-12-31": 63.9, "2010-09-30": -101.8, "2010-06-30": -52.9, "2010-03-31": "-369.50000", "2009-12-31": -47.6, "2009-09-30": -138.3, "2009-06-30": -32.4, "2009-03-31": "-104.20000", "2008-12-31": 178, "2008-09-30": -51, "2008-06-30": 1.3, "2008-03-31": "-95.20000", "2007-12-31": 239.1, "2007-09-30": 28.5, "2007-06-30": 29.1, "2007-03-31": "-94.90000", "2006-12-31": 153.6, "2006-09-30": -33.6, "2006-06-30": -12.1, "2006-03-31": "-133.50000", "2005-12-31": 112.7, "2005-09-30": -101.4, "2005-06-30": -56.8, "2005-03-31": "-192.10000"}, "Change In Inventories": {"2020-12-31": 0, "2020-09-30": 0, "2020-06-30": 0, "2020-03-31": "", "2019-12-31": 0, "2019-09-30": 0, "2019-06-30": 0, "2019-03-31": "", "2018-12-31": 0, "2018-09-30": 0, "2018-06-30": 0, "2018-03-31": "", "2017-12-31": 0, "2017-09-30": 0, "2017-06-30": 0, "2017-03-31": "", "2016-12-31": 0, "2016-09-30": 0, "2016-06-30": 0, "2016-03-31": "", "2015-12-31": 0, "2015-09-30": 0, "2015-06-30": 0, "2015-03-31": "", "2014-12-31": 0, "2014-09-30": 0, "2014-06-30": 0, "2014-03-31": "", "2013-12-31": 0, "2013-09-30": 0, "2013-06-30": 0, "2013-03-31": "", "2012-12-31": 0, "2012-09-30": 0, "2012-06-30": 0, "2012-03-31": "", "2011-12-31": 0, "2011-09-30": 0, "2011-06-30": 0, "2011-03-31": "", "2010-12-31": 0, "2010-09-30": 0, "2010-06-30": 0, "2010-03-31": "", "2009-12-31": 0, "2009-09-30": 0, "2009-06-30": 0, "2009-03-31": "", "2008-12-31": 0, "2008-09-30": 0, "2008-06-30": 0, "2008-03-31": "", "2007-12-31": 0, "2007-09-30": 0, "2007-06-30": 0, "2007-03-31": "", "2006-12-31": 0, "2006-09-30": 0, "2006-06-30": 0, "2006-03-31": "", "2005-12-31": 0, "2005-09-30": 0, "2005-06-30": 0, "2005-03-31": ""}, "Change In Accounts Payable": {"2020-12-31": -2130.2, "2020-09-30": 1465.4, "2020-06-30": 602.4, "2020-03-31": "62.40000", "2019-12-31": -446.6, "2019-09-30": 1044.5, "2019-06-30": 507.4, "2019-03-31": "1208.60000", "2018-12-31": -608.9, "2018-09-30": 1095.7, "2018-06-30": 825.3, "2018-03-31": "1217.50000", "2017-12-31": -323.9, "2017-09-30": 789.6, "2017-06-30": 755.5, "2017-03-31": "613.70000", "2016-12-31": -479.8, "2016-09-30": 410.2, "2016-06-30": 490.5, "2016-03-31": "718.70000", "2015-12-31": -531.1, "2015-09-30": 482.5, "2015-06-30": 197.6, "2015-03-31": "521.30000", "2014-12-31": -577.1, "2014-09-30": 363.8, "2014-06-30": 209.1, "2014-03-31": "362.60000", "2013-12-31": -415.6, "2013-09-30": 263.3, "2013-06-30": 150.3, "2013-03-31": "411.80000", "2012-12-31": -455.9, "2012-09-30": 264.8, "2012-06-30": 196.2, "2012-03-31": "469.60000", "2011-12-31": -494.1, "2011-09-30": 210.4, "2011-06-30": 158.5, "2011-03-31": "386.30000", "2010-12-31": -509.4, "2010-09-30": 204.1, "2010-06-30": 186.7, "2010-03-31": "509.60000", "2009-12-31": -533.3, "2009-09-30": 108.4, "2009-06-30": 130.9, "2009-03-31": "219.20000", "2008-12-31": -493.6, "2008-09-30": 123, "2008-06-30": 112, "2008-03-31": "122.90000", "2007-12-31": -460.7, "2007-09-30": 39.6, "2007-06-30": 115.9, "2007-03-31": "183.00000", "2006-12-31": -452.5, "2006-09-30": 65.1, "2006-06-30": 196.7, "2006-03-31": "197.70000", "2005-12-31": -329, "2005-09-30": 122.4, "2005-06-30": 240.2, "2005-03-31": "243.00000"}, "Change In Assets/Liabilities": {"2020-12-31": -1448, "2020-09-30": 900, "2020-06-30": 163.7, "2020-03-31": "384.30000", "2019-12-31": 583.5, "2019-09-30": 576.1, "2019-06-30": 591.7, "2019-03-31": "270.80000", "2018-12-31": 846.9, "2018-09-30": 380.7, "2018-06-30": 686.1, "2018-03-31": "65.00000", "2017-12-31": -297.4, "2017-09-30": 1212.2, "2017-06-30": 322.5, "2017-03-31": "184.60000", "2016-12-31": 142.5, "2016-09-30": 480.9, "2016-06-30": 393.5, "2016-03-31": "161.10000", "2015-12-31": 177.8, "2015-09-30": 150.5, "2015-06-30": 402.2, "2015-03-31": "117.20000", "2014-12-31": 125.8, "2014-09-30": 75.7, "2014-06-30": 29.4, "2014-03-31": "113.90000", "2013-12-31": 166.9, "2013-09-30": 195.8, "2013-06-30": 124, "2013-03-31": "105.10000", "2012-12-31": 82.4, "2012-09-30": 176.9, "2012-06-30": 230.5, "2012-03-31": "95.00000", "2011-12-31": 9.2, "2011-09-30": 116, "2011-06-30": 77, "2011-03-31": "-19.60000", "2010-12-31": 150.5, "2010-09-30": 18.5, "2010-06-30": 162.8, "2010-03-31": "42.40000", "2009-12-31": 290.6, "2009-09-30": 144.9, "2009-06-30": 110.7, "2009-03-31": "-93.90000", "2008-12-31": 88.9, "2008-09-30": 143.5, "2008-06-30": 50.2, "2008-03-31": "33.10000", "2007-12-31": 67.4, "2007-09-30": 91.8, "2007-06-30": 125.4, "2007-03-31": "-37.00000", "2006-12-31": 50.1, "2006-09-30": 8.1, "2006-06-30": 36.9, "2006-03-31": "-76.70000", "2005-12-31": -50.9, "2005-09-30": 228.3, "2005-06-30": 99.8, "2005-03-31": "29.10000"}, "Total Change In Assets/Liabilities": {"2020-12-31": -1824.7, "2020-09-30": 346.8, "2020-06-30": 1224.2, "2020-03-31": "253.70000", "2019-12-31": 283.8, "2019-09-30": 875.9, "2019-06-30": 605.3, "2019-03-31": "1105.20000", "2018-12-31": 128.2, "2018-09-30": 873.2, "2018-06-30": 974.3, "2018-03-31": "876.60000", "2017-12-31": -158.1, "2017-09-30": 852.9, "2017-06-30": 472.2, "2017-03-31": "615.40000", "2016-12-31": -20.6, "2016-09-30": 385.9, "2016-06-30": 488.8, "2016-03-31": "501.10000", "2015-12-31": -290.1, "2015-09-30": 338.4, "2015-06-30": 284.6, "2015-03-31": "454.20000", "2014-12-31": -334.1, "2014-09-30": 297.6, "2014-06-30": 68.8, "2014-03-31": "399.60000", "2013-12-31": -136.5, "2013-09-30": 324.7, "2013-06-30": 143, "2013-03-31": "411.60000", "2012-12-31": -247.5, "2012-09-30": 338.8, "2012-06-30": 214.4, "2012-03-31": "436.80000", "2011-12-31": -321.0999, "2011-09-30": 167.3999, "2011-06-30": 41.5, "2011-03-31": "316.40000", "2010-12-31": -311.1, "2010-09-30": 153.2, "2010-06-30": 194.7, "2010-03-31": "316.20000", "2009-12-31": -279.1, "2009-09-30": 158.1, "2009-06-30": 60, "2009-03-31": "145.70000", "2008-12-31": -205, "2008-09-30": -286.9, "2008-06-30": 127.7, "2008-03-31": "153.50000", "2007-12-31": -199.4, "2007-09-30": 125.4, "2007-06-30": 173.4, "2007-03-31": "197.50000", "2006-12-31": -270.7, "2006-09-30": -40.9, "2006-06-30": 135.2, "2006-03-31": "186.30000", "2005-12-31": -335.6, "2005-09-30": 106.6, "2005-06-30": 290.4, "2005-03-31": "185.10000"}, "Cash Flow From Operating Activities": {"2020-12-31": -5358.3, "2020-09-30": 1479.7, "2020-06-30": 2252.8, "2020-03-31": "1625.80000", "2019-12-31": 1128.2, "2019-09-30": 1758.7, "2019-06-30": 1506.2, "2019-03-31": "1868.50000", "2018-12-31": 1083.3, "2018-09-30": 1718.2, "2018-06-30": 1736.2, "2018-03-31": "1747.10000", "2017-12-31": 533.7, "2017-09-30": 1200.5, "2017-06-30": 918.2, "2017-03-31": "1104.40000", "2016-12-31": 456.9, "2016-09-30": 704.5, "2016-06-30": 752.5, "2016-03-31": "818.80000", "2015-12-31": 132.5, "2015-09-30": 730.4, "2015-06-30": 658.9, "2015-03-31": "771.10000", "2014-12-31": 68.1, "2014-09-30": 616.3, "2014-06-30": 380.6, "2014-03-31": "660.60000", "2013-12-31": 151.9, "2013-09-30": 610.8, "2013-06-30": 415.1, "2013-03-31": "722.10000", "2012-12-31": 26.1, "2012-09-30": 530.2, "2012-06-30": 426.7, "2012-03-31": "708.40000", "2011-12-31": 2.6, "2011-09-30": 464.2, "2011-06-30": 357.6, "2011-03-31": "673.50000", "2010-12-31": 1.4, "2010-09-30": 473.4, "2010-06-30": 534.5, "2010-03-31": "670.00000", "2009-12-31": 71.7, "2009-09-30": 487, "2009-06-30": 386.7, "2009-03-31": "541.40000", "2008-12-31": 110.7, "2008-09-30": 498.8, "2008-06-30": 478.3, "2008-03-31": "461.40000", "2007-12-31": 113.8, "2007-09-30": 473.7, "2007-06-30": 567.5, "2007-03-31": "636.00000", "2006-12-31": 221.4, "2006-09-30": 457.3, "2006-06-30": 642.2, "2006-03-31": "703.70000", "2005-12-31": 69.1, "2005-09-30": 502.1, "2005-06-30": 764.3, "2005-03-31": "658.50000"}, "Net Change In Property, Plant, And Equipment": {"2020-12-31": 162.9, "2020-09-30": -57, "2020-06-30": -47, "2020-03-31": "-58.90000", "2019-12-31": -68.9, "2019-09-30": -62.7, "2019-06-30": -109, "2019-03-31": "-69.60000", "2018-12-31": -99.9, "2018-09-30": -61.4, "2018-06-30": -61, "2018-03-31": "-34.30000", "2017-12-31": -44.5, "2017-09-30": -35.2, "2017-06-30": -36.9, "2017-03-31": "-23.80000", "2016-12-31": -51.2, "2016-09-30": -51.8, "2016-06-30": -53.5, "2016-03-31": "-52.30000", "2015-12-31": -42.2, "2015-09-30": -31.4, "2015-06-30": -25.7, "2015-03-31": "-20.80000", "2014-12-31": -33.1, "2014-09-30": -27.5, "2014-06-30": -27.6, "2014-03-31": "-14.00000", "2013-12-31": -33.5, "2013-09-30": -35.3, "2013-06-30": -41, "2013-03-31": "-26.90000", "2012-12-31": -43.1, "2012-09-30": -28.8, "2012-06-30": -23.5, "2012-03-31": "-28.50000", "2011-12-31": -24.5, "2011-09-30": -17, "2011-06-30": -17.4, "2011-03-31": "-17.00000", "2010-12-31": -24.8, "2010-09-30": -2.5, "2010-06-30": -12.6, "2010-03-31": "-16.80000", "2009-12-31": -15.5, "2009-09-30": -11.8, "2009-06-30": -16.5, "2009-03-31": "-21.00000", "2008-12-31": -22.7, "2008-09-30": -23.4, "2008-06-30": -27.1, "2008-03-31": "-24.20000", "2007-12-31": -37.2, "2007-09-30": -30.1, "2007-06-30": -34.6, "2007-03-31": "-32.40000", "2006-12-31": -65.6, "2006-09-30": -64.4, "2006-06-30": -100.9, "2006-03-31": "-88.00000", "2005-12-31": -86.9, "2005-09-30": -13.4, "2005-06-30": -66.3, "2005-03-31": "-16.60000"}, "Net Change In Intangible Assets": {"2020-12-31": 0, "2020-09-30": 0, "2020-06-30": 0, "2020-03-31": "", "2019-12-31": 0, "2019-09-30": 0, "2019-06-30": 0, "2019-03-31": "", "2018-12-31": 0, "2018-09-30": 0, "2018-06-30": 0, "2018-03-31": "", "2017-12-31": 0, "2017-09-30": 0, "2017-06-30": 0, "2017-03-31": "", "2016-12-31": 0, "2016-09-30": 0, "2016-06-30": 0, "2016-03-31": "", "2015-12-31": 0, "2015-09-30": 0, "2015-06-30": 0, "2015-03-31": "", "2014-12-31": 0, "2014-09-30": 0, "2014-06-30": 0, "2014-03-31": "", "2013-12-31": 0, "2013-09-30": 0, "2013-06-30": 0, "2013-03-31": "", "2012-12-31": 0, "2012-09-30": 0, "2012-06-30": 0, "2012-03-31": "", "2011-12-31": 0, "2011-09-30": 0, "2011-06-30": 0, "2011-03-31": "", "2010-12-31": 0, "2010-09-30": 0, "2010-06-30": 0, "2010-03-31": "", "2009-12-31": 0, "2009-09-30": 0, "2009-06-30": 0, "2009-03-31": "", "2008-12-31": 0, "2008-09-30": 0, "2008-06-30": 0, "2008-03-31": "", "2007-12-31": 0, "2007-09-30": 0, "2007-06-30": 0, "2007-03-31": "", "2006-12-31": 0, "2006-09-30": 0, "2006-06-30": 0, "2006-03-31": "", "2005-12-31": 0, "2005-09-30": 0, "2005-06-30": 0, "2005-03-31": ""}, "Net Acquisitions/Divestitures": {"2020-12-31": 0, "2020-09-30": 0, "2020-06-30": 0, "2020-03-31": "", "2019-12-31": 0, "2019-09-30": 0, "2019-06-30": 0, "2019-03-31": "", "2018-12-31": 296.9, "2018-09-30": -296.9, "2018-06-30": 0, "2018-03-31": "", "2017-12-31": 0, "2017-09-30": 0, "2017-06-30": -18.1, "2017-03-31": "", "2016-12-31": 0, "2016-09-30": 0, "2016-06-30": 0, "2016-03-31": "", "2015-12-31": 0, "2015-09-30": 0, "2015-06-30": -752.7, "2015-03-31": "", "2014-12-31": 0, "2014-09-30": 0, "2014-06-30": 0, "2014-03-31": "", "2013-12-31": 0, "2013-09-30": 0, "2013-06-30": 0, "2013-03-31": "", "2012-12-31": 0, "2012-09-30": 0, "2012-06-30": 0, "2012-03-31": "", "2011-12-31": 0, "2011-09-30": 0, "2011-06-30": 0, "2011-03-31": "", "2010-12-31": 0, "2010-09-30": 0, "2010-06-30": 0, "2010-03-31": "", "2009-12-31": 0, "2009-09-30": 0, "2009-06-30": 0, "2009-03-31": "", "2008-12-31": 0, "2008-09-30": 0, "2008-06-30": 0, "2008-03-31": "", "2007-12-31": 0, "2007-09-30": 0, "2007-06-30": 0, "2007-03-31": "", "2006-12-31": 0, "2006-09-30": 0, "2006-06-30": 0, "2006-03-31": "", "2005-12-31": 0, "2005-09-30": 0, "2005-06-30": 0, "2005-03-31": ""}, "Net Change In Short-term Investments": {"2020-12-31": 2844.1, "2020-09-30": 39, "2020-06-30": -2164.2, "2020-03-31": "-718.90000", "2019-12-31": -325.3, "2019-09-30": -101.5, "2019-06-30": 1232.4, "2019-03-31": "-774.10000", "2018-12-31": 1024.4, "2018-09-30": 435.7, "2018-06-30": -168, "2018-03-31": "-175.80000", "2017-12-31": 1449.4, "2017-09-30": -575, "2017-06-30": -683.6, "2017-03-31": "536.80000", "2016-12-31": 2308, "2016-09-30": -706.1, "2016-06-30": -1306.1, "2016-03-31": "-1653.00000", "2015-12-31": -39.9, "2015-09-30": -463, "2015-06-30": 641.1, "2015-03-31": "-117.70000", "2014-12-31": 521.9, "2014-09-30": 448.1, "2014-06-30": -1245.6, "2014-03-31": "-600.40000", "2013-12-31": -126.4, "2013-09-30": 412.4, "2013-06-30": 762.2, "2013-03-31": "-331.60000", "2012-12-31": 404.7, "2012-09-30": -714.9, "2012-06-30": -160.2, "2012-03-31": "32.20000", "2011-12-31": 147.8, "2011-09-30": -356.5, "2011-06-30": -214.7, "2011-03-31": "-37.60000", "2010-12-31": 725.4, "2010-09-30": -165.8, "2010-06-30": -260.1, "2010-03-31": "-311.00000", "2009-12-31": 150, "2009-09-30": -90.7, "2009-06-30": 156.6, "2009-03-31": "-140.30000", "2008-12-31": -419.9, "2008-09-30": -220.6, "2008-06-30": 1020.3, "2008-03-31": "-1150.80000", "2007-12-31": -8.3, "2007-09-30": -96.0001, "2007-06-30": 316.4, "2007-03-31": "-13.30000", "2006-12-31": 476.3, "2006-09-30": -336.8, "2006-06-30": -11.2, "2006-03-31": "65.60000", "2005-12-31": 147.2, "2005-09-30": 1352.0998, "2005-06-30": -1223.6999, "2005-03-31": "334.30010"}, "Net Change In Long-Term Investments": {"2020-12-31": 2101.801, "2020-09-30": -1553.6994, "2020-06-30": 313.998, "2020-03-31": "-862.09960", "2019-12-31": -216.5, "2019-09-30": -1492.7, "2019-06-30": -3005.1002, "2019-03-31": "648.70020", "2018-12-31": -2600.402, "2018-09-30": -1420.9, "2018-06-30": -1825.1, "2018-03-31": "-2059.90000", "2017-12-31": -1668.199, "2017-09-30": -337.9, "2017-06-30": -813.4, "2017-03-31": "-1122.70000", "2016-12-31": -2439.5004, "2016-09-30": -315.699, "2016-06-30": 412, "2016-03-31": "1385.30000", "2015-12-31": 144.202, "2015-09-30": -208.5995, "2015-06-30": -376.6006, "2015-03-31": "-622.39990", "2014-12-31": -374.4004, "2014-09-30": -853.1998, "2014-06-30": 36.2, "2014-03-31": "1362.70000", "2013-12-31": 242.899, "2013-09-30": -837.1, "2013-06-30": -1183.9, "2013-03-31": "-310.50000", "2012-12-31": 262.7998, "2012-09-30": 374.9998, "2012-06-30": -157.4999, "2012-03-31": "-139.10000", "2011-12-31": -4.7998, "2011-09-30": -86.1001, "2011-06-30": 35.6001, "2011-03-31": "-152.10010", "2010-12-31": 90.4995, "2010-09-30": -48.5998, "2010-06-30": -159.5, "2010-03-31": "-246.70000", "2009-12-31": -19.2993, "2009-09-30": -445.9004, "2009-06-30": -467.1997, "2009-03-31": "-10.50000", "2008-12-31": -351.8001, "2008-09-30": 210.5, "2008-06-30": -1395.1002, "2008-03-31": "915.10000", "2007-12-31": 332.9004, "2007-09-30": 1541.4986, "2007-06-30": -1479.3991, "2007-03-31": "-398.49990", "2006-12-31": -242.5991, "2006-09-30": 426.2998, "2006-06-30": -310.3003, "2006-03-31": "-399.00000", "2005-12-31": 29.099, "2005-09-30": -1969.3999, "2005-06-30": 736.8999, "2005-03-31": "-896.00000"}, "Net Change In Investments - Total": {"2020-12-31": 4945.901, "2020-09-30": -1514.699, "2020-06-30": -1850.202, "2020-03-31": "-1581.00000", "2019-12-31": -541.8, "2019-09-30": -1594.2, "2019-06-30": -1772.7002, "2019-03-31": "-125.39980", "2018-12-31": -1576.002, "2018-09-30": -985.2, "2018-06-30": -1993.1, "2018-03-31": "-2235.70000", "2017-12-31": -218.799, "2017-09-30": -912.9, "2017-06-30": -1497.0003, "2017-03-31": "-585.89970", "2016-12-31": -131.5, "2016-09-30": -1021.799, "2016-06-30": -894.0998, "2016-03-31": "-267.70020", "2015-12-31": 104.302, "2015-09-30": -671.5995, "2015-06-30": 264.4994, "2015-03-31": "-740.09990", "2014-12-31": 147.4996, "2014-09-30": -405.0999, "2014-06-30": -1209.4001, "2014-03-31": "762.30020", "2013-12-31": 116.499, "2013-09-30": -424.7, "2013-06-30": -421.7, "2013-03-31": "-642.10000", "2012-12-31": 667.4998, "2012-09-30": -339.9002, "2012-06-30": -317.6999, "2012-03-31": "-106.90000", "2011-12-31": 143.0002, "2011-09-30": -442.6001, "2011-06-30": -179.0999, "2011-03-31": "-189.70010", "2010-12-31": 815.8997, "2010-09-30": -214.4001, "2010-06-30": -419.5999, "2010-03-31": "-557.70000", "2009-12-31": 130.7007, "2009-09-30": -536.6004, "2009-06-30": -310.5997, "2009-03-31": "-150.80000", "2008-12-31": -771.6998, "2008-09-30": -10.1, "2008-06-30": -374.8002, "2008-03-31": "-235.70000", "2007-12-31": 324.6004, "2007-09-30": 1445.4985, "2007-06-30": -1162.9991, "2007-03-31": "-411.79990", "2006-12-31": 233.7009, "2006-09-30": 89.4998, "2006-06-30": -321.5003, "2006-03-31": "-333.40000", "2005-12-31": 176.299, "2005-09-30": -617.3, "2005-06-30": -486.8001, "2005-03-31": "-561.69990"}, "Investing Activities - Other": {"2020-12-31": -457.3, "2020-09-30": 191.3, "2020-06-30": -320.1, "2020-03-31": "586.10000", "2019-12-31": -274.6, "2019-09-30": -17, "2019-06-30": 380, "2019-03-31": "-82.40000", "2018-12-31": 0.7, "2018-09-30": -356.9, "2018-06-30": 278.5, "2018-03-31": "89.40000", "2017-12-31": -244.1, "2017-09-30": -48.8, "2017-06-30": 312.2, "2017-03-31": "-52.90000", "2016-12-31": -157.5, "2016-09-30": -61.6, "2016-06-30": 191.9, "2016-03-31": "70.40000", "2015-12-31": -126.8, "2015-09-30": -9.8, "2015-06-30": 63.9, "2015-03-31": "64.50000", "2014-12-31": -126.7, "2014-09-30": -77.8, "2014-06-30": 585.8, "2014-03-31": "-411.30000", "2013-12-31": -2.4, "2013-09-30": -53.3, "2013-06-30": 109.5, "2013-03-31": "98.40000", "2012-12-31": -58.5, "2012-09-30": -47.9, "2012-06-30": -11.9, "2012-03-31": "74.30000", "2011-12-31": 13.6, "2011-09-30": -53.4, "2011-06-30": 112.4, "2011-03-31": "-73.20000", "2010-12-31": -101.2, "2010-09-30": 47.1, "2010-06-30": -45.4, "2010-03-31": "45.50000", "2009-12-31": -127.4, "2009-09-30": 139.9, "2009-06-30": -23.4, "2009-03-31": "-235.60000", "2008-12-31": 671.9, "2008-09-30": -469.9, "2008-06-30": -27.2, "2008-03-31": "2.40000", "2007-12-31": -59.5, "2007-09-30": 67.2, "2007-06-30": -97.2, "2007-03-31": "124.60000", "2006-12-31": -46.1, "2006-09-30": -143.2, "2006-06-30": 135.4, "2006-03-31": "-62.70000", "2005-12-31": -150.5, "2005-09-30": 198, "2005-06-30": 5.8, "2005-03-31": "73.30000"}, "Cash Flow From Investing Activities": {"2020-12-31": 4651.5, "2020-09-30": -1380.4, "2020-06-30": -2217.3, "2020-03-31": "-1053.80000", "2019-12-31": -885.3, "2019-09-30": -1673.9, "2019-06-30": -1501.7, "2019-03-31": "-277.40000", "2018-12-31": -1378.3, "2018-09-30": -1700.4, "2018-06-30": -1775.6, "2018-03-31": "-2180.60000", "2017-12-31": -507.4, "2017-09-30": -996.9, "2017-06-30": -1239.8, "2017-03-31": "-662.60000", "2016-12-31": -340.2, "2016-09-30": -1135.2, "2016-06-30": -755.7, "2016-03-31": "-249.60000", "2015-12-31": -64.7, "2015-09-30": -712.8, "2015-06-30": -450, "2015-03-31": "-696.40000", "2014-12-31": -12.3, "2014-09-30": -510.4, "2014-06-30": -651.2, "2014-03-31": "337.00000", "2013-12-31": 80.6, "2013-09-30": -513.3, "2013-06-30": -353.2, "2013-03-31": "-570.60000", "2012-12-31": 565.9, "2012-09-30": -416.6, "2012-06-30": -353.1, "2012-03-31": "-61.10000", "2011-12-31": 132.1, "2011-09-30": -513, "2011-06-30": -84.1, "2011-03-31": "-279.90000", "2010-12-31": 689.9, "2010-09-30": -169.8, "2010-06-30": -477.6, "2010-03-31": "-529.00000", "2009-12-31": -12.2, "2009-09-30": -408.5, "2009-06-30": -350.5, "2009-03-31": "-407.40000", "2008-12-31": -122.5, "2008-09-30": -503.4, "2008-06-30": -429.1, "2008-03-31": "-257.50000", "2007-12-31": 227.9, "2007-09-30": 1482.6, "2007-06-30": -1294.8, "2007-03-31": "-319.60000", "2006-12-31": 122, "2006-09-30": -118.1, "2006-06-30": -287, "2006-03-31": "-484.10000", "2005-12-31": -61.1, "2005-09-30": -432.7, "2005-06-30": -547.3, "2005-03-31": "-505.00000"}, "Net Long-Term Debt": {"2020-12-31": -986.3, "2020-09-30": 0, "2020-06-30": 0, "2020-03-31": "986.30000", "2019-12-31": 0, "2019-09-30": 0, "2019-06-30": 0, "2019-03-31": "", "2018-12-31": 544.5, "2018-09-30": 0, "2018-06-30": 0, "2018-03-31": "552.40000", "2017-12-31": -6.2, "2017-09-30": -71.5, "2017-06-30": 271.1, "2017-03-31": "-36.90000", "2016-12-31": -6.3, "2016-09-30": 489.4, "2016-06-30": -24.4, "2016-03-31": "-6.80000", "2015-12-31": -6.8, "2015-09-30": -26.1, "2015-06-30": -6.8, "2015-03-31": "382.00000", "2014-12-31": 0, "2014-09-30": -48.9, "2014-06-30": 344.7, "2014-03-31": "", "2013-12-31": -150, "2013-09-30": -58.1, "2013-06-30": 0, "2013-03-31": "", "2012-12-31": 0, "2012-09-30": -0.6, "2012-06-30": -18.6, "2012-03-31": "-363.30000", "2011-12-31": -2.3, "2011-09-30": 479.2, "2011-06-30": 0, "2011-03-31": "", "2010-12-31": 0, "2010-09-30": -214.3, "2010-06-30": 0, "2010-03-31": "", "2009-12-31": 0, "2009-09-30": 0, "2009-06-30": 0, "2009-03-31": "", "2008-12-31": 0, "2008-09-30": 0, "2008-06-30": 0, "2008-03-31": "", "2007-12-31": 0, "2007-09-30": 0, "2007-06-30": 1021.7, "2007-03-31": "", "2006-12-31": 0, "2006-09-30": 0, "2006-06-30": -100, "2006-03-31": "", "2005-12-31": 0, "2005-09-30": 0, "2005-06-30": 0, "2005-03-31": ""}, "Net Current Debt": {"2020-12-31": 0, "2020-09-30": 0, "2020-06-30": 0, "2020-03-31": "", "2019-12-31": 0, "2019-09-30": 0, "2019-06-30": 0, "2019-03-31": "", "2018-12-31": 0, "2018-09-30": 0, "2018-06-30": 0, "2018-03-31": "", "2017-12-31": 0, "2017-09-30": 0, "2017-06-30": 0, "2017-03-31": "", "2016-12-31": 0, "2016-09-30": 0, "2016-06-30": 0, "2016-03-31": "", "2015-12-31": 0, "2015-09-30": 0, "2015-06-30": 0, "2015-03-31": "", "2014-12-31": 0, "2014-09-30": 0, "2014-06-30": 0, "2014-03-31": "", "2013-12-31": 0, "2013-09-30": 0, "2013-06-30": 0, "2013-03-31": "", "2012-12-31": 0, "2012-09-30": 0, "2012-06-30": 0, "2012-03-31": "", "2011-12-31": 0, "2011-09-30": 0, "2011-06-30": 0, "2011-03-31": "", "2010-12-31": 0, "2010-09-30": 0, "2010-06-30": 0, "2010-03-31": "", "2009-12-31": 0, "2009-09-30": 0, "2009-06-30": 0, "2009-03-31": "", "2008-12-31": 0, "2008-09-30": 0, "2008-06-30": 0, "2008-03-31": "", "2007-12-31": 0, "2007-09-30": 0, "2007-06-30": 0, "2007-03-31": "", "2006-12-31": 0, "2006-09-30": 0, "2006-06-30": 0, "2006-03-31": "", "2005-12-31": 0, "2005-09-30": 0, "2005-06-30": 0, "2005-03-31": ""}, "Debt Issuance/Retirement Net - Total": {"2020-12-31": -986.3, "2020-09-30": 0, "2020-06-30": 0, "2020-03-31": "986.30000", "2019-12-31": 0, "2019-09-30": 0, "2019-06-30": 0, "2019-03-31": "", "2018-12-31": 544.5, "2018-09-30": 0, "2018-06-30": 0, "2018-03-31": "552.40000", "2017-12-31": -6.2, "2017-09-30": -71.5, "2017-06-30": 271.1, "2017-03-31": "-36.90000", "2016-12-31": -6.3, "2016-09-30": 489.4, "2016-06-30": -24.4, "2016-03-31": "-6.80000", "2015-12-31": -6.8, "2015-09-30": -26.1, "2015-06-30": -6.8, "2015-03-31": "382.00000", "2014-12-31": 0, "2014-09-30": -48.9, "2014-06-30": 344.7, "2014-03-31": "", "2013-12-31": -150, "2013-09-30": -58.1, "2013-06-30": 0, "2013-03-31": "", "2012-12-31": 0, "2012-09-30": -0.6, "2012-06-30": -18.6, "2012-03-31": "-363.30000", "2011-12-31": -2.3, "2011-09-30": 479.2, "2011-06-30": 0, "2011-03-31": "", "2010-12-31": 0, "2010-09-30": -214.3, "2010-06-30": 0, "2010-03-31": "", "2009-12-31": 0, "2009-09-30": 0, "2009-06-30": 0, "2009-03-31": "", "2008-12-31": 0, "2008-09-30": 0, "2008-06-30": 0, "2008-03-31": "", "2007-12-31": 0, "2007-09-30": 0, "2007-06-30": 1021.7, "2007-03-31": "", "2006-12-31": 0, "2006-09-30": 0, "2006-06-30": -100, "2006-03-31": "", "2005-12-31": 0, "2005-09-30": 0, "2005-06-30": 0, "2005-03-31": ""}, "Net Common Equity Issued/Repurchased": {"2020-12-31": 310.2, "2020-09-30": -45.4, "2020-06-30": -238.3, "2020-03-31": "-26.50000", "2019-12-31": -3.2, "2019-09-30": -59.7, "2019-06-30": -11.9, "2019-03-31": "-26.10000", "2018-12-31": -297.2, "2018-09-30": -39.3, "2018-06-30": 0.5, "2018-03-31": "-36.60000", "2017-12-31": -0.4, "2017-09-30": -38, "2017-06-30": -2.7, "2017-03-31": "-20.90000", "2016-12-31": -28.9, "2016-09-30": -51.5, "2016-06-30": -41.8, "2016-03-31": "-70.30000", "2015-12-31": -33.4, "2015-09-30": -66.8, "2015-06-30": -42.2, "2015-03-31": "-65.90000", "2014-12-31": -36.7, "2014-09-30": -94.7, "2014-06-30": -45.3, "2014-03-31": "-94.70000", "2013-12-31": -108.6, "2013-09-30": -38.1, "2013-06-30": -75.4, "2013-03-31": "-51.30000", "2012-12-31": -4.1, "2012-09-30": -87.1, "2012-06-30": -45.3, "2012-03-31": "-37.20000", "2011-12-31": -150.1, "2011-09-30": -409.8, "2011-06-30": -280.4, "2011-03-31": "-135.10000", "2010-12-31": -40.3, "2010-09-30": -92, "2010-06-30": -60.5, "2010-03-31": "-38.60000", "2009-12-31": -79.8, "2009-09-30": -69.4, "2009-06-30": -11.5, "2009-03-31": "-1.10000", "2008-12-31": 5.4, "2008-09-30": 0.9, "2008-06-30": -51.7, "2008-03-31": "-107.00000", "2007-12-31": -349.2, "2007-09-30": -557.8, "2007-06-30": -294, "2007-03-31": "-316.60000", "2006-12-31": -357.2, "2006-09-30": -340.5, "2006-06-30": -253.2, "2006-03-31": "-220.30000", "2005-12-31": -3.4, "2005-09-30": -76.4, "2005-06-30": -208.1, "2005-03-31": "-150.70000"}, "Net Total Equity Issued/Repurchased": {"2020-12-31": 310.2, "2020-09-30": -45.4, "2020-06-30": -238.3, "2020-03-31": "-26.50000", "2019-12-31": -3.2, "2019-09-30": -59.7, "2019-06-30": -11.9, "2019-03-31": "-26.10000", "2018-12-31": -297.2, "2018-09-30": -39.3, "2018-06-30": 0.5, "2018-03-31": "457.30000", "2017-12-31": -0.4, "2017-09-30": -38, "2017-06-30": -2.7, "2017-03-31": "-20.90000", "2016-12-31": -28.9, "2016-09-30": -51.5, "2016-06-30": -41.8, "2016-03-31": "-70.30000", "2015-12-31": -33.4, "2015-09-30": -66.8, "2015-06-30": -42.2, "2015-03-31": "-65.90000", "2014-12-31": -36.7, "2014-09-30": -94.7, "2014-06-30": -45.3, "2014-03-31": "-94.70000", "2013-12-31": -108.6, "2013-09-30": -38.1, "2013-06-30": -75.4, "2013-03-31": "-51.30000", "2012-12-31": -4.1, "2012-09-30": -87.1, "2012-06-30": -45.3, "2012-03-31": "-37.20000", "2011-12-31": -150.1, "2011-09-30": -409.8, "2011-06-30": -280.4, "2011-03-31": "-135.10000", "2010-12-31": -40.3, "2010-09-30": -92, "2010-06-30": -60.5, "2010-03-31": "-38.60000", "2009-12-31": -79.8, "2009-09-30": -69.4, "2009-06-30": -11.5, "2009-03-31": "-1.10000", "2008-12-31": 5.4, "2008-09-30": 0.9, "2008-06-30": -51.7, "2008-03-31": "-107.00000", "2007-12-31": -349.2, "2007-09-30": -557.8, "2007-06-30": -294, "2007-03-31": "-316.60000", "2006-12-31": -357.2, "2006-09-30": -340.5, "2006-06-30": -253.2, "2006-03-31": "-220.30000", "2005-12-31": -3.4, "2005-09-30": -76.4, "2005-06-30": -208.1, "2005-03-31": "-150.70000"}, "Total Common And Preferred Stock Dividends Paid": {"2020-12-31": 1519.2, "2020-09-30": -71.9, "2020-06-30": -58.5, "2020-03-31": "-1388.80000", "2019-12-31": -58.5, "2019-09-30": -71.8, "2019-06-30": -58.4, "2019-03-31": "-1481.30000", "2018-12-31": 0, "2018-09-30": -13.5, "2018-06-30": 0, "2018-03-31": "-654.90000", "2017-12-31": 0, "2017-09-30": 0, "2017-06-30": 0, "2017-03-31": "-395.40000", "2016-12-31": 0, "2016-09-30": 0, "2016-06-30": 0, "2016-03-31": "-519.00000", "2015-12-31": 0, "2015-09-30": 0, "2015-06-30": 0, "2015-03-31": "-403.60000", "2014-12-31": 0, "2014-09-30": 0, "2014-06-30": 0, "2014-03-31": "-892.60000", "2013-12-31": 0, "2013-09-30": 0, "2013-06-30": 0, "2013-03-31": "-175.60000", "2012-12-31": -601.3, "2012-09-30": -1.4, "2012-06-30": 0, "2012-03-31": "-251.00000", "2011-12-31": 0, "2011-09-30": 0, "2011-06-30": 0, "2011-03-31": "-263.60000", "2010-12-31": -655.5, "2010-09-30": 0, "2010-06-30": 0, "2010-03-31": "-108.20000", "2009-12-31": 0, "2009-09-30": 0, "2009-06-30": 0, "2009-03-31": "", "2008-12-31": 0, "2008-09-30": 0, "2008-06-30": 0, "2008-03-31": "-98.30000", "2007-12-31": 0, "2007-09-30": -1406.5, "2007-06-30": 0, "2007-03-31": "", "2006-12-31": -6.5, "2006-09-30": -6.8, "2006-06-30": -5.9, "2006-03-31": "-5.80000", "2005-12-31": -5.9, "2005-09-30": -5.9, "2005-06-30": -5.9, "2005-03-31": "-6.00000"}, "Financial Activities - Other": {"2020-12-31": 0, "2020-09-30": 0, "2020-06-30": 0, "2020-03-31": "", "2019-12-31": 0, "2019-09-30": 0, "2019-06-30": 0, "2019-03-31": "", "2018-12-31": 0, "2018-09-30": 0, "2018-06-30": 0, "2018-03-31": "", "2017-12-31": 0, "2017-09-30": 0, "2017-06-30": 0, "2017-03-31": "", "2016-12-31": 1.2, "2016-09-30": 1.3, "2016-06-30": 0.1, "2016-03-31": "6.60000", "2015-12-31": 1.8, "2015-09-30": 6.3, "2015-06-30": 2.4, "2015-03-31": "6.30000", "2014-12-31": 0, "2014-09-30": 2.1, "2014-06-30": 0, "2014-03-31": "10.70000", "2013-12-31": 0, "2013-09-30": 2.9, "2013-06-30": 0.8, "2013-03-31": "6.60000", "2012-12-31": 0.2, "2012-09-30": 1.5, "2012-06-30": 0, "2012-03-31": "4.10000", "2011-12-31": 3.7, "2011-09-30": 0.3, "2011-06-30": 0.9, "2011-03-31": "1.50000", "2010-12-31": 8, "2010-09-30": 3.3, "2010-06-30": 2.5, "2010-03-31": "0.20000", "2009-12-31": 6.8, "2009-09-30": 2.7, "2009-06-30": 1.5, "2009-03-31": "-1.30000", "2008-12-31": 2.7, "2008-09-30": 0.4, "2008-06-30": 3.9, "2008-03-31": "4.10000", "2007-12-31": 5.6, "2007-09-30": 1.7, "2007-06-30": 3.7, "2007-03-31": "4.50000", "2006-12-31": 11.4, "2006-09-30": 5, "2006-06-30": 10.9, "2006-03-31": "11.50000", "2005-12-31": 0, "2005-09-30": 0, "2005-06-30": 0, "2005-03-31": ""}, "Cash Flow From Financial Activities": {"2020-12-31": 843.1, "2020-09-30": -117.3, "2020-06-30": -296.8, "2020-03-31": "-429.00000", "2019-12-31": -61.7, "2019-09-30": -131.5, "2019-06-30": -70.3, "2019-03-31": "-1507.40000", "2018-12-31": 247.3, "2018-09-30": -52.8, "2018-06-30": 0.5, "2018-03-31": "354.80000", "2017-12-31": -6.6, "2017-09-30": -109.5, "2017-06-30": 268.4, "2017-03-31": "-453.20000", "2016-12-31": -34, "2016-09-30": 439.2, "2016-06-30": -66.1, "2016-03-31": "-589.50000", "2015-12-31": -38.4, "2015-09-30": -86.6, "2015-06-30": -46.6, "2015-03-31": "-81.20000", "2014-12-31": -36.7, "2014-09-30": -141.5, "2014-06-30": 299.4, "2014-03-31": "-976.60000", "2013-12-31": -258.6, "2013-09-30": -93.3, "2013-06-30": -74.6, "2013-03-31": "-220.30000", "2012-12-31": -605.2, "2012-09-30": -87.6, "2012-06-30": -63.9, "2012-03-31": "-647.40000", "2011-12-31": -148.7, "2011-09-30": 69.7, "2011-06-30": -279.5, "2011-03-31": "-397.20000", "2010-12-31": -687.8, "2010-09-30": -303, "2010-06-30": -58, "2010-03-31": "-146.60000", "2009-12-31": -73, "2009-09-30": -66.7, "2009-06-30": -10, "2009-03-31": "-2.40000", "2008-12-31": 8.1, "2008-09-30": 1.3, "2008-06-30": -47.8, "2008-03-31": "-201.20000", "2007-12-31": -343.6, "2007-09-30": -1962.6, "2007-06-30": 731.4, "2007-03-31": "-312.10000", "2006-12-31": -352.3, "2006-09-30": -342.3, "2006-06-30": -348.2, "2006-03-31": "-214.60000", "2005-12-31": -9.3, "2005-09-30": -82.3, "2005-06-30": -214, "2005-03-31": "-156.70000"}, "Net Cash Flow": {"2020-12-31": 136.3, "2020-09-30": -18, "2020-06-30": -261.3, "2020-03-31": "143.00000", "2019-12-31": 181.2, "2019-09-30": -46.7, "2019-06-30": -65.8, "2019-03-31": "83.70000", "2018-12-31": -47.7, "2018-09-30": -35, "2018-06-30": -38.9, "2018-03-31": "-78.70000", "2017-12-31": 19, "2017-09-30": 94.5, "2017-06-30": -53.2, "2017-03-31": "-11.40000", "2016-12-31": 82.7, "2016-09-30": 8.7, "2016-06-30": -69.2, "2016-03-31": "-20.20000", "2015-12-31": 29.9, "2015-09-30": -69.3, "2015-06-30": 162.3, "2015-03-31": "-6.90000", "2014-12-31": 17.8, "2014-09-30": -35.5, "2014-06-30": 29.4, "2014-03-31": "21.60000", "2013-12-31": -25.8, "2013-09-30": 4, "2013-06-30": -13.3, "2013-03-31": "-68.90000", "2012-12-31": -13.1, "2012-09-30": 26.7, "2012-06-30": 9.5, "2012-03-31": "0.30000", "2011-12-31": -14.6, "2011-09-30": 20.6, "2011-06-30": -5.8, "2011-03-31": "-3.40000", "2010-12-31": 3.9, "2010-09-30": 1.2, "2010-06-30": -1.3, "2010-03-31": "-5.60000", "2009-12-31": -11.8, "2009-09-30": 11.8, "2009-06-30": 26.2, "2009-03-31": "131.60000", "2008-12-31": -3.7, "2008-09-30": -3.3, "2008-06-30": 1.4, "2008-03-31": "2.70000", "2007-12-31": -1.9, "2007-09-30": -6.3, "2007-06-30": 4.1, "2007-03-31": "4.30000", "2006-12-31": -8.9, "2006-09-30": -3.1, "2006-06-30": 7, "2006-03-31": "5.00000", "2005-12-31": -1.3, "2005-09-30": -12.9, "2005-06-30": 3, "2005-03-31": "-3.20000"}, "Stock-Based Compensation": {"2020-12-31": -61.9, "2020-09-30": 16.7, "2020-06-30": 21.9, "2020-03-31": "23.30000", "2019-12-31": 25.5, "2019-09-30": 18.7, "2019-06-30": 26.8, "2019-03-31": "19.20000", "2018-12-31": 23.2, "2018-09-30": 15.5, "2018-06-30": 21.1, "2018-03-31": "17.40000", "2017-12-31": 18.8, "2017-09-30": 22.7, "2017-06-30": 23, "2017-03-31": "30.90000", "2016-12-31": 20.6, "2016-09-30": 22.5, "2016-06-30": 29.3, "2016-03-31": "12.80000", "2015-12-31": 20.3, "2015-09-30": 19.4, "2015-06-30": 13.4, "2015-03-31": "13.10000", "2014-12-31": 13, "2014-09-30": 8.6, "2014-06-30": 14.6, "2014-03-31": "15.20000", "2013-12-31": 15.1, "2013-09-30": 14.7, "2013-06-30": 17.3, "2013-03-31": "17.80000", "2012-12-31": 17.6, "2012-09-30": 14.3, "2012-06-30": 14.7, "2012-03-31": "16.80000", "2011-12-31": 14.1, "2011-09-30": 11.9, "2011-06-30": 12.3, "2011-03-31": "12.20000", "2010-12-31": 10.7, "2010-09-30": 11.5, "2010-06-30": 13.5, "2010-03-31": "10.20000", "2009-12-31": 12.3, "2009-09-30": 8.7, "2009-06-30": 10, "2009-03-31": "9.30000", "2008-12-31": 8.7, "2008-09-30": 9.8, "2008-06-30": 9.5, "2008-03-31": "6.50000", "2007-12-31": 5.7, "2007-09-30": 4.9, "2007-06-30": 9.7, "2007-03-31": "6.20000", "2006-12-31": 8.9, "2006-09-30": 7.3, "2006-06-30": 6.6, "2006-03-31": "4.80000", "2005-12-31": 9.7, "2005-09-30": 8.4, "2005-06-30": 8.9, "2005-03-31": "6.70000"}, "Common Stock Dividends Paid": {"2020-12-31": 1492.4, "2020-09-30": -58.5, "2020-06-30": -58.5, "2020-03-31": "-1375.40000", "2019-12-31": -58.5, "2019-09-30": -58.4, "2019-06-30": -58.4, "2019-03-31": "-1467.90000", "2018-12-31": 0, "2018-09-30": 0, "2018-06-30": 0, "2018-03-31": "-654.90000", "2017-12-31": 0, "2017-09-30": 0, "2017-06-30": 0, "2017-03-31": "-395.40000", "2016-12-31": 0, "2016-09-30": 0, "2016-06-30": 0, "2016-03-31": "-519.00000", "2015-12-31": 0, "2015-09-30": 0, "2015-06-30": 0, "2015-03-31": "-403.60000", "2014-12-31": 0, "2014-09-30": 0, "2014-06-30": 0, "2014-03-31": "-892.60000", "2013-12-31": 0, "2013-09-30": 0, "2013-06-30": 0, "2013-03-31": "-175.60000", "2012-12-31": -601.3, "2012-09-30": -1.4, "2012-06-30": 0, "2012-03-31": "-251.00000", "2011-12-31": 0, "2011-09-30": 0, "2011-06-30": 0, "2011-03-31": "-263.60000", "2010-12-31": -655.5, "2010-09-30": 0, "2010-06-30": 0, "2010-03-31": "-108.20000", "2009-12-31": 0, "2009-09-30": 0, "2009-06-30": 0, "2009-03-31": "0.00000", "2008-12-31": 0, "2008-09-30": 0, "2008-06-30": 0, "2008-03-31": "-98.30000", "2007-12-31": 0, "2007-09-30": -1406.5, "2007-06-30": 0, "2007-03-31": "", "2006-12-31": -6.5, "2006-09-30": -6.8, "2006-06-30": -5.9, "2006-03-31": "-5.80000", "2005-12-31": -5.9, "2005-09-30": -5.9, "2005-06-30": -5.9, "2005-03-31": "-6.00000"}}, "financial ratios": {"Current Ratio": {"2019-12-31": "", "2018-12-31": "", "2017-12-31": "", "2016-12-31": "", "2015-12-31": "", "2014-12-31": "", "2013-12-31": "", "2012-12-31": "", "2011-12-31": "", "2010-12-31": "", "2009-12-31": "", "2008-12-31": "", "2007-12-31": "", "2006-12-31": "", "2005-12-31": ""}, "Long-term Debt / Capital": {"2019-12-31": "0.24380", "2018-12-31": "0.28930", "2017-12-31": "0.26260", "2016-12-31": "0.28350", "2015-12-31": "0.27090", "2014-12-31": "0.23810", "2013-12-31": "0.23120", "2012-12-31": "0.25560", "2011-12-31": "0.29610", "2010-12-31": "0.24460", "2009-12-31": "0.27470", "2008-12-31": "0.34040", "2007-12-31": "0.30580", "2006-12-31": "0.14760", "2005-12-31": "0.17380"}, "Debt/Equity Ratio": {"2019-12-31": "0.32230", "2018-12-31": "0.40700", "2017-12-31": "0.35610", "2016-12-31": "0.39560", "2015-12-31": "0.37150", "2014-12-31": "0.31240", "2013-12-31": "0.30070", "2012-12-31": "0.34340", "2011-12-31": "0.42060", "2010-12-31": "0.32370", "2009-12-31": "0.37870", "2008-12-31": "0.51610", "2007-12-31": "0.44050", "2006-12-31": "0.17320", "2005-12-31": "0.21040"}, "Gross Margin": {"2019-12-31": "", "2018-12-31": "", "2017-12-31": "", "2016-12-31": "", "2015-12-31": "", "2014-12-31": "", "2013-12-31": "", "2012-12-31": "", "2011-12-31": "", "2010-12-31": "", "2009-12-31": "", "2008-12-31": "", "2007-12-31": "", "2006-12-31": "", "2005-12-31": ""}, "Operating Margin": {"2019-12-31": "14.23160", "2018-12-31": "10.90870", "2017-12-31": "9.03690", "2016-12-31": "7.36310", "2015-12-31": "10.29980", "2014-12-31": "10.79910", "2013-12-31": "10.43320", "2012-12-31": "8.73920", "2011-12-31": "10.47630", "2010-12-31": "11.38310", "2009-12-31": "11.85420", "2008-12-31": "-0.43930", "2007-12-31": "12.49080", "2006-12-31": "17.22390", "2005-12-31": "15.22860"}, "EBIT Margin": {"2019-12-31": "14.23160", "2018-12-31": "10.90870", "2017-12-31": "9.03690", "2016-12-31": "7.36310", "2015-12-31": "10.29980", "2014-12-31": "10.79910", "2013-12-31": "10.43320", "2012-12-31": "8.73920", "2011-12-31": "10.47630", "2010-12-31": "11.38310", "2009-12-31": "11.85420", "2008-12-31": "-0.43930", "2007-12-31": "12.49080", "2006-12-31": "17.22390", "2005-12-31": "15.22860"}, "EBITDA Margin": {"2019-12-31": "15.10140", "2018-12-31": "11.83650", "2017-12-31": "10.23770", "2016-12-31": "8.54340", "2015-12-31": "11.49340", "2014-12-31": "11.70310", "2013-12-31": "11.72810", "2012-12-31": "10.38460", "2011-12-31": "12.51440", "2010-12-31": "13.43560", "2009-12-31": "14.03840", "2008-12-31": "2.27650", "2007-12-31": "15.15310", "2006-12-31": "19.44900", "2005-12-31": "17.20010"}, "Pre-Tax Profit Margin": {"2019-12-31": "13.22400", "2018-12-31": "9.89270", "2017-12-31": "7.96940", "2016-12-31": "6.27390", "2015-12-31": "9.16670", "2014-12-31": "9.83630", "2013-12-31": "9.46570", "2012-12-31": "7.71310", "2011-12-31": "9.42650", "2010-12-31": "10.28690", "2009-12-31": "10.69040", "2008-12-31": "-1.73130", "2007-12-31": "11.52740", "2006-12-31": "16.45570", "2005-12-31": "14.39450"}, "Net Profit Margin": {"2019-12-31": "10.10550", "2018-12-31": "8.11130", "2017-12-31": "5.93240", "2016-12-31": "4.39820", "2015-12-31": "6.07850", "2014-12-31": "6.60600", "2013-12-31": "6.41360", "2012-12-31": "5.28160", "2011-12-31": "6.43760", "2010-12-31": "7.02110", "2009-12-31": "7.26130", "2008-12-31": "-0.54520", "2007-12-31": "8.05140", "2006-12-31": "11.14200", "2005-12-31": "9.74520"}, "Asset Turnover": {"2019-12-31": "0.71080", "2018-12-31": "0.68660", "2017-12-31": "0.69350", "2016-12-31": "0.70130", "2015-12-31": "0.69930", "2014-12-31": "0.75200", "2013-12-31": "0.74450", "2012-12-31": "0.75280", "2011-12-31": "0.72210", "2010-12-31": "0.71940", "2009-12-31": "0.72640", "2008-12-31": "0.70350", "2007-12-31": "0.77940", "2006-12-31": "0.75900", "2005-12-31": "0.75680"}, "Inventory Turnover Ratio": {"2019-12-31": "", "2018-12-31": "", "2017-12-31": "", "2016-12-31": "", "2015-12-31": "", "2014-12-31": "", "2013-12-31": "", "2012-12-31": "", "2011-12-31": "", "2010-12-31": "", "2009-12-31": "", "2008-12-31": "", "2007-12-31": "", "2006-12-31": "", "2005-12-31": ""}, "Receiveable Turnover": {"2019-12-31": "", "2018-12-31": "", "2017-12-31": "", "2016-12-31": "", "2015-12-31": "", "2014-12-31": "", "2013-12-31": "", "2012-12-31": "", "2011-12-31": "", "2010-12-31": "", "2009-12-31": "", "2008-12-31": "", "2007-12-31": "", "2006-12-31": "", "2005-12-31": ""}, "Days Sales In Receivables": {"2019-12-31": "", "2018-12-31": "", "2017-12-31": "", "2016-12-31": "", "2015-12-31": "", "2014-12-31": "", "2013-12-31": "", "2012-12-31": "", "2011-12-31": "", "2010-12-31": "", "2009-12-31": "", "2008-12-31": "", "2007-12-31": "", "2006-12-31": "", "2005-12-31": ""}, "ROE - Return On Equity": {"2019-12-31": "30.19890", "2018-12-31": "25.37790", "2017-12-31": "17.21200", "2016-12-31": "13.28630", "2015-12-31": "17.84100", "2014-12-31": "18.48860", "2013-12-31": "18.82870", "2012-12-31": "15.02080", "2011-12-31": "17.48840", "2010-12-31": "17.66110", "2009-12-31": "18.39580", "2008-12-31": "-1.66060", "2007-12-31": "23.95910", "2006-12-31": "24.06300", "2005-12-31": "22.82280"}, "Return On Tangible Equity": {"2019-12-31": "30.63380", "2018-12-31": "26.01620", "2017-12-31": "18.87780", "2016-12-31": "14.94300", "2015-12-31": "20.49030", "2014-12-31": "18.52310", "2013-12-31": "18.82870", "2012-12-31": "15.02080", "2011-12-31": "17.48840", "2010-12-31": "17.66110", "2009-12-31": "18.39580", "2008-12-31": "-1.66060", "2007-12-31": "23.95910", "2006-12-31": "24.06300", "2005-12-31": "22.82280"}, "ROA - Return On Assets": {"2019-12-31": "7.25020", "2018-12-31": "5.62750", "2017-12-31": "4.12930", "2016-12-31": "3.16270", "2015-12-31": "4.36130", "2014-12-31": "4.96750", "2013-12-31": "4.77460", "2012-12-31": "3.97580", "2011-12-31": "4.64870", "2010-12-31": "5.05100", "2009-12-31": "5.27450", "2008-12-31": "-0.38360", "2007-12-31": "6.27550", "2006-12-31": "8.45650", "2005-12-31": "7.37570"}, "ROI - Return On Investment": {"2019-12-31": "22.01290", "2018-12-31": "17.21320", "2017-12-31": "12.69230", "2016-12-31": "9.51980", "2015-12-31": "13.00850", "2014-12-31": "14.08730", "2013-12-31": "14.47630", "2012-12-31": "11.18080", "2011-12-31": "12.31090", "2010-12-31": "13.34190", "2009-12-31": "13.34250", "2008-12-31": "-1.09530", "2007-12-31": "16.63290", "2006-12-31": "20.51150", "2005-12-31": "18.85590"}, "Book Value Per Share": {"2019-12-31": "23.38900", "2018-12-31": "18.55590", "2017-12-31": "15.96150", "2016-12-31": "13.72150", "2015-12-31": "12.49040", "2014-12-31": "11.78730", "2013-12-31": "10.38860", "2012-12-31": "9.93550", "2011-12-31": "9.47260", "2010-12-31": "9.13180", "2009-12-31": "8.54680", "2008-12-31": "6.23100", "2007-12-31": "7.25600", "2006-12-31": "9.15320", "2005-12-31": "30.95540"}, "Operating Cash Flow Per Share": {"2019-12-31": -0.0486, "2018-12-31": 4.2979, "2017-12-31": 1.7429, "2016-12-31": 0.7798, "2015-12-31": 0.9904, "2014-12-31": -0.2465, "2013-12-31": 0.3648, "2012-12-31": 0.4309, "2011-12-31": -0.1798, "2010-12-31": 0.3199, "2009-12-31": -0.0871, "2008-12-31": -0.1938, "2007-12-31": -0.0904, "2006-12-31": 0.0884, "2005-12-31": 2.4947}, "Free Cash Flow Per Share": {"2019-12-31": -0.1396, "2018-12-31": 4.1003, "2017-12-31": 1.8601, "2016-12-31": 0.6267, "2015-12-31": 0.9584, "2014-12-31": -0.1918, "2013-12-31": 0.3421, "2012-12-31": 0.3463, "2011-12-31": -0.2136, "2010-12-31": 0.3309, "2009-12-31": -0.0389, "2008-12-31": -0.1515, "2007-12-31": 0.1296, "2006-12-31": -0.0893, "2005-12-31": 2.2655}}, "financial ratios, quarterly": {"Current Ratio": {"2020-09-30": "", "2020-06-30": "", "2020-03-31": "", "2019-12-31": "", "2019-09-30": "", "2019-06-30": "", "2019-03-31": "", "2018-12-31": "", "2018-09-30": "", "2018-06-30": "", "2018-03-31": "", "2017-12-31": "", "2017-09-30": "", "2017-06-30": "", "2017-03-31": "", "2016-12-31": "", "2016-09-30": "", "2016-06-30": "", "2016-03-31": "", "2015-12-31": "", "2015-09-30": "", "2015-06-30": "", "2015-03-31": "", "2014-12-31": "", "2014-09-30": "", "2014-06-30": "", "2014-03-31": "", "2013-12-31": "", "2013-09-30": "", "2013-06-30": "", "2013-03-31": "", "2012-12-31": "", "2012-09-30": "", "2012-06-30": "", "2012-03-31": "", "2011-12-31": "", "2011-09-30": "", "2011-06-30": "", "2011-03-31": "", "2010-12-31": "", "2010-09-30": "", "2010-06-30": "", "2010-03-31": "", "2009-12-31": "", "2009-09-30": "", "2009-06-30": "", "2009-03-31": "", "2008-12-31": "", "2008-09-30": "", "2008-06-30": "", "2008-03-31": "", "2007-12-31": "", "2007-09-30": "", "2007-06-30": "", "2007-03-31": "", "2006-12-31": "", "2006-09-30": "", "2006-06-30": "", "2006-03-31": "", "2005-12-31": "", "2005-09-30": "", "2005-06-30": "", "2005-03-31": ""}, "Long-term Debt / Capital": {"2020-09-30": "0.22980", "2020-06-30": "0.24450", "2020-03-31": "0.27320", "2019-12-31": "0.24380", "2019-09-30": "0.23780", "2019-06-30": "0.24840", "2019-03-31": "0.26670", "2018-12-31": "0.28930", "2018-09-30": "0.24560", "2018-06-30": "0.25970", "2018-03-31": "0.27210", "2017-12-31": "0.26260", "2017-09-30": "0.26280", "2017-06-30": "0.27340", "2017-03-31": "0.26750", "2016-12-31": "0.28350", "2016-09-30": "0.28040", "2016-06-30": "0.25370", "2016-03-31": "0.26330", "2015-12-31": "0.27090", "2015-09-30": "0.26670", "2015-06-30": "0.27120", "2015-03-31": "0.26230", "2014-12-31": "0.23810", "2014-09-30": "0.23780", "2014-06-30": "0.24540", "2014-03-31": "0.22430", "2013-12-31": "0.23120", "2013-09-30": "0.22840", "2013-06-30": "0.24030", "2013-03-31": "0.24410", "2012-12-31": "0.25560", "2012-09-30": "0.23940", "2012-06-30": "0.24710", "2012-03-31": "0.24970", "2011-12-31": "0.29610", "2011-09-30": "0.29590", "2011-06-30": "0.23580", "2011-03-31": "0.23660", "2010-12-31": "0.24460", "2010-09-30": "0.22580", "2010-06-30": "0.25680", "2010-03-31": "0.25960", "2009-12-31": "0.27470", "2009-09-30": "0.28370", "2009-06-30": "0.30650", "2009-03-31": "0.33580", "2008-12-31": "0.34040", "2008-09-30": "0.33800", "2008-06-30": "0.31160", "2008-03-31": "0.31400", "2007-12-31": "0.30580", "2007-09-30": "0.28910", "2007-06-30": "0.28310", "2007-03-31": "0.14610", "2006-12-31": "0.14760", "2006-09-30": "0.15010", "2006-06-30": "0.15580", "2006-03-31": "0.16890", "2005-12-31": "0.17380", "2005-09-30": "0.18110", "2005-06-30": "0.18680", "2005-03-31": "0.19520"}, "Debt/Equity Ratio": {"2020-09-30": "0.29830", "2020-06-30": "0.32360", "2020-03-31": "0.37580", "2019-12-31": "0.32230", "2019-09-30": "0.31200", "2019-06-30": "0.33050", "2019-03-31": "0.36380", "2018-12-31": "0.40700", "2018-09-30": "0.32550", "2018-06-30": "0.35080", "2018-03-31": "0.37380", "2017-12-31": "0.35610", "2017-09-30": "0.35660", "2017-06-30": "0.37630", "2017-03-31": "0.36510", "2016-12-31": "0.39560", "2016-09-30": "0.38960", "2016-06-30": "0.34000", "2016-03-31": "0.35740", "2015-12-31": "0.37150", "2015-09-30": "0.36370", "2015-06-30": "0.37220", "2015-03-31": "0.35550", "2014-12-31": "0.31240", "2014-09-30": "0.31210", "2014-06-30": "0.32520", "2014-03-31": "0.28910", "2013-12-31": "0.30070", "2013-09-30": "0.29600", "2013-06-30": "0.31640", "2013-03-31": "0.32290", "2012-12-31": "0.34340", "2012-09-30": "0.31470", "2012-06-30": "0.32810", "2012-03-31": "0.33280", "2011-12-31": "0.42060", "2011-09-30": "0.42020", "2011-06-30": "0.30850", "2011-03-31": "0.30990", "2010-12-31": "0.32370", "2010-09-30": "0.29160", "2010-06-30": "0.34550", "2010-03-31": "0.35060", "2009-12-31": "0.37870", "2009-09-30": "0.39600", "2009-06-30": "0.44190", "2009-03-31": "0.50560", "2008-12-31": "0.51610", "2008-09-30": "0.51050", "2008-06-30": "0.45250", "2008-03-31": "0.45780", "2007-12-31": "0.44050", "2007-09-30": "0.40670", "2007-06-30": "0.39490", "2007-03-31": "0.17110", "2006-12-31": "0.17320", "2006-09-30": "0.17660", "2006-06-30": "0.18450", "2006-03-31": "0.20320", "2005-12-31": "0.21040", "2005-09-30": "0.22110", "2005-06-30": "0.22980", "2005-03-31": "0.24260"}, "Gross Margin": {"2020-09-30": "", "2020-06-30": "", "2020-03-31": "", "2019-12-31": "", "2019-09-30": "", "2019-06-30": "", "2019-03-31": "", "2018-12-31": "", "2018-09-30": "", "2018-06-30": "", "2018-03-31": "", "2017-12-31": "", "2017-09-30": "", "2017-06-30": "", "2017-03-31": "", "2016-12-31": "", "2016-09-30": "", "2016-06-30": "", "2016-03-31": "", "2015-12-31": "", "2015-09-30": "", "2015-06-30": "", "2015-03-31": "", "2014-12-31": "", "2014-09-30": "", "2014-06-30": "", "2014-03-31": "", "2013-12-31": "", "2013-09-30": "", "2013-06-30": "", "2013-03-31": "", "2012-12-31": "", "2012-09-30": "", "2012-06-30": "", "2012-03-31": "", "2011-12-31": "", "2011-09-30": "", "2011-06-30": "", "2011-03-31": "", "2010-12-31": "", "2010-09-30": "", "2010-06-30": "", "2010-03-31": "", "2009-12-31": "", "2009-09-30": "", "2009-06-30": "", "2009-03-31": "", "2008-12-31": "", "2008-09-30": "", "2008-06-30": "", "2008-03-31": "", "2007-12-31": "", "2007-09-30": "", "2007-06-30": "", "2007-03-31": "", "2006-12-31": "", "2006-09-30": "", "2006-06-30": "", "2006-03-31": "", "2005-12-31": "", "2005-09-30": "", "2005-06-30": "", "2005-03-31": ""}, "Operating Margin": {"2020-09-30": "18.62580", "2020-06-30": "21.71500", "2020-03-31": "10.46290", "2019-12-31": "13.40090", "2019-09-30": "11.67200", "2019-06-30": "14.20530", "2019-03-31": "17.84090", "2018-12-31": "4.06340", "2018-09-30": "14.29060", "2018-06-30": "12.03540", "2018-03-31": "13.22860", "2017-12-31": "10.68150", "2017-09-30": "4.76310", "2017-06-30": "9.56140", "2017-03-31": "11.22800", "2016-12-31": "9.88000", "2016-09-30": "5.42210", "2016-06-30": "6.02480", "2016-03-31": "8.06120", "2015-12-31": "10.66020", "2015-09-30": "9.26850", "2015-06-30": "11.09910", "2015-03-31": "10.15050", "2014-12-31": "11.51430", "2014-09-30": "10.27880", "2014-06-30": "10.24780", "2014-03-31": "11.09480", "2013-12-31": "10.07620", "2013-09-30": "8.66340", "2013-06-30": "11.57050", "2013-03-31": "11.43060", "2012-12-31": "9.11600", "2012-09-30": "10.30540", "2012-06-30": "5.07050", "2012-03-31": "10.38190", "2011-12-31": "10.00860", "2011-09-30": "6.58620", "2011-06-30": "10.26420", "2011-03-31": "14.99940", "2010-12-31": "11.39290", "2010-09-30": "11.26410", "2010-06-30": "9.71440", "2010-03-31": "13.17280", "2009-12-31": "12.74670", "2009-09-30": "11.51110", "2009-06-30": "11.04790", "2009-03-31": "12.04080", "2008-12-31": "7.38700", "2008-09-30": "-46.99790", "2008-06-30": "9.75800", "2008-03-31": "10.54410", "2007-12-31": "10.30840", "2007-09-30": "12.55120", "2007-06-30": "11.88010", "2007-03-31": "15.17850", "2006-12-31": "16.72530", "2006-09-30": "16.93700", "2006-06-30": "16.74800", "2006-03-31": "18.50090", "2005-12-31": "12.21450", "2005-09-30": "13.18980", "2005-06-30": "17.18890", "2005-03-31": "18.43460"}, "EBIT Margin": {"2020-09-30": "18.62580", "2020-06-30": "21.71500", "2020-03-31": "10.46290", "2019-12-31": "13.40090", "2019-09-30": "11.67200", "2019-06-30": "14.20530", "2019-03-31": "17.84090", "2018-12-31": "4.06340", "2018-09-30": "14.29060", "2018-06-30": "12.03540", "2018-03-31": "13.22860", "2017-12-31": "10.68150", "2017-09-30": "4.76310", "2017-06-30": "9.56140", "2017-03-31": "11.22800", "2016-12-31": "9.88000", "2016-09-30": "5.42210", "2016-06-30": "6.02480", "2016-03-31": "8.06120", "2015-12-31": "10.66020", "2015-09-30": "9.26850", "2015-06-30": "11.09910", "2015-03-31": "10.15050", "2014-12-31": "11.51420", "2014-09-30": "10.27880", "2014-06-30": "10.24780", "2014-03-31": "11.09480", "2013-12-31": "10.07620", "2013-09-30": "8.66340", "2013-06-30": "11.57050", "2013-03-31": "11.43060", "2012-12-31": "9.11600", "2012-09-30": "10.30540", "2012-06-30": "5.07050", "2012-03-31": "10.38190", "2011-12-31": "10.00860", "2011-09-30": "6.58620", "2011-06-30": "10.26420", "2011-03-31": "14.99940", "2010-12-31": "11.39280", "2010-09-30": "11.26410", "2010-06-30": "9.71440", "2010-03-31": "13.17280", "2009-12-31": "12.74670", "2009-09-30": "11.51110", "2009-06-30": "11.04790", "2009-03-31": "12.04080", "2008-12-31": "7.38700", "2008-09-30": "-46.99790", "2008-06-30": "9.75800", "2008-03-31": "10.54410", "2007-12-31": "10.30850", "2007-09-30": "12.55120", "2007-06-30": "11.88010", "2007-03-31": "15.17850", "2006-12-31": "16.72530", "2006-09-30": "16.93700", "2006-06-30": "16.74800", "2006-03-31": "18.50090", "2005-12-31": "12.21450", "2005-09-30": "13.18980", "2005-06-30": "17.18890", "2005-03-31": "18.43460"}, "EBITDA Margin": {"2020-09-30": "", "2020-06-30": "", "2020-03-31": "", "2019-12-31": "", "2019-09-30": "", "2019-06-30": "", "2019-03-31": "", "2018-12-31": "", "2018-09-30": "", "2018-06-30": "", "2018-03-31": "", "2017-12-31": "", "2017-09-30": "", "2017-06-30": "", "2017-03-31": "", "2016-12-31": "", "2016-09-30": "", "2016-06-30": "", "2016-03-31": "", "2015-12-31": "", "2015-09-30": "", "2015-06-30": "", "2015-03-31": "", "2014-12-31": "", "2014-09-30": "", "2014-06-30": "", "2014-03-31": "", "2013-12-31": "", "2013-09-30": "", "2013-06-30": "", "2013-03-31": "", "2012-12-31": "", "2012-09-30": "", "2012-06-30": "", "2012-03-31": "", "2011-12-31": "", "2011-09-30": "", "2011-06-30": "", "2011-03-31": "", "2010-12-31": "", "2010-09-30": "", "2010-06-30": "", "2010-03-31": "", "2009-12-31": "", "2009-09-30": "", "2009-06-30": "", "2009-03-31": "", "2008-12-31": "", "2008-09-30": "", "2008-06-30": "", "2008-03-31": "", "2007-12-31": "", "2007-09-30": "", "2007-06-30": "", "2007-03-31": "", "2006-12-31": "", "2006-09-30": "", "2006-06-30": "", "2006-03-31": "", "2005-12-31": "", "2005-09-30": "", "2005-06-30": "", "2005-03-31": ""}, "Pre-Tax Profit Margin": {"2020-09-30": "17.57070", "2020-06-30": "20.67870", "2020-03-31": "9.38180", "2019-12-31": "12.46520", "2019-09-30": "10.60070", "2019-06-30": "13.15880", "2019-03-31": "16.85480", "2018-12-31": "3.01430", "2018-09-30": "13.30660", "2018-06-30": "10.97660", "2018-03-31": "12.25830", "2017-12-31": "9.71090", "2017-09-30": "3.70150", "2017-06-30": "8.39580", "2017-03-31": "10.14760", "2016-12-31": "8.76890", "2016-09-30": "4.35550", "2016-06-30": "4.93700", "2016-03-31": "6.97080", "2015-12-31": "9.51790", "2015-09-30": "8.13460", "2015-06-30": "9.94260", "2015-03-31": "9.05360", "2014-12-31": "10.55600", "2014-09-30": "9.26960", "2014-06-30": "9.22490", "2014-03-31": "10.23450", "2013-12-31": "9.21450", "2013-09-30": "7.63050", "2013-06-30": "10.58650", "2013-03-31": "10.43680", "2012-12-31": "8.12530", "2012-09-30": "9.32210", "2012-06-30": "4.00910", "2012-03-31": "9.30840", "2011-12-31": "8.94360", "2011-09-30": "5.47100", "2011-06-30": "9.23650", "2011-03-31": "14.00800", "2010-12-31": "10.41090", "2010-09-30": "10.27190", "2010-06-30": "8.48820", "2010-03-31": "11.97250", "2009-12-31": "11.64690", "2009-09-30": "10.30100", "2009-06-30": "9.87580", "2009-03-31": "10.86150", "2008-12-31": "6.24090", "2008-09-30": "-48.90730", "2008-06-30": "8.55340", "2008-03-31": "9.40350", "2007-12-31": "9.15200", "2007-09-30": "11.39210", "2007-06-30": "11.06940", "2007-03-31": "14.44880", "2006-12-31": "15.99170", "2006-09-30": "16.19580", "2006-06-30": "15.96320", "2006-03-31": "17.68690", "2005-12-31": "11.38370", "2005-09-30": "12.36160", "2005-06-30": "16.34220", "2005-03-31": "17.60410"}, "Net Profit Margin": {"2020-09-30": "13.98350", "2020-06-30": "16.25730", "2020-03-31": "7.42970", "2019-12-31": "9.78110", "2019-09-30": "8.83160", "2019-06-30": "10.29240", "2019-03-31": "11.59570", "2018-12-31": "3.11130", "2018-09-30": "10.92780", "2018-06-30": "8.69920", "2018-03-31": "9.66340", "2017-12-31": "8.09430", "2017-09-30": "3.29810", "2017-06-30": "5.56490", "2017-03-31": "6.71180", "2016-12-31": "6.25160", "2016-09-30": "3.34790", "2016-06-30": "3.28050", "2016-03-31": "4.64600", "2015-12-31": "6.11690", "2015-09-30": "5.27700", "2015-06-30": "6.87640", "2015-03-31": "6.03840", "2014-12-31": "7.15200", "2014-09-30": "6.21260", "2014-06-30": "6.18790", "2014-03-31": "6.82510", "2013-12-31": "6.49090", "2013-09-30": "5.14010", "2013-06-30": "7.06640", "2013-03-31": "6.95480", "2012-12-31": "5.72560", "2012-09-30": "6.26140", "2012-06-30": "2.83530", "2012-03-31": "6.24270", "2011-12-31": "6.11570", "2011-09-30": "3.95430", "2011-06-30": "6.33150", "2011-03-31": "9.32070", "2010-12-31": "7.30860", "2010-09-30": "6.93990", "2010-06-30": "5.74830", "2010-03-31": "8.06350", "2009-12-31": "7.81930", "2009-09-30": "7.47380", "2009-06-30": "6.97920", "2009-03-31": "6.70380", "2008-12-31": "4.54170", "2008-09-30": "-30.95790", "2008-06-30": "6.09340", "2008-03-31": "6.67610", "2007-12-31": "6.53200", "2007-09-30": "8.06560", "2007-06-30": "7.71780", "2007-03-31": "9.85950", "2006-12-31": "10.85330", "2006-09-30": "10.99950", "2006-06-30": "10.79860", "2006-03-31": "11.92600", "2005-12-31": "7.82440", "2005-09-30": "8.42790", "2005-06-30": "10.98300", "2005-03-31": "11.81910"}, "Asset Turnover": {"2020-09-30": "0.17410", "2020-06-30": "0.18470", "2020-03-31": "0.16570", "2019-12-31": "0.19570", "2019-09-30": "0.17650", "2019-06-30": "0.18410", "2019-03-31": "0.19040", "2018-12-31": "0.17250", "2018-09-30": "0.18650", "2018-06-30": "0.18490", "2018-03-31": "0.17980", "2017-12-31": "0.18400", "2017-09-30": "0.17450", "2017-06-30": "0.18000", "2017-03-31": "0.18160", "2016-12-31": "0.18340", "2016-09-30": "0.17650", "2016-06-30": "0.18210", "2016-03-31": "0.18090", "2015-12-31": "0.18110", "2015-09-30": "0.17620", "2015-06-30": "0.18030", "2015-03-31": "0.18210", "2014-12-31": "0.20070", "2014-09-30": "0.18380", "2014-06-30": "0.18630", "2014-03-31": "0.19360", "2013-12-31": "0.18920", "2013-09-30": "0.18450", "2013-06-30": "0.19270", "2013-03-31": "0.18850", "2012-12-31": "0.19170", "2012-09-30": "0.18840", "2012-06-30": "0.18410", "2012-03-31": "0.18460", "2011-12-31": "0.19210", "2011-09-30": "0.17210", "2011-06-30": "0.17760", "2011-03-31": "0.18090", "2010-12-31": "0.19360", "2010-09-30": "0.17110", "2010-06-30": "0.17150", "2010-03-31": "0.17420", "2009-12-31": "0.19460", "2009-09-30": "0.18010", "2009-06-30": "0.18770", "2009-03-31": "0.19040", "2008-12-31": "0.19220", "2008-09-30": "0.11860", "2008-06-30": "0.18700", "2008-03-31": "0.19160", "2007-12-31": "0.19180", "2007-09-30": "0.18860", "2007-06-30": "0.17440", "2007-03-31": "0.18420", "2006-12-31": "0.18960", "2006-09-30": "0.18760", "2006-06-30": "0.18920", "2006-03-31": "0.19010", "2005-12-31": "0.19040", "2005-09-30": "0.18910", "2005-06-30": "0.19450", "2005-03-31": "0.19700"}, "Inventory Turnover Ratio": {"2020-09-30": "", "2020-06-30": "", "2020-03-31": "", "2019-12-31": "", "2019-09-30": "", "2019-06-30": "", "2019-03-31": "", "2018-12-31": "", "2018-09-30": "", "2018-06-30": "", "2018-03-31": "", "2017-12-31": "", "2017-09-30": "", "2017-06-30": "", "2017-03-31": "", "2016-12-31": "", "2016-09-30": "", "2016-06-30": "", "2016-03-31": "", "2015-12-31": "", "2015-09-30": "", "2015-06-30": "", "2015-03-31": "", "2014-12-31": "", "2014-09-30": "", "2014-06-30": "", "2014-03-31": "", "2013-12-31": "", "2013-09-30": "", "2013-06-30": "", "2013-03-31": "", "2012-12-31": "", "2012-09-30": "", "2012-06-30": "", "2012-03-31": "", "2011-12-31": "", "2011-09-30": "", "2011-06-30": "", "2011-03-31": "", "2010-12-31": "", "2010-09-30": "", "2010-06-30": "", "2010-03-31": "", "2009-12-31": "", "2009-09-30": "", "2009-06-30": "", "2009-03-31": "", "2008-12-31": "", "2008-09-30": "", "2008-06-30": "", "2008-03-31": "", "2007-12-31": "", "2007-09-30": "", "2007-06-30": "", "2007-03-31": "", "2006-12-31": "", "2006-09-30": "", "2006-06-30": "", "2006-03-31": "", "2005-12-31": "", "2005-09-30": "", "2005-06-30": "", "2005-03-31": ""}, "Receiveable Turnover": {"2020-09-30": "", "2020-06-30": "", "2020-03-31": "", "2019-12-31": "", "2019-09-30": "", "2019-06-30": "", "2019-03-31": "", "2018-12-31": "", "2018-09-30": "", "2018-06-30": "", "2018-03-31": "", "2017-12-31": "", "2017-09-30": "", "2017-06-30": "", "2017-03-31": "", "2016-12-31": "", "2016-09-30": "", "2016-06-30": "", "2016-03-31": "", "2015-12-31": "", "2015-09-30": "", "2015-06-30": "", "2015-03-31": "", "2014-12-31": "", "2014-09-30": "", "2014-06-30": "", "2014-03-31": "", "2013-12-31": "", "2013-09-30": "", "2013-06-30": "", "2013-03-31": "", "2012-12-31": "", "2012-09-30": "", "2012-06-30": "", "2012-03-31": "", "2011-12-31": "", "2011-09-30": "", "2011-06-30": "", "2011-03-31": "", "2010-12-31": "", "2010-09-30": "", "2010-06-30": "", "2010-03-31": "", "2009-12-31": "", "2009-09-30": "", "2009-06-30": "", "2009-03-31": "", "2008-12-31": "", "2008-09-30": "", "2008-06-30": "", "2008-03-31": "", "2007-12-31": "", "2007-09-30": "", "2007-06-30": "", "2007-03-31": "", "2006-12-31": "", "2006-09-30": "", "2006-06-30": "", "2006-03-31": "", "2005-12-31": "", "2005-09-30": "", "2005-06-30": "", "2005-03-31": ""}, "Days Sales In Receivables": {"2020-09-30": "", "2020-06-30": "", "2020-03-31": "", "2019-12-31": "", "2019-09-30": "", "2019-06-30": "", "2019-03-31": "", "2018-12-31": "", "2018-09-30": "", "2018-06-30": "", "2018-03-31": "", "2017-12-31": "", "2017-09-30": "", "2017-06-30": "", "2017-03-31": "", "2016-12-31": "", "2016-09-30": "", "2016-06-30": "", "2016-03-31": "", "2015-12-31": "", "2015-09-30": "", "2015-06-30": "", "2015-03-31": "", "2014-12-31": "", "2014-09-30": "", "2014-06-30": "", "2014-03-31": "", "2013-12-31": "", "2013-09-30": "", "2013-06-30": "", "2013-03-31": "", "2012-12-31": "", "2012-09-30": "", "2012-06-30": "", "2012-03-31": "", "2011-12-31": "", "2011-09-30": "", "2011-06-30": "", "2011-03-31": "", "2010-12-31": "", "2010-09-30": "", "2010-06-30": "", "2010-03-31": "", "2009-12-31": "", "2009-09-30": "", "2009-06-30": "", "2009-03-31": "", "2008-12-31": "", "2008-09-30": "", "2008-06-30": "", "2008-03-31": "", "2007-12-31": "", "2007-09-30": "", "2007-06-30": "", "2007-03-31": "", "2006-12-31": "", "2006-09-30": "", "2006-06-30": "", "2006-03-31": "", "2005-12-31": "", "2005-09-30": "", "2005-06-30": "", "2005-03-31": ""}, "ROE - Return On Equity": {"2020-09-30": "8.70100", "2020-06-30": "11.06780", "2020-03-31": "5.04490", "2019-12-31": "8.15370", "2019-09-30": "6.18960", "2019-06-30": "7.62650", "2019-03-31": "9.32100", "2018-12-31": "2.51550", "2018-09-30": "8.18490", "2018-06-30": "6.67370", "2018-03-31": "7.42470", "2017-12-31": "6.25000", "2017-09-30": "2.31230", "2017-06-30": "4.14500", "2017-03-31": "5.04880", "2016-12-31": "5.00310", "2016-09-30": "2.53870", "2016-06-30": "2.48740", "2016-03-31": "3.42200", "2015-12-31": "4.80010", "2015-09-30": "3.83950", "2015-06-30": "5.00690", "2015-03-31": "4.10450", "2014-12-31": "5.34310", "2014-09-30": "4.26950", "2014-06-30": "4.32160", "2014-03-31": "4.99020", "2013-12-31": "4.84370", "2013-09-30": "3.42140", "2013-06-30": "4.97560", "2013-03-31": "4.82960", "2012-12-31": "4.14680", "2012-09-30": "4.22600", "2012-06-30": "1.88660", "2012-03-31": "4.12130", "2011-12-31": "4.42080", "2011-09-30": "2.59100", "2011-06-30": "3.86170", "2011-03-31": "5.74150", "2010-12-31": "4.94640", "2010-09-30": "3.89680", "2010-06-30": "3.36100", "2010-03-31": "4.75890", "2009-12-31": "5.30560", "2009-09-30": "4.91050", "2009-06-30": "5.07820", "2009-03-31": "5.40280", "2008-12-31": "3.77910", "2008-09-30": "-16.05880", "2008-06-30": "4.48440", "2008-03-31": "5.04040", "2007-12-31": "4.78370", "2007-09-30": "5.59890", "2007-06-30": "5.15550", "2007-03-31": "5.24490", "2006-12-31": "5.85550", "2006-09-30": "6.10060", "2006-06-30": "6.23450", "2006-03-31": "6.90350", "2005-12-31": "4.61070", "2005-09-30": "5.25430", "2005-06-30": "7.05300", "2005-03-31": "7.79440"}, "Return On Tangible Equity": {"2020-09-30": "8.77300", "2020-06-30": "11.17730", "2020-03-31": "5.10850", "2019-12-31": "8.27110", "2019-09-30": "6.28250", "2019-06-30": "7.75790", "2019-03-31": "9.51390", "2018-12-31": "2.57880", "2018-09-30": "8.38510", "2018-06-30": "6.86270", "2018-03-31": "7.66440", "2017-12-31": "6.85490", "2017-09-30": "2.54140", "2017-06-30": "4.58030", "2017-03-31": "5.62030", "2016-12-31": "5.62690", "2016-09-30": "2.85540", "2016-06-30": "2.81550", "2016-03-31": "3.90030", "2015-12-31": "5.51290", "2015-09-30": "4.40420", "2015-06-30": "5.79320", "2015-03-31": "4.11180", "2014-12-31": "5.35300", "2014-09-30": "4.27740", "2014-06-30": "4.32980", "2014-03-31": "4.99020", "2013-12-31": "4.84370", "2013-09-30": "3.42140", "2013-06-30": "4.97560", "2013-03-31": "4.82960", "2012-12-31": "4.14680", "2012-09-30": "4.22600", "2012-06-30": "1.88660", "2012-03-31": "4.12130", "2011-12-31": "4.42080", "2011-09-30": "2.59100", "2011-06-30": "3.86170", "2011-03-31": "5.74150", "2010-12-31": "4.94640", "2010-09-30": "3.89680", "2010-06-30": "3.36100", "2010-03-31": "4.75890", "2009-12-31": "5.30560", "2009-09-30": "4.91050", "2009-06-30": "5.07820", "2009-03-31": "5.40280", "2008-12-31": "3.77910", "2008-09-30": "-16.05880", "2008-06-30": "4.48440", "2008-03-31": "5.04040", "2007-12-31": "4.78370", "2007-09-30": "5.59890", "2007-06-30": "5.15550", "2007-03-31": "5.24490", "2006-12-31": "5.85550", "2006-09-30": "6.10060", "2006-06-30": "6.23450", "2006-03-31": "6.90350", "2005-12-31": "4.61070", "2005-09-30": "5.25430", "2005-06-30": "7.05300", "2005-03-31": "7.79440"}, "ROA - Return On Assets": {"2020-09-30": "2.43410", "2020-06-30": "3.01380", "2020-03-31": "1.24250", "2019-12-31": "1.95750", "2019-09-30": "1.56200", "2019-06-30": "1.90750", "2019-03-31": "2.21660", "2018-12-31": "0.55780", "2018-09-30": "2.04240", "2018-06-30": "1.61700", "2018-03-31": "1.76570", "2017-12-31": "1.49940", "2017-09-30": "0.55170", "2017-06-30": "1.01580", "2017-03-31": "1.23610", "2016-12-31": "1.19090", "2016-09-30": "0.61120", "2016-06-30": "0.60990", "2016-03-31": "0.84210", "2015-12-31": "1.17340", "2015-09-30": "0.95710", "2015-06-30": "1.25750", "2015-03-31": "1.09970", "2014-12-31": "1.43560", "2014-09-30": "1.14210", "2014-06-30": "1.15270", "2014-03-31": "1.32140", "2013-12-31": "1.22830", "2013-09-30": "0.94820", "2013-06-30": "1.36150", "2013-03-31": "1.31080", "2012-12-31": "1.09760", "2012-09-30": "1.17940", "2012-06-30": "0.52200", "2012-03-31": "1.15260", "2011-12-31": "1.17510", "2011-09-30": "0.68050", "2011-06-30": "1.12440", "2011-03-31": "1.68590", "2010-12-31": "1.41460", "2010-09-30": "1.18780", "2010-06-30": "0.98570", "2010-03-31": "1.40430", "2009-12-31": "1.52130", "2009-09-30": "1.34630", "2009-06-30": "1.31030", "2009-03-31": "1.27640", "2008-12-31": "0.87290", "2008-09-30": "-3.67070", "2008-06-30": "1.13930", "2008-03-31": "1.27910", "2007-12-31": "1.25300", "2007-09-30": "1.52140", "2007-06-30": "1.34620", "2007-03-31": "1.81640", "2006-12-31": "2.05780", "2006-09-30": "2.06390", "2006-06-30": "2.04260", "2006-03-31": "2.26710", "2005-12-31": "1.49010", "2005-09-30": "1.59380", "2005-06-30": "2.13610", "2005-03-31": "2.32860"}, "ROI - Return On Investment": {"2020-09-30": "6.51890", "2020-06-30": "8.11410", "2020-03-31": "3.54060", "2019-12-31": "5.94350", "2019-09-30": "4.55270", "2019-06-30": "5.51960", "2019-03-31": "6.55600", "2018-12-31": "1.70620", "2018-09-30": "5.91780", "2018-06-30": "4.71860", "2018-03-31": "5.14580", "2017-12-31": "4.60880", "2017-09-30": "1.70450", "2017-06-30": "3.01170", "2017-03-31": "3.69850", "2016-12-31": "3.58480", "2016-09-30": "1.82690", "2016-06-30": "1.85630", "2016-03-31": "2.52110", "2015-12-31": "3.49990", "2015-09-30": "2.81540", "2015-06-30": "3.64890", "2015-03-31": "3.02810", "2014-12-31": "4.07110", "2014-09-30": "3.25400", "2014-06-30": "3.26100", "2014-03-31": "3.87110", "2013-12-31": "3.72400", "2013-09-30": "2.63990", "2013-06-30": "3.77980", "2013-03-31": "3.65060", "2012-12-31": "3.08670", "2012-09-30": "3.21450", "2012-06-30": "1.42050", "2012-03-31": "3.09230", "2011-12-31": "3.11200", "2011-09-30": "1.82440", "2011-06-30": "2.95120", "2011-03-31": "4.38320", "2010-12-31": "3.73670", "2010-09-30": "3.01700", "2010-06-30": "2.49800", "2010-03-31": "3.52360", "2009-12-31": "3.84820", "2009-09-30": "3.51740", "2009-06-30": "3.52180", "2009-03-31": "3.58840", "2008-12-31": "2.49260", "2008-09-30": "-10.63130", "2008-06-30": "3.08730", "2008-03-31": "3.45760", "2007-12-31": "3.32100", "2007-09-30": "3.98010", "2007-06-30": "3.69590", "2007-03-31": "4.47860", "2006-12-31": "4.99120", "2006-09-30": "5.18510", "2006-06-30": "5.26320", "2006-03-31": "5.73770", "2005-12-31": "3.80930", "2005-09-30": "4.30280", "2005-06-30": "5.73520", "2005-03-31": "6.27270"}, "Book Value Per Share": {"2020-09-30": "30.88660", "2020-06-30": "28.47730", "2020-03-31": "24.51990", "2019-12-31": "23.38900", "2019-09-30": "24.15890", "2019-06-30": "22.82280", "2019-03-31": "20.73750", "2018-12-31": "18.55590", "2018-09-30": "20.33750", "2018-06-30": "18.88550", "2018-03-31": "17.72530", "2017-12-31": "15.96150", "2017-09-30": "15.97220", "2017-06-30": "15.47590", "2017-03-31": "14.67190", "2016-12-31": "13.72150", "2016-09-30": "13.93720", "2016-06-30": "13.46540", "2016-03-31": "12.96720", "2015-12-31": "12.49040", "2015-09-30": "12.76430", "2015-06-30": "12.56150", "2015-03-31": "12.26270", "2014-12-31": "11.78730", "2014-09-30": "11.77070", "2014-06-30": "11.47790", "2014-03-31": "10.85580", "2013-12-31": "10.38860", "2013-09-30": "11.32100", "2013-06-30": "10.86590", "2013-03-31": "10.59320", "2012-12-31": "9.93550", "2012-09-30": "10.83940", "2012-06-30": "10.31940", "2012-03-31": "10.22640", "2011-12-31": "9.47260", "2011-09-30": "9.37210", "2011-06-30": "9.87940", "2011-03-31": "9.63950", "2010-12-31": "9.13180", "2010-09-30": "10.11940", "2010-06-30": "9.44370", "2010-03-31": "9.26400", "2009-12-31": "8.54680", "2009-09-30": "8.12840", "2009-06-30": "7.24260", "2009-03-31": "6.32190", "2008-12-31": "6.23100", "2008-09-30": "6.30640", "2008-06-30": "7.11500", "2008-03-31": "7.01050", "2007-12-31": "7.25600", "2007-09-30": "7.65490", "2007-06-30": "7.59960", "2007-03-31": "9.41400", "2006-12-31": "9.15320", "2006-09-30": "8.81460", "2006-06-30": "8.28470", "2006-03-31": "32.28330", "2005-12-31": "30.95540", "2005-09-30": "29.48000", "2005-06-30": "28.27770", "2005-03-31": "6.63180"}, "Operating Cash Flow Per Share": {"2020-09-30": 2.5107, "2020-06-30": 3.8351, "2020-03-31": "2.77010", "2019-12-31": 1.9198, "2019-09-30": 2.9937, "2019-06-30": 2.5647, "2019-03-31": "3.18530", "2018-12-31": 1.8449, "2018-09-30": 2.921, "2018-06-30": 2.9628, "2018-03-31": "2.98340", "2017-12-31": 0.9103, "2017-09-30": 2.0394, "2017-06-30": 1.5711, "2017-03-31": "1.89340", "2016-12-31": 0.7784, "2016-09-30": 1.2074, "2016-06-30": 1.287, "2016-03-31": "1.39850", "2015-12-31": 0.2242, "2015-09-30": 1.2415, "2015-06-30": 1.1211, "2015-03-31": "1.30470", "2014-12-31": 0.1093, "2014-09-30": 1.0434, "2014-06-30": 0.6432, "2014-03-31": "1.10520", "2013-12-31": 0.2512, "2013-09-30": 1.0124, "2013-06-30": 0.6893, "2013-03-31": "1.19470", "2012-12-31": 0.037, "2012-09-30": 0.8816, "2012-06-30": 0.7029, "2012-03-31": "1.16130", "2011-12-31": -0.0163, "2011-09-30": 0.7768, "2011-06-30": 0.5644, "2011-03-31": "1.02700", "2010-12-31": -0.006, "2010-09-30": 0.7283, "2010-06-30": 0.804, "2010-03-31": "1.00540", "2009-12-31": 0.1085, "2009-09-30": 0.7275, "2009-06-30": 0.5701, "2009-03-31": "0.80570", "2008-12-31": 0.1608, "2008-09-30": 0.7433, "2008-06-30": 0.7136, "2008-03-31": "0.68120", "2007-12-31": 0.1331, "2007-09-30": 0.7098, "2007-06-30": 0.7965, "2007-03-31": "0.85330", "2006-12-31": 0.248, "2006-09-30": 0.6225, "2006-06-30": 0.8238, "2006-03-31": "0.88880", "2005-12-31": 0.0719, "2005-09-30": 0.6445, "2005-06-30": 0.9629, "2005-03-31": "0.81540"}, "Free Cash Flow Per Share": {"2020-09-30": 2.4138, "2020-06-30": 3.7551, "2020-03-31": "2.66980", "2019-12-31": 1.8025, "2019-09-30": 2.887, "2019-06-30": 2.379, "2019-03-31": "3.06670", "2018-12-31": 1.6747, "2018-09-30": 2.8166, "2018-06-30": 2.8586, "2018-03-31": "2.92490", "2017-12-31": 0.8343, "2017-09-30": 1.9796, "2017-06-30": 1.508, "2017-03-31": "1.85260", "2016-12-31": 0.6911, "2016-09-30": 1.1186, "2016-06-30": 1.1956, "2016-03-31": "1.30910", "2015-12-31": 0.1526, "2015-09-30": 1.1882, "2015-06-30": 1.0774, "2015-03-31": "1.26950", "2014-12-31": 0.0539, "2014-09-30": 0.9968, "2014-06-30": 0.5968, "2014-03-31": "1.08180", "2013-12-31": 0.1957, "2013-09-30": 0.9539, "2013-06-30": 0.6213, "2013-03-31": "1.15020", "2012-12-31": -0.0335, "2012-09-30": 0.8337, "2012-06-30": 0.6642, "2012-03-31": "1.11460", "2011-12-31": -0.0541, "2011-09-30": 0.7484, "2011-06-30": 0.5373, "2011-03-31": "1.00110", "2010-12-31": -0.0431, "2010-09-30": 0.7242, "2010-06-30": 0.785, "2010-03-31": "0.98020", "2009-12-31": 0.0854, "2009-09-30": 0.7098, "2009-06-30": 0.5458, "2009-03-31": "0.77440", "2008-12-31": 0.1272, "2008-09-30": 0.7084, "2008-06-30": 0.6732, "2008-03-31": "0.64550", "2007-12-31": 0.0828, "2007-09-30": 0.6651, "2007-06-30": 0.748, "2007-03-31": "0.80990", "2006-12-31": 0.1691, "2006-09-30": 0.5349, "2006-06-30": 0.6945, "2006-03-31": "0.77770", "2005-12-31": -0.0361, "2005-09-30": 0.6269, "2005-06-30": 0.8799, "2005-03-31": "0.79480"}}, "revenue": {"Progressive Annual Revenue (Millions of US $)": {"2020": "$42,658", "2019": "$39,022", "2018": "$31,979", "2017": "$26,839", "2016": "$23,441", "2015": "$20,854", "2014": "$19,391", "2013": "$18,171", "2012": "$17,084", "2011": "$15,775", "2010": "$15,216", "2009": "$14,564", "2008": "$12,840", "2007": "$14,687", "2006": "$14,786", "2005": "$14,303"}, "Progressive Quarterly Revenue (Millions of US $)": {"2020-12-31": "", "2020-09-30": "$10,947", "2020-06-30": "$10,972", "2020-03-31": "$9,323", "2019-12-31": "$10,741", "2019-09-30": "$9,531", "2019-06-30": "$9,451", "2019-03-31": "$9,300", "2018-12-31": "$8,035", "2018-09-30": "$8,496", "2018-06-30": "$8,018", "2018-03-31": "$7,430", "2017-12-31": "$7,120", "2017-09-30": "$6,792", "2017-06-30": "$6,606", "2017-03-31": "$6,322", "2016-12-31": "$6,130", "2016-09-30": "$5,935", "2016-06-30": "$5,819", "2016-03-31": "$5,558", "2015-12-31": "$5,401", "2015-09-30": "$5,274", "2015-06-30": "$5,283", "2015-03-31": "$4,895", "2014-12-31": "$5,176", "2014-09-30": "$4,766", "2014-06-30": "$4,742", "2014-03-31": "$4,708", "2013-12-31": "$4,619", "2013-09-30": "$4,521", "2013-06-30": "$4,594", "2013-03-31": "$4,437", "2012-12-31": "$4,351", "2012-09-30": "$4,424", "2012-06-30": "$4,183", "2012-03-31": "$4,126", "2011-12-31": "$4,197", "2011-09-30": "$3,811", "2011-06-30": "$3,873", "2011-03-31": "$3,894", "2010-12-31": "$4,094", "2010-09-30": "$3,770", "2010-06-30": "$3,686", "2010-03-31": "$3,666", "2009-12-31": "$3,901", "2009-09-30": "$3,611", "2009-06-30": "$3,584", "2009-03-31": "$3,468", "2008-12-31": "$3,508", "2008-09-30": "$2,210", "2008-06-30": "$3,537", "2008-03-31": "$3,586", "2007-12-31": "$3,614", "2007-09-30": "$3,710", "2007-06-30": "$3,676", "2007-03-31": "$3,687", "2006-12-31": "$3,694", "2006-09-30": "$3,724", "2006-06-30": "$3,708", "2006-03-31": "$3,661", "2005-12-31": "$3,599", "2005-09-30": "$3,623", "2005-06-30": "$3,590", "2005-03-31": "$3,492"}}, "gross-profit": {"Progressive Annual Gross Profit (Millions of US $)": {"2020": "$7,616", "2019": "$5,554", "2018": "$3,489", "2017": "$2,425", "2016": "$1,726", "2015": "$2,148", "2014": "$2,094", "2013": "$1,896", "2012": "$1,493", "2011": "$1,653", "2010": "$1,732", "2009": "$1,726", "2008": "$-56", "2007": "$1,834", "2006": "$2,547", "2005": "$2,178"}, "Progressive Quarterly Gross Profit (Millions of US $)": {"2020-12-31": "", "2020-09-30": "$2,039", "2020-06-30": "$2,383", "2020-03-31": "$976", "2019-12-31": "$1,439", "2019-09-30": "$1,112", "2019-06-30": "$1,343", "2019-03-31": "$1,659", "2018-12-31": "$326", "2018-09-30": "$1,214", "2018-06-30": "$965", "2018-03-31": "$983", "2017-12-31": "$760", "2017-09-30": "$324", "2017-06-30": "$632", "2017-03-31": "$710", "2016-12-31": "$606", "2016-09-30": "$322", "2016-06-30": "$351", "2016-03-31": "$448", "2015-12-31": "$576", "2015-09-30": "$489", "2015-06-30": "$586", "2015-03-31": "$497", "2014-12-31": "$596", "2014-09-30": "$490", "2014-06-30": "$486", "2014-03-31": "$522", "2013-12-31": "$465", "2013-09-30": "$392", "2013-06-30": "$532", "2013-03-31": "$507", "2012-12-31": "$397", "2012-09-30": "$456", "2012-06-30": "$212", "2012-03-31": "$428", "2011-12-31": "$420", "2011-09-30": "$251", "2011-06-30": "$398", "2011-03-31": "$584", "2010-12-31": "$466", "2010-09-30": "$425", "2010-06-30": "$358", "2010-03-31": "$483", "2009-12-31": "$497", "2009-09-30": "$416", "2009-06-30": "$396", "2009-03-31": "$418", "2008-12-31": "$259", "2008-09-30": "$-1,039", "2008-06-30": "$345", "2008-03-31": "$378", "2007-12-31": "$373", "2007-09-30": "$466", "2007-06-30": "$437", "2007-03-31": "$560", "2006-12-31": "$618", "2006-09-30": "$631", "2006-06-30": "$621", "2006-03-31": "$677", "2005-12-31": "$440", "2005-09-30": "$478", "2005-06-30": "$617", "2005-03-31": "$644"}}, "operating-income": {"Progressive Annual Operating Income (Millions of US $)": {"2020": "$7,616", "2019": "$5,554", "2018": "$3,489", "2017": "$2,425", "2016": "$1,726", "2015": "$2,148", "2014": "$2,094", "2013": "$1,896", "2012": "$1,493", "2011": "$1,653", "2010": "$1,732", "2009": "$1,726", "2008": "$-56", "2007": "$1,834", "2006": "$2,547", "2005": "$2,178"}, "Progressive Quarterly Operating Income (Millions of US $)": {"2020-12-31": "", "2020-09-30": "$2,039", "2020-06-30": "$2,383", "2020-03-31": "$976", "2019-12-31": "$1,439", "2019-09-30": "$1,112", "2019-06-30": "$1,343", "2019-03-31": "$1,659", "2018-12-31": "$326", "2018-09-30": "$1,214", "2018-06-30": "$965", "2018-03-31": "$983", "2017-12-31": "$760", "2017-09-30": "$324", "2017-06-30": "$632", "2017-03-31": "$710", "2016-12-31": "$606", "2016-09-30": "$322", "2016-06-30": "$351", "2016-03-31": "$448", "2015-12-31": "$576", "2015-09-30": "$489", "2015-06-30": "$586", "2015-03-31": "$497", "2014-12-31": "$596", "2014-09-30": "$490", "2014-06-30": "$486", "2014-03-31": "$522", "2013-12-31": "$465", "2013-09-30": "$392", "2013-06-30": "$532", "2013-03-31": "$507", "2012-12-31": "$397", "2012-09-30": "$456", "2012-06-30": "$212", "2012-03-31": "$428", "2011-12-31": "$420", "2011-09-30": "$251", "2011-06-30": "$398", "2011-03-31": "$584", "2010-12-31": "$466", "2010-09-30": "$425", "2010-06-30": "$358", "2010-03-31": "$483", "2009-12-31": "$497", "2009-09-30": "$416", "2009-06-30": "$396", "2009-03-31": "$418", "2008-12-31": "$259", "2008-09-30": "$-1,039", "2008-06-30": "$345", "2008-03-31": "$378", "2007-12-31": "$373", "2007-09-30": "$466", "2007-06-30": "$437", "2007-03-31": "$560", "2006-12-31": "$618", "2006-09-30": "$631", "2006-06-30": "$621", "2006-03-31": "$677", "2005-12-31": "$440", "2005-09-30": "$478", "2005-06-30": "$617", "2005-03-31": "$644"}}, "ebitda": {"Progressive Annual EBITDA (Millions of US $)": {"2019": "$5,893", "2018": "$3,785", "2017": "$2,748", "2016": "$2,003", "2015": "$2,397", "2014": "$2,269", "2013": "$2,131", "2012": "$1,774", "2011": "$1,974", "2010": "$2,044", "2009": "$2,044", "2008": "$292", "2007": "$2,225", "2006": "$2,876", "2005": "$2,460"}, "Progressive Quarterly EBITDA (Millions of US $)": {"2020-09-30": "$2,154", "2020-06-30": "$2,488", "2020-03-31": "$1,072", "2019-12-31": "$1,542", "2019-09-30": "$1,197", "2019-06-30": "$1,424", "2019-03-31": "$1,730", "2018-12-31": "$402", "2018-09-30": "$1,290", "2018-06-30": "$1,037", "2018-03-31": "$1,057", "2017-12-31": "$840", "2017-09-30": "$407", "2017-06-30": "$712", "2017-03-31": "$788", "2016-12-31": "$684", "2016-09-30": "$389", "2016-06-30": "$418", "2016-03-31": "$512", "2015-12-31": "$646", "2015-09-30": "$558", "2015-06-30": "$654", "2015-03-31": "$538", "2014-12-31": "$640", "2014-09-30": "$536", "2014-06-30": "$529", "2014-03-31": "$564", "2013-12-31": "$514", "2013-09-30": "$452", "2013-06-30": "$594", "2013-03-31": "$571", "2012-12-31": "$463", "2012-09-30": "$527", "2012-06-30": "$283", "2012-03-31": "$501", "2011-12-31": "$502", "2011-09-30": "$332", "2011-06-30": "$476", "2011-03-31": "$665", "2010-12-31": "$543", "2010-09-30": "$507", "2010-06-30": "$432", "2010-03-31": "$561", "2009-12-31": "$570", "2009-09-30": "$499", "2009-06-30": "$477", "2009-03-31": "$498", "2008-12-31": "$347", "2008-09-30": "$-953", "2008-06-30": "$426", "2008-03-31": "$472", "2007-12-31": "$475", "2007-09-30": "$568", "2007-06-30": "$531", "2007-03-31": "$652", "2006-12-31": "$708", "2006-09-30": "$716", "2006-06-30": "$698", "2006-03-31": "$754", "2005-12-31": "$513", "2005-09-30": "$556", "2005-06-30": "$684", "2005-03-31": "$708"}}, "net-income": {"Progressive Annual Net Income (Millions of US $)": {"2020": "$5,678", "2019": "$3,943", "2018": "$2,594", "2017": "$1,592", "2016": "$1,031", "2015": "$1,268", "2014": "$1,281", "2013": "$1,165", "2012": "$902", "2011": "$1,016", "2010": "$1,068", "2009": "$1,058", "2008": "$-70", "2007": "$1,183", "2006": "$1,648", "2005": "$1,394"}, "Progressive Quarterly Net Income (Millions of US $)": {"2020-12-31": "", "2020-09-30": "$1,531", "2020-06-30": "$1,784", "2020-03-31": "$693", "2019-12-31": "$1,051", "2019-09-30": "$842", "2019-06-30": "$973", "2019-03-31": "$1,078", "2018-12-31": "$250", "2018-09-30": "$928", "2018-06-30": "$698", "2018-03-31": "$718", "2017-12-31": "$576", "2017-09-30": "$224", "2017-06-30": "$368", "2017-03-31": "$424", "2016-12-31": "$383", "2016-09-30": "$199", "2016-06-30": "$191", "2016-03-31": "$258", "2015-12-31": "$330", "2015-09-30": "$278", "2015-06-30": "$363", "2015-03-31": "$296", "2014-12-31": "$370", "2014-09-30": "$296", "2014-06-30": "$293", "2014-03-31": "$321", "2013-12-31": "$300", "2013-09-30": "$232", "2013-06-30": "$325", "2013-03-31": "$309", "2012-12-31": "$249", "2012-09-30": "$277", "2012-06-30": "$119", "2012-03-31": "$258", "2011-12-31": "$257", "2011-09-30": "$151", "2011-06-30": "$245", "2011-03-31": "$363", "2010-12-31": "$299", "2010-09-30": "$262", "2010-06-30": "$212", "2010-03-31": "$296", "2009-12-31": "$305", "2009-09-30": "$270", "2009-06-30": "$250", "2009-03-31": "$233", "2008-12-31": "$159", "2008-09-30": "$-684", "2008-06-30": "$216", "2008-03-31": "$239", "2007-12-31": "$236", "2007-09-30": "$299", "2007-06-30": "$284", "2007-03-31": "$364", "2006-12-31": "$401", "2006-09-30": "$410", "2006-06-30": "$400", "2006-03-31": "$437", "2005-12-31": "$282", "2005-09-30": "$305", "2005-06-30": "$394", "2005-03-31": "$413"}}, "eps-earnings-per-share-diluted": {"Progressive Annual EPS": {"2020": "$9.66", "2019": "$6.72", "2018": "$4.42", "2017": "$2.72", "2016": "$1.76", "2015": "$2.15", "2014": "$2.15", "2013": "$1.93", "2012": "$1.48", "2011": "$1.59", "2010": "$1.61", "2009": "$1.57", "2008": "$-0.10", "2007": "$1.65", "2006": "$2.10", "2005": "$1.74"}, "Progressive Quarterly EPS": {"2020-12-31": "$0.00", "2020-09-30": "$2.59", "2020-06-30": "$3.04", "2020-03-31": "$1.17", "2019-12-31": "$1.81", "2019-09-30": "$1.42", "2019-06-30": "$1.66", "2019-03-31": "$1.83", "2018-12-31": "$0.44", "2018-09-30": "$1.57", "2018-06-30": "$1.19", "2018-03-31": "$1.22", "2017-12-31": "$0.98", "2017-09-30": "$0.38", "2017-06-30": "$0.63", "2017-03-31": "$0.73", "2016-12-31": "$0.65", "2016-09-30": "$0.34", "2016-06-30": "$0.33", "2016-03-31": "$0.44", "2015-12-31": "$0.56", "2015-09-30": "$0.47", "2015-06-30": "$0.62", "2015-03-31": "$0.50", "2014-12-31": "$0.62", "2014-09-30": "$0.50", "2014-06-30": "$0.49", "2014-03-31": "$0.54", "2013-12-31": "$0.49", "2013-09-30": "$0.39", "2013-06-30": "$0.54", "2013-03-31": "$0.51", "2012-12-31": "$0.41", "2012-09-30": "$0.46", "2012-06-30": "$0.19", "2012-03-31": "$0.42", "2011-12-31": "$0.42", "2011-09-30": "$0.24", "2011-06-30": "$0.38", "2011-03-31": "$0.55", "2010-12-31": "$0.45", "2010-09-30": "$0.40", "2010-06-30": "$0.32", "2010-03-31": "$0.44", "2009-12-31": "$0.45", "2009-09-30": "$0.40", "2009-06-30": "$0.37", "2009-03-31": "$0.35", "2008-12-31": "$0.26", "2008-09-30": "$-1.03", "2008-06-30": "$0.32", "2008-03-31": "$0.35", "2007-12-31": "$0.35", "2007-09-30": "$0.42", "2007-06-30": "$0.39", "2007-03-31": "$0.49", "2006-12-31": "$0.51", "2006-09-30": "$0.53", "2006-06-30": "$0.51", "2006-03-31": "$0.55", "2005-12-31": "$0.36", "2005-09-30": "$0.38", "2005-06-30": "$0.49", "2005-03-31": "$0.51"}}, "shares-outstanding": {"Progressive Annual Shares Outstanding (Millions of Shares)": {"2020": "588", "2019": "587", "2018": "587", "2017": "586", "2016": "585", "2015": "589", "2014": "595", "2013": "604", "2012": "608", "2011": "637", "2010": "663", "2009": "672", "2008": "674", "2007": "719", "2006": "784", "2005": "799"}, "Progressive Quarterly Shares Outstanding (Millions of Shares)": {"2020-12-31": "", "2020-09-30": "588", "2020-06-30": "587", "2020-03-31": "587", "2019-12-31": "587", "2019-09-30": "587", "2019-06-30": "587", "2019-03-31": "587", "2018-12-31": "587", "2018-09-30": "587", "2018-06-30": "586", "2018-03-31": "586", "2017-12-31": "586", "2017-09-30": "586", "2017-06-30": "584", "2017-03-31": "583", "2016-12-31": "585", "2016-09-30": "585", "2016-06-30": "585", "2016-03-31": "586", "2015-12-31": "589", "2015-09-30": "589", "2015-06-30": "590", "2015-03-31": "591", "2014-12-31": "595", "2014-09-30": "594", "2014-06-30": "596", "2014-03-31": "598", "2013-12-31": "604", "2013-09-30": "604", "2013-06-30": "604", "2013-03-31": "604", "2012-12-31": "608", "2012-09-30": "607", "2012-06-30": "609", "2012-03-31": "610", "2011-12-31": "637", "2011-09-30": "631", "2011-06-30": "648", "2011-03-31": "656", "2010-12-31": "663", "2010-09-30": "661", "2010-06-30": "666", "2010-03-31": "666", "2009-12-31": "672", "2009-09-30": "673", "2009-06-30": "675", "2009-03-31": "672", "2008-12-31": "674", "2008-09-30": "673", "2008-06-30": "674", "2008-03-31": "677", "2007-12-31": "719", "2007-09-30": "711", "2007-06-30": "730", "2007-03-31": "745", "2006-12-31": "784", "2006-09-30": "772", "2006-06-30": "786", "2006-03-31": "792", "2005-12-31": "799", "2005-09-30": "795", "2005-06-30": "800", "2005-03-31": "808"}}, "total-assets": {"Progressive Annual Total Assets (Millions of US $)": {"2019": "$54,895", "2018": "$46,575", "2017": "$38,701", "2016": "$33,428", "2015": "$29,819", "2014": "$25,788", "2013": "$24,408", "2012": "$22,695", "2011": "$21,845", "2010": "$21,150", "2009": "$20,049", "2008": "$18,251", "2007": "$18,843", "2006": "$19,482", "2005": "$18,899"}, "Progressive Quarterly Total Assets (Millions of US $)": {"2020-09-30": "$62,891", "2020-06-30": "$59,406", "2020-03-31": "$56,265", "2019-12-31": "$54,895", "2019-09-30": "$54,008", "2019-06-30": "$51,324", "2019-03-31": "$48,850", "2018-12-31": "$46,575", "2018-09-30": "$45,544", "2018-06-30": "$43,364", "2018-03-31": "$41,331", "2017-12-31": "$38,701", "2017-09-30": "$38,933", "2017-06-30": "$36,690", "2017-03-31": "$34,811", "2016-12-31": "$33,428", "2016-09-30": "$33,621", "2016-06-30": "$31,958", "2016-03-31": "$30,722", "2015-12-31": "$29,819", "2015-09-30": "$29,935", "2015-06-30": "$29,304", "2015-03-31": "$26,881", "2014-12-31": "$25,788", "2014-09-30": "$25,926", "2014-06-30": "$25,453", "2014-03-31": "$24,315", "2013-12-31": "$24,408", "2013-09-30": "$24,509", "2013-06-30": "$23,842", "2013-03-31": "$23,544", "2012-12-31": "$22,695", "2012-09-30": "$23,487", "2012-06-30": "$22,719", "2012-03-31": "$22,350", "2011-12-31": "$21,845", "2011-09-30": "$22,144", "2011-06-30": "$21,808", "2011-03-31": "$21,526", "2010-12-31": "$21,150", "2010-09-30": "$22,025", "2010-06-30": "$21,497", "2010-03-31": "$21,049", "2009-12-31": "$20,049", "2009-09-30": "$20,047", "2009-06-30": "$19,088", "2009-03-31": "$18,215", "2008-12-31": "$18,251", "2008-09-30": "$18,640", "2008-06-30": "$18,914", "2008-03-31": "$18,717", "2007-12-31": "$18,843", "2007-09-30": "$19,666", "2007-06-30": "$21,074", "2007-03-31": "$20,012", "2006-12-31": "$19,482", "2006-09-30": "$19,846", "2006-06-30": "$19,603", "2006-03-31": "$19,258", "2005-12-31": "$18,899", "2005-09-30": "$19,155", "2005-06-30": "$18,459", "2005-03-31": "$17,723"}}, "cash-on-hand": {"Progressive Annual Cash on Hand (Millions of US $)": {"2019": "$227", "2018": "$75", "2017": "$275", "2016": "$226", "2015": "$224", "2014": "$108", "2013": "$75", "2012": "$179", "2011": "$156", "2010": "$159", "2009": "$161", "2008": "$3", "2007": "$6", "2006": "$6", "2005": "$6"}, "Progressive Quarterly Cash on Hand (Millions of US $)": {"2020-09-30": "$91", "2020-06-30": "$109", "2020-03-31": "$370", "2019-12-31": "$227", "2019-09-30": "$46", "2019-06-30": "$93", "2019-03-31": "$159", "2018-12-31": "$75", "2018-09-30": "$123", "2018-06-30": "$158", "2018-03-31": "$197", "2017-12-31": "$275", "2017-09-30": "$256", "2017-06-30": "$162", "2017-03-31": "$215", "2016-12-31": "$226", "2016-09-30": "$166", "2016-06-30": "$135", "2016-03-31": "$210", "2015-12-31": "$224", "2015-09-30": "$195", "2015-06-30": "$264", "2015-03-31": "$102", "2014-12-31": "$108", "2014-09-30": "$91", "2014-06-30": "$126", "2014-03-31": "$97", "2013-12-31": "$75", "2013-09-30": "$101", "2013-06-30": "$97", "2013-03-31": "$110", "2012-12-31": "$179", "2012-09-30": "$192", "2012-06-30": "$166", "2012-03-31": "$156", "2011-12-31": "$156", "2011-09-30": "$170", "2011-06-30": "$150", "2011-03-31": "$156", "2010-12-31": "$159", "2010-09-30": "$155", "2010-06-30": "$154", "2010-03-31": "$155", "2009-12-31": "$161", "2009-09-30": "$173", "2009-06-30": "$161", "2009-03-31": "$135", "2008-12-31": "$3", "2008-09-30": "$7", "2008-06-30": "$10", "2008-03-31": "$9", "2007-12-31": "$6", "2007-09-30": "$8", "2007-06-30": "$14", "2007-03-31": "$10", "2006-12-31": "$6", "2006-09-30": "$15", "2006-06-30": "$18", "2006-03-31": "$11", "2005-12-31": "$6", "2005-09-30": "$7", "2005-06-30": "$20", "2005-03-31": "$17"}}, "long-term-debt": {"Progressive Annual Long Term Debt (Millions of US $)": {"2019": "$4,407", "2018": "$4,405", "2017": "$3,306", "2016": "$3,148", "2015": "$2,708", "2014": "$2,165", "2013": "$1,861", "2012": "$2,063", "2011": "$2,442", "2010": "$1,958", "2009": "$2,177", "2008": "$2,176", "2007": "$2,174", "2006": "$1,186", "2005": "$1,285"}, "Progressive Quarterly Long Term Debt (Millions of US $)": {"2020-09-30": "$5,395", "2020-06-30": "$5,395", "2020-03-31": "$5,394", "2019-12-31": "$4,407", "2019-09-30": "$4,407", "2019-06-30": "$4,406", "2019-03-31": "$4,405", "2018-12-31": "$4,405", "2018-09-30": "$3,860", "2018-06-30": "$3,860", "2018-03-31": "$3,859", "2017-12-31": "$3,306", "2017-09-30": "$3,312", "2017-06-30": "$3,383", "2017-03-31": "$3,112", "2016-12-31": "$3,148", "2016-09-30": "$3,154", "2016-06-30": "$2,664", "2016-03-31": "$2,702", "2015-12-31": "$2,708", "2015-09-30": "$2,714", "2015-06-30": "$2,739", "2015-03-31": "$2,560", "2014-12-31": "$2,165", "2014-09-30": "$2,164", "2014-06-30": "$2,208", "2014-03-31": "$1,861", "2013-12-31": "$1,861", "2013-09-30": "$2,011", "2013-06-30": "$2,064", "2013-03-31": "$2,064", "2012-12-31": "$2,063", "2012-09-30": "$2,063", "2012-06-30": "$2,063", "2012-03-31": "$2,080", "2011-12-31": "$2,442", "2011-09-30": "$2,444", "2011-06-30": "$1,959", "2011-03-31": "$1,959", "2010-12-31": "$1,958", "2010-09-30": "$1,958", "2010-06-30": "$2,178", "2010-03-31": "$2,178", "2009-12-31": "$2,177", "2009-09-30": "$2,177", "2009-06-30": "$2,176", "2009-03-31": "$2,176", "2008-12-31": "$2,176", "2008-09-30": "$2,175", "2008-06-30": "$2,175", "2008-03-31": "$2,174", "2007-12-31": "$2,174", "2007-09-30": "$2,174", "2007-06-30": "$2,173", "2007-03-31": "$1,186", "2006-12-31": "$1,186", "2006-09-30": "$1,185", "2006-06-30": "$1,185", "2006-03-31": "$1,285", "2005-12-31": "$1,285", "2005-09-30": "$1,285", "2005-06-30": "$1,285", "2005-03-31": "$1,285"}}, "total-liabilities": {"Progressive Annual Total Liabilities (Millions of US $)": {"2019": "$41,222", "2018": "$35,753", "2017": "$29,416", "2016": "$25,470", "2015": "$22,530", "2014": "$18,859", "2013": "$18,219", "2012": "$16,688", "2011": "$16,038", "2010": "$15,101", "2009": "$14,301", "2008": "$14,035", "2007": "$13,908", "2006": "$12,636", "2005": "$12,791"}, "Progressive Quarterly Total Liabilities (Millions of US $)": {"2020-09-30": "$44,804", "2020-06-30": "$42,736", "2020-03-31": "$41,914", "2019-12-31": "$41,222", "2019-09-30": "$39,885", "2019-06-30": "$37,993", "2019-03-31": "$36,740", "2018-12-31": "$35,753", "2018-09-30": "$33,685", "2018-06-30": "$32,363", "2018-03-31": "$31,008", "2017-12-31": "$29,416", "2017-09-30": "$29,643", "2017-06-30": "$27,698", "2017-03-31": "$26,288", "2016-12-31": "$25,470", "2016-09-30": "$25,526", "2016-06-30": "$24,123", "2016-03-31": "$23,162", "2015-12-31": "$22,530", "2015-09-30": "$22,473", "2015-06-30": "$21,944", "2015-03-31": "$19,679", "2014-12-31": "$18,859", "2014-09-30": "$18,991", "2014-06-30": "$18,664", "2014-03-31": "$17,877", "2013-12-31": "$18,219", "2013-09-30": "$17,716", "2013-06-30": "$17,318", "2013-03-31": "$17,154", "2012-12-31": "$16,688", "2012-09-30": "$16,933", "2012-06-30": "$16,432", "2012-03-31": "$16,100", "2011-12-31": "$16,038", "2011-09-30": "$16,328", "2011-06-30": "$15,458", "2011-03-31": "$15,206", "2010-12-31": "$15,101", "2010-09-30": "$15,311", "2010-06-30": "$15,192", "2010-03-31": "$14,837", "2009-12-31": "$14,301", "2009-09-30": "$14,551", "2009-06-30": "$14,163", "2009-03-31": "$13,912", "2008-12-31": "$14,035", "2008-09-30": "$14,379", "2008-06-30": "$14,109", "2008-03-31": "$13,967", "2007-12-31": "$13,908", "2007-09-30": "$14,322", "2007-06-30": "$15,571", "2007-03-31": "$13,081", "2006-12-31": "$12,636", "2006-09-30": "$13,132", "2006-06-30": "$13,180", "2006-03-31": "$12,934", "2005-12-31": "$12,791", "2005-09-30": "$13,345", "2005-06-30": "$12,869", "2005-03-31": "$12,428"}}, "total-share-holder-equity": {"Progressive Annual Share Holder Equity (Millions of US $)": {"2019": "$13,673", "2018": "$10,822", "2017": "$9,285", "2016": "$7,957", "2015": "$7,289", "2014": "$6,929", "2013": "$6,190", "2012": "$6,007", "2011": "$5,807", "2010": "$6,049", "2009": "$5,749", "2008": "$4,215", "2007": "$4,936", "2006": "$6,847", "2005": "$6,108"}, "Progressive Quarterly Share Holder Equity (Millions of US $)": {"2020-09-30": "$18,087", "2020-06-30": "$16,671", "2020-03-31": "$14,352", "2019-12-31": "$13,673", "2019-09-30": "$14,123", "2019-06-30": "$13,331", "2019-03-31": "$12,111", "2018-12-31": "$10,822", "2018-09-30": "$11,859", "2018-06-30": "$11,001", "2018-03-31": "$10,323", "2017-12-31": "$9,285", "2017-09-30": "$9,289", "2017-06-30": "$8,992", "2017-03-31": "$8,523", "2016-12-31": "$7,957", "2016-09-30": "$8,095", "2016-06-30": "$7,836", "2016-03-31": "$7,560", "2015-12-31": "$7,289", "2015-09-30": "$7,462", "2015-06-30": "$7,360", "2015-03-31": "$7,202", "2014-12-31": "$6,929", "2014-09-30": "$6,935", "2014-06-30": "$6,789", "2014-03-31": "$6,439", "2013-12-31": "$6,190", "2013-09-30": "$6,793", "2013-06-30": "$6,524", "2013-03-31": "$6,390", "2012-12-31": "$6,007", "2012-09-30": "$6,555", "2012-06-30": "$6,287", "2012-03-31": "$6,250", "2011-12-31": "$5,807", "2011-09-30": "$5,816", "2011-06-30": "$6,350", "2011-03-31": "$6,321", "2010-12-31": "$6,049", "2010-09-30": "$6,713", "2010-06-30": "$6,305", "2010-03-31": "$6,212", "2009-12-31": "$5,749", "2009-09-30": "$5,496", "2009-06-30": "$4,925", "2009-03-31": "$4,303", "2008-12-31": "$4,215", "2008-09-30": "$4,261", "2008-06-30": "$4,806", "2008-03-31": "$4,750", "2007-12-31": "$4,936", "2007-09-30": "$5,344", "2007-06-30": "$5,503", "2007-03-31": "$6,931", "2006-12-31": "$6,847", "2006-09-30": "$6,714", "2006-06-30": "$6,422", "2006-03-31": "$6,324", "2005-12-31": "$6,108", "2005-09-30": "$5,811", "2005-06-30": "$5,591", "2005-03-31": "$5,295"}}, "profit-margins": {"current": "13.37%"}, "gross margin": {"2020-09-30": "16.29%", "2020-06-30": "14.57%", "2020-03-31": "12.47%", "2019-12-31": "14.23%", "2019-09-30": "12.23%", "2019-06-30": "12.87%", "2019-03-31": "12.30%", "2018-12-31": "10.91%", "2018-09-30": "12.63%", "2018-06-30": "10.33%", "2018-03-31": "9.66%", "2017-12-31": "9.04%", "2017-09-30": "8.79%", "2017-06-30": "9.08%", "2017-03-31": "8.22%", "2016-12-31": "7.37%", "2016-09-30": "7.47%", "2016-06-30": "8.45%", "2016-03-31": "9.76%", "2015-12-31": "10.30%", "2015-09-30": "10.51%", "2015-06-30": "10.78%", "2015-03-31": "10.57%", "2014-12-31": "10.80%", "2014-09-30": "10.42%", "2014-06-30": "10.03%", "2014-03-31": "10.36%", "2013-12-31": "10.43%", "2013-09-30": "10.21%", "2013-06-30": "10.63%", "2013-03-31": "9.04%", "2012-12-31": "8.74%", "2012-09-30": "8.95%", "2012-06-30": "8.03%", "2012-03-31": "9.35%", "2011-12-31": "10.48%", "2011-09-30": "10.84%", "2011-06-30": "11.98%", "2011-03-31": "11.87%", "2010-12-31": "11.38%", "2010-09-30": "11.74%", "2010-06-30": "11.80%", "2010-03-31": "12.14%", "2009-12-31": "11.86%", "2009-09-30": "10.51%", "2009-06-30": "0.27%", "2009-03-31": "-0.13%", "2008-12-31": "-0.44%", "2008-09-30": "0.44%", "2008-06-30": "10.81%", "2008-03-31": "11.34%", "2007-12-31": "12.50%", "2007-09-30": "14.09%", "2007-06-30": "15.20%", "2007-03-31": "16.40%", "2006-12-31": "17.22%", "2006-09-30": "16.12%", "2006-06-30": "15.19%", "2006-03-31": "15.28%", "2005-12-31": "15.23%"}, "operating margin": {"2020-09-30": "16.29%", "2020-06-30": "14.57%", "2020-03-31": "12.47%", "2019-12-31": "14.23%", "2019-09-30": "12.23%", "2019-06-30": "12.87%", "2019-03-31": "12.30%", "2018-12-31": "10.91%", "2018-09-30": "12.63%", "2018-06-30": "10.33%", "2018-03-31": "9.66%", "2017-12-31": "9.04%", "2017-09-30": "8.79%", "2017-06-30": "9.08%", "2017-03-31": "8.22%", "2016-12-31": "7.37%", "2016-09-30": "7.47%", "2016-06-30": "8.45%", "2016-03-31": "9.76%", "2015-12-31": "10.30%", "2015-09-30": "10.51%", "2015-06-30": "10.78%", "2015-03-31": "10.57%", "2014-12-31": "10.80%", "2014-09-30": "10.42%", "2014-06-30": "10.03%", "2014-03-31": "10.36%", "2013-12-31": "10.43%", "2013-09-30": "10.21%", "2013-06-30": "10.63%", "2013-03-31": "9.04%", "2012-12-31": "8.74%", "2012-09-30": "8.95%", "2012-06-30": "8.03%", "2012-03-31": "9.35%", "2011-12-31": "10.48%", "2011-09-30": "10.84%", "2011-06-30": "11.98%", "2011-03-31": "11.87%", "2010-12-31": "11.38%", "2010-09-30": "11.74%", "2010-06-30": "11.80%", "2010-03-31": "12.14%", "2009-12-31": "11.86%", "2009-09-30": "10.51%", "2009-06-30": "0.27%", "2009-03-31": "-0.13%", "2008-12-31": "-0.44%", "2008-09-30": "0.44%", "2008-06-30": "10.81%", "2008-03-31": "11.34%", "2007-12-31": "12.50%", "2007-09-30": "14.09%", "2007-06-30": "15.20%", "2007-03-31": "16.40%", "2006-12-31": "17.22%", "2006-09-30": "16.12%", "2006-06-30": "15.19%", "2006-03-31": "15.28%", "2005-12-31": "15.23%"}, "ebitda margin": {"2020-09-30": "17.28%", "2020-06-30": "15.53%", "2020-03-31": "13.41%", "2019-12-31": "15.10%", "2019-09-30": "13.09%", "2019-06-30": "13.74%", "2019-03-31": "13.17%", "2018-12-31": "11.84%", "2018-09-30": "13.60%", "2018-06-30": "11.38%", "2018-03-31": "10.79%", "2017-12-31": "10.23%", "2017-09-30": "10.02%", "2017-06-30": "10.29%", "2017-03-31": "9.42%", "2016-12-31": "8.54%", "2016-09-30": "8.65%", "2016-06-30": "9.68%", "2016-03-31": "11.02%", "2015-12-31": "11.49%", "2015-09-30": "11.59%", "2015-06-30": "11.77%", "2015-03-31": "11.46%", "2014-12-31": "11.70%", "2014-09-30": "11.38%", "2014-06-30": "11.08%", "2014-03-31": "11.52%", "2013-12-31": "11.73%", "2013-09-30": "11.62%", "2013-06-30": "12.10%", "2013-03-31": "10.59%", "2012-12-31": "10.38%", "2012-09-30": "10.70%", "2012-06-30": "9.92%", "2012-03-31": "11.31%", "2011-12-31": "12.52%", "2011-09-30": "12.86%", "2011-06-30": "14.02%", "2011-03-31": "13.90%", "2010-12-31": "13.43%", "2010-09-30": "13.78%", "2010-06-30": "13.87%", "2010-03-31": "14.27%", "2009-12-31": "14.03%", "2009-09-30": "12.85%", "2009-06-30": "2.90%", "2009-03-31": "2.51%", "2008-12-31": "2.28%", "2008-09-30": "3.25%", "2008-06-30": "13.44%", "2008-03-31": "14.03%", "2007-12-31": "15.16%", "2007-09-30": "16.65%", "2007-06-30": "17.64%", "2007-03-31": "18.73%", "2006-12-31": "19.45%", "2006-09-30": "18.25%", "2006-06-30": "17.27%", "2006-03-31": "17.32%", "2005-12-31": "17.20%"}, "pre tax profit margin": {"2020-09-30": "15.26%", "2020-06-30": "13.54%", "2020-03-31": "11.44%", "2019-12-31": "13.23%", "2019-09-30": "11.19%", "2019-06-30": "11.86%", "2019-03-31": "11.29%", "2018-12-31": "9.89%", "2018-09-30": "11.63%", "2018-06-30": "9.31%", "2018-03-31": "8.62%", "2017-12-31": "7.97%", "2017-09-30": "7.68%", "2017-06-30": "7.98%", "2017-03-31": "7.13%", "2016-12-31": "6.28%", "2016-09-30": "6.37%", "2016-06-30": "7.33%", "2016-03-31": "8.62%", "2015-12-31": "9.16%", "2015-09-30": "9.42%", "2015-06-30": "9.72%", "2015-03-31": "9.54%", "2014-12-31": "9.83%", "2014-09-30": "9.49%", "2014-06-30": "9.09%", "2014-03-31": "9.43%", "2013-12-31": "9.47%", "2013-09-30": "9.20%", "2013-06-30": "9.63%", "2013-03-31": "8.03%", "2012-12-31": "7.71%", "2012-09-30": "7.91%", "2012-06-30": "6.96%", "2012-03-31": "8.28%", "2011-12-31": "9.43%", "2011-09-30": "9.81%", "2011-06-30": "10.98%", "2011-03-31": "10.82%", "2010-12-31": "10.29%", "2010-09-30": "10.60%", "2010-06-30": "10.62%", "2010-03-31": "10.97%", "2009-12-31": "10.69%", "2009-09-30": "9.33%", "2009-06-30": "-1.03%", "2009-03-31": "-1.43%", "2008-12-31": "-1.73%", "2008-09-30": "-0.85%", "2008-06-30": "9.65%", "2008-03-31": "10.27%", "2007-12-31": "11.53%", "2007-09-30": "13.23%", "2007-06-30": "14.44%", "2007-03-31": "15.66%", "2006-12-31": "16.46%", "2006-09-30": "15.33%", "2006-06-30": "14.38%", "2006-03-31": "14.46%", "2005-12-31": "14.40%"}, "net profit margin": {"2020-09-30": "12.05%", "2020-06-30": "10.77%", "2020-03-31": "9.11%", "2019-12-31": "10.11%", "2019-09-30": "8.65%", "2019-06-30": "9.15%", "2019-03-31": "8.73%", "2018-12-31": "8.11%", "2018-09-30": "9.40%", "2018-06-30": "7.55%", "2018-03-31": "6.75%", "2017-12-31": "5.93%", "2017-09-30": "5.41%", "2017-06-30": "5.50%", "2017-03-31": "4.95%", "2016-12-31": "4.40%", "2016-09-30": "4.31%", "2016-06-30": "4.79%", "2016-03-31": "5.71%", "2015-12-31": "6.08%", "2015-09-30": "6.34%", "2015-06-30": "6.59%", "2015-03-31": "6.41%", "2014-12-31": "6.60%", "2014-09-30": "6.42%", "2014-06-30": "6.16%", "2014-03-31": "6.39%", "2013-12-31": "6.42%", "2013-09-30": "6.23%", "2013-06-30": "6.51%", "2013-03-31": "5.48%", "2012-12-31": "5.29%", "2012-09-30": "5.38%", "2012-06-30": "4.81%", "2012-03-31": "5.69%", "2011-12-31": "6.44%", "2011-09-30": "6.75%", "2011-06-30": "7.48%", "2011-03-31": "7.36%", "2010-12-31": "7.03%", "2010-09-30": "7.16%", "2010-06-30": "7.29%", "2010-03-31": "7.59%", "2009-12-31": "7.26%", "2009-09-30": "6.44%", "2009-06-30": "-0.33%", "2009-03-31": "-0.60%", "2008-12-31": "-0.55%", "2008-09-30": "0.05%", "2008-06-30": "6.85%", "2008-03-31": "7.25%", "2007-12-31": "8.05%", "2007-09-30": "9.13%", "2007-06-30": "9.87%", "2007-03-31": "10.63%", "2006-12-31": "11.14%", "2006-09-30": "10.41%", "2006-06-30": "9.76%", "2006-03-31": "9.80%", "2005-12-31": "9.75%"}, "pe ratio": {"current": "11.74", "2021-02-05": "12.86", "2020-12-31": "13.87", "2020-09-30": "10.48", "2020-06-30": "10.25", "2020-03-31": "11.58", "2019-12-31": "9.92", "2019-09-30": "13.27", "2019-06-30": "13.34", "2019-03-31": "13.14", "2018-12-31": "12.52", "2018-09-30": "13.13", "2018-06-30": "14.39", "2018-03-31": "17.41", "2017-12-31": "18.60", "2017-09-30": "18.12", "2017-06-30": "16.78", "2017-03-31": "17.08", "2016-12-31": "17.69", "2016-09-30": "16.63", "2016-06-30": "16.41", "2016-03-31": "14.83", "2015-12-31": "12.67", "2015-09-30": "11.83", "2015-06-30": "10.60", "2015-03-31": "10.99", "2014-12-31": "10.43", "2014-09-30": "10.39", "2014-06-30": "11.03", "2014-03-31": "10.26", "2013-12-31": "11.02", "2013-09-30": "11.54", "2013-06-30": "10.38", "2013-03-31": "12.62", "2012-12-31": "11.04", "2012-09-30": "10.30", "2012-06-30": "12.14", "2012-03-31": "11.75", "2011-12-31": "8.90", "2011-09-30": "7.95", "2011-06-30": "8.71", "2011-03-31": "8.91", "2010-12-31": "8.78", "2010-09-30": "8.72", "2010-06-30": "7.82", "2010-03-31": "7.74", "2009-12-31": "7.63", "2009-09-30": "8.17", "2009-06-30": "0.00", "2009-03-31": "0.00", "2008-12-31": "0.00", "2008-09-30": "0.00", "2008-06-30": "8.78", "2008-03-31": "7.18", "2007-12-31": "7.77", "2007-09-30": "7.06", "2007-06-30": "7.48", "2007-03-31": "6.42", "2006-12-31": "6.92"}, "price sales": {"2021-02-05": "1.64", "2020-12-31": "1.77", "2020-09-30": "1.26", "2020-06-30": "1.10", "2020-03-31": "1.05", "2019-12-31": "1.00", "2019-09-30": "1.15", "2019-06-30": "1.22", "2019-03-31": "1.15", "2018-12-31": "1.01", "2018-09-30": "1.23", "2018-06-30": "1.08", "2018-03-31": "1.17", "2017-12-31": "1.10", "2017-09-30": "0.98", "2017-06-30": "0.93", "2017-03-31": "0.85", "2016-12-31": "0.78", "2016-09-30": "0.72", "2016-06-30": "0.79", "2016-03-31": "0.85", "2015-12-31": "0.77", "2015-09-30": "0.75", "2015-06-30": "0.70", "2015-03-31": "0.71", "2014-12-31": "0.69", "2014-09-30": "0.67", "2014-06-30": "0.68", "2014-03-31": "0.66", "2013-12-31": "0.71", "2013-09-30": "0.72", "2013-06-30": "0.68", "2013-03-31": "0.69", "2012-12-31": "0.58", "2012-09-30": "0.56", "2012-06-30": "0.59", "2012-03-31": "0.68", "2011-12-31": "0.58", "2011-09-30": "0.53", "2011-06-30": "0.65", "2011-03-31": "0.66", "2010-12-31": "0.62", "2010-09-30": "0.63", "2010-06-30": "0.57", "2010-03-31": "0.59", "2009-12-31": "0.56", "2009-09-30": "0.53", "2009-06-30": "0.53", "2009-03-31": "0.48", "2008-12-31": "0.52", "2008-09-30": "0.62", "2008-06-30": "0.60", "2008-03-31": "0.52", "2007-12-31": "0.63", "2007-09-30": "0.65", "2007-06-30": "0.74", "2007-03-31": "0.69", "2006-12-31": "0.78"}, "price book": {"current": "3.01", "2021-02-05": "2.83", "2020-09-30": "2.92", "2020-06-30": "2.68", "2020-03-31": "2.86", "2019-12-31": "2.85", "2019-09-30": "2.94", "2019-06-30": "3.22", "2019-03-31": "3.19", "2018-12-31": "2.98", "2018-09-30": "3.20", "2018-06-30": "2.87", "2018-03-31": "3.15", "2017-12-31": "3.17", "2017-09-30": "2.72", "2017-06-30": "2.56", "2017-03-31": "2.40", "2016-12-31": "2.28", "2016-09-30": "1.99", "2016-06-30": "2.19", "2016-03-31": "2.39", "2015-12-31": "2.18", "2015-09-30": "2.06", "2015-06-30": "1.90", "2015-03-31": "1.90", "2014-12-31": "1.91", "2014-09-30": "1.79", "2014-06-30": "1.84", "2014-03-31": "1.86", "2013-12-31": "2.06", "2013-09-30": "1.89", "2013-06-30": "1.83", "2013-03-31": "1.87", "2012-12-31": "1.64", "2012-09-30": "1.42", "2012-06-30": "1.49", "2012-03-31": "1.68", "2011-12-31": "1.49", "2011-09-30": "1.37", "2011-06-30": "1.57", "2011-03-31": "1.59", "2010-12-31": "1.55", "2010-09-30": "1.40", "2010-06-30": "1.34", "2010-03-31": "1.39", "2009-12-31": "1.41", "2009-09-30": "1.37", "2009-06-30": "1.40", "2009-03-31": "1.43", "2008-12-31": "1.59", "2008-09-30": "1.85", "2008-06-30": "1.76", "2008-03-31": "1.54", "2007-12-31": "1.76", "2007-09-30": "1.69", "2007-06-30": "1.91", "2007-03-31": "1.40", "2006-12-31": "1.60", "2006-09-30": "1.69", "2006-06-30": "1.88", "2006-03-31": "0.49"}, "price fcf": {"2021-02-05": "", "2020-09-30": "$10.64", "2020-06-30": "$11.11", "2020-03-31": "$9.74", "2019-12-31": "$10.14", "2019-09-30": "$10.01", "2019-06-30": "$9.94", "2019-03-31": "$10.42", "2018-12-31": "$10.27", "2018-09-30": "$9.43", "2018-06-30": "$8.60", "2018-03-31": "$7.25", "2017-12-31": "$6.17", "2017-09-30": "$6.03", "2017-06-30": "$5.17", "2017-03-31": "$4.86", "2016-12-31": "$4.31", "2016-09-30": "$3.78", "2016-06-30": "$3.85", "2016-03-31": "$3.73", "2015-12-31": "$3.69", "2015-09-30": "$3.59", "2015-06-30": "$3.40", "2015-03-31": "$2.92", "2014-12-31": "$2.73", "2014-09-30": "$2.87", "2014-06-30": "$2.83", "2014-03-31": "$2.85", "2013-12-31": "$2.92", "2013-09-30": "$2.69", "2013-06-30": "$2.57", "2013-03-31": "$2.61", "2012-12-31": "$2.58", "2012-09-30": "$2.56", "2012-06-30": "$2.47", "2012-03-31": "$2.35", "2011-12-31": "$2.23", "2011-09-30": "$2.24", "2011-06-30": "$2.22", "2011-03-31": "$2.47", "2010-12-31": "$2.45", "2010-09-30": "$2.57", "2010-06-30": "$2.56", "2010-03-31": "$2.32", "2009-12-31": "$2.12", "2009-09-30": "$2.16", "2009-06-30": "$2.16", "2009-03-31": "$2.28", "2008-12-31": "$2.15", "2008-09-30": "$2.11", "2008-06-30": "$2.07", "2008-03-31": "$2.14", "2007-12-31": "$2.31", "2007-09-30": "$2.39", "2007-06-30": "$2.26", "2007-03-31": "$2.21", "2006-12-31": "$2.18"}, "net worth": {"value": "$51.22B"}, "current ratio": {"2020-12-31": "0.34", "2020-09-30": "0.32", "2020-06-30": "0.31", "2020-03-31": "0.32", "2019-12-31": "0.31", "2019-09-30": "0.31", "2019-06-30": "0.31", "2019-03-31": "0.32", "2018-12-31": "0.30", "2018-09-30": "0.32", "2018-06-30": "0.31", "2018-03-31": "0.32", "2017-12-31": "0.31", "2017-09-30": "0.33", "2017-06-30": "0.31", "2017-03-31": "0.31", "2016-12-31": "0.31", "2016-09-30": "0.31", "2016-06-30": "0.30", "2016-03-31": "0.31", "2015-12-31": "0.30", "2015-09-30": "0.30", "2015-06-30": "0.30", "2015-03-31": "0.30", "2014-12-31": "0.29", "2014-09-30": "0.30", "2014-06-30": "0.30", "2014-03-31": "0.30", "2013-12-31": "0.27", "2013-09-30": "0.30", "2013-06-30": "0.29", "2013-03-31": "0.29", "2012-12-31": "0.29", "2012-09-30": "0.30", "2012-06-30": "0.30", "2012-03-31": "0.30", "2011-12-31": "0.29", "2011-09-30": "0.29", "2011-06-30": "0.29", "2011-03-31": "0.29", "2010-12-31": "0.28", "2010-09-30": "0.28", "2010-06-30": "0.28", "2010-03-31": "0.28", "2009-12-31": "0.26", "2009-09-30": "0.25", "2009-06-30": "0.25", "2009-03-31": "0.25", "2008-12-31": "0.23", "2008-09-30": "0.24", "2008-06-30": "0.24", "2008-03-31": "0.24", "2007-12-31": "0.23", "2007-09-30": "0.25", "2007-06-30": "0.23", "2007-03-31": "0.26", "2006-12-31": "0.26", "2006-09-30": "0.26", "2006-06-30": "0.26", "2006-03-31": "0.26", "2005-12-31": "0.25", "2005-09-30": "0.25", "2005-06-30": "0.26", "2005-03-31": "0.26"}, "quick ratio": {"2020-12-31": "0.00", "2020-09-30": "0.00", "2020-06-30": "0.00", "2020-03-31": "0.00", "2019-12-31": "0.00", "2019-09-30": "0.00", "2019-06-30": "0.00", "2019-03-31": "0.00", "2018-12-31": "0.00", "2018-09-30": "0.00", "2018-06-30": "0.00", "2018-03-31": "0.00", "2017-12-31": "0.00", "2017-09-30": "0.00", "2017-06-30": "0.00", "2017-03-31": "0.00", "2016-12-31": "0.00", "2016-09-30": "0.00", "2016-06-30": "0.00", "2016-03-31": "0.00", "2015-12-31": "0.00", "2015-09-30": "0.00", "2015-06-30": "0.00", "2015-03-31": "0.00", "2014-12-31": "0.00", "2014-09-30": "0.00", "2014-06-30": "0.00", "2014-03-31": "0.00", "2013-12-31": "0.00", "2013-09-30": "0.00", "2013-06-30": "0.00", "2013-03-31": "0.00", "2012-12-31": "0.00", "2012-09-30": "0.00", "2012-06-30": "0.00", "2012-03-31": "0.00", "2011-12-31": "0.00", "2011-09-30": "0.00", "2011-06-30": "0.00", "2011-03-31": "0.00", "2010-12-31": "0.00", "2010-09-30": "0.00", "2010-06-30": "0.00", "2010-03-31": "0.00", "2009-12-31": "0.00", "2009-09-30": "0.00", "2009-06-30": "0.00", "2009-03-31": "0.00", "2008-12-31": "0.00", "2008-09-30": "0.00", "2008-06-30": "0.00", "2008-03-31": "0.00", "2007-12-31": "0.00", "2007-09-30": "0.00", "2007-06-30": "0.00", "2007-03-31": "0.00", "2006-12-31": "0.00", "2006-09-30": "0.00", "2006-06-30": "0.00", "2006-03-31": "0.00", "2005-12-31": "0.00", "2005-09-30": "0.00", "2005-06-30": "0.00", "2005-03-31": "0.00"}, "debt equity ratio": {"current": "0.32", "2020-12-31": "2.76", "2020-09-30": "2.48", "2020-06-30": "2.56", "2020-03-31": "2.92", "2019-12-31": "3.02", "2019-09-30": "2.82", "2019-06-30": "2.85", "2019-03-31": "3.03", "2018-12-31": "3.30", "2018-09-30": "2.84", "2018-06-30": "2.94", "2018-03-31": "3.00", "2017-12-31": "3.17", "2017-09-30": "3.19", "2017-06-30": "3.08", "2017-03-31": "3.08", "2016-12-31": "3.20", "2016-09-30": "3.15", "2016-06-30": "3.08", "2016-03-31": "3.06", "2015-12-31": "3.09", "2015-09-30": "3.01", "2015-06-30": "2.98", "2015-03-31": "2.73", "2014-12-31": "2.72", "2014-09-30": "2.74", "2014-06-30": "2.75", "2014-03-31": "2.78", "2013-12-31": "2.94", "2013-09-30": "2.61", "2013-06-30": "2.66", "2013-03-31": "2.69", "2012-12-31": "2.78", "2012-09-30": "2.58", "2012-06-30": "2.61", "2012-03-31": "2.58", "2011-12-31": "2.76", "2011-09-30": "2.81", "2011-06-30": "2.44", "2011-03-31": "2.41", "2010-12-31": "2.50", "2010-09-30": "2.28", "2010-06-30": "2.41", "2010-03-31": "2.39", "2009-12-31": "2.49", "2009-09-30": "2.65", "2009-06-30": "2.88", "2009-03-31": "3.23", "2008-12-31": "3.33", "2008-09-30": "3.38", "2008-06-30": "2.94", "2008-03-31": "2.94", "2007-12-31": "2.82", "2007-09-30": "2.68", "2007-06-30": "2.83", "2007-03-31": "1.89", "2006-12-31": "1.85", "2006-09-30": "1.96", "2006-06-30": "2.05", "2006-03-31": "2.05", "2005-12-31": "2.09", "2005-09-30": "2.30", "2005-06-30": "2.30", "2005-03-31": "2.35"}, "return on equity": {"2020-09-30": "32.23%", "2020-06-30": "29.72%", "2020-03-31": "25.66%", "2019-12-31": "29.63%", "2019-09-30": "24.95%", "2019-06-30": "26.84%", "2019-03-31": "25.80%", "2018-12-31": "23.58%", "2018-09-30": "27.50%", "2018-06-30": "22.22%", "2018-03-31": "19.91%", "2017-12-31": "17.65%", "2017-09-30": "16.10%", "2017-06-30": "16.37%", "2017-03-31": "14.77%", "2016-12-31": "13.11%", "2016-09-30": "12.71%", "2016-06-30": "14.02%", "2016-03-31": "16.57%", "2015-12-31": "17.29%", "2015-09-30": "18.06%", "2015-06-30": "18.64%", "2015-03-31": "18.02%", "2014-12-31": "18.90%", "2014-09-30": "18.37%", "2014-06-30": "17.49%", "2014-03-31": "18.16%", "2013-12-31": "18.01%", "2013-09-30": "17.34%", "2013-06-30": "18.21%", "2013-03-31": "15.12%", "2012-12-31": "14.39%", "2012-09-30": "14.64%", "2012-06-30": "13.00%", "2012-03-31": "15.04%", "2011-12-31": "16.73%", "2011-09-30": "17.25%", "2011-06-30": "18.39%", "2011-03-31": "17.90%", "2010-12-31": "16.92%", "2010-09-30": "17.21%", "2010-06-30": "18.23%", "2010-03-31": "20.03%", "2009-12-31": "20.67%", "2009-09-30": "19.26%", "2009-06-30": "-0.95%", "2009-03-31": "-1.73%", "2008-12-31": "-1.55%", "2008-09-30": "0.15%", "2008-06-30": "19.96%", "2008-03-31": "20.61%", "2007-12-31": "20.83%", "2007-09-30": "21.90%", "2007-06-30": "22.45%", "2007-03-31": "23.41%", "2006-12-31": "25.06%", "2006-09-30": "23.92%", "2006-06-30": "23.09%", "2006-03-31": "23.80%", "2005-12-31": "24.45%"}, "return on assets": {"2020-09-30": "8.67%", "2020-06-30": "7.78%", "2020-03-31": "6.58%", "2019-12-31": "7.55%", "2019-09-30": "6.26%", "2019-06-30": "6.72%", "2019-03-31": "6.41%", "2018-12-31": "5.87%", "2018-09-30": "6.91%", "2018-06-30": "5.46%", "2018-03-31": "4.85%", "2017-12-31": "4.27%", "2017-09-30": "3.89%", "2017-06-30": "3.97%", "2017-03-31": "3.58%", "2016-12-31": "3.18%", "2016-09-30": "3.10%", "2016-06-30": "3.45%", "2016-03-31": "4.10%", "2015-12-31": "4.37%", "2015-09-30": "4.67%", "2015-06-30": "4.91%", "2015-03-31": "4.82%", "2014-12-31": "5.05%", "2014-09-30": "4.84%", "2014-06-30": "4.65%", "2014-03-31": "4.85%", "2013-12-31": "4.84%", "2013-09-30": "4.72%", "2013-06-30": "4.96%", "2013-03-31": "4.13%", "2012-12-31": "3.96%", "2012-09-30": "4.03%", "2012-06-30": "3.53%", "2012-03-31": "4.13%", "2011-12-31": "4.65%", "2011-09-30": "4.89%", "2011-06-30": "5.41%", "2011-03-31": "5.27%", "2010-12-31": "4.99%", "2010-09-30": "5.08%", "2010-06-30": "5.24%", "2010-03-31": "5.59%", "2009-12-31": "5.47%", "2009-09-30": "4.83%", "2009-06-30": "-0.23%", "2009-03-31": "-0.41%", "2008-12-31": "-0.38%", "2008-09-30": "0.04%", "2008-06-30": "5.20%", "2008-03-31": "5.40%", "2007-12-31": "5.95%", "2007-09-30": "6.72%", "2007-06-30": "7.26%", "2007-03-31": "7.98%", "2006-12-31": "8.43%", "2006-09-30": "7.88%", "2006-06-30": "7.41%", "2006-03-31": "7.49%", "2005-12-31": "7.51%"}, "return on investments": {"2020-09-30": "32.80%", "2020-06-30": "30.14%", "2020-03-31": "26.29%", "2019-12-31": "31.34%", "2019-09-30": "26.11%", "2019-06-30": "27.87%", "2019-03-31": "26.73%", "2018-12-31": "23.26%", "2018-09-30": "27.35%", "2018-06-30": "22.36%", "2018-03-31": "20.86%", "2017-12-31": "19.72%", "2017-09-30": "19.05%", "2017-06-30": "19.58%", "2017-03-31": "17.88%", "2016-12-31": "16.02%", "2016-09-30": "16.16%", "2016-06-30": "18.21%", "2016-03-31": "20.71%", "2015-12-31": "21.46%", "2015-09-30": "22.16%", "2015-06-30": "22.80%", "2015-03-31": "22.40%", "2014-12-31": "23.60%", "2014-09-30": "22.79%", "2014-06-30": "21.84%", "2014-03-31": "22.65%", "2013-12-31": "22.38%", "2013-09-30": "21.56%", "2013-06-30": "22.44%", "2013-03-31": "18.78%", "2012-12-31": "17.90%", "2012-09-30": "18.08%", "2012-06-30": "15.80%", "2012-03-31": "18.06%", "2011-12-31": "19.98%", "2011-09-30": "20.68%", "2011-06-30": "22.52%", "2011-03-31": "21.93%", "2010-12-31": "20.65%", "2010-09-30": "21.07%", "2010-06-30": "21.61%", "2010-03-31": "23.06%", "2009-12-31": "23.67%", "2009-09-30": "21.55%", "2009-06-30": "0.52%", "2009-03-31": "-0.26%", "2008-12-31": "-0.85%", "2008-09-30": "0.83%", "2008-06-30": "21.90%", "2008-03-31": "22.64%", "2007-12-31": "24.14%", "2007-09-30": "26.56%", "2007-06-30": "28.32%", "2007-03-31": "30.71%", "2006-12-31": "32.71%", "2006-09-30": "31.06%", "2006-06-30": "29.84%", "2006-03-31": "30.54%", "2005-12-31": "31.19%"}, "return on tangible equity": {"2020-09-30": "33.65%", "2020-06-30": "31.15%", "2020-03-31": "27.00%", "2019-12-31": "31.29%", "2019-09-30": "26.47%", "2019-06-30": "28.59%", "2019-03-31": "27.63%", "2018-12-31": "25.36%", "2018-09-30": "29.72%", "2018-06-30": "24.18%", "2018-03-31": "21.82%", "2017-12-31": "19.47%", "2017-09-30": "17.87%", "2017-06-30": "18.28%", "2017-03-31": "16.60%", "2016-12-31": "14.82%", "2016-09-30": "14.44%", "2016-06-30": "16.01%", "2016-03-31": "19.02%", "2015-12-31": "19.20%", "2015-09-30": "19.38%", "2015-06-30": "19.35%", "2015-03-31": "18.06%", "2014-12-31": "18.93%", "2014-09-30": "18.38%", "2014-06-30": "17.50%", "2014-03-31": "18.16%", "2013-12-31": "18.01%", "2013-09-30": "17.34%", "2013-06-30": "18.21%", "2013-03-31": "15.12%", "2012-12-31": "14.39%", "2012-09-30": "14.64%", "2012-06-30": "13.00%", "2012-03-31": "15.04%", "2011-12-31": "16.73%", "2011-09-30": "17.25%", "2011-06-30": "18.39%", "2011-03-31": "17.90%", "2010-12-31": "16.92%", "2010-09-30": "17.21%", "2010-06-30": "18.23%", "2010-03-31": "20.03%", "2009-12-31": "20.67%", "2009-09-30": "19.26%", "2009-06-30": "-0.95%", "2009-03-31": "-1.73%", "2008-12-31": "-1.55%", "2008-09-30": "0.15%", "2008-06-30": "19.96%", "2008-03-31": "20.61%", "2007-12-31": "20.83%", "2007-09-30": "21.90%", "2007-06-30": "22.45%", "2007-03-31": "23.41%", "2006-12-31": "25.06%", "2006-09-30": "23.92%", "2006-06-30": "23.09%", "2006-03-31": "23.80%", "2005-12-31": "24.45%"}, "dividend yield history": {"last payout": "$4.60", "last yield": "5.26%"}}