{"ticker": "PFPT", "price": {"title": "Proofpoint Historical Annual Stock Price Data", "value": 129.2, "historical": {"2020": {"Average Stock Price": "112.9534", "Year Open": "117.2300", "Year High": "136.8700", "Year Low": "91.1200", "Year Close": "136.4100", "Annual % Change": "18.84%"}, "2019": {"Average Stock Price": "117.3460", "Year Open": "82.9800", "Year High": "131.7600", "Year Low": "81.8100", "Year Close": "114.7800", "Annual % Change": "36.95%"}, "2018": {"Average Stock Price": "109.1851", "Year Open": "92.1300", "Year High": "128.7200", "Year Low": "79.8700", "Year Close": "83.8100", "Annual % Change": "-5.63%"}, "2017": {"Average Stock Price": "85.3755", "Year Open": "73.3600", "Year High": "96.1100", "Year Low": "71.0000", "Year Close": "88.8100", "Annual % Change": "25.70%"}, "2016": {"Average Stock Price": "64.4214", "Year Open": "63.4000", "Year High": "87.4400", "Year Low": "36.6000", "Year Close": "70.6500", "Annual % Change": "8.68%"}, "2015": {"Average Stock Price": "60.5224", "Year Open": "47.4600", "Year High": "74.6200", "Year Low": "46.5300", "Year Close": "65.0100", "Annual % Change": "34.79%"}, "2014": {"Average Stock Price": "37.8039", "Year Open": "32.4000", "Year High": "50.2000", "Year Low": "24.4900", "Year Close": "48.2300", "Annual % Change": "45.40%"}, "2013": {"Average Stock Price": "23.1202", "Year Open": "12.9700", "Year High": "33.5100", "Year Low": "12.5700", "Year Close": "33.1700", "Annual % Change": "169.46%"}, "2012": {"Average Stock Price": "13.4654", "Year Open": "14.0800", "Year High": "17.1400", "Year Low": "10.0500", "Year Close": "12.3100", "Annual % Change": "0.00%"}}}, "market cap": {"value": "$7.46B"}, "income statement": {"Revenue": {"2019-12-31": "888.19000", "2018-12-31": "716.99400", "2017-12-31": "519.68100", "2016-12-31": "378.33700", "2015-12-31": "265.39700", "2014-12-31": "195.60700", "2013-12-31": "137.93100", "2012-12-31": "106.29500", "2011-12-31": "81.83800", "2010-12-31": "64.79000"}, "Cost Of Goods Sold": {"2019-12-31": "236.21400", "2018-12-31": "201.76100", "2017-12-31": "143.37800", "2016-12-31": "108.59300", "2015-12-31": "84.05800", "2014-12-31": "65.67900", "2013-12-31": "41.56200", "2012-12-31": "33.11300", "2011-12-31": "29.73000", "2010-12-31": "28.60500"}, "Gross Profit": {"2019-12-31": "651.97600", "2018-12-31": "515.23300", "2017-12-31": "376.30300", "2016-12-31": "269.74400", "2015-12-31": "181.33900", "2014-12-31": "129.92800", "2013-12-31": "96.36900", "2012-12-31": "73.18200", "2011-12-31": "52.10800", "2010-12-31": "36.18500"}, "Research And Development Expenses": {"2019-12-31": "230.46300", "2018-12-31": "185.39100", "2017-12-31": "129.80300", "2016-12-31": "98.50600", "2015-12-31": "74.45900", "2014-12-31": "51.90300", "2013-12-31": "34.44900", "2012-12-31": "24.82700", "2011-12-31": "19.77900", "2010-12-31": "17.58300"}, "SG&A Expenses": {"2019-12-31": "526.44400", "2018-12-31": "431.55300", "2017-12-31": "301.42900", "2016-12-31": "242.09800", "2015-12-31": "185.03000", "2014-12-31": "125.01200", "2013-12-31": "91.40300", "2012-12-31": "67.93200", "2011-12-31": "51.91300", "2010-12-31": "38.62600"}, "Other Operating Income Or Expenses": {"2019-12-31": "", "2018-12-31": "", "2017-12-31": "", "2016-12-31": "", "2015-12-31": "", "2014-12-31": "", "2013-12-31": "", "2012-12-31": "", "2011-12-31": "", "2010-12-31": ""}, "Operating Expenses": {"2019-12-31": "993.12100", "2018-12-31": "818.70500", "2017-12-31": "574.61000", "2016-12-31": "449.19700", "2015-12-31": "343.54700", "2014-12-31": "242.59400", "2013-12-31": "167.41400", "2012-12-31": "125.87200", "2011-12-31": "101.42200", "2010-12-31": "84.81400"}, "Operating Income": {"2019-12-31": "-104.93100", "2018-12-31": "-101.71100", "2017-12-31": "-54.92900", "2016-12-31": "-70.86000", "2015-12-31": "-78.15000", "2014-12-31": "-46.98700", "2013-12-31": "-29.48300", "2012-12-31": "-19.57700", "2011-12-31": "-19.58400", "2010-12-31": "-20.02400"}, "Total Non-Operating Income/Expense": {"2019-12-31": "-5.41700", "2018-12-31": "-15.27000", "2017-12-31": "-24.82300", "2016-12-31": "-24.64100", "2015-12-31": "-19.92700", "2014-12-31": "-13.44300", "2013-12-31": "-0.85600", "2012-12-31": "-0.26200", "2011-12-31": "-0.18700", "2010-12-31": "-0.59800"}, "Pre-Tax Income": {"2019-12-31": "-110.34800", "2018-12-31": "-116.98100", "2017-12-31": "-79.75200", "2016-12-31": "-95.50100", "2015-12-31": "-98.07700", "2014-12-31": "-60.43000", "2013-12-31": "-30.33900", "2012-12-31": "-19.83900", "2011-12-31": "-19.77100", "2010-12-31": "-20.62200"}, "Income Taxes": {"2019-12-31": "19.91700", "2018-12-31": "-13.23200", "2017-12-31": "-9.95000", "2016-12-31": "0.98600", "2015-12-31": "0.63500", "2014-12-31": "-0.31300", "2013-12-31": "-2.80800", "2012-12-31": "0.52100", "2011-12-31": "0.37000", "2010-12-31": "0.24300"}, "Income After Taxes": {"2019-12-31": "-130.26500", "2018-12-31": "-103.74900", "2017-12-31": "-69.80200", "2016-12-31": "-96.48700", "2015-12-31": "-98.71200", "2014-12-31": "-60.11700", "2013-12-31": "-27.53100", "2012-12-31": "-20.36000", "2011-12-31": "-20.14100", "2010-12-31": "-20.86500"}, "Other Income": {"2019-12-31": "", "2018-12-31": "", "2017-12-31": "", "2016-12-31": "", "2015-12-31": "", "2014-12-31": "", "2013-12-31": "", "2012-12-31": "", "2011-12-31": "", "2010-12-31": ""}, "Income From Continuous Operations": {"2019-12-31": "-130.26500", "2018-12-31": "-103.74900", "2017-12-31": "-69.80200", "2016-12-31": "-96.48700", "2015-12-31": "-98.71200", "2014-12-31": "-60.11700", "2013-12-31": "-27.53100", "2012-12-31": "-20.36000", "2011-12-31": "-20.14100", "2010-12-31": "-20.86500"}, "Income From Discontinued Operations": {"2019-12-31": "", "2018-12-31": "", "2017-12-31": "", "2016-12-31": "", "2015-12-31": "", "2014-12-31": "", "2013-12-31": "", "2012-12-31": "", "2011-12-31": "", "2010-12-31": ""}, "Net Income": {"2019-12-31": "-130.26500", "2018-12-31": "-103.74900", "2017-12-31": "-69.80200", "2016-12-31": "-96.48700", "2015-12-31": "-98.71200", "2014-12-31": "-60.11700", "2013-12-31": "-27.53100", "2012-12-31": "-20.36000", "2011-12-31": "-20.14100", "2010-12-31": "-20.86500"}, "EBITDA": {"2019-12-31": "60.86300", "2018-12-31": "17.30100", "2017-12-31": "37.43400", "2016-12-31": "4.23800", "2015-12-31": "-16.41800", "2014-12-31": "-20.41100", "2013-12-31": "-19.02700", "2012-12-31": "-11.86700", "2011-12-31": "-11.90000", "2010-12-31": "-12.38100"}, "EBIT": {"2019-12-31": "-104.93100", "2018-12-31": "-101.71100", "2017-12-31": "-54.92900", "2016-12-31": "-70.86000", "2015-12-31": "-78.15000", "2014-12-31": "-46.98700", "2013-12-31": "-29.48300", "2012-12-31": "-19.57700", "2011-12-31": "-19.58400", "2010-12-31": "-20.02400"}, "Basic Shares Outstanding": {"2019-12-31": "55.90200", "2018-12-31": "52.11100", "2017-12-31": "44.25800", "2016-12-31": "41.85900", "2015-12-31": "39.78700", "2014-12-31": "37.38100", "2013-12-31": "34.87400", "2012-12-31": "24.05600", "2011-12-31": "4.00500", "2010-12-31": "3.57500"}, "Shares Outstanding": {"2019-12-31": "55.90200", "2018-12-31": "52.11100", "2017-12-31": "44.25800", "2016-12-31": "41.85900", "2015-12-31": "39.78700", "2014-12-31": "37.38100", "2013-12-31": "34.87400", "2012-12-31": "24.05600", "2011-12-31": "4.00500", "2010-12-31": "3.57500"}, "Basic EPS": {"2019-12-31": "-2.33000", "2018-12-31": "-1.99000", "2017-12-31": "-1.58000", "2016-12-31": "-2.31000", "2015-12-31": "-2.48000", "2014-12-31": "-1.61000", "2013-12-31": "-0.79000", "2012-12-31": "-0.85000", "2011-12-31": "-5.03000", "2010-12-31": "-5.84000"}, "EPS - Earnings Per Share": {"2019-12-31": "-2.33000", "2018-12-31": "-1.99000", "2017-12-31": "-1.58000", "2016-12-31": "-2.31000", "2015-12-31": "-2.48000", "2014-12-31": "-1.61000", "2013-12-31": "-0.79000", "2012-12-31": "-0.85000", "2011-12-31": "-5.03000", "2010-12-31": "-5.84000"}}, "income statement, quarterly": {"Revenue": {"2020-09-30": "266.66900", "2020-06-30": "258.43800", "2020-03-31": "249.77400", "2019-12-31": "243.42900", "2019-09-30": "227.38500", "2019-06-30": "214.43900", "2019-03-31": "202.93700", "2018-12-31": "198.47900", "2018-09-30": "184.17900", "2018-06-30": "171.87500", "2018-03-31": "162.46100", "2017-12-31": "146.91900", "2017-09-30": "134.68600", "2017-06-30": "122.44100", "2017-03-31": "115.63500", "2016-12-31": "109.64600", "2016-09-30": "99.78400", "2016-06-30": "89.90400", "2016-03-31": "79.00300", "2015-12-31": "74.93900", "2015-09-30": "69.14900", "2015-06-30": "63.54600", "2015-03-31": "57.76300", "2014-12-31": "56.19400", "2014-09-30": "50.31100", "2014-06-30": "46.39800", "2014-03-31": "42.70400", "2013-12-31": "40.83700", "2013-09-30": "34.50300", "2013-06-30": "31.82700", "2013-03-31": "30.76400", "2012-12-31": "28.64900", "2012-09-30": "27.08400", "2012-06-30": "25.94300", "2012-03-31": "24.61900", "2011-12-31": "22.69100", "2011-09-30": "20.48600", "2011-06-30": "19.88000", "2011-03-31": "18.78100", "2010-12-31": ""}, "Cost Of Goods Sold": {"2020-09-30": "68.92100", "2020-06-30": "67.57500", "2020-03-31": "68.93100", "2019-12-31": "63.26200", "2019-09-30": "59.88100", "2019-06-30": "57.82800", "2019-03-31": "55.24300", "2018-12-31": "52.99500", "2018-09-30": "50.93700", "2018-06-30": "50.77200", "2018-03-31": "47.05700", "2017-12-31": "40.49800", "2017-09-30": "36.01100", "2017-06-30": "34.49300", "2017-03-31": "32.37600", "2016-12-31": "29.83100", "2016-09-30": "27.28000", "2016-06-30": "26.65800", "2016-03-31": "24.82400", "2015-12-31": "23.89200", "2015-09-30": "21.05400", "2015-06-30": "19.82400", "2015-03-31": "19.28800", "2014-12-31": "19.44300", "2014-09-30": "17.26400", "2014-06-30": "15.26100", "2014-03-31": "13.71100", "2013-12-31": "12.66900", "2013-09-30": "10.34600", "2013-06-30": "9.47900", "2013-03-31": "9.06800", "2012-12-31": "8.23300", "2012-09-30": "8.13000", "2012-06-30": "8.37000", "2012-03-31": "8.38000", "2011-12-31": "7.77000", "2011-09-30": "7.24900", "2011-06-30": "7.33100", "2011-03-31": "7.39900", "2010-12-31": ""}, "Gross Profit": {"2020-09-30": "197.74800", "2020-06-30": "190.86300", "2020-03-31": "180.84300", "2019-12-31": "180.16700", "2019-09-30": "167.50400", "2019-06-30": "156.61100", "2019-03-31": "147.69400", "2018-12-31": "145.48400", "2018-09-30": "133.24200", "2018-06-30": "121.10300", "2018-03-31": "115.40400", "2017-12-31": "106.42100", "2017-09-30": "98.67500", "2017-06-30": "87.94800", "2017-03-31": "83.25900", "2016-12-31": "79.81500", "2016-09-30": "72.50400", "2016-06-30": "63.24600", "2016-03-31": "54.17900", "2015-12-31": "51.04700", "2015-09-30": "48.09500", "2015-06-30": "43.72200", "2015-03-31": "38.47500", "2014-12-31": "36.75100", "2014-09-30": "33.04700", "2014-06-30": "31.13700", "2014-03-31": "28.99300", "2013-12-31": "28.16800", "2013-09-30": "24.15700", "2013-06-30": "22.34800", "2013-03-31": "21.69600", "2012-12-31": "20.41600", "2012-09-30": "18.95400", "2012-06-30": "17.57300", "2012-03-31": "16.23900", "2011-12-31": "14.92100", "2011-09-30": "13.23700", "2011-06-30": "12.54900", "2011-03-31": "11.38200", "2010-12-31": ""}, "Research And Development Expenses": {"2020-09-30": "71.74300", "2020-06-30": "70.60200", "2020-03-31": "69.89500", "2019-12-31": "61.96900", "2019-09-30": "60.06000", "2019-06-30": "55.18500", "2019-03-31": "53.24900", "2018-12-31": "48.21500", "2018-09-30": "45.91700", "2018-06-30": "47.52700", "2018-03-31": "43.73200", "2017-12-31": "35.41400", "2017-09-30": "32.47700", "2017-06-30": "32.30600", "2017-03-31": "29.60600", "2016-12-31": "27.77200", "2016-09-30": "24.49300", "2016-06-30": "23.58800", "2016-03-31": "22.65300", "2015-12-31": "20.09200", "2015-09-30": "20.00000", "2015-06-30": "18.65900", "2015-03-31": "15.70800", "2014-12-31": "14.20300", "2014-09-30": "13.45400", "2014-06-30": "12.29800", "2014-03-31": "11.94800", "2013-12-31": "10.98900", "2013-09-30": "8.30700", "2013-06-30": "7.59100", "2013-03-31": "7.56200", "2012-12-31": "6.46000", "2012-09-30": "6.26200", "2012-06-30": "6.22400", "2012-03-31": "5.88100", "2011-12-31": "5.36000", "2011-09-30": "4.59400", "2011-06-30": "4.88100", "2011-03-31": "4.94100", "2010-12-31": ""}, "SG&A Expenses": {"2020-09-30": "147.11500", "2020-06-30": "131.09100", "2020-03-31": "152.71700", "2019-12-31": "141.00700", "2019-09-30": "131.89000", "2019-06-30": "130.71800", "2019-03-31": "122.82900", "2018-12-31": "118.30800", "2018-09-30": "113.88300", "2018-06-30": "103.94000", "2018-03-31": "95.42200", "2017-12-31": "82.75400", "2017-09-30": "79.79400", "2017-06-30": "72.47400", "2017-03-31": "66.40700", "2016-12-31": "53.44800", "2016-09-30": "59.86000", "2016-06-30": "71.66300", "2016-03-31": "57.12700", "2015-12-31": "52.00100", "2015-09-30": "48.61200", "2015-06-30": "44.13300", "2015-03-31": "40.28400", "2014-12-31": "32.86700", "2014-09-30": "32.79500", "2014-06-30": "31.02600", "2014-03-31": "28.32400", "2013-12-31": "28.18400", "2013-09-30": "23.17300", "2013-06-30": "20.01600", "2013-03-31": "20.03000", "2012-12-31": "19.31000", "2012-09-30": "17.26700", "2012-06-30": "16.41400", "2012-03-31": "14.94100", "2011-12-31": "15.67000", "2011-09-30": "12.82200", "2011-06-30": "11.93800", "2011-03-31": "11.49300", "2010-12-31": ""}, "Other Operating Income Or Expenses": {"2020-09-30": "", "2020-06-30": "", "2020-03-31": "", "2019-12-31": "", "2019-09-30": "", "2019-06-30": "", "2019-03-31": "", "2018-12-31": "", "2018-09-30": "", "2018-06-30": "", "2018-03-31": "", "2017-12-31": "", "2017-09-30": "", "2017-06-30": "", "2017-03-31": "", "2016-12-31": "", "2016-09-30": "", "2016-06-30": "", "2016-03-31": "", "2015-12-31": "", "2015-09-30": "", "2015-06-30": "", "2015-03-31": "", "2014-12-31": "", "2014-09-30": "", "2014-06-30": "", "2014-03-31": "", "2013-12-31": "", "2013-09-30": "", "2013-06-30": "", "2013-03-31": "", "2012-12-31": "", "2012-09-30": "", "2012-06-30": "", "2012-03-31": "", "2011-12-31": "", "2011-09-30": "", "2011-06-30": "", "2011-03-31": "", "2010-12-31": ""}, "Operating Expenses": {"2020-09-30": "287.77900", "2020-06-30": "269.26800", "2020-03-31": "291.54300", "2019-12-31": "266.23800", "2019-09-30": "251.83100", "2019-06-30": "243.73100", "2019-03-31": "231.32100", "2018-12-31": "219.51800", "2018-09-30": "210.73700", "2018-06-30": "202.23900", "2018-03-31": "186.21100", "2017-12-31": "158.66600", "2017-09-30": "148.28200", "2017-06-30": "139.27300", "2017-03-31": "128.38900", "2016-12-31": "111.05100", "2016-09-30": "111.63300", "2016-06-30": "121.90900", "2016-03-31": "104.60400", "2015-12-31": "95.98500", "2015-09-30": "89.66600", "2015-06-30": "82.61600", "2015-03-31": "75.28000", "2014-12-31": "66.51300", "2014-09-30": "63.51300", "2014-06-30": "58.58500", "2014-03-31": "53.98300", "2013-12-31": "51.84200", "2013-09-30": "41.82600", "2013-06-30": "37.08600", "2013-03-31": "36.66000", "2012-12-31": "34.00300", "2012-09-30": "31.65900", "2012-06-30": "31.00800", "2012-03-31": "29.20200", "2011-12-31": "28.80000", "2011-09-30": "24.66500", "2011-06-30": "24.15000", "2011-03-31": "23.83300", "2010-12-31": ""}, "Operating Income": {"2020-09-30": "-21.11000", "2020-06-30": "-10.83000", "2020-03-31": "-41.76900", "2019-12-31": "-22.80900", "2019-09-30": "-24.44600", "2019-06-30": "-29.29200", "2019-03-31": "-28.38400", "2018-12-31": "-21.03900", "2018-09-30": "-26.55800", "2018-06-30": "-30.36400", "2018-03-31": "-23.75000", "2017-12-31": "-11.74700", "2017-09-30": "-13.59600", "2017-06-30": "-16.83200", "2017-03-31": "-12.75400", "2016-12-31": "-1.40500", "2016-09-30": "-11.84900", "2016-06-30": "-32.00500", "2016-03-31": "-25.60100", "2015-12-31": "-21.04600", "2015-09-30": "-20.51700", "2015-06-30": "-19.07000", "2015-03-31": "-17.51700", "2014-12-31": "-10.31900", "2014-09-30": "-13.20200", "2014-06-30": "-12.18700", "2014-03-31": "-11.27900", "2013-12-31": "-11.00500", "2013-09-30": "-7.32300", "2013-06-30": "-5.25900", "2013-03-31": "-5.89600", "2012-12-31": "-5.35400", "2012-09-30": "-4.57500", "2012-06-30": "-5.06500", "2012-03-31": "-4.58300", "2011-12-31": "-6.10900", "2011-09-30": "-4.17900", "2011-06-30": "-4.27000", "2011-03-31": "-5.05200", "2010-12-31": ""}, "Total Non-Operating Income/Expense": {"2020-09-30": "-9.22500", "2020-06-30": "-10.10500", "2020-03-31": "-4.29900", "2019-12-31": "-5.28400", "2019-09-30": "-1.51800", "2019-06-30": "0.65900", "2019-03-31": "0.72600", "2018-12-31": "0.55000", "2018-09-30": "-9.52200", "2018-06-30": "-3.82000", "2018-03-31": "-2.47800", "2017-12-31": "-8.16000", "2017-09-30": "-4.90400", "2017-06-30": "-5.66400", "2017-03-31": "-6.09500", "2016-12-31": "-6.58400", "2016-09-30": "-6.14800", "2016-06-30": "-6.11100", "2016-03-31": "-5.79800", "2015-12-31": "-6.20400", "2015-09-30": "-6.27800", "2015-06-30": "-3.41200", "2015-03-31": "-4.03300", "2014-12-31": "-3.68600", "2014-09-30": "-3.99400", "2014-06-30": "-2.79100", "2014-03-31": "-2.97200", "2013-12-31": "-0.68900", "2013-09-30": "0.34100", "2013-06-30": "-0.15300", "2013-03-31": "-0.35500", "2012-12-31": "-0.05200", "2012-09-30": "0.10200", "2012-06-30": "-0.22100", "2012-03-31": "-0.09100", "2011-12-31": "-0.14000", "2011-09-30": "-0.10100", "2011-06-30": "-0.01800", "2011-03-31": "0.07300", "2010-12-31": ""}, "Pre-Tax Income": {"2020-09-30": "-30.33500", "2020-06-30": "-20.93500", "2020-03-31": "-46.06800", "2019-12-31": "-28.09300", "2019-09-30": "-25.96400", "2019-06-30": "-28.63300", "2019-03-31": "-27.65800", "2018-12-31": "-20.48900", "2018-09-30": "-36.08000", "2018-06-30": "-34.18400", "2018-03-31": "-26.22800", "2017-12-31": "-19.90700", "2017-09-30": "-18.50000", "2017-06-30": "-22.49600", "2017-03-31": "-18.84900", "2016-12-31": "-7.98900", "2016-09-30": "-17.99700", "2016-06-30": "-38.11600", "2016-03-31": "-31.39900", "2015-12-31": "-27.25000", "2015-09-30": "-26.79500", "2015-06-30": "-22.48200", "2015-03-31": "-21.55000", "2014-12-31": "-14.00500", "2014-09-30": "-17.19600", "2014-06-30": "-14.97800", "2014-03-31": "-14.25100", "2013-12-31": "-11.69400", "2013-09-30": "-6.98200", "2013-06-30": "-5.41200", "2013-03-31": "-6.25100", "2012-12-31": "-5.40600", "2012-09-30": "-4.47300", "2012-06-30": "-5.28600", "2012-03-31": "-4.67400", "2011-12-31": "-6.24000", "2011-09-30": "-4.28000", "2011-06-30": "-4.28800", "2011-03-31": "-4.97900", "2010-12-31": ""}, "Income Taxes": {"2020-09-30": "1.54000", "2020-06-30": "1.66000", "2020-03-31": "28.16900", "2019-12-31": "0.64100", "2019-09-30": "18.37600", "2019-06-30": "0.28000", "2019-03-31": "0.62000", "2018-12-31": "0.74600", "2018-09-30": "-0.02000", "2018-06-30": "0.11400", "2018-03-31": "-14.07200", "2017-12-31": "-13.36000", "2017-09-30": "0.97700", "2017-06-30": "0.99900", "2017-03-31": "1.43400", "2016-12-31": "0.17400", "2016-09-30": "0.37000", "2016-06-30": "0.18500", "2016-03-31": "0.25700", "2015-12-31": "0.14200", "2015-09-30": "0.21900", "2015-06-30": "0.11200", "2015-03-31": "0.16200", "2014-12-31": "-0.75300", "2014-09-30": "0.14900", "2014-06-30": "0.14700", "2014-03-31": "0.14400", "2013-12-31": "0.19000", "2013-09-30": "0.20700", "2013-06-30": "-3.34700", "2013-03-31": "0.14200", "2012-12-31": "0.09100", "2012-09-30": "0.11900", "2012-06-30": "0.23200", "2012-03-31": "0.07900", "2011-12-31": "0.21000", "2011-09-30": "0.03300", "2011-06-30": "0.03000", "2011-03-31": "0.10600", "2010-12-31": ""}, "Income After Taxes": {"2020-09-30": "-31.87500", "2020-06-30": "-22.59500", "2020-03-31": "-74.23700", "2019-12-31": "-28.73400", "2019-09-30": "-44.34000", "2019-06-30": "-28.91300", "2019-03-31": "-28.27800", "2018-12-31": "-21.23500", "2018-09-30": "-36.06000", "2018-06-30": "-34.29800", "2018-03-31": "-12.15600", "2017-12-31": "-6.54700", "2017-09-30": "-19.47700", "2017-06-30": "-23.49500", "2017-03-31": "-20.28300", "2016-12-31": "-8.16300", "2016-09-30": "-18.36700", "2016-06-30": "-38.30100", "2016-03-31": "-31.65600", "2015-12-31": "-27.39200", "2015-09-30": "-27.01400", "2015-06-30": "-22.59400", "2015-03-31": "-21.71200", "2014-12-31": "-13.25200", "2014-09-30": "-17.34500", "2014-06-30": "-15.12500", "2014-03-31": "-14.39500", "2013-12-31": "-11.88400", "2013-09-30": "-7.18900", "2013-06-30": "-2.06500", "2013-03-31": "-6.39300", "2012-12-31": "-5.49700", "2012-09-30": "-4.59200", "2012-06-30": "-5.51800", "2012-03-31": "-4.75300", "2011-12-31": "-6.45000", "2011-09-30": "-4.31300", "2011-06-30": "-4.31800", "2011-03-31": "-5.08500", "2010-12-31": ""}, "Other Income": {"2020-09-30": "", "2020-06-30": "", "2020-03-31": "", "2019-12-31": "", "2019-09-30": "", "2019-06-30": "", "2019-03-31": "", "2018-12-31": "", "2018-09-30": "", "2018-06-30": "", "2018-03-31": "", "2017-12-31": "", "2017-09-30": "", "2017-06-30": "", "2017-03-31": "", "2016-12-31": "", "2016-09-30": "", "2016-06-30": "", "2016-03-31": "", "2015-12-31": "", "2015-09-30": "", "2015-06-30": "", "2015-03-31": "", "2014-12-31": "", "2014-09-30": "", "2014-06-30": "", "2014-03-31": "", "2013-12-31": "", "2013-09-30": "", "2013-06-30": "", "2013-03-31": "", "2012-12-31": "", "2012-09-30": "", "2012-06-30": "", "2012-03-31": "", "2011-12-31": "0.00000", "2011-09-30": "", "2011-06-30": "", "2011-03-31": "", "2010-12-31": ""}, "Income From Continuous Operations": {"2020-09-30": "-31.87500", "2020-06-30": "-22.59500", "2020-03-31": "-74.23700", "2019-12-31": "-28.73400", "2019-09-30": "-44.34000", "2019-06-30": "-28.91300", "2019-03-31": "-28.27800", "2018-12-31": "-21.23500", "2018-09-30": "-36.06000", "2018-06-30": "-34.29800", "2018-03-31": "-12.15600", "2017-12-31": "-6.54700", "2017-09-30": "-19.47700", "2017-06-30": "-23.49500", "2017-03-31": "-20.28300", "2016-12-31": "-8.16300", "2016-09-30": "-18.36700", "2016-06-30": "-38.30100", "2016-03-31": "-31.65600", "2015-12-31": "-27.39200", "2015-09-30": "-27.01400", "2015-06-30": "-22.59400", "2015-03-31": "-21.71200", "2014-12-31": "-13.25200", "2014-09-30": "-17.34500", "2014-06-30": "-15.12500", "2014-03-31": "-14.39500", "2013-12-31": "-11.88400", "2013-09-30": "-7.18900", "2013-06-30": "-2.06500", "2013-03-31": "-6.39300", "2012-12-31": "-5.49700", "2012-09-30": "-4.59200", "2012-06-30": "-5.51800", "2012-03-31": "-4.75300", "2011-12-31": "-6.42500", "2011-09-30": "-4.31300", "2011-06-30": "-4.31800", "2011-03-31": "-5.08500", "2010-12-31": ""}, "Income From Discontinued Operations": {"2020-09-30": "", "2020-06-30": "", "2020-03-31": "", "2019-12-31": "", "2019-09-30": "", "2019-06-30": "", "2019-03-31": "", "2018-12-31": "", "2018-09-30": "", "2018-06-30": "", "2018-03-31": "", "2017-12-31": "", "2017-09-30": "", "2017-06-30": "", "2017-03-31": "", "2016-12-31": "", "2016-09-30": "", "2016-06-30": "", "2016-03-31": "", "2015-12-31": "", "2015-09-30": "", "2015-06-30": "", "2015-03-31": "", "2014-12-31": "", "2014-09-30": "", "2014-06-30": "", "2014-03-31": "", "2013-12-31": "", "2013-09-30": "", "2013-06-30": "", "2013-03-31": "", "2012-12-31": "", "2012-09-30": "", "2012-06-30": "", "2012-03-31": "", "2011-12-31": "0.00000", "2011-09-30": "", "2011-06-30": "", "2011-03-31": "", "2010-12-31": ""}, "Net Income": {"2020-09-30": "-31.87500", "2020-06-30": "-22.59500", "2020-03-31": "-74.23700", "2019-12-31": "-28.73400", "2019-09-30": "-44.34000", "2019-06-30": "-28.91300", "2019-03-31": "-28.27800", "2018-12-31": "-21.23500", "2018-09-30": "-36.06000", "2018-06-30": "-34.29800", "2018-03-31": "-12.15600", "2017-12-31": "-6.54700", "2017-09-30": "-19.47700", "2017-06-30": "-23.49500", "2017-03-31": "-20.28300", "2016-12-31": "-8.16300", "2016-09-30": "-18.36700", "2016-06-30": "-38.30100", "2016-03-31": "-31.65600", "2015-12-31": "-27.39200", "2015-09-30": "-27.01400", "2015-06-30": "-22.59400", "2015-03-31": "-21.71200", "2014-12-31": "-13.25200", "2014-09-30": "-17.34500", "2014-06-30": "-15.12500", "2014-03-31": "-14.39500", "2013-12-31": "-11.88400", "2013-09-30": "-7.18900", "2013-06-30": "-2.06500", "2013-03-31": "-6.39300", "2012-12-31": "-5.49700", "2012-09-30": "-4.59200", "2012-06-30": "-5.51800", "2012-03-31": "-4.75300", "2011-12-31": "-6.42500", "2011-09-30": "-4.31300", "2011-06-30": "-4.31800", "2011-03-31": "-5.08500", "2010-12-31": ""}, "EBITDA": {"2020-09-30": "34.62300", "2020-06-30": "42.46000", "2020-03-31": "11.10500", "2019-12-31": "27.42300", "2019-09-30": "17.86100", "2019-06-30": "8.39800", "2019-03-31": "7.18100", "2018-12-31": "9.15400", "2018-09-30": "4.52200", "2018-06-30": "0.42400", "2018-03-31": "3.20100", "2017-12-31": "14.11900", "2017-09-30": "9.59100", "2017-06-30": "5.16600", "2017-03-31": "8.55800", "2016-12-31": "35.46400", "2016-09-30": "1.49100", "2016-06-30": "-19.44800", "2016-03-31": "-13.26900", "2015-12-31": "12.83500", "2015-09-30": "-9.05500", "2015-06-30": "-10.41100", "2015-03-31": "-9.78700", "2014-12-31": "-3.10100", "2014-09-30": "-6.26500", "2014-06-30": "-5.71100", "2014-03-31": "-5.33400", "2013-12-31": "-6.67200", "2013-09-30": "-4.90100", "2013-06-30": "-3.23500", "2013-03-31": "-4.21900", "2012-12-31": "-3.68100", "2012-09-30": "-3.03700", "2012-06-30": "-2.86100", "2012-03-31": "-2.28800", "2011-12-31": "-4.12200", "2011-09-30": "-2.27400", "2011-06-30": "-2.43700", "2011-03-31": "-3.09700", "2010-12-31": ""}, "EBIT": {"2020-09-30": "-21.11000", "2020-06-30": "-10.83000", "2020-03-31": "-41.76900", "2019-12-31": "-22.80900", "2019-09-30": "-24.44600", "2019-06-30": "-29.29200", "2019-03-31": "-28.38400", "2018-12-31": "-21.03900", "2018-09-30": "-26.55800", "2018-06-30": "-30.36400", "2018-03-31": "-23.75000", "2017-12-31": "-11.74700", "2017-09-30": "-13.59600", "2017-06-30": "-16.83200", "2017-03-31": "-12.75400", "2016-12-31": "-1.40500", "2016-09-30": "-11.84900", "2016-06-30": "-32.00500", "2016-03-31": "-25.60100", "2015-12-31": "-21.04600", "2015-09-30": "-20.51700", "2015-06-30": "-19.07000", "2015-03-31": "-17.51700", "2014-12-31": "-10.31900", "2014-09-30": "-13.20200", "2014-06-30": "-12.18700", "2014-03-31": "-11.27900", "2013-12-31": "-11.00500", "2013-09-30": "-7.32300", "2013-06-30": "-5.25900", "2013-03-31": "-5.89600", "2012-12-31": "-5.35400", "2012-09-30": "-4.57500", "2012-06-30": "-5.06500", "2012-03-31": "-4.58300", "2011-12-31": "-6.10900", "2011-09-30": "-4.17900", "2011-06-30": "-4.27000", "2011-03-31": "-5.05200", "2010-12-31": ""}, "Basic Shares Outstanding": {"2020-09-30": "57.61600", "2020-06-30": "57.36900", "2020-03-31": "56.97400", "2019-12-31": "55.90200", "2019-09-30": "56.01400", "2019-06-30": "55.76800", "2019-03-31": "55.33500", "2018-12-31": "52.11100", "2018-09-30": "52.18400", "2018-06-30": "50.93500", "2018-03-31": "50.50400", "2017-12-31": "44.25800", "2017-09-30": "44.41800", "2017-06-30": "43.89000", "2017-03-31": "43.23000", "2016-12-31": "41.85900", "2016-09-30": "42.10900", "2016-06-30": "41.60500", "2016-03-31": "41.09300", "2015-12-31": "39.78700", "2015-09-30": "40.07200", "2015-06-30": "39.56700", "2015-03-31": "38.95700", "2014-12-31": "37.38100", "2014-09-30": "37.55400", "2014-06-30": "37.11500", "2014-03-31": "36.56400", "2013-12-31": "34.87400", "2013-09-30": "35.43600", "2013-06-30": "34.62500", "2013-03-31": "33.46100", "2012-12-31": "24.05600", "2012-09-30": "31.84400", "2012-06-30": "26.19500", "2012-03-31": "5.61900", "2011-12-31": "4.22500", "2011-09-30": "4.04800", "2011-06-30": "3.90900", "2011-03-31": "3.83200", "2010-12-31": ""}, "Shares Outstanding": {"2020-09-30": "57.61600", "2020-06-30": "57.36900", "2020-03-31": "56.97400", "2019-12-31": "55.90200", "2019-09-30": "56.01400", "2019-06-30": "55.76800", "2019-03-31": "55.33500", "2018-12-31": "52.11100", "2018-09-30": "52.18400", "2018-06-30": "50.93500", "2018-03-31": "50.50400", "2017-12-31": "44.25800", "2017-09-30": "44.41800", "2017-06-30": "43.89000", "2017-03-31": "43.23000", "2016-12-31": "41.85900", "2016-09-30": "42.10900", "2016-06-30": "41.60500", "2016-03-31": "41.09300", "2015-12-31": "39.78700", "2015-09-30": "40.07200", "2015-06-30": "39.56700", "2015-03-31": "38.95700", "2014-12-31": "37.38100", "2014-09-30": "37.55400", "2014-06-30": "37.11500", "2014-03-31": "36.56400", "2013-12-31": "34.87400", "2013-09-30": "35.43600", "2013-06-30": "34.62500", "2013-03-31": "33.46100", "2012-12-31": "24.05600", "2012-09-30": "31.84400", "2012-06-30": "26.19500", "2012-03-31": "5.61900", "2011-12-31": "4.22500", "2011-09-30": "4.04800", "2011-06-30": "3.90900", "2011-03-31": "3.83200", "2010-12-31": ""}, "Basic EPS": {"2020-09-30": "-0.55000", "2020-06-30": "-0.39000", "2020-03-31": "-1.30000", "2019-12-31": "-0.51000", "2019-09-30": "-0.79000", "2019-06-30": "-0.52000", "2019-03-31": "-0.51000", "2018-12-31": "-0.39000", "2018-09-30": "-0.69000", "2018-06-30": "-0.67000", "2018-03-31": "-0.24000", "2017-12-31": "-0.13000", "2017-09-30": "-0.44000", "2017-06-30": "-0.54000", "2017-03-31": "-0.47000", "2016-12-31": "-0.18000", "2016-09-30": "-0.44000", "2016-06-30": "-0.92000", "2016-03-31": "-0.77000", "2015-12-31": "-0.68000", "2015-09-30": "-0.67000", "2015-06-30": "-0.57000", "2015-03-31": "-0.56000", "2014-12-31": "-0.35000", "2014-09-30": "-0.46000", "2014-06-30": "-0.41000", "2014-03-31": "-0.39000", "2013-12-31": "-0.34000", "2013-09-30": "-0.20000", "2013-06-30": "-0.06000", "2013-03-31": "-0.19000", "2012-12-31": "0.35000", "2012-09-30": "-0.14000", "2012-06-30": "-0.21000", "2012-03-31": "-0.85000", "2011-12-31": "-1.52000", "2011-09-30": "-1.07000", "2011-06-30": "-1.10000", "2011-03-31": "-1.33000", "2010-12-31": ""}, "EPS - Earnings Per Share": {"2020-09-30": "-0.55000", "2020-06-30": "-0.39000", "2020-03-31": "-1.30000", "2019-12-31": "-0.51000", "2019-09-30": "-0.79000", "2019-06-30": "-0.52000", "2019-03-31": "-0.51000", "2018-12-31": "-0.39000", "2018-09-30": "-0.69000", "2018-06-30": "-0.67000", "2018-03-31": "-0.24000", "2017-12-31": "-0.13000", "2017-09-30": "-0.44000", "2017-06-30": "-0.54000", "2017-03-31": "-0.47000", "2016-12-31": "-0.18000", "2016-09-30": "-0.44000", "2016-06-30": "-0.92000", "2016-03-31": "-0.77000", "2015-12-31": "-0.68000", "2015-09-30": "-0.67000", "2015-06-30": "-0.57000", "2015-03-31": "-0.56000", "2014-12-31": "-0.35000", "2014-09-30": "-0.46000", "2014-06-30": "-0.41000", "2014-03-31": "-0.39000", "2013-12-31": "-0.34000", "2013-09-30": "-0.20000", "2013-06-30": "-0.06000", "2013-03-31": "-0.19000", "2012-12-31": "0.35000", "2012-09-30": "-0.14000", "2012-06-30": "-0.21000", "2012-03-31": "-0.85000", "2011-12-31": "-1.52000", "2011-09-30": "-1.07000", "2011-06-30": "-1.10000", "2011-03-31": "-1.33000", "2010-12-31": "0.00000"}}, "balance sheet": {"Cash On Hand": {"2019-12-31": "890.94000", "2018-12-31": "231.69900", "2017-12-31": "331.59800", "2016-12-31": "396.75100", "2015-12-31": "406.23700", "2014-12-31": "214.98600", "2013-12-31": "251.80100", "2012-12-31": "86.51700", "2011-12-31": "12.71400", "2010-12-31": ""}, "Receivables": {"2019-12-31": "265.74100", "2018-12-31": "199.19400", "2017-12-31": "107.69600", "2016-12-31": "72.95100", "2015-12-31": "54.52200", "2014-12-31": "40.91200", "2013-12-31": "26.22100", "2012-12-31": "18.11500", "2011-12-31": "15.78900", "2010-12-31": ""}, "Inventory": {"2019-12-31": "1.24900", "2018-12-31": "0.48100", "2017-12-31": "0.73000", "2016-12-31": "0.59800", "2015-12-31": "0.48500", "2014-12-31": "0.49900", "2013-12-31": "0.86000", "2012-12-31": "0.56700", "2011-12-31": "0.72900", "2010-12-31": ""}, "Pre-Paid Expenses": {"2019-12-31": "22.08100", "2018-12-31": "16.87200", "2017-12-31": "18.66900", "2016-12-31": "17.49800", "2015-12-31": "5.69500", "2014-12-31": "7.99400", "2013-12-31": "7.96300", "2012-12-31": "3.49100", "2011-12-31": "2.55600", "2010-12-31": ""}, "Other Current Assets": {"2019-12-31": "", "2018-12-31": "", "2017-12-31": "", "2016-12-31": "", "2015-12-31": "", "2014-12-31": "", "2013-12-31": "", "2012-12-31": "", "2011-12-31": "", "2010-12-31": ""}, "Total Current Assets": {"2019-12-31": "1229.98400", "2018-12-31": "487.43700", "2017-12-31": "486.48300", "2016-12-31": "510.79500", "2015-12-31": "488.48100", "2014-12-31": "266.23800", "2013-12-31": "287.84900", "2012-12-31": "109.87400", "2011-12-31": "33.59100", "2010-12-31": ""}, "Property, Plant, And Equipment": {"2019-12-31": "73.51200", "2018-12-31": "70.62700", "2017-12-31": "73.61700", "2016-12-31": "52.52300", "2015-12-31": "34.50100", "2014-12-31": "18.71800", "2013-12-31": "11.22100", "2012-12-31": "8.56000", "2011-12-31": "7.35300", "2010-12-31": ""}, "Long-Term Investments": {"2019-12-31": "", "2018-12-31": "", "2017-12-31": "", "2016-12-31": "", "2015-12-31": "", "2014-12-31": "", "2013-12-31": "", "2012-12-31": "", "2011-12-31": "", "2010-12-31": ""}, "Goodwill And Intangible Assets": {"2019-12-31": "873.54000", "2018-12-31": "597.07000", "2017-12-31": "393.30600", "2016-12-31": "228.97800", "2015-12-31": "175.09900", "2014-12-31": "134.59000", "2013-12-31": "86.74000", "2012-12-31": "21.47000", "2011-12-31": "24.74600", "2010-12-31": "0.00000"}, "Other Long-Term Assets": {"2019-12-31": "17.73700", "2018-12-31": "7.59200", "2017-12-31": "12.81300", "2016-12-31": "4.55800", "2015-12-31": "3.73300", "2014-12-31": "4.16300", "2013-12-31": "4.39200", "2012-12-31": "0.21100", "2011-12-31": "1.27500", "2010-12-31": ""}, "Total Long-Term Assets": {"2019-12-31": "1107.52700", "2018-12-31": "745.58100", "2017-12-31": "531.94900", "2016-12-31": "290.86500", "2015-12-31": "217.13500", "2014-12-31": "157.77800", "2013-12-31": "102.71000", "2012-12-31": "30.56700", "2011-12-31": "34.36100", "2010-12-31": ""}, "Total Assets": {"2019-12-31": "2337.51100", "2018-12-31": "1233.01800", "2017-12-31": "1018.43200", "2016-12-31": "801.66000", "2015-12-31": "705.61600", "2014-12-31": "424.01600", "2013-12-31": "390.55900", "2012-12-31": "140.44100", "2011-12-31": "67.95200", "2010-12-31": "0.00000"}, "Total Current Liabilities": {"2019-12-31": "771.81000", "2018-12-31": "602.08100", "2017-12-31": "442.91500", "2016-12-31": "325.61200", "2015-12-31": "231.85700", "2014-12-31": "158.28300", "2013-12-31": "117.94300", "2012-12-31": "79.33600", "2011-12-31": "67.38500", "2010-12-31": ""}, "Long Term Debt": {"2019-12-31": "749.62000", "2018-12-31": "", "2017-12-31": "197.91300", "2016-12-31": "366.63200", "2015-12-31": "345.82200", "2014-12-31": "161.39600", "2013-12-31": "153.62300", "2012-12-31": "2.35400", "2011-12-31": "4.51400", "2010-12-31": ""}, "Other Non-Current Liabilities": {"2019-12-31": "19.17200", "2018-12-31": "6.81200", "2017-12-31": "11.06900", "2016-12-31": "9.00800", "2015-12-31": "1.18800", "2014-12-31": "6.64000", "2013-12-31": "7.24400", "2012-12-31": "0.72600", "2011-12-31": "0.08500", "2010-12-31": ""}, "Total Long Term Liabilities": {"2019-12-31": "973.20400", "2018-12-31": "118.40300", "2017-12-31": "276.40200", "2016-12-31": "431.12500", "2015-12-31": "390.57400", "2014-12-31": "209.26000", "2013-12-31": "195.45600", "2012-12-31": "27.29700", "2011-12-31": "28.00300", "2010-12-31": ""}, "Total Liabilities": {"2019-12-31": "1745.01400", "2018-12-31": "720.48400", "2017-12-31": "719.31700", "2016-12-31": "756.73700", "2015-12-31": "622.43100", "2014-12-31": "367.54300", "2013-12-31": "313.39900", "2012-12-31": "106.63300", "2011-12-31": "95.38800", "2010-12-31": "0.00000"}, "Common Stock Net": {"2019-12-31": "0.00600", "2018-12-31": "0.00600", "2017-12-31": "0.00500", "2016-12-31": "0.00400", "2015-12-31": "0.00400", "2014-12-31": "0.00400", "2013-12-31": "0.00400", "2012-12-31": "0.00300", "2011-12-31": "0.00100", "2010-12-31": "0.00000"}, "Retained Earnings (Accumulated Deficit)": {"2019-12-31": "-725.59400", "2018-12-31": "-595.41800", "2017-12-31": "-488.45300", "2016-12-31": "-469.10800", "2015-12-31": "-357.90000", "2014-12-31": "-274.24800", "2013-12-31": "-210.00900", "2012-12-31": "-182.47800", "2011-12-31": "-162.11800", "2010-12-31": ""}, "Comprehensive Income": {"2019-12-31": "0.00100", "2018-12-31": "-0.00700", "2017-12-31": "-0.00900", "2016-12-31": "-0.00700", "2015-12-31": "-0.02300", "2014-12-31": "-0.02700", "2013-12-31": "", "2012-12-31": "0.00300", "2011-12-31": "-0.00300", "2010-12-31": ""}, "Other Share Holders Equity": {"2019-12-31": "", "2018-12-31": "", "2017-12-31": "", "2016-12-31": "", "2015-12-31": "", "2014-12-31": "", "2013-12-31": "", "2012-12-31": "", "2011-12-31": "", "2010-12-31": "0.00000"}, "Share Holder Equity": {"2019-12-31": "592.49700", "2018-12-31": "512.53400", "2017-12-31": "299.11500", "2016-12-31": "44.92300", "2015-12-31": "83.18500", "2014-12-31": "56.47300", "2013-12-31": "77.16000", "2012-12-31": "33.80800", "2011-12-31": "-27.43600", "2010-12-31": "0.00000"}, "Total Liabilities And Share Holders Equity": {"2019-12-31": "2337.51100", "2018-12-31": "1233.01800", "2017-12-31": "1018.43200", "2016-12-31": "801.66000", "2015-12-31": "705.61600", "2014-12-31": "424.01600", "2013-12-31": "390.55900", "2012-12-31": "140.44100", "2011-12-31": "67.95200", "2010-12-31": "0.00000"}}, "balance sheet, quarterly": {"Cash On Hand": {"2020-09-30": "1019.52300", "2020-06-30": "973.34400", "2020-03-31": "945.67000", "2019-12-31": "890.94000", "2019-09-30": "1051.51000", "2019-06-30": "182.70500", "2019-03-31": "256.99100", "2018-12-31": "231.69900", "2018-09-30": "190.39000", "2018-06-30": "134.05700", "2018-03-31": "117.20000", "2017-12-31": "331.59800", "2017-09-30": "459.62600", "2017-06-30": "429.48500", "2017-03-31": "412.87700", "2016-12-31": "396.75100", "2016-09-30": "412.34700", "2016-06-30": "412.12000", "2016-03-31": "409.78500", "2015-12-31": "406.23700", "2015-09-30": "416.37000", "2015-06-30": "410.65400", "2015-03-31": "193.53500", "2014-12-31": "214.98600", "2014-09-30": "232.79200", "2014-06-30": "226.84500", "2014-03-31": "257.24700", "2013-12-31": "251.80100", "2013-09-30": "71.58800", "2013-06-30": "89.68400", "2013-03-31": "90.24200", "2012-12-31": "86.51700", "2012-09-30": "80.65300", "2012-06-30": "81.35400", "2012-03-31": "13.19100", "2011-12-31": "12.71400", "2011-09-30": "", "2011-06-30": "", "2011-03-31": "", "2010-12-31": ""}, "Receivables": {"2020-09-30": "180.91400", "2020-06-30": "173.08600", "2020-03-31": "172.08200", "2019-12-31": "265.74100", "2019-09-30": "204.76900", "2019-06-30": "170.99800", "2019-03-31": "163.13900", "2018-12-31": "199.19400", "2018-09-30": "143.85900", "2018-06-30": "140.64400", "2018-03-31": "119.03900", "2017-12-31": "107.69600", "2017-09-30": "91.47800", "2017-06-30": "75.56800", "2017-03-31": "62.44300", "2016-12-31": "72.95100", "2016-09-30": "69.16700", "2016-06-30": "57.75600", "2016-03-31": "55.41400", "2015-12-31": "54.52200", "2015-09-30": "38.39700", "2015-06-30": "44.29800", "2015-03-31": "32.14600", "2014-12-31": "40.91200", "2014-09-30": "32.77000", "2014-06-30": "26.27300", "2014-03-31": "22.34700", "2013-12-31": "26.22100", "2013-09-30": "21.88100", "2013-06-30": "21.05400", "2013-03-31": "20.54400", "2012-12-31": "18.11500", "2012-09-30": "17.08100", "2012-06-30": "12.23700", "2012-03-31": "14.33400", "2011-12-31": "15.78900", "2011-09-30": "", "2011-06-30": "", "2011-03-31": "", "2010-12-31": ""}, "Inventory": {"2020-09-30": "0.34500", "2020-06-30": "0.36700", "2020-03-31": "0.37700", "2019-12-31": "1.24900", "2019-09-30": "0.42500", "2019-06-30": "0.35600", "2019-03-31": "0.61200", "2018-12-31": "0.48100", "2018-09-30": "0.37200", "2018-06-30": "0.40000", "2018-03-31": "0.60300", "2017-12-31": "0.73000", "2017-09-30": "0.45700", "2017-06-30": "0.49700", "2017-03-31": "0.47200", "2016-12-31": "0.59800", "2016-09-30": "0.43000", "2016-06-30": "0.30200", "2016-03-31": "0.58200", "2015-12-31": "0.48500", "2015-09-30": "0.83800", "2015-06-30": "0.43500", "2015-03-31": "0.42600", "2014-12-31": "0.49900", "2014-09-30": "1.29800", "2014-06-30": "1.34300", "2014-03-31": "1.29600", "2013-12-31": "0.86000", "2013-09-30": "0.42900", "2013-06-30": "0.54200", "2013-03-31": "0.41000", "2012-12-31": "0.56700", "2012-09-30": "0.89800", "2012-06-30": "0.50600", "2012-03-31": "0.49400", "2011-12-31": "0.72900", "2011-09-30": "", "2011-06-30": "", "2011-03-31": "", "2010-12-31": ""}, "Pre-Paid Expenses": {"2020-09-30": "29.55000", "2020-06-30": "27.83500", "2020-03-31": "27.87300", "2019-12-31": "22.08100", "2019-09-30": "19.05300", "2019-06-30": "21.30000", "2019-03-31": "21.82400", "2018-12-31": "16.87200", "2018-09-30": "19.27400", "2018-06-30": "22.34900", "2018-03-31": "21.70400", "2017-12-31": "18.66900", "2017-09-30": "14.38000", "2017-06-30": "12.41100", "2017-03-31": "13.37200", "2016-12-31": "17.49800", "2016-09-30": "15.51200", "2016-06-30": "5.98700", "2016-03-31": "6.14800", "2015-12-31": "5.69500", "2015-09-30": "9.05500", "2015-06-30": "8.17500", "2015-03-31": "8.17800", "2014-12-31": "7.99400", "2014-09-30": "10.11800", "2014-06-30": "10.27200", "2014-03-31": "8.75000", "2013-12-31": "7.96300", "2013-09-30": "3.83800", "2013-06-30": "3.76000", "2013-03-31": "3.67800", "2012-12-31": "3.49100", "2012-09-30": "3.69000", "2012-06-30": "2.86700", "2012-03-31": "2.11900", "2011-12-31": "2.55600", "2011-09-30": "", "2011-06-30": "", "2011-03-31": "", "2010-12-31": ""}, "Other Current Assets": {"2020-09-30": "", "2020-06-30": "", "2020-03-31": "", "2019-12-31": "", "2019-09-30": "", "2019-06-30": "", "2019-03-31": "", "2018-12-31": "", "2018-09-30": "", "2018-06-30": "", "2018-03-31": "", "2017-12-31": "", "2017-09-30": "", "2017-06-30": "", "2017-03-31": "", "2016-12-31": "", "2016-09-30": "", "2016-06-30": "", "2016-03-31": "", "2015-12-31": "", "2015-09-30": "", "2015-06-30": "", "2015-03-31": "", "2014-12-31": "", "2014-09-30": "", "2014-06-30": "", "2014-03-31": "", "2013-12-31": "", "2013-09-30": "", "2013-06-30": "", "2013-03-31": "", "2012-12-31": "", "2012-09-30": "", "2012-06-30": "", "2012-03-31": "", "2011-12-31": "", "2011-09-30": "", "2011-06-30": "", "2011-03-31": "", "2010-12-31": ""}, "Total Current Assets": {"2020-09-30": "1284.95800", "2020-06-30": "1227.29600", "2020-03-31": "1196.98700", "2019-12-31": "1229.98400", "2019-09-30": "1320.30800", "2019-06-30": "417.46900", "2019-03-31": "482.25500", "2018-12-31": "487.43700", "2018-09-30": "388.52400", "2018-06-30": "328.88800", "2018-03-31": "287.67200", "2017-12-31": "486.48300", "2017-09-30": "589.05300", "2017-06-30": "539.96500", "2017-03-31": "509.42600", "2016-12-31": "510.79500", "2016-09-30": "518.11800", "2016-06-30": "496.62200", "2016-03-31": "491.58500", "2015-12-31": "488.48100", "2015-09-30": "466.98400", "2015-06-30": "465.44300", "2015-03-31": "235.67500", "2014-12-31": "266.23800", "2014-09-30": "278.77100", "2014-06-30": "266.67600", "2014-03-31": "290.86200", "2013-12-31": "287.84900", "2013-09-30": "98.66400", "2013-06-30": "116.13200", "2013-03-31": "116.14500", "2012-12-31": "109.87400", "2012-09-30": "103.62000", "2012-06-30": "98.49000", "2012-03-31": "31.87600", "2011-12-31": "33.59100", "2011-09-30": "", "2011-06-30": "", "2011-03-31": "", "2010-12-31": ""}, "Property, Plant, And Equipment": {"2020-09-30": "101.25000", "2020-06-30": "84.86300", "2020-03-31": "79.59100", "2019-12-31": "73.51200", "2019-09-30": "70.28500", "2019-06-30": "70.68800", "2019-03-31": "68.36100", "2018-12-31": "70.62700", "2018-09-30": "73.51800", "2018-06-30": "75.94100", "2018-03-31": "78.02400", "2017-12-31": "73.61700", "2017-09-30": "66.56300", "2017-06-30": "64.71200", "2017-03-31": "58.40400", "2016-12-31": "52.52300", "2016-09-30": "47.71500", "2016-06-30": "43.42600", "2016-03-31": "37.97300", "2015-12-31": "34.50100", "2015-09-30": "30.35500", "2015-06-30": "26.77400", "2015-03-31": "21.79600", "2014-12-31": "18.71800", "2014-09-30": "18.36900", "2014-06-30": "15.33700", "2014-03-31": "12.85300", "2013-12-31": "11.22100", "2013-09-30": "10.54500", "2013-06-30": "9.12400", "2013-03-31": "8.43800", "2012-12-31": "8.56000", "2012-09-30": "7.70000", "2012-06-30": "7.47200", "2012-03-31": "6.76000", "2011-12-31": "7.35300", "2011-09-30": "", "2011-06-30": "", "2011-03-31": "", "2010-12-31": ""}, "Long-Term Investments": {"2020-09-30": "", "2020-06-30": "", "2020-03-31": "", "2019-12-31": "", "2019-09-30": "", "2019-06-30": "", "2019-03-31": "", "2018-12-31": "", "2018-09-30": "", "2018-06-30": "", "2018-03-31": "", "2017-12-31": "", "2017-09-30": "", "2017-06-30": "", "2017-03-31": "", "2016-12-31": "", "2016-09-30": "", "2016-06-30": "", "2016-03-31": "", "2015-12-31": "", "2015-09-30": "", "2015-06-30": "", "2015-03-31": "", "2014-12-31": "", "2014-09-30": "", "2014-06-30": "", "2014-03-31": "", "2013-12-31": "", "2013-09-30": "", "2013-06-30": "", "2013-03-31": "", "2012-12-31": "", "2012-09-30": "", "2012-06-30": "", "2012-03-31": "", "2011-12-31": "", "2011-09-30": "", "2011-06-30": "", "2011-03-31": "", "2010-12-31": ""}, "Goodwill And Intangible Assets": {"2020-09-30": "833.25800", "2020-06-30": "847.96800", "2020-03-31": "858.56300", "2019-12-31": "873.54000", "2019-09-30": "667.83200", "2019-06-30": "679.35000", "2019-03-31": "583.62000", "2018-12-31": "597.07000", "2018-09-30": "607.83300", "2018-06-30": "618.94700", "2018-03-31": "630.18800", "2017-12-31": "393.30600", "2017-09-30": "216.57600", "2017-06-30": "220.65600", "2017-03-31": "224.80800", "2016-12-31": "228.97800", "2016-09-30": "183.37100", "2016-06-30": "168.32500", "2016-03-31": "171.69400", "2015-12-31": "175.09900", "2015-09-30": "165.75300", "2015-06-30": "160.48700", "2015-03-31": "163.75400", "2014-12-31": "134.59000", "2014-09-30": "104.08900", "2014-06-30": "106.51900", "2014-03-31": "84.78000", "2013-12-31": "86.74000", "2013-09-30": "52.55400", "2013-06-30": "25.75400", "2013-03-31": "21.06600", "2012-12-31": "21.47000", "2012-09-30": "21.88200", "2012-06-30": "22.29500", "2012-03-31": "23.46700", "2011-12-31": "24.74600", "2011-09-30": "0.00000", "2011-06-30": "0.00000", "2011-03-31": "0.00000", "2010-12-31": "0.00000"}, "Other Long-Term Assets": {"2020-09-30": "15.01700", "2020-06-30": "15.80800", "2020-03-31": "17.69000", "2019-12-31": "17.73700", "2019-09-30": "16.04500", "2019-06-30": "15.42600", "2019-03-31": "9.02900", "2018-12-31": "7.59200", "2018-09-30": "7.06400", "2018-06-30": "6.08800", "2018-03-31": "9.95800", "2017-12-31": "12.81300", "2017-09-30": "8.17000", "2017-06-30": "10.72500", "2017-03-31": "10.54200", "2016-12-31": "4.55800", "2016-09-30": "5.72000", "2016-06-30": "3.98400", "2016-03-31": "3.75600", "2015-12-31": "3.73300", "2015-09-30": "3.91200", "2015-06-30": "3.87200", "2015-03-31": "4.17400", "2014-12-31": "4.16300", "2014-09-30": "4.15700", "2014-06-30": "4.34700", "2014-03-31": "4.29700", "2013-12-31": "4.39200", "2013-09-30": "3.84800", "2013-06-30": "3.54600", "2013-03-31": "0.20500", "2012-12-31": "0.21100", "2012-09-30": "0.25300", "2012-06-30": "0.24900", "2012-03-31": "1.98100", "2011-12-31": "1.27500", "2011-09-30": "", "2011-06-30": "", "2011-03-31": "", "2010-12-31": ""}, "Total Long-Term Assets": {"2020-09-30": "1111.25400", "2020-06-30": "1109.83600", "2020-03-31": "1101.27400", "2019-12-31": "1107.52700", "2019-09-30": "887.71800", "2019-06-30": "892.39500", "2019-03-31": "786.98300", "2018-12-31": "745.58100", "2018-09-30": "749.19010", "2018-06-30": "755.01400", "2018-03-31": "769.99200", "2017-12-31": "531.94900", "2017-09-30": "297.07900", "2017-06-30": "300.74100", "2017-03-31": "298.53200", "2016-12-31": "290.86500", "2016-09-30": "240.71600", "2016-06-30": "219.56500", "2016-03-31": "217.46500", "2015-12-31": "217.13500", "2015-09-30": "200.32800", "2015-06-30": "191.74700", "2015-03-31": "190.28500", "2014-12-31": "157.77800", "2014-09-30": "126.95700", "2014-06-30": "126.61600", "2014-03-31": "102.21200", "2013-12-31": "102.71000", "2013-09-30": "67.21900", "2013-06-30": "38.71100", "2013-03-31": "29.99500", "2012-12-31": "30.56700", "2012-09-30": "30.20600", "2012-06-30": "30.51100", "2012-03-31": "32.85200", "2011-12-31": "34.36100", "2011-09-30": "", "2011-06-30": "", "2011-03-31": "", "2010-12-31": ""}, "Total Assets": {"2020-09-30": "2396.21200", "2020-06-30": "2337.13200", "2020-03-31": "2298.26100", "2019-12-31": "2337.51100", "2019-09-30": "2208.02600", "2019-06-30": "1309.86400", "2019-03-31": "1269.23800", "2018-12-31": "1233.01800", "2018-09-30": "1137.71400", "2018-06-30": "1083.90200", "2018-03-31": "1057.66400", "2017-12-31": "1018.43200", "2017-09-30": "886.13200", "2017-06-30": "840.70600", "2017-03-31": "807.95800", "2016-12-31": "801.66000", "2016-09-30": "758.83400", "2016-06-30": "716.18700", "2016-03-31": "709.05000", "2015-12-31": "705.61600", "2015-09-30": "667.31200", "2015-06-30": "657.19000", "2015-03-31": "425.96000", "2014-12-31": "424.01600", "2014-09-30": "405.72800", "2014-06-30": "393.29200", "2014-03-31": "393.07400", "2013-12-31": "390.55900", "2013-09-30": "165.88300", "2013-06-30": "154.84300", "2013-03-31": "146.14000", "2012-12-31": "140.44100", "2012-09-30": "133.82600", "2012-06-30": "129.00100", "2012-03-31": "64.72800", "2011-12-31": "67.95200", "2011-09-30": "0.00000", "2011-06-30": "0.00000", "2011-03-31": "0.00000", "2010-12-31": "0.00000"}, "Total Current Liabilities": {"2020-09-30": "782.79800", "2020-06-30": "743.52400", "2020-03-31": "741.31300", "2019-12-31": "771.81000", "2019-09-30": "684.35000", "2019-06-30": "627.46100", "2019-03-31": "608.62900", "2018-12-31": "602.08100", "2018-09-30": "541.39000", "2018-06-30": "506.55700", "2018-03-31": "476.29800", "2017-12-31": "442.91500", "2017-09-30": "389.80900", "2017-06-30": "352.47700", "2017-03-31": "326.72400", "2016-12-31": "325.61200", "2016-09-30": "298.39600", "2016-06-30": "264.14100", "2016-03-31": "244.97600", "2015-12-31": "231.85700", "2015-09-30": "204.33100", "2015-06-30": "180.12500", "2015-03-31": "159.08900", "2014-12-31": "158.28300", "2014-09-30": "142.29200", "2014-06-30": "125.89800", "2014-03-31": "121.87100", "2013-12-31": "117.94300", "2013-09-30": "97.59300", "2013-06-30": "86.82900", "2013-03-31": "83.64700", "2012-12-31": "79.33600", "2012-09-30": "72.62000", "2012-06-30": "68.09000", "2012-03-31": "65.56500", "2011-12-31": "67.38500", "2011-09-30": "", "2011-06-30": "", "2011-03-31": "", "2010-12-31": ""}, "Long Term Debt": {"2020-09-30": "774.93400", "2020-06-30": "766.40300", "2020-03-31": "757.96500", "2019-12-31": "749.62000", "2019-09-30": "741.36700", "2019-06-30": "", "2019-03-31": "", "2018-12-31": "", "2018-09-30": "0.03000", "2018-06-30": "204.04900", "2018-03-31": "200.95700", "2017-12-31": "197.91300", "2017-09-30": "381.21200", "2017-06-30": "377.49700", "2017-03-31": "372.02400", "2016-12-31": "366.63200", "2016-09-30": "361.31300", "2016-06-30": "356.07300", "2016-03-31": "350.91100", "2015-12-31": "345.82200", "2015-09-30": "340.80100", "2015-06-30": "335.72800", "2015-03-31": "163.88200", "2014-12-31": "161.39600", "2014-09-30": "159.40900", "2014-06-30": "157.22000", "2014-03-31": "155.33800", "2013-12-31": "153.62300", "2013-09-30": "1.11000", "2013-06-30": "1.52500", "2013-03-31": "1.93900", "2012-12-31": "2.35400", "2012-09-30": "2.76700", "2012-06-30": "3.14700", "2012-03-31": "4.12300", "2011-12-31": "4.51400", "2011-09-30": "", "2011-06-30": "", "2011-03-31": "", "2010-12-31": ""}, "Other Non-Current Liabilities": {"2020-09-30": "37.12700", "2020-06-30": "35.18700", "2020-03-31": "33.15700", "2019-12-31": "19.17200", "2019-09-30": "18.57100", "2019-06-30": "9.22300", "2019-03-31": "7.27800", "2018-12-31": "6.81200", "2018-09-30": "7.24100", "2018-06-30": "7.16200", "2018-03-31": "11.15400", "2017-12-31": "11.06900", "2017-09-30": "11.21500", "2017-06-30": "10.87700", "2017-03-31": "10.55200", "2016-12-31": "9.00800", "2016-09-30": "5.71800", "2016-06-30": "4.42200", "2016-03-31": "1.18800", "2015-12-31": "1.18800", "2015-09-30": "5.13100", "2015-06-30": "5.17700", "2015-03-31": "5.22700", "2014-12-31": "6.64000", "2014-09-30": "7.00800", "2014-06-30": "7.09500", "2014-03-31": "7.32400", "2013-12-31": "7.24400", "2013-09-30": "3.06200", "2013-06-30": "1.31100", "2013-03-31": "0.66100", "2012-12-31": "0.72600", "2012-09-30": "0.25700", "2012-06-30": "0.25200", "2012-03-31": "0.09300", "2011-12-31": "0.08500", "2011-09-30": "", "2011-06-30": "", "2011-03-31": "", "2010-12-31": ""}, "Total Long Term Liabilities": {"2020-09-30": "1038.06200", "2020-06-30": "1017.24000", "2020-03-31": "998.76900", "2019-12-31": "973.20400", "2019-09-30": "928.94700", "2019-06-30": "157.11500", "2019-03-31": "153.49800", "2018-12-31": "118.40300", "2018-09-30": "92.47600", "2018-06-30": "280.30800", "2018-03-31": "277.67200", "2017-12-31": "276.40200", "2017-09-30": "463.35800", "2017-06-30": "454.46300", "2017-03-31": "444.50600", "2016-12-31": "431.12500", "2016-09-30": "410.33600", "2016-06-30": "401.07300", "2016-03-31": "394.01000", "2015-12-31": "390.57400", "2015-09-30": "386.69500", "2015-06-30": "384.74500", "2015-03-31": "218.96600", "2014-12-31": "209.26000", "2014-09-30": "202.16400", "2014-06-30": "198.65200", "2014-03-31": "197.91200", "2013-12-31": "195.45600", "2013-09-30": "30.44700", "2013-06-30": "28.61600", "2013-03-31": "28.71200", "2012-12-31": "27.29700", "2012-09-30": "27.69000", "2012-06-30": "25.12100", "2012-03-31": "28.29400", "2011-12-31": "28.00300", "2011-09-30": "", "2011-06-30": "", "2011-03-31": "", "2010-12-31": ""}, "Total Liabilities": {"2020-09-30": "1820.86000", "2020-06-30": "1760.76400", "2020-03-31": "1740.08200", "2019-12-31": "1745.01400", "2019-09-30": "1613.29700", "2019-06-30": "784.57600", "2019-03-31": "762.12700", "2018-12-31": "720.48400", "2018-09-30": "633.86600", "2018-06-30": "786.86500", "2018-03-31": "753.97000", "2017-12-31": "719.31700", "2017-09-30": "853.16700", "2017-06-30": "806.94000", "2017-03-31": "771.23000", "2016-12-31": "756.73700", "2016-09-30": "708.73200", "2016-06-30": "665.21400", "2016-03-31": "638.98600", "2015-12-31": "622.43100", "2015-09-30": "591.02600", "2015-06-30": "564.87000", "2015-03-31": "378.05500", "2014-12-31": "367.54300", "2014-09-30": "344.45600", "2014-06-30": "324.55000", "2014-03-31": "319.78300", "2013-12-31": "313.39900", "2013-09-30": "128.04000", "2013-06-30": "115.44500", "2013-03-31": "112.35900", "2012-12-31": "106.63300", "2012-09-30": "100.31000", "2012-06-30": "93.21100", "2012-03-31": "93.85900", "2011-12-31": "95.38800", "2011-09-30": "0.00000", "2011-06-30": "0.00000", "2011-03-31": "0.00000", "2010-12-31": "0.00000"}, "Common Stock Net": {"2020-09-30": "0.00600", "2020-06-30": "0.00600", "2020-03-31": "0.00600", "2019-12-31": "0.00600", "2019-09-30": "0.00600", "2019-06-30": "0.00600", "2019-03-31": "0.00600", "2018-12-31": "0.00600", "2018-09-30": "0.00500", "2018-06-30": "0.00500", "2018-03-31": "0.00500", "2017-12-31": "0.00500", "2017-09-30": "0.00400", "2017-06-30": "0.00400", "2017-03-31": "0.00400", "2016-12-31": "0.00400", "2016-09-30": "0.00400", "2016-06-30": "0.00400", "2016-03-31": "0.00400", "2015-12-31": "0.00400", "2015-09-30": "0.00400", "2015-06-30": "0.00400", "2015-03-31": "0.00400", "2014-12-31": "0.00400", "2014-09-30": "0.00400", "2014-06-30": "0.00400", "2014-03-31": "0.00400", "2013-12-31": "0.00400", "2013-09-30": "0.00400", "2013-06-30": "0.00400", "2013-03-31": "0.00300", "2012-12-31": "0.00300", "2012-09-30": "0.00300", "2012-06-30": "0.00400", "2012-03-31": "0.00100", "2011-12-31": "0.00100", "2011-09-30": "0.00000", "2011-06-30": "0.00000", "2011-03-31": "0.00000", "2010-12-31": "0.00000"}, "Retained Earnings (Accumulated Deficit)": {"2020-09-30": "-854.30100", "2020-06-30": "-822.42600", "2020-03-31": "-799.83100", "2019-12-31": "-725.59400", "2019-09-30": "-696.86000", "2019-06-30": "-652.52000", "2019-03-31": "-623.60700", "2018-12-31": "-595.41800", "2018-09-30": "-574.18300", "2018-06-30": "-538.12300", "2018-03-31": "-503.82500", "2017-12-31": "-488.45300", "2017-09-30": "-543.48500", "2017-06-30": "-521.52200", "2017-03-31": "-495.58700", "2016-12-31": "-469.10800", "2016-09-30": "-446.22400", "2016-06-30": "-427.85700", "2016-03-31": "-389.55600", "2015-12-31": "-357.90000", "2015-09-30": "-349.32700", "2015-06-30": "-320.89400", "2015-03-31": "-295.92100", "2014-12-31": "-274.24800", "2014-09-30": "-256.87400", "2014-06-30": "", "2014-03-31": "-224.40400", "2013-12-31": "-210.00900", "2013-09-30": "-198.12500", "2013-06-30": "-190.93600", "2013-03-31": "-188.87000", "2012-12-31": "-182.47800", "2012-09-30": "-176.98100", "2012-06-30": "-172.39000", "2012-03-31": "-166.87100", "2011-12-31": "-162.11800", "2011-09-30": "", "2011-06-30": "", "2011-03-31": "", "2010-12-31": ""}, "Comprehensive Income": {"2020-09-30": "", "2020-06-30": "0.00200", "2020-03-31": "0.00500", "2019-12-31": "0.00100", "2019-09-30": "0.00300", "2019-06-30": "0.00200", "2019-03-31": "0.00100", "2018-12-31": "-0.00700", "2018-09-30": "-0.00200", "2018-06-30": "-0.00100", "2018-03-31": "-0.00200", "2017-12-31": "-0.00900", "2017-09-30": "", "2017-06-30": "-0.00300", "2017-03-31": "-0.00300", "2016-12-31": "-0.00700", "2016-09-30": "-0.01000", "2016-06-30": "-0.00200", "2016-03-31": "-0.00200", "2015-12-31": "-0.02300", "2015-09-30": "-0.00700", "2015-06-30": "-0.00200", "2015-03-31": "-0.00700", "2014-12-31": "-0.02700", "2014-09-30": "-0.03600", "2014-06-30": "-239.52900", "2014-03-31": "", "2013-12-31": "", "2013-09-30": "-0.00100", "2013-06-30": "-0.01000", "2013-03-31": "-0.01100", "2012-12-31": "0.00300", "2012-09-30": "0.01000", "2012-06-30": "-0.01200", "2012-03-31": "", "2011-12-31": "-0.00300", "2011-09-30": "", "2011-06-30": "", "2011-03-31": "", "2010-12-31": ""}, "Other Share Holders Equity": {"2020-09-30": "", "2020-06-30": "", "2020-03-31": "", "2019-12-31": "", "2019-09-30": "", "2019-06-30": "", "2019-03-31": "", "2018-12-31": "", "2018-09-30": "", "2018-06-30": "", "2018-03-31": "", "2017-12-31": "", "2017-09-30": "", "2017-06-30": "", "2017-03-31": "", "2016-12-31": "", "2016-09-30": "", "2016-06-30": "", "2016-03-31": "", "2015-12-31": "", "2015-09-30": "", "2015-06-30": "", "2015-03-31": "", "2014-12-31": "", "2014-09-30": "", "2014-06-30": "", "2014-03-31": "", "2013-12-31": "", "2013-09-30": "", "2013-06-30": "", "2013-03-31": "", "2012-12-31": "", "2012-09-30": "", "2012-06-30": "", "2012-03-31": "", "2011-12-31": "", "2011-09-30": "0.00000", "2011-06-30": "0.00000", "2011-03-31": "0.00000", "2010-12-31": "0.00000"}, "Share Holder Equity": {"2020-09-30": "575.35200", "2020-06-30": "576.36800", "2020-03-31": "558.17900", "2019-12-31": "592.49700", "2019-09-30": "594.72900", "2019-06-30": "525.28800", "2019-03-31": "507.11100", "2018-12-31": "512.53400", "2018-09-30": "503.84800", "2018-06-30": "297.03700", "2018-03-31": "303.69400", "2017-12-31": "299.11500", "2017-09-30": "32.96500", "2017-06-30": "33.76600", "2017-03-31": "36.72800", "2016-12-31": "44.92300", "2016-09-30": "50.10200", "2016-06-30": "50.97300", "2016-03-31": "70.06400", "2015-12-31": "83.18500", "2015-09-30": "76.28600", "2015-06-30": "92.32000", "2015-03-31": "47.90500", "2014-12-31": "56.47300", "2014-09-30": "61.27200", "2014-06-30": "68.74200", "2014-03-31": "73.29100", "2013-12-31": "77.16000", "2013-09-30": "37.84300", "2013-06-30": "39.39800", "2013-03-31": "33.78100", "2012-12-31": "33.80800", "2012-09-30": "33.51600", "2012-06-30": "35.79000", "2012-03-31": "-29.13100", "2011-12-31": "-27.43600", "2011-09-30": "0.00000", "2011-06-30": "0.00000", "2011-03-31": "0.00000", "2010-12-31": "0.00000"}, "Total Liabilities And Share Holders Equity": {"2020-09-30": "2396.21200", "2020-06-30": "2337.13200", "2020-03-31": "2298.26100", "2019-12-31": "2337.51100", "2019-09-30": "2208.02600", "2019-06-30": "1309.86400", "2019-03-31": "1269.23800", "2018-12-31": "1233.01800", "2018-09-30": "1137.71400", "2018-06-30": "1083.90200", "2018-03-31": "1057.66400", "2017-12-31": "1018.43200", "2017-09-30": "886.13200", "2017-06-30": "840.70600", "2017-03-31": "807.95800", "2016-12-31": "801.66000", "2016-09-30": "758.83400", "2016-06-30": "716.18700", "2016-03-31": "709.05000", "2015-12-31": "705.61600", "2015-09-30": "667.31200", "2015-06-30": "657.19000", "2015-03-31": "425.96000", "2014-12-31": "424.01600", "2014-09-30": "405.72800", "2014-06-30": "393.29200", "2014-03-31": "393.07400", "2013-12-31": "390.55900", "2013-09-30": "165.88300", "2013-06-30": "154.84300", "2013-03-31": "146.14000", "2012-12-31": "140.44100", "2012-09-30": "133.82600", "2012-06-30": "129.00100", "2012-03-31": "64.72800", "2011-12-31": "67.95200", "2011-09-30": "0.00000", "2011-06-30": "0.00000", "2011-03-31": "0.00000", "2010-12-31": "0.00000"}}, "cash flow statement": {"Net Income/Loss": {"2019-12-31": "-130.26500", "2018-12-31": "-103.74900", "2017-12-31": "-69.80200", "2016-12-31": "-96.48700", "2015-12-31": "-98.71200", "2014-12-31": "-60.11700", "2013-12-31": "-27.53100", "2012-12-31": "-20.36000", "2011-12-31": "-20.14100", "2010-12-31": "-20.86500"}, "Total Depreciation And Amortization - Cash Flow": {"2019-12-31": "165.79400", "2018-12-31": "119.01200", "2017-12-31": "92.36300", "2016-12-31": "75.09800", "2015-12-31": "61.73200", "2014-12-31": "26.57600", "2013-12-31": "10.45600", "2012-12-31": "7.71000", "2011-12-31": "7.68400", "2010-12-31": "7.64300"}, "Other Non-Cash Items": {"2019-12-31": "175.80900", "2018-12-31": "136.04700", "2017-12-31": "82.32200", "2016-12-31": "79.31600", "2015-12-31": "62.52500", "2014-12-31": "32.98900", "2013-12-31": "9.25100", "2012-12-31": "7.89500", "2011-12-31": "4.69800", "2010-12-31": "3.79700"}, "Total Non-Cash Items": {"2019-12-31": "341.60300", "2018-12-31": "255.05900", "2017-12-31": "174.68500", "2016-12-31": "154.41400", "2015-12-31": "124.25700", "2014-12-31": "59.56500", "2013-12-31": "19.70700", "2012-12-31": "15.60500", "2011-12-31": "12.38200", "2010-12-31": "11.44000"}, "Change In Accounts Receivable": {"2019-12-31": "-62.23900", "2018-12-31": "-81.89000", "2017-12-31": "-31.74400", "2016-12-31": "-18.72100", "2015-12-31": "-13.04200", "2014-12-31": "-15.51000", "2013-12-31": "-4.50000", "2012-12-31": "-2.38000", "2011-12-31": "-2.70200", "2010-12-31": "-3.11600"}, "Change In Inventories": {"2019-12-31": "-0.76800", "2018-12-31": "0.24900", "2017-12-31": "-0.13200", "2016-12-31": "-0.11300", "2015-12-31": "0.01400", "2014-12-31": "0.32800", "2013-12-31": "-0.22300", "2012-12-31": "0.16200", "2011-12-31": "-0.14400", "2010-12-31": "0.34800"}, "Change In Accounts Payable": {"2019-12-31": "-3.56900", "2018-12-31": "8.39600", "2017-12-31": "-1.64800", "2016-12-31": "4.27100", "2015-12-31": "2.46000", "2014-12-31": "0.18900", "2013-12-31": "0.93100", "2012-12-31": "-0.68300", "2011-12-31": "0.30000", "2010-12-31": "1.00100"}, "Change In Assets/Liabilities": {"2019-12-31": "64.55500", "2018-12-31": "89.49500", "2017-12-31": "67.78800", "2016-12-31": "44.82700", "2015-12-31": "27.07900", "2014-12-31": "34.16300", "2013-12-31": "22.35700", "2012-12-31": "11.00700", "2011-12-31": "9.41500", "2010-12-31": "12.84200"}, "Total Change In Assets/Liabilities": {"2019-12-31": "31.17000", "2018-12-31": "33.43400", "2017-12-31": "48.80300", "2016-12-31": "36.30800", "2015-12-31": "20.95900", "2014-12-31": "23.16500", "2013-12-31": "20.44800", "2012-12-31": "11.59100", "2011-12-31": "7.59100", "2010-12-31": "12.83400"}, "Cash Flow From Operating Activities": {"2019-12-31": "242.50800", "2018-12-31": "184.74400", "2017-12-31": "153.68600", "2016-12-31": "94.23500", "2015-12-31": "46.50400", "2014-12-31": "22.61300", "2013-12-31": "12.62400", "2012-12-31": "6.83600", "2011-12-31": "-0.16800", "2010-12-31": "3.40900"}, "Net Change In Property, Plant, And Equipment": {"2019-12-31": "-35.19300", "2018-12-31": "-29.52200", "2017-12-31": "-46.95800", "2016-12-31": "-34.40700", "2015-12-31": "-25.82700", "2014-12-31": "-14.98800", "2013-12-31": "-7.66600", "2012-12-31": "-5.90400", "2011-12-31": "-4.93000", "2010-12-31": "-3.42500"}, "Net Change In Intangible Assets": {"2019-12-31": "", "2018-12-31": "", "2017-12-31": "", "2016-12-31": "", "2015-12-31": "", "2014-12-31": "", "2013-12-31": "", "2012-12-31": "", "2011-12-31": "", "2010-12-31": ""}, "Net Acquisitions/Divestitures": {"2019-12-31": "-317.15500", "2018-12-31": "-223.78600", "2017-12-31": "-155.35000", "2016-12-31": "-54.11900", "2015-12-31": "-51.48100", "2014-12-31": "-53.68000", "2013-12-31": "-40.97200", "2012-12-31": "", "2011-12-31": "-0.13400", "2010-12-31": ""}, "Net Change In Short-term Investments": {"2019-12-31": "2.88300", "2018-12-31": "-0.67700", "2017-12-31": "5.81500", "2016-12-31": "8.71900", "2015-12-31": "-25.48100", "2014-12-31": "-26.45200", "2013-12-31": "38.67000", "2012-12-31": "-44.83100", "2011-12-31": "-2.28900", "2010-12-31": "3.73100"}, "Net Change In Long-Term Investments": {"2019-12-31": "", "2018-12-31": "", "2017-12-31": "", "2016-12-31": "", "2015-12-31": "", "2014-12-31": "", "2013-12-31": "", "2012-12-31": "", "2011-12-31": "", "2010-12-31": ""}, "Net Change In Investments - Total": {"2019-12-31": "2.88300", "2018-12-31": "-0.67700", "2017-12-31": "5.81500", "2016-12-31": "8.71900", "2015-12-31": "-25.48100", "2014-12-31": "-26.45200", "2013-12-31": "38.67000", "2012-12-31": "-44.83100", "2011-12-31": "-2.28900", "2010-12-31": "3.73100"}, "Investing Activities - Other": {"2019-12-31": "", "2018-12-31": "3.32100", "2017-12-31": "6.06600", "2016-12-31": "-9.38500", "2015-12-31": "", "2014-12-31": "", "2013-12-31": "", "2012-12-31": "", "2011-12-31": "", "2010-12-31": ""}, "Cash Flow From Investing Activities": {"2019-12-31": "-349.46500", "2018-12-31": "-250.66400", "2017-12-31": "-190.42700", "2016-12-31": "-89.19200", "2015-12-31": "-102.78900", "2014-12-31": "-95.12000", "2013-12-31": "-9.96800", "2012-12-31": "-50.73500", "2011-12-31": "-7.35300", "2010-12-31": "0.30600"}, "Net Long-Term Debt": {"2019-12-31": "901.29300", "2018-12-31": "-0.17900", "2017-12-31": "-0.04800", "2016-12-31": "-0.03200", "2015-12-31": "223.08400", "2014-12-31": "-1.65500", "2013-12-31": "-10.03300", "2012-12-31": "-0.96900", "2011-12-31": "4.71700", "2010-12-31": "-0.47700"}, "Net Current Debt": {"2019-12-31": "", "2018-12-31": "", "2017-12-31": "", "2016-12-31": "", "2015-12-31": "", "2014-12-31": "", "2013-12-31": "", "2012-12-31": "", "2011-12-31": "", "2010-12-31": ""}, "Debt Issuance/Retirement Net - Total": {"2019-12-31": "901.29300", "2018-12-31": "-0.17900", "2017-12-31": "-0.04800", "2016-12-31": "-0.03200", "2015-12-31": "223.08400", "2014-12-31": "-1.65500", "2013-12-31": "-10.03300", "2012-12-31": "-0.96900", "2011-12-31": "4.71700", "2010-12-31": "-0.47700"}, "Net Common Equity Issued/Repurchased": {"2019-12-31": "28.09100", "2018-12-31": "27.57900", "2017-12-31": "25.72500", "2016-12-31": "21.77900", "2015-12-31": "18.58300", "2014-12-31": "17.64000", "2013-12-31": "16.36700", "2012-12-31": "6.14300", "2011-12-31": "1.19900", "2010-12-31": "1.21100"}, "Net Total Equity Issued/Repurchased": {"2019-12-31": "28.09100", "2018-12-31": "27.57900", "2017-12-31": "25.72500", "2016-12-31": "21.77900", "2015-12-31": "18.58300", "2014-12-31": "17.64000", "2013-12-31": "212.00800", "2012-12-31": "6.14300", "2011-12-31": "1.19900", "2010-12-31": "2.70200"}, "Total Common And Preferred Stock Dividends Paid": {"2019-12-31": "", "2018-12-31": "", "2017-12-31": "", "2016-12-31": "", "2015-12-31": "", "2014-12-31": "", "2013-12-31": "", "2012-12-31": "", "2011-12-31": "", "2010-12-31": ""}, "Financial Activities - Other": {"2019-12-31": "-150.64600", "2018-12-31": "-61.26100", "2017-12-31": "-48.88900", "2016-12-31": "-26.98500", "2015-12-31": "-18.47900", "2014-12-31": "-5.58900", "2013-12-31": "-0.09900", "2012-12-31": "68.21200", "2011-12-31": "-0.71500", "2010-12-31": "-0.78000"}, "Cash Flow From Financial Activities": {"2019-12-31": "778.73800", "2018-12-31": "-33.86100", "2017-12-31": "-23.21200", "2016-12-31": "-5.23800", "2015-12-31": "223.18800", "2014-12-31": "10.39600", "2013-12-31": "201.87600", "2012-12-31": "73.38600", "2011-12-31": "5.20100", "2010-12-31": "1.44500"}, "Net Cash Flow": {"2019-12-31": "671.75500", "2018-12-31": "-100.50800", "2017-12-31": "-58.87700", "2016-12-31": "-0.74000", "2015-12-31": "165.94000", "2014-12-31": "-63.44900", "2013-12-31": "204.53200", "2012-12-31": "29.48700", "2011-12-31": "-2.32000", "2010-12-31": "5.16000"}, "Stock-Based Compensation": {"2019-12-31": "176.32500", "2018-12-31": "142.70800", "2017-12-31": "97.46000", "2016-12-31": "78.69600", "2015-12-31": "60.09400", "2014-12-31": "31.00400", "2013-12-31": "12.08300", "2012-12-31": "7.32100", "2011-12-31": "4.54800", "2010-12-31": "3.39400"}, "Common Stock Dividends Paid": {"2019-12-31": "", "2018-12-31": "", "2017-12-31": "", "2016-12-31": "", "2015-12-31": "", "2014-12-31": "", "2013-12-31": "", "2012-12-31": "", "2011-12-31": "", "2010-12-31": ""}}, "cash flow statement, quarterly": {"Net Income/Loss": {"2020-09-30": -31.875, "2020-06-30": -22.595, "2020-03-31": "-74.23700", "2019-12-31": -28.734, "2019-09-30": -44.34, "2019-06-30": -28.913, "2019-03-31": "-28.27800", "2018-12-31": -21.235, "2018-09-30": -36.06, "2018-06-30": -34.298, "2018-03-31": "-12.15600", "2017-12-31": -6.547, "2017-09-30": -19.477, "2017-06-30": -23.495, "2017-03-31": "-20.28300", "2016-12-31": -8.163, "2016-09-30": -18.367, "2016-06-30": -38.301, "2016-03-31": "-31.65600", "2015-12-31": -27.392, "2015-09-30": -27.014, "2015-06-30": -22.594, "2015-03-31": "-21.71200", "2014-12-31": -13.252, "2014-09-30": -17.345, "2014-06-30": -15.125, "2014-03-31": "-14.39500", "2013-12-31": -11.884, "2013-09-30": -7.189, "2013-06-30": -2.065, "2013-03-31": "-6.39300", "2012-12-31": -5.497, "2012-09-30": -4.592, "2012-06-30": -5.518, "2012-03-31": "-4.75300", "2011-12-31": -6.423, "2011-09-30": -4.314, "2011-06-30": -4.318, "2011-03-31": "-5.08500", "2010-12-31": -20.86}, "Total Depreciation And Amortization - Cash Flow": {"2020-09-30": 55.733, "2020-06-30": 53.29, "2020-03-31": "52.87400", "2019-12-31": 50.232, "2019-09-30": 42.307, "2019-06-30": 37.69, "2019-03-31": "35.56500", "2018-12-31": 30.193, "2018-09-30": 31.08, "2018-06-30": 30.788, "2018-03-31": "26.95100", "2017-12-31": 25.866, "2017-09-30": 23.187, "2017-06-30": 21.998, "2017-03-31": "21.31200", "2016-12-31": 36.869, "2016-09-30": 13.34, "2016-06-30": 12.557, "2016-03-31": "12.33200", "2015-12-31": 33.881, "2015-09-30": 11.462, "2015-06-30": 8.659, "2015-03-31": "7.73000", "2014-12-31": 7.218, "2014-09-30": 6.937, "2014-06-30": 6.476, "2014-03-31": "5.94500", "2013-12-31": 4.333, "2013-09-30": 2.422, "2013-06-30": 2.024, "2013-03-31": "1.67700", "2012-12-31": 1.673, "2012-09-30": 1.538, "2012-06-30": 2.204, "2012-03-31": "2.29500", "2011-12-31": 1.987, "2011-09-30": 1.905, "2011-06-30": 1.833, "2011-03-31": "1.95500", "2010-12-31": 7.64}, "Other Non-Cash Items": {"2020-09-30": 50.744, "2020-06-30": 37.543, "2020-03-31": "50.05900", "2019-12-31": 44.355, "2019-09-30": 44.426, "2019-06-30": 45.333, "2019-03-31": "41.69500", "2018-12-31": 40.076, "2018-09-30": 45.257, "2018-06-30": 34.706, "2018-03-31": "16.00800", "2017-12-31": 14.201, "2017-09-30": 24.808, "2017-06-30": 24.539, "2017-03-31": "18.77400", "2016-12-31": 21.569, "2016-09-30": 20.365, "2016-06-30": 19.027, "2016-03-31": "18.35500", "2015-12-31": 16.938, "2015-09-30": 16.649, "2015-06-30": 15.237, "2015-03-31": "13.70100", "2014-12-31": 10.962, "2014-09-30": 8.781, "2014-06-30": 7.143, "2014-03-31": "6.10300", "2013-12-31": 4.571, "2013-09-30": 2.589, "2013-06-30": -0.236, "2013-03-31": "2.32700", "2012-12-31": 2.512, "2012-09-30": 1.947, "2012-06-30": 1.935, "2012-03-31": "1.50100", "2011-12-31": 1.265, "2011-09-30": 1.168, "2011-06-30": 1.142, "2011-03-31": "1.12300", "2010-12-31": 0}, "Total Non-Cash Items": {"2020-09-30": 106.477, "2020-06-30": 90.833, "2020-03-31": "102.93300", "2019-12-31": 94.587, "2019-09-30": 86.733, "2019-06-30": 83.023, "2019-03-31": "77.26000", "2018-12-31": 70.269, "2018-09-30": 76.337, "2018-06-30": 65.494, "2018-03-31": "42.95900", "2017-12-31": 40.067, "2017-09-30": 47.995, "2017-06-30": 46.537, "2017-03-31": "40.08600", "2016-12-31": 58.438, "2016-09-30": 33.705, "2016-06-30": 31.584, "2016-03-31": "30.68700", "2015-12-31": 50.819, "2015-09-30": 28.111, "2015-06-30": 23.896, "2015-03-31": "21.43100", "2014-12-31": 18.18, "2014-09-30": 15.718, "2014-06-30": 13.619, "2014-03-31": "12.04800", "2013-12-31": 8.904, "2013-09-30": 5.011, "2013-06-30": 1.788, "2013-03-31": "4.00400", "2012-12-31": 4.185, "2012-09-30": 3.485, "2012-06-30": 4.139, "2012-03-31": "3.79600", "2011-12-31": -1.446, "2011-09-30": 3.073, "2011-06-30": 2.975, "2011-03-31": "3.07800", "2010-12-31": 7.64}, "Change In Accounts Receivable": {"2020-09-30": -7.888, "2020-06-30": -1.391, "2020-03-31": "93.45300", "2019-12-31": -56.03, "2019-09-30": -34.069, "2019-06-30": -7.756, "2019-03-31": "35.61600", "2018-12-31": -55.389, "2018-09-30": -3.476, "2018-06-30": -21.589, "2018-03-31": "-1.43600", "2017-12-31": -13.292, "2017-09-30": -15.706, "2017-06-30": -12.956, "2017-03-31": "10.21000", "2016-12-31": -3.852, "2016-09-30": -11.57, "2016-06-30": -2.42, "2016-03-31": "-0.87900", "2015-12-31": -16.315, "2015-09-30": 5.806, "2015-06-30": -11.843, "2015-03-31": "9.31000", "2014-12-31": -8.85, "2014-09-30": -6.613, "2014-06-30": -3.928, "2014-03-31": "3.88100", "2013-12-31": -1.598, "2013-09-30": -0.061, "2013-06-30": -0.395, "2013-03-31": "-2.44600", "2012-12-31": -1.088, "2012-09-30": -4.844, "2012-06-30": 2.097, "2012-03-31": "1.45500", "2011-12-31": -3.061, "2011-09-30": -0.655, "2011-06-30": 0.179, "2011-03-31": "0.83500", "2010-12-31": 0}, "Change In Inventories": {"2020-09-30": 0.022, "2020-06-30": 0.009, "2020-03-31": "0.87200", "2019-12-31": -0.823, "2019-09-30": -0.069, "2019-06-30": 0.255, "2019-03-31": "-0.13100", "2018-12-31": -0.11, "2018-09-30": 0.029, "2018-06-30": 0.203, "2018-03-31": "0.12700", "2017-12-31": -0.273, "2017-09-30": 0.04, "2017-06-30": -0.025, "2017-03-31": "0.12600", "2016-12-31": -0.168, "2016-09-30": -0.128, "2016-06-30": 0.279, "2016-03-31": "-0.09600", "2015-12-31": 0.353, "2015-09-30": -0.403, "2015-06-30": -0.009, "2015-03-31": "0.07300", "2014-12-31": 0.798, "2014-09-30": 0.013, "2014-06-30": -0.048, "2014-03-31": "-0.43500", "2013-12-31": -0.361, "2013-09-30": 0.113, "2013-06-30": -0.132, "2013-03-31": "0.15700", "2012-12-31": 0.331, "2012-09-30": -0.392, "2012-06-30": -0.012, "2012-03-31": "0.23500", "2011-12-31": -0.266, "2011-09-30": 0.182, "2011-06-30": -0.182, "2011-03-31": "0.12200", "2010-12-31": 0}, "Change In Accounts Payable": {"2020-09-30": -0.058, "2020-06-30": -3.496, "2020-03-31": "-6.01700", "2019-12-31": -0.962, "2019-09-30": 0.559, "2019-06-30": 1.139, "2019-03-31": "-4.30500", "2018-12-31": 5.741, "2018-09-30": -1.555, "2018-06-30": -0.801, "2018-03-31": "5.01100", "2017-12-31": 0.266, "2017-09-30": -0.54, "2017-06-30": 0.211, "2017-03-31": "-1.58500", "2016-12-31": 1.365, "2016-09-30": -3.053, "2016-06-30": 4.487, "2016-03-31": "1.47200", "2015-12-31": 4.633, "2015-09-30": -2.998, "2015-06-30": 0.578, "2015-03-31": "0.24700", "2014-12-31": 1.416, "2014-09-30": -0.765, "2014-06-30": -1.224, "2014-03-31": "0.76200", "2013-12-31": 0.034, "2013-09-30": -0.406, "2013-06-30": -0.435, "2013-03-31": "1.73800", "2012-12-31": -1.782, "2012-09-30": 2.395, "2012-06-30": -2.01, "2012-03-31": "0.71400", "2011-12-31": 0.541, "2011-09-30": -0.615, "2011-06-30": 0.437, "2011-03-31": "-0.06300", "2010-12-31": 0}, "Change In Assets/Liabilities": {"2020-09-30": 5.854, "2020-06-30": -38.152, "2020-03-31": "-39.55000", "2019-12-31": 63.202, "2019-09-30": 21.383, "2019-06-30": -6.514, "2019-03-31": "-13.51600", "2018-12-31": 49.073, "2018-09-30": 14.452, "2018-06-30": 13.802, "2018-03-31": "12.16800", "2017-12-31": 23.225, "2017-09-30": 20.999, "2017-06-30": 11.805, "2017-03-31": "11.75900", "2016-12-31": -9.493, "2016-09-30": 23.011, "2016-06-30": 10.551, "2016-03-31": "20.75800", "2015-12-31": -3.394, "2015-09-30": 12.897, "2015-06-30": 8.991, "2015-03-31": "8.58500", "2014-12-31": 16.618, "2014-09-30": 12.146, "2014-06-30": 2.528, "2014-03-31": "2.87100", "2013-12-31": 8.165, "2013-09-30": 6.475, "2013-06-30": 3.456, "2013-03-31": "4.26100", "2012-12-31": 8.048, "2012-09-30": 2.782, "2012-06-30": -0.044, "2012-03-31": "0.22100", "2011-12-31": 3.84, "2011-09-30": 1.966, "2011-06-30": 1.832, "2011-03-31": "1.77700", "2010-12-31": 0}, "Total Change In Assets/Liabilities": {"2020-09-30": 11.421, "2020-06-30": -37.628, "2020-03-31": "63.47800", "2019-12-31": 10.548, "2019-09-30": 26.205, "2019-06-30": -10.7, "2019-03-31": "5.11700", "2018-12-31": 6.02, "2018-09-30": 24.427, "2018-06-30": -1.132, "2018-03-31": "4.11900", "2017-12-31": 8.996, "2017-09-30": 15.697, "2017-06-30": 3.444, "2017-03-31": "20.66600", "2016-12-31": -9.037, "2016-09-30": 11.948, "2016-06-30": 15.01, "2016-03-31": "18.38700", "2015-12-31": -15.209, "2015-09-30": 23.091, "2015-06-30": 0.272, "2015-03-31": "12.80500", "2014-12-31": 11.861, "2014-09-30": 10.273, "2014-06-30": -5.435, "2014-03-31": "6.46600", "2013-12-31": 8.31, "2013-09-30": 9.014, "2013-06-30": -0.46, "2013-03-31": "3.58400", "2012-12-31": 6.216, "2012-09-30": 1.929, "2012-06-30": 2.253, "2012-03-31": "1.19300", "2011-12-31": 3.328, "2011-09-30": 0.289, "2011-06-30": 2.408, "2011-03-31": "1.56500", "2010-12-31": 12.83}, "Cash Flow From Operating Activities": {"2020-09-30": 86.023, "2020-06-30": 30.61, "2020-03-31": "92.17400", "2019-12-31": 76.401, "2019-09-30": 68.598, "2019-06-30": 43.41, "2019-03-31": "54.09900", "2018-12-31": 55.054, "2018-09-30": 64.704, "2018-06-30": 30.064, "2018-03-31": "34.92200", "2017-12-31": 42.516, "2017-09-30": 44.215, "2017-06-30": 26.486, "2017-03-31": "40.46900", "2016-12-31": 41.238, "2016-09-30": 27.286, "2016-06-30": 8.293, "2016-03-31": "17.41800", "2015-12-31": 8.218, "2015-09-30": 24.188, "2015-06-30": 1.574, "2015-03-31": "12.52400", "2014-12-31": 16.789, "2014-09-30": 8.646, "2014-06-30": -6.941, "2014-03-31": "4.11900", "2013-12-31": 5.33, "2013-09-30": 6.836, "2013-06-30": -0.737, "2013-03-31": "1.19500", "2012-12-31": 4.904, "2012-09-30": 0.822, "2012-06-30": 0.874, "2012-03-31": "0.23600", "2011-12-31": 0.169, "2011-09-30": -0.952, "2011-06-30": 1.065, "2011-03-31": "-0.44200", "2010-12-31": 3.4}, "Net Change In Property, Plant, And Equipment": {"2020-09-30": -21.473, "2020-06-30": -11.79, "2020-03-31": "-12.35900", "2019-12-31": -11.337, "2019-09-30": -10.006, "2019-06-30": -8.373, "2019-03-31": "-5.47700", "2018-12-31": -6.414, "2018-09-30": -6.497, "2018-06-30": -8.072, "2018-03-31": "-8.53900", "2017-12-31": -12.202, "2017-09-30": -11.889, "2017-06-30": -10.616, "2017-03-31": "-12.25100", "2016-12-31": -8.88, "2016-09-30": -9.333, "2016-06-30": -8.356, "2016-03-31": "-7.83800", "2015-12-31": -7.7, "2015-09-30": -7.7, "2015-06-30": -5.843, "2015-03-31": "-4.58400", "2014-12-31": -4.593, "2014-09-30": -4.372, "2014-06-30": -3.732, "2014-03-31": "-2.29100", "2013-12-31": -3.164, "2013-09-30": -2.512, "2013-06-30": -1.002, "2013-03-31": "-0.98800", "2012-12-31": -2.02, "2012-09-30": -1.441, "2012-06-30": -1.156, "2012-03-31": "-1.28700", "2011-12-31": -1.166, "2011-09-30": -3.604, "2011-06-30": 0.493, "2011-03-31": "-0.65300", "2010-12-31": -3.42}, "Net Change In Intangible Assets": {"2020-09-30": 0, "2020-06-30": 0, "2020-03-31": "", "2019-12-31": 0, "2019-09-30": 0, "2019-06-30": 0, "2019-03-31": "", "2018-12-31": 0, "2018-09-30": 0, "2018-06-30": 0, "2018-03-31": "", "2017-12-31": 0, "2017-09-30": 0, "2017-06-30": 0, "2017-03-31": "", "2016-12-31": 0, "2016-09-30": 0, "2016-06-30": 0, "2016-03-31": "", "2015-12-31": 0, "2015-09-30": 0, "2015-06-30": 0, "2015-03-31": "", "2014-12-31": 0, "2014-09-30": 0, "2014-06-30": 0, "2014-03-31": "", "2013-12-31": 0, "2013-09-30": 0, "2013-06-30": 0, "2013-03-31": "", "2012-12-31": 0, "2012-09-30": 0, "2012-06-30": 0, "2012-03-31": "", "2011-12-31": 0, "2011-09-30": 0, "2011-06-30": 0, "2011-03-31": "", "2010-12-31": 0}, "Net Acquisitions/Divestitures": {"2020-09-30": 0, "2020-06-30": -2.72, "2020-03-31": "", "2019-12-31": -212.652, "2019-09-30": 0, "2019-06-30": -104.503, "2019-03-31": "", "2018-12-31": 0, "2018-09-30": 0, "2018-06-30": 0, "2018-03-31": "-223.78600", "2017-12-31": -155.35, "2017-09-30": 0, "2017-06-30": 0, "2017-03-31": "", "2016-12-31": -45.768, "2016-09-30": -8.351, "2016-06-30": 0, "2016-03-31": "", "2015-12-31": -11.427, "2015-09-30": -8.43, "2015-06-30": -3.51, "2015-03-31": "-28.11400", "2014-12-31": -31.645, "2014-09-30": 0.719, "2014-06-30": -22.754, "2014-03-31": "", "2013-12-31": -12.463, "2013-09-30": -24.738, "2013-06-30": -3.771, "2013-03-31": "", "2012-12-31": 0, "2012-09-30": 0, "2012-06-30": 0, "2012-03-31": "", "2011-12-31": 0.03, "2011-09-30": 1.976, "2011-06-30": -2.136, "2011-03-31": "", "2010-12-31": 0}, "Net Change In Short-term Investments": {"2020-09-30": 11.906, "2020-06-30": 11.955, "2020-03-31": "19.35600", "2019-12-31": -11.983, "2019-09-30": 1.585, "2019-06-30": 7.381, "2019-03-31": "5.90000", "2018-12-31": -16.388, "2018-09-30": -9.958, "2018-06-30": -4.001, "2018-03-31": "29.67000", "2017-12-31": -1.892, "2017-09-30": -7.014, "2017-06-30": -5.546, "2017-03-31": "20.26700", "2016-12-31": -13.11, "2016-09-30": 6.671, "2016-06-30": -12.501, "2016-03-31": "27.65900", "2015-12-31": -11.862, "2015-09-30": -39.578, "2015-06-30": 14.947, "2015-03-31": "11.01200", "2014-12-31": 3.353, "2014-09-30": -37.805, "2014-06-30": 0, "2014-03-31": "8.00000", "2013-12-31": 11.66, "2013-09-30": 5.011, "2013-06-30": 20.576, "2013-03-31": "1.42300", "2012-12-31": 1.334, "2012-09-30": -13.906, "2012-06-30": -34.593, "2012-03-31": "2.33400", "2011-12-31": 2.072, "2011-09-30": 0.309, "2011-06-30": -4.928, "2011-03-31": "0.25800", "2010-12-31": 0}, "Net Change In Long-Term Investments": {"2020-09-30": 0, "2020-06-30": 0, "2020-03-31": "", "2019-12-31": 0, "2019-09-30": 0, "2019-06-30": 0, "2019-03-31": "", "2018-12-31": 0, "2018-09-30": 0, "2018-06-30": 0, "2018-03-31": "", "2017-12-31": 0, "2017-09-30": 0, "2017-06-30": 0, "2017-03-31": "", "2016-12-31": 0, "2016-09-30": 0, "2016-06-30": 0, "2016-03-31": "", "2015-12-31": 0, "2015-09-30": 0, "2015-06-30": 0, "2015-03-31": "", "2014-12-31": 0, "2014-09-30": 0, "2014-06-30": 0, "2014-03-31": "", "2013-12-31": 0, "2013-09-30": 0, "2013-06-30": 0, "2013-03-31": "", "2012-12-31": 0, "2012-09-30": 0, "2012-06-30": 0, "2012-03-31": "", "2011-12-31": 0, "2011-09-30": 0, "2011-06-30": 0, "2011-03-31": "", "2010-12-31": 0}, "Net Change In Investments - Total": {"2020-09-30": 11.906, "2020-06-30": 11.955, "2020-03-31": "19.35600", "2019-12-31": -11.983, "2019-09-30": 1.585, "2019-06-30": 7.381, "2019-03-31": "5.90000", "2018-12-31": -16.388, "2018-09-30": -9.958, "2018-06-30": -4.001, "2018-03-31": "29.67000", "2017-12-31": -1.892, "2017-09-30": -7.014, "2017-06-30": -5.546, "2017-03-31": "20.26700", "2016-12-31": -13.11, "2016-09-30": 6.671, "2016-06-30": -12.501, "2016-03-31": "27.65900", "2015-12-31": -11.862, "2015-09-30": -39.578, "2015-06-30": 14.947, "2015-03-31": "11.01200", "2014-12-31": 3.353, "2014-09-30": -37.805, "2014-06-30": 0, "2014-03-31": "8.00000", "2013-12-31": 11.66, "2013-09-30": 5.011, "2013-06-30": 20.576, "2013-03-31": "1.42300", "2012-12-31": 1.334, "2012-09-30": -13.906, "2012-06-30": -34.593, "2012-03-31": "2.33400", "2011-12-31": 2.081, "2011-09-30": 0.309, "2011-06-30": -4.928, "2011-03-31": "0.25800", "2010-12-31": 3.73}, "Investing Activities - Other": {"2020-09-30": 0, "2020-06-30": 0.154, "2020-03-31": "", "2019-12-31": 0, "2019-09-30": 0, "2019-06-30": 0, "2019-03-31": "", "2018-12-31": 0, "2018-09-30": 2.766, "2018-06-30": 0, "2018-03-31": "0.55500", "2017-12-31": 0.95, "2017-09-30": 0.496, "2017-06-30": 2.054, "2017-03-31": "2.56600", "2016-12-31": 0.26, "2016-09-30": -9.645, "2016-06-30": 0, "2016-03-31": "", "2015-12-31": 0, "2015-09-30": 0, "2015-06-30": 0, "2015-03-31": "", "2014-12-31": 0, "2014-09-30": 0, "2014-06-30": 0, "2014-03-31": "", "2013-12-31": 0, "2013-09-30": 0, "2013-06-30": 0, "2013-03-31": "", "2012-12-31": 0, "2012-09-30": 0, "2012-06-30": 0, "2012-03-31": "", "2011-12-31": 0, "2011-09-30": 0, "2011-06-30": 0, "2011-03-31": "", "2010-12-31": 0}, "Cash Flow From Investing Activities": {"2020-09-30": -9.567, "2020-06-30": -2.401, "2020-03-31": "6.99700", "2019-12-31": -235.972, "2019-09-30": -8.421, "2019-06-30": -105.495, "2019-03-31": "0.42300", "2018-12-31": -22.802, "2018-09-30": -13.689, "2018-06-30": -12.073, "2018-03-31": "-202.10000", "2017-12-31": -168.494, "2017-09-30": -18.407, "2017-06-30": -14.108, "2017-03-31": "10.58200", "2016-12-31": -67.498, "2016-09-30": -20.658, "2016-06-30": -20.857, "2016-03-31": "19.82100", "2015-12-31": -30.989, "2015-09-30": -55.708, "2015-06-30": 5.594, "2015-03-31": "-21.68600", "2014-12-31": -32.885, "2014-09-30": -41.458, "2014-06-30": -26.486, "2014-03-31": "5.70900", "2013-12-31": -3.967, "2013-09-30": -22.239, "2013-06-30": 15.803, "2013-03-31": "0.43500", "2012-12-31": -0.686, "2012-09-30": -15.347, "2012-06-30": -35.749, "2012-03-31": "1.04700", "2011-12-31": 0.935, "2011-09-30": -1.319, "2011-06-30": -6.571, "2011-03-31": "-0.39500", "2010-12-31": 0.3}, "Net Long-Term Debt": {"2020-09-30": 0, "2020-06-30": 0, "2020-03-31": "", "2019-12-31": 0, "2019-09-30": 901.293, "2019-06-30": 0, "2019-03-31": "", "2018-12-31": -0.008, "2018-09-30": -0.155, "2018-06-30": -0.004, "2018-03-31": "-0.01200", "2017-12-31": -0.023, "2017-09-30": -0.009, "2017-06-30": -0.008, "2017-03-31": "-0.00800", "2016-12-31": -0.008, "2016-09-30": -0.008, "2016-06-30": -0.008, "2016-03-31": "-0.00800", "2015-12-31": -0.007, "2015-09-30": -0.006, "2015-06-30": 223.512, "2015-03-31": "-0.41500", "2014-12-31": -0.415, "2014-09-30": -0.415, "2014-06-30": -0.414, "2014-03-31": "-0.41100", "2013-12-31": -8.36, "2013-09-30": -0.836, "2013-06-30": -0.423, "2013-03-31": "-0.41400", "2012-12-31": -0.412, "2012-09-30": -0.373, "2012-06-30": -0.156, "2012-03-31": "-0.02800", "2011-12-31": 1.964, "2011-09-30": 1.163, "2011-06-30": 1.673, "2011-03-31": "-0.08300", "2010-12-31": 0}, "Net Current Debt": {"2020-09-30": 0, "2020-06-30": 0, "2020-03-31": "", "2019-12-31": 0, "2019-09-30": 0, "2019-06-30": 0, "2019-03-31": "", "2018-12-31": 0, "2018-09-30": 0, "2018-06-30": 0, "2018-03-31": "", "2017-12-31": 0, "2017-09-30": 0, "2017-06-30": 0, "2017-03-31": "", "2016-12-31": 0, "2016-09-30": 0, "2016-06-30": 0, "2016-03-31": "", "2015-12-31": 0, "2015-09-30": 0, "2015-06-30": 0, "2015-03-31": "", "2014-12-31": 0, "2014-09-30": 0, "2014-06-30": 0, "2014-03-31": "", "2013-12-31": 0, "2013-09-30": 0, "2013-06-30": 0, "2013-03-31": "", "2012-12-31": 0, "2012-09-30": 0, "2012-06-30": 0, "2012-03-31": "", "2011-12-31": 0, "2011-09-30": 0, "2011-06-30": 0, "2011-03-31": "", "2010-12-31": 0}, "Debt Issuance/Retirement Net - Total": {"2020-09-30": 0, "2020-06-30": 0, "2020-03-31": "", "2019-12-31": 0, "2019-09-30": 901.293, "2019-06-30": 0, "2019-03-31": "", "2018-12-31": -0.008, "2018-09-30": -0.155, "2018-06-30": -0.004, "2018-03-31": "-0.01200", "2017-12-31": -0.023, "2017-09-30": -0.009, "2017-06-30": -0.008, "2017-03-31": "-0.00800", "2016-12-31": -0.008, "2016-09-30": -0.008, "2016-06-30": -0.008, "2016-03-31": "-0.00800", "2015-12-31": -0.007, "2015-09-30": -0.006, "2015-06-30": 223.512, "2015-03-31": "-0.41500", "2014-12-31": -0.415, "2014-09-30": -0.415, "2014-06-30": -0.414, "2014-03-31": "-0.41100", "2013-12-31": -8.36, "2013-09-30": -0.836, "2013-06-30": -0.423, "2013-03-31": "-0.41400", "2012-12-31": -0.412, "2012-09-30": -0.373, "2012-06-30": -0.156, "2012-03-31": "-0.02800", "2011-12-31": 1.957, "2011-09-30": 1.163, "2011-06-30": 1.673, "2011-03-31": "-0.08300", "2010-12-31": -0.47}, "Net Common Equity Issued/Repurchased": {"2020-09-30": -13.567, "2020-06-30": 15.577, "2020-03-31": "2.96600", "2019-12-31": 12.573, "2019-09-30": 0.827, "2019-06-30": 13.586, "2019-03-31": "1.10500", "2018-12-31": 11.681, "2018-09-30": 2.897, "2018-06-30": 10.323, "2018-03-31": "2.67800", "2017-12-31": 8.797, "2017-09-30": 3.71, "2017-06-30": 10.893, "2017-03-31": "2.32500", "2016-12-31": 6.633, "2016-09-30": 4.811, "2016-06-30": 8.463, "2016-03-31": "1.87200", "2015-12-31": 6.702, "2015-09-30": 2.205, "2015-06-30": 5.657, "2015-03-31": "4.01900", "2014-12-31": 5.9, "2014-09-30": 3.069, "2014-06-30": 3.94, "2014-03-31": "4.73100", "2013-12-31": 3.413, "2013-09-30": 3.249, "2013-06-30": 5.521, "2013-03-31": "4.18400", "2012-12-31": 4.037, "2012-09-30": 0.345, "2012-06-30": 0.208, "2012-03-31": "1.55300", "2011-12-31": 0.333, "2011-09-30": 0.448, "2011-06-30": 0.264, "2011-03-31": "0.15400", "2010-12-31": 0}, "Net Total Equity Issued/Repurchased": {"2020-09-30": -13.567, "2020-06-30": 15.577, "2020-03-31": "2.96600", "2019-12-31": 12.573, "2019-09-30": 0.827, "2019-06-30": 13.586, "2019-03-31": "1.10500", "2018-12-31": 11.681, "2018-09-30": 2.897, "2018-06-30": 10.323, "2018-03-31": "2.67800", "2017-12-31": 8.797, "2017-09-30": 3.71, "2017-06-30": 10.893, "2017-03-31": "2.32500", "2016-12-31": 6.633, "2016-09-30": 4.811, "2016-06-30": 8.463, "2016-03-31": "1.87200", "2015-12-31": 6.702, "2015-09-30": 2.205, "2015-06-30": 5.657, "2015-03-31": "4.01900", "2014-12-31": 5.9, "2014-09-30": 3.069, "2014-06-30": 3.94, "2014-03-31": "4.73100", "2013-12-31": 199.054, "2013-09-30": 3.249, "2013-06-30": 5.521, "2013-03-31": "4.18400", "2012-12-31": 4.037, "2012-09-30": 0.345, "2012-06-30": 0.208, "2012-03-31": "1.55300", "2011-12-31": 0.324, "2011-09-30": 0.448, "2011-06-30": 0.264, "2011-03-31": "0.15400", "2010-12-31": 2.7}, "Total Common And Preferred Stock Dividends Paid": {"2020-09-30": 0, "2020-06-30": 0, "2020-03-31": "", "2019-12-31": 0, "2019-09-30": 0, "2019-06-30": 0, "2019-03-31": "", "2018-12-31": 0, "2018-09-30": 0, "2018-06-30": 0, "2018-03-31": "", "2017-12-31": 0, "2017-09-30": 0, "2017-06-30": 0, "2017-03-31": "", "2016-12-31": 0, "2016-09-30": 0, "2016-06-30": 0, "2016-03-31": "", "2015-12-31": 0, "2015-09-30": 0, "2015-06-30": 0, "2015-03-31": "", "2014-12-31": 0, "2014-09-30": 0, "2014-06-30": 0, "2014-03-31": "", "2013-12-31": 0, "2013-09-30": 0, "2013-06-30": 0, "2013-03-31": "", "2012-12-31": 0, "2012-09-30": 0, "2012-06-30": 0, "2012-03-31": "", "2011-12-31": 0, "2011-09-30": 0, "2011-06-30": 0, "2011-03-31": "", "2010-12-31": 0}, "Financial Activities - Other": {"2020-09-30": -5.763, "2020-06-30": -7.545, "2020-03-31": "-27.60000", "2019-12-31": -24.416, "2019-09-30": -91.225, "2019-06-30": -10.382, "2019-03-31": "-24.62300", "2018-12-31": -18.739, "2018-09-30": -7.327, "2018-06-30": -14.597, "2018-03-31": "-20.59800", "2017-12-31": -12.534, "2017-09-30": -6.613, "2017-06-30": -12.666, "2017-03-31": "-17.07600", "2016-12-31": -8.573, "2016-09-30": -4.443, "2016-06-30": -5.874, "2016-03-31": "-8.09500", "2015-12-31": -5.652, "2015-09-30": -4.4, "2015-06-30": -4.29, "2015-03-31": "-4.13700", "2014-12-31": -2.331, "2014-09-30": -2.07, "2014-06-30": -0.501, "2014-03-31": "-0.68700", "2013-12-31": -0.099, "2013-09-30": 0, "2013-06-30": 0, "2013-03-31": "", "2012-12-31": -0.117, "2012-09-30": -0.076, "2012-06-30": 68.405, "2012-03-31": "", "2011-12-31": -0.71, "2011-09-30": 0, "2011-06-30": 0, "2011-03-31": "", "2010-12-31": -0.78}, "Cash Flow From Financial Activities": {"2020-09-30": -19.33, "2020-06-30": 8.032, "2020-03-31": "-24.63400", "2019-12-31": -11.843, "2019-09-30": 810.895, "2019-06-30": 3.204, "2019-03-31": "-23.51800", "2018-12-31": -7.066, "2018-09-30": -4.585, "2018-06-30": -4.278, "2018-03-31": "-17.93200", "2017-12-31": -3.76, "2017-09-30": -2.912, "2017-06-30": -1.781, "2017-03-31": "-14.75900", "2016-12-31": -1.948, "2016-09-30": 0.36, "2016-06-30": 2.581, "2016-03-31": "-6.23100", "2015-12-31": 1.043, "2015-09-30": -2.201, "2015-06-30": 224.879, "2015-03-31": "-0.53300", "2014-12-31": 3.154, "2014-09-30": 0.584, "2014-06-30": 3.025, "2014-03-31": "3.63300", "2013-12-31": 190.595, "2013-09-30": 2.413, "2013-06-30": 5.098, "2013-03-31": "3.77000", "2012-12-31": 3.508, "2012-09-30": -0.104, "2012-06-30": 68.457, "2012-03-31": "1.52500", "2011-12-31": 1.581, "2011-09-30": 1.611, "2011-06-30": 1.937, "2011-03-31": "0.07100", "2010-12-31": 1.44}, "Net Cash Flow": {"2020-09-30": 58.15, "2020-06-30": 36.974, "2020-03-31": "73.63000", "2019-12-31": -170.935, "2019-09-30": 870.488, "2019-06-30": -59.008, "2019-03-31": "31.21000", "2018-12-31": 24.811, "2018-09-30": 46.291, "2018-06-30": 13.126, "2018-03-31": "-184.73600", "2017-12-31": -129.697, "2017-09-30": 23.356, "2017-06-30": 11.026, "2017-03-31": "36.43800", "2016-12-31": -28.717, "2016-09-30": 6.922, "2016-06-30": -10.181, "2016-03-31": "31.23600", "2015-12-31": -21.894, "2015-09-30": -33.973, "2015-06-30": 232.139, "2015-03-31": "-10.33200", "2014-12-31": -14.28, "2014-09-30": -32.228, "2014-06-30": -30.402, "2014-03-31": "13.46100", "2013-12-31": 191.958, "2013-09-30": -12.99, "2013-06-30": 20.164, "2013-03-31": "5.40000", "2012-12-31": 7.726, "2012-09-30": -14.629, "2012-06-30": 33.582, "2012-03-31": "2.80800", "2011-12-31": 2.675, "2011-09-30": -0.66, "2011-06-30": -3.569, "2011-03-31": "-0.76600", "2010-12-31": 5.16}, "Stock-Based Compensation": {"2020-09-30": 50.907, "2020-06-30": 36.461, "2020-03-31": "51.56500", "2019-12-31": 43.971, "2019-09-30": 45.683, "2019-06-30": 45.65, "2019-03-31": "41.02100", "2018-12-31": 39.743, "2018-09-30": 38.096, "2018-06-30": 33.797, "2018-03-31": "31.07200", "2017-12-31": 25.245, "2017-09-30": 25.337, "2017-06-30": 24.504, "2017-03-31": "22.37400", "2016-12-31": 21.542, "2016-09-30": 19.963, "2016-06-30": 18.708, "2016-03-31": "18.48300", "2015-12-31": 16.237, "2015-09-30": 16.196, "2015-06-30": 15.235, "2015-03-31": "12.42600", "2014-12-31": 9.207, "2014-09-30": 8.496, "2014-06-30": 7.328, "2014-03-31": "5.97300", "2013-12-31": 5.481, "2013-09-30": 2.379, "2013-06-30": 2.152, "2013-03-31": "2.07100", "2012-12-31": 1.938, "2012-09-30": 1.947, "2012-06-30": 1.935, "2012-03-31": "1.50100", "2011-12-31": 1.257, "2011-09-30": 1.121, "2011-06-30": 1.113, "2011-03-31": "1.05700", "2010-12-31": 0}, "Common Stock Dividends Paid": {"2020-09-30": 0, "2020-06-30": 0, "2020-03-31": "", "2019-12-31": 0, "2019-09-30": 0, "2019-06-30": 0, "2019-03-31": "", "2018-12-31": 0, "2018-09-30": 0, "2018-06-30": 0, "2018-03-31": "", "2017-12-31": 0, "2017-09-30": 0, "2017-06-30": 0, "2017-03-31": "", "2016-12-31": 0, "2016-09-30": 0, "2016-06-30": 0, "2016-03-31": "", "2015-12-31": 0, "2015-09-30": 0, "2015-06-30": 0, "2015-03-31": "", "2014-12-31": 0, "2014-09-30": 0, "2014-06-30": 0, "2014-03-31": "", "2013-12-31": 0, "2013-09-30": 0, "2013-06-30": 0, "2013-03-31": "", "2012-12-31": 0, "2012-09-30": 0, "2012-06-30": 0, "2012-03-31": "", "2011-12-31": 0, "2011-09-30": 0, "2011-06-30": 0, "2011-03-31": "", "2010-12-31": 0}}, "financial ratios": {"Current Ratio": {"2019-12-31": "1.59360", "2018-12-31": "0.80960", "2017-12-31": "1.09840", "2016-12-31": "1.56870", "2015-12-31": "2.10680", "2014-12-31": "1.68200", "2013-12-31": "2.44060", "2012-12-31": "1.38490", "2011-12-31": "0.49850", "2010-12-31": ""}, "Long-term Debt / Capital": {"2019-12-31": "0.55850", "2018-12-31": "", "2017-12-31": "0.39820", "2016-12-31": "0.89080", "2015-12-31": "0.80610", "2014-12-31": "0.74080", "2013-12-31": "0.66570", "2012-12-31": "0.06510", "2011-12-31": "-0.19690", "2010-12-31": ""}, "Debt/Equity Ratio": {"2019-12-31": "1.26520", "2018-12-31": "", "2017-12-31": "0.66180", "2016-12-31": "8.16210", "2015-12-31": "4.15760", "2014-12-31": "2.87020", "2013-12-31": "2.01240", "2012-12-31": "0.11870", "2011-12-31": "-0.18150", "2010-12-31": ""}, "Gross Margin": {"2019-12-31": "73.40500", "2018-12-31": "71.86020", "2017-12-31": "72.41040", "2016-12-31": "71.29730", "2015-12-31": "68.32750", "2014-12-31": "66.42300", "2013-12-31": "69.86760", "2012-12-31": "68.84800", "2011-12-31": "63.67210", "2010-12-31": "55.84970"}, "Operating Margin": {"2019-12-31": "-11.81400", "2018-12-31": "-14.18580", "2017-12-31": "-10.56970", "2016-12-31": "-18.72930", "2015-12-31": "-29.44650", "2014-12-31": "-24.02110", "2013-12-31": "-21.37520", "2012-12-31": "-18.41760", "2011-12-31": "-23.93020", "2010-12-31": "-30.90600"}, "EBIT Margin": {"2019-12-31": "-11.81400", "2018-12-31": "-14.18580", "2017-12-31": "-10.56970", "2016-12-31": "-18.72930", "2015-12-31": "-29.44650", "2014-12-31": "-24.02110", "2013-12-31": "-21.37520", "2012-12-31": "-18.41760", "2011-12-31": "-23.93020", "2010-12-31": "-30.90600"}, "EBITDA Margin": {"2019-12-31": "6.85250", "2018-12-31": "2.41300", "2017-12-31": "7.20330", "2016-12-31": "1.12020", "2015-12-31": "-6.18620", "2014-12-31": "-10.43470", "2013-12-31": "-13.79460", "2012-12-31": "-11.16420", "2011-12-31": "-14.54090", "2010-12-31": "-19.10940"}, "Pre-Tax Profit Margin": {"2019-12-31": "-12.42390", "2018-12-31": "-16.31550", "2017-12-31": "-15.34630", "2016-12-31": "-25.24230", "2015-12-31": "-36.95480", "2014-12-31": "-30.89360", "2013-12-31": "-21.99580", "2012-12-31": "-18.66410", "2011-12-31": "-24.15870", "2010-12-31": "-31.82900"}, "Net Profit Margin": {"2019-12-31": "-14.66630", "2018-12-31": "-14.47000", "2017-12-31": "-13.43170", "2016-12-31": "-25.50290", "2015-12-31": "-37.19410", "2014-12-31": "-30.73360", "2013-12-31": "-19.96000", "2012-12-31": "-19.15420", "2011-12-31": "-24.61080", "2010-12-31": "-32.20400"}, "Asset Turnover": {"2019-12-31": "0.38000", "2018-12-31": "0.58150", "2017-12-31": "0.51030", "2016-12-31": "0.47190", "2015-12-31": "0.37610", "2014-12-31": "0.46130", "2013-12-31": "0.35320", "2012-12-31": "0.75690", "2011-12-31": "1.20440", "2010-12-31": ""}, "Inventory Turnover Ratio": {"2019-12-31": "189.12250", "2018-12-31": "419.46150", "2017-12-31": "196.40820", "2016-12-31": "181.59370", "2015-12-31": "173.31550", "2014-12-31": "131.62120", "2013-12-31": "48.32790", "2012-12-31": "58.40040", "2011-12-31": "40.78190", "2010-12-31": ""}, "Receiveable Turnover": {"2019-12-31": "3.34230", "2018-12-31": "3.59950", "2017-12-31": "4.82540", "2016-12-31": "5.18620", "2015-12-31": "4.86770", "2014-12-31": "4.78120", "2013-12-31": "5.26030", "2012-12-31": "5.86780", "2011-12-31": "5.18320", "2010-12-31": ""}, "Days Sales In Receivables": {"2019-12-31": "109.20580", "2018-12-31": "101.40370", "2017-12-31": "75.64070", "2016-12-31": "70.37940", "2015-12-31": "74.98400", "2014-12-31": "76.34120", "2013-12-31": "69.38730", "2012-12-31": "62.20400", "2011-12-31": "70.41940", "2010-12-31": ""}, "ROE - Return On Equity": {"2019-12-31": "-21.98580", "2018-12-31": "-20.24240", "2017-12-31": "-23.33620", "2016-12-31": "-214.78300", "2015-12-31": "-118.66560", "2014-12-31": "-106.45260", "2013-12-31": "-35.68040", "2012-12-31": "-60.22240", "2011-12-31": "14.66430", "2010-12-31": ""}, "Return On Tangible Equity": {"2019-12-31": "46.35050", "2018-12-31": "122.72750", "2017-12-31": "74.10690", "2016-12-31": "52.42290", "2015-12-31": "107.39610", "2014-12-31": "76.95760", "2013-12-31": "287.38010", "2012-12-31": "-165.01880", "2011-12-31": "38.59760", "2010-12-31": ""}, "ROA - Return On Assets": {"2019-12-31": "-5.57280", "2018-12-31": "-8.41420", "2017-12-31": "-6.85390", "2016-12-31": "-12.03590", "2015-12-31": "-13.98950", "2014-12-31": "-14.17800", "2013-12-31": "-7.04910", "2012-12-31": "-14.49720", "2011-12-31": "-29.64000", "2010-12-31": ""}, "ROI - Return On Investment": {"2019-12-31": "-9.70590", "2018-12-31": "-20.24240", "2017-12-31": "-14.04390", "2016-12-31": "-23.44450", "2015-12-31": "-23.00940", "2014-12-31": "-27.59320", "2013-12-31": "-11.92940", "2012-12-31": "-56.30220", "2011-12-31": "87.86760", "2010-12-31": ""}, "Book Value Per Share": {"2019-12-31": "10.43420", "2018-12-31": "9.29360", "2017-12-31": "5.94370", "2016-12-31": "1.04440", "2015-12-31": "2.03690", "2014-12-31": "1.46060", "2013-12-31": "2.13500", "2012-12-31": "1.02310", "2011-12-31": "-5.53030", "2010-12-31": ""}, "Operating Cash Flow Per Share": {"2019-12-31": 0.7929, "2018-12-31": 0.0727, "2017-12-31": 1.2213, "2016-12-31": 1.0824, "2015-12-31": 0.5639, "2014-12-31": 0.2429, "2013-12-31": 0.0778, "2012-12-31": 0.3261, "2011-12-31": -0.9955, "2010-12-31": 0.9536}, "Free Cash Flow Per Share": {"2019-12-31": 0.7298, "2018-12-31": 0.5672, "2017-12-31": 0.9822, "2016-12-31": 0.9096, "2015-12-31": 0.3157, "2014-12-31": 0.0618, "2013-12-31": 0.1035, "2012-12-31": 1.3116, "2011-12-31": -1.2684, "2010-12-31": -0.0045}}, "financial ratios, quarterly": {"Current Ratio": {"2020-09-30": "1.64150", "2020-06-30": "1.65060", "2020-03-31": "1.61470", "2019-12-31": "1.59360", "2019-09-30": "1.92930", "2019-06-30": "0.66530", "2019-03-31": "0.79240", "2018-12-31": "0.80960", "2018-09-30": "0.71760", "2018-06-30": "0.64930", "2018-03-31": "0.60400", "2017-12-31": "1.09840", "2017-09-30": "1.51110", "2017-06-30": "1.53190", "2017-03-31": "1.55920", "2016-12-31": "1.56870", "2016-09-30": "1.73630", "2016-06-30": "1.88010", "2016-03-31": "2.00670", "2015-12-31": "2.10680", "2015-09-30": "2.28540", "2015-06-30": "2.58400", "2015-03-31": "1.48140", "2014-12-31": "1.68200", "2014-09-30": "1.95910", "2014-06-30": "2.11820", "2014-03-31": "2.38660", "2013-12-31": "2.44060", "2013-09-30": "1.01100", "2013-06-30": "1.33750", "2013-03-31": "1.38850", "2012-12-31": "1.38490", "2012-09-30": "1.42690", "2012-06-30": "1.44650", "2012-03-31": "0.48620", "2011-12-31": "0.49850", "2011-09-30": "", "2011-06-30": "", "2011-03-31": "", "2010-12-31": ""}, "Long-term Debt / Capital": {"2020-09-30": "0.57390", "2020-06-30": "0.57080", "2020-03-31": "0.57590", "2019-12-31": "0.55850", "2019-09-30": "0.55490", "2019-06-30": "", "2019-03-31": "", "2018-12-31": "", "2018-09-30": "0.00010", "2018-06-30": "0.40720", "2018-03-31": "0.39820", "2017-12-31": "0.39820", "2017-09-30": "0.92040", "2017-06-30": "0.91790", "2017-03-31": "0.91010", "2016-12-31": "0.89080", "2016-09-30": "0.87820", "2016-06-30": "0.87480", "2016-03-31": "0.83360", "2015-12-31": "0.80610", "2015-09-30": "0.81710", "2015-06-30": "0.78430", "2015-03-31": "0.77380", "2014-12-31": "0.74080", "2014-09-30": "0.72240", "2014-06-30": "0.69580", "2014-03-31": "0.67940", "2013-12-31": "0.66570", "2013-09-30": "0.02850", "2013-06-30": "0.03730", "2013-03-31": "0.05430", "2012-12-31": "0.06510", "2012-09-30": "0.07630", "2012-06-30": "0.08080", "2012-03-31": "-0.16490", "2011-12-31": "-0.19690", "2011-09-30": "", "2011-06-30": "", "2011-03-31": "", "2010-12-31": ""}, "Debt/Equity Ratio": {"2020-09-30": "1.34690", "2020-06-30": "1.32970", "2020-03-31": "1.35790", "2019-12-31": "1.26520", "2019-09-30": "1.24660", "2019-06-30": "", "2019-03-31": "", "2018-12-31": "", "2018-09-30": "0.00010", "2018-06-30": "0.68710", "2018-03-31": "0.66180", "2017-12-31": "0.66180", "2017-09-30": "11.56520", "2017-06-30": "11.18070", "2017-03-31": "10.13000", "2016-12-31": "8.16210", "2016-09-30": "7.21220", "2016-06-30": "6.98620", "2016-03-31": "5.00890", "2015-12-31": "4.15760", "2015-09-30": "4.46780", "2015-06-30": "3.63660", "2015-03-31": "3.42680", "2014-12-31": "2.87020", "2014-09-30": "2.61980", "2014-06-30": "2.30930", "2014-03-31": "2.14210", "2013-12-31": "2.01240", "2013-09-30": "0.07340", "2013-06-30": "0.08130", "2013-03-31": "0.10650", "2012-12-31": "0.11870", "2012-09-30": "0.13200", "2012-06-30": "0.13400", "2012-03-31": "-0.17000", "2011-12-31": "-0.18150", "2011-09-30": "", "2011-06-30": "", "2011-03-31": "", "2010-12-31": ""}, "Gross Margin": {"2020-09-30": "74.15490", "2020-06-30": "73.85250", "2020-03-31": "72.40270", "2019-12-31": "74.01220", "2019-09-30": "73.66540", "2019-06-30": "73.03290", "2019-03-31": "72.77830", "2018-12-31": "73.29940", "2018-09-30": "72.34380", "2018-06-30": "70.45990", "2018-03-31": "71.03490", "2017-12-31": "72.43510", "2017-09-30": "73.26300", "2017-06-30": "71.82890", "2017-03-31": "72.00160", "2016-12-31": "72.79330", "2016-09-30": "72.66100", "2016-06-30": "70.34840", "2016-03-31": "68.57840", "2015-12-31": "68.11810", "2015-09-30": "69.55270", "2015-06-30": "68.80370", "2015-03-31": "66.60840", "2014-12-31": "65.40020", "2014-09-30": "65.68540", "2014-06-30": "67.10850", "2014-03-31": "67.89290", "2013-12-31": "68.97670", "2013-09-30": "70.01420", "2013-06-30": "70.21710", "2013-03-31": "70.52400", "2012-12-31": "71.26250", "2012-09-30": "69.98230", "2012-06-30": "67.73700", "2012-03-31": "65.96130", "2011-12-31": "65.88520", "2011-09-30": "64.61490", "2011-06-30": "63.12370", "2011-03-31": "60.60380", "2010-12-31": ""}, "Operating Margin": {"2020-09-30": "-7.91620", "2020-06-30": "-4.19060", "2020-03-31": "-16.72270", "2019-12-31": "-9.36990", "2019-09-30": "-10.75090", "2019-06-30": "-13.65980", "2019-03-31": "-13.98660", "2018-12-31": "-10.60010", "2018-09-30": "-14.41970", "2018-06-30": "-17.66630", "2018-03-31": "-14.61890", "2017-12-31": "-7.99550", "2017-09-30": "-10.09460", "2017-06-30": "-13.74700", "2017-03-31": "-11.02950", "2016-12-31": "-1.28140", "2016-09-30": "-11.87470", "2016-06-30": "-35.59910", "2016-03-31": "-32.40510", "2015-12-31": "-28.08420", "2015-09-30": "-29.67070", "2015-06-30": "-30.00980", "2015-03-31": "-30.32560", "2014-12-31": "-18.36320", "2014-09-30": "-26.24080", "2014-06-30": "-26.26620", "2014-03-31": "-26.41210", "2013-12-31": "-26.94860", "2013-09-30": "-21.22430", "2013-06-30": "-16.52370", "2013-03-31": "-19.16530", "2012-12-31": "-18.68830", "2012-09-30": "-16.89190", "2012-06-30": "-19.52360", "2012-03-31": "-18.61570", "2011-12-31": "-26.92260", "2011-09-30": "-20.39930", "2011-06-30": "-21.47890", "2011-03-31": "-26.89950", "2010-12-31": ""}, "EBIT Margin": {"2020-09-30": "-7.91620", "2020-06-30": "-4.19060", "2020-03-31": "-16.72270", "2019-12-31": "-9.36990", "2019-09-30": "-10.75090", "2019-06-30": "-13.65980", "2019-03-31": "-13.98660", "2018-12-31": "-10.60010", "2018-09-30": "-14.41970", "2018-06-30": "-17.66630", "2018-03-31": "-14.61890", "2017-12-31": "-7.99550", "2017-09-30": "-10.09460", "2017-06-30": "-13.74700", "2017-03-31": "-11.02950", "2016-12-31": "-1.28140", "2016-09-30": "-11.87470", "2016-06-30": "-35.59910", "2016-03-31": "-32.40510", "2015-12-31": "-28.08420", "2015-09-30": "-29.67070", "2015-06-30": "-30.00980", "2015-03-31": "-30.32560", "2014-12-31": "-18.36320", "2014-09-30": "-26.24080", "2014-06-30": "-26.26620", "2014-03-31": "-26.41210", "2013-12-31": "-26.94860", "2013-09-30": "-21.22430", "2013-06-30": "-16.52370", "2013-03-31": "-19.16530", "2012-12-31": "-18.68830", "2012-09-30": "-16.89190", "2012-06-30": "-19.52360", "2012-03-31": "-18.61570", "2011-12-31": "-26.92260", "2011-09-30": "-20.39930", "2011-06-30": "-21.47890", "2011-03-31": "-26.89950", "2010-12-31": ""}, "EBITDA Margin": {"2020-09-30": "", "2020-06-30": "", "2020-03-31": "", "2019-12-31": "", "2019-09-30": "", "2019-06-30": "", "2019-03-31": "", "2018-12-31": "", "2018-09-30": "", "2018-06-30": "", "2018-03-31": "", "2017-12-31": "", "2017-09-30": "", "2017-06-30": "", "2017-03-31": "", "2016-12-31": "", "2016-09-30": "", "2016-06-30": "", "2016-03-31": "", "2015-12-31": "", "2015-09-30": "", "2015-06-30": "", "2015-03-31": "", "2014-12-31": "", "2014-09-30": "", "2014-06-30": "", "2014-03-31": "", "2013-12-31": "", "2013-09-30": "", "2013-06-30": "", "2013-03-31": "", "2012-12-31": "", "2012-09-30": "", "2012-06-30": "", "2012-03-31": "", "2011-12-31": "", "2011-09-30": "", "2011-06-30": "", "2011-03-31": "", "2010-12-31": ""}, "Pre-Tax Profit Margin": {"2020-09-30": "-11.37550", "2020-06-30": "-8.10060", "2020-03-31": "-18.44390", "2019-12-31": "-11.54050", "2019-09-30": "-11.41850", "2019-06-30": "-13.35250", "2019-03-31": "-13.62890", "2018-12-31": "-10.32300", "2018-09-30": "-19.58960", "2018-06-30": "-19.88890", "2018-03-31": "-16.14420", "2017-12-31": "-13.54960", "2017-09-30": "-13.73570", "2017-06-30": "-18.37290", "2017-03-31": "-16.30040", "2016-12-31": "-7.28620", "2016-09-30": "-18.03600", "2016-06-30": "-42.39630", "2016-03-31": "-39.74410", "2015-12-31": "-36.36290", "2015-09-30": "-38.74970", "2015-06-30": "-35.37910", "2015-03-31": "-37.30760", "2014-12-31": "-24.92260", "2014-09-30": "-34.17940", "2014-06-30": "-32.28160", "2014-03-31": "-33.37160", "2013-12-31": "-28.63580", "2013-09-30": "-20.23590", "2013-06-30": "-17.00440", "2013-03-31": "-20.31920", "2012-12-31": "-18.86980", "2012-09-30": "-16.51530", "2012-06-30": "-20.37540", "2012-03-31": "-18.98530", "2011-12-31": "-27.49990", "2011-09-30": "-20.89230", "2011-06-30": "-21.56940", "2011-03-31": "-26.51080", "2010-12-31": ""}, "Net Profit Margin": {"2020-09-30": "-11.95300", "2020-06-30": "-8.74290", "2020-03-31": "-29.72170", "2019-12-31": "-11.80390", "2019-09-30": "-19.50000", "2019-06-30": "-13.48310", "2019-03-31": "-13.93440", "2018-12-31": "-10.69890", "2018-09-30": "-19.57880", "2018-06-30": "-19.95520", "2018-03-31": "-7.48240", "2017-12-31": "-4.45620", "2017-09-30": "-14.46100", "2017-06-30": "-19.18880", "2017-03-31": "-17.54050", "2016-12-31": "-7.44490", "2016-09-30": "-18.40680", "2016-06-30": "-42.60210", "2016-03-31": "-40.06940", "2015-12-31": "-36.55240", "2015-09-30": "-39.06640", "2015-06-30": "-35.55530", "2015-03-31": "-37.58810", "2014-12-31": "-23.58260", "2014-09-30": "-34.47560", "2014-06-30": "-32.59840", "2014-03-31": "-33.70880", "2013-12-31": "-29.10110", "2013-09-30": "-20.83590", "2013-06-30": "-6.48820", "2013-03-31": "-20.78080", "2012-12-31": "-19.18740", "2012-09-30": "-16.95470", "2012-06-30": "-21.26970", "2012-03-31": "-19.30620", "2011-12-31": "-28.31520", "2011-09-30": "-21.05340", "2011-06-30": "-21.72030", "2011-03-31": "-27.07520", "2010-12-31": ""}, "Asset Turnover": {"2020-09-30": "0.11130", "2020-06-30": "0.11060", "2020-03-31": "0.10870", "2019-12-31": "0.10410", "2019-09-30": "0.10300", "2019-06-30": "0.16370", "2019-03-31": "0.15990", "2018-12-31": "0.16100", "2018-09-30": "0.16190", "2018-06-30": "0.15860", "2018-03-31": "0.15360", "2017-12-31": "0.14430", "2017-09-30": "0.15200", "2017-06-30": "0.14560", "2017-03-31": "0.14310", "2016-12-31": "0.13680", "2016-09-30": "0.13150", "2016-06-30": "0.12550", "2016-03-31": "0.11140", "2015-12-31": "0.10620", "2015-09-30": "0.10360", "2015-06-30": "0.09670", "2015-03-31": "0.13560", "2014-12-31": "0.13250", "2014-09-30": "0.12400", "2014-06-30": "0.11800", "2014-03-31": "0.10860", "2013-12-31": "0.10460", "2013-09-30": "0.20800", "2013-06-30": "0.20550", "2013-03-31": "0.21050", "2012-12-31": "0.20400", "2012-09-30": "0.20240", "2012-06-30": "0.20110", "2012-03-31": "0.38030", "2011-12-31": "0.33390", "2011-09-30": "", "2011-06-30": "", "2011-03-31": "", "2010-12-31": ""}, "Inventory Turnover Ratio": {"2020-09-30": "199.77100", "2020-06-30": "184.12810", "2020-03-31": "182.84090", "2019-12-31": "50.65010", "2019-09-30": "140.89650", "2019-06-30": "162.43820", "2019-03-31": "90.26630", "2018-12-31": "110.17670", "2018-09-30": "136.92740", "2018-06-30": "126.93000", "2018-03-31": "78.03820", "2017-12-31": "55.47670", "2017-09-30": "78.79870", "2017-06-30": "69.40240", "2017-03-31": "68.59320", "2016-12-31": "49.88460", "2016-09-30": "63.44190", "2016-06-30": "88.27150", "2016-03-31": "42.65290", "2015-12-31": "49.26190", "2015-09-30": "25.12410", "2015-06-30": "45.57240", "2015-03-31": "45.27700", "2014-12-31": "38.96390", "2014-09-30": "13.30050", "2014-06-30": "11.36340", "2014-03-31": "10.57950", "2013-12-31": "14.73140", "2013-09-30": "24.11660", "2013-06-30": "17.48890", "2013-03-31": "22.11710", "2012-12-31": "14.52030", "2012-09-30": "9.05350", "2012-06-30": "16.54150", "2012-03-31": "16.96360", "2011-12-31": "10.65840", "2011-09-30": "", "2011-06-30": "", "2011-03-31": "", "2010-12-31": ""}, "Receiveable Turnover": {"2020-09-30": "1.47400", "2020-06-30": "1.49310", "2020-03-31": "1.45150", "2019-12-31": "0.91600", "2019-09-30": "1.11040", "2019-06-30": "1.25400", "2019-03-31": "1.24400", "2018-12-31": "0.99640", "2018-09-30": "1.28030", "2018-06-30": "1.22210", "2018-03-31": "1.36480", "2017-12-31": "1.36420", "2017-09-30": "1.47230", "2017-06-30": "1.62030", "2017-03-31": "1.85180", "2016-12-31": "1.50300", "2016-09-30": "1.44270", "2016-06-30": "1.55660", "2016-03-31": "1.42570", "2015-12-31": "1.37450", "2015-09-30": "1.80090", "2015-06-30": "1.43450", "2015-03-31": "1.79690", "2014-12-31": "1.37350", "2014-09-30": "1.53530", "2014-06-30": "1.76600", "2014-03-31": "1.91100", "2013-12-31": "1.55740", "2013-09-30": "1.57680", "2013-06-30": "1.51170", "2013-03-31": "1.49750", "2012-12-31": "1.58150", "2012-09-30": "1.58560", "2012-06-30": "2.12000", "2012-03-31": "1.71750", "2011-12-31": "1.43710", "2011-09-30": "", "2011-06-30": "", "2011-03-31": "", "2010-12-31": ""}, "Days Sales In Receivables": {"2020-09-30": "61.05790", "2020-06-30": "60.27650", "2020-03-31": "62.00560", "2019-12-31": "98.24910", "2019-09-30": "81.04850", "2019-06-30": "71.76780", "2019-03-31": "72.35010", "2018-12-31": "90.32420", "2018-09-30": "70.29740", "2018-06-30": "73.64630", "2018-03-31": "65.94510", "2017-12-31": "65.97270", "2017-09-30": "61.12750", "2017-06-30": "55.54610", "2017-03-31": "48.60010", "2016-12-31": "59.87990", "2016-09-30": "62.38510", "2016-06-30": "57.81770", "2016-03-31": "63.12750", "2015-12-31": "65.47970", "2015-09-30": "49.97510", "2015-06-30": "62.73910", "2015-03-31": "50.08640", "2014-12-31": "65.52440", "2014-09-30": "58.62140", "2014-06-30": "50.96280", "2014-03-31": "47.09700", "2013-12-31": "57.78800", "2013-09-30": "57.07590", "2013-06-30": "59.53620", "2013-03-31": "60.10140", "2012-12-31": "56.90780", "2012-09-30": "56.76010", "2012-06-30": "42.45190", "2012-03-31": "52.40100", "2011-12-31": "62.62440", "2011-09-30": "", "2011-06-30": "", "2011-03-31": "", "2010-12-31": ""}, "ROE - Return On Equity": {"2020-09-30": "-5.54010", "2020-06-30": "-3.92020", "2020-03-31": "-13.29990", "2019-12-31": "-4.84960", "2019-09-30": "-7.45550", "2019-06-30": "-5.50420", "2019-03-31": "-5.57630", "2018-12-31": "-4.14310", "2018-09-30": "-7.15690", "2018-06-30": "-11.54670", "2018-03-31": "-4.00270", "2017-12-31": "-2.18880", "2017-09-30": "-59.08380", "2017-06-30": "-69.58170", "2017-03-31": "-55.22480", "2016-12-31": "-18.17110", "2016-09-30": "-36.65920", "2016-06-30": "-75.13980", "2016-03-31": "-45.18150", "2015-12-31": "-32.92900", "2015-09-30": "-35.41150", "2015-06-30": "-24.47360", "2015-03-31": "-45.32300", "2014-12-31": "-23.46610", "2014-09-30": "-28.30820", "2014-06-30": "-22.00260", "2014-03-31": "-19.64090", "2013-12-31": "-15.40180", "2013-09-30": "-18.99690", "2013-06-30": "-5.24140", "2013-03-31": "-18.92480", "2012-12-31": "-16.25950", "2012-09-30": "-13.70090", "2012-06-30": "-15.41770", "2012-03-31": "3.41840", "2011-12-31": "4.67790", "2011-09-30": "", "2011-06-30": "", "2011-03-31": "", "2010-12-31": ""}, "Return On Tangible Equity": {"2020-09-30": "12.35920", "2020-06-30": "8.31920", "2020-03-31": "24.71400", "2019-12-31": "10.22410", "2019-09-30": "60.65400", "2019-06-30": "18.76710", "2019-03-31": "36.96040", "2018-12-31": "25.11950", "2018-09-30": "34.67810", "2018-06-30": "10.65450", "2018-03-31": "3.72320", "2017-12-31": "6.95080", "2017-09-30": "10.60780", "2017-06-30": "12.57160", "2017-03-31": "10.78420", "2016-12-31": "4.43510", "2016-09-30": "13.78190", "2016-06-30": "32.63770", "2016-03-31": "31.14830", "2015-12-31": "29.80180", "2015-09-30": "30.19440", "2015-06-30": "33.14510", "2015-03-31": "18.74160", "2014-12-31": "16.96430", "2014-09-30": "40.50960", "2014-06-30": "40.03760", "2014-03-31": "125.29390", "2013-12-31": "124.05020", "2013-09-30": "48.86820", "2013-06-30": "-15.13490", "2013-03-31": "-50.27920", "2012-12-31": "-44.55350", "2012-09-30": "-39.47050", "2012-06-30": "-40.88920", "2012-03-31": "9.03650", "2011-12-31": "12.31270", "2011-09-30": "", "2011-06-30": "", "2011-03-31": "", "2010-12-31": ""}, "ROA - Return On Assets": {"2020-09-30": "-1.33020", "2020-06-30": "-0.96680", "2020-03-31": "-3.23010", "2019-12-31": "-1.22930", "2019-09-30": "-2.00810", "2019-06-30": "-2.20730", "2019-03-31": "-2.22800", "2018-12-31": "-1.72220", "2018-09-30": "-3.16950", "2018-06-30": "-3.16430", "2018-03-31": "-1.14930", "2017-12-31": "-0.64290", "2017-09-30": "-2.19800", "2017-06-30": "-2.79470", "2017-03-31": "-2.51040", "2016-12-31": "-1.01830", "2016-09-30": "-2.42040", "2016-06-30": "-5.34790", "2016-03-31": "-4.46460", "2015-12-31": "-3.88200", "2015-09-30": "-4.04820", "2015-06-30": "-3.43800", "2015-03-31": "-5.09720", "2014-12-31": "-3.12540", "2014-09-30": "-4.27500", "2014-06-30": "-3.84570", "2014-03-31": "-3.66220", "2013-12-31": "-3.04280", "2013-09-30": "-4.33380", "2013-06-30": "-1.33360", "2013-03-31": "-4.37460", "2012-12-31": "-3.91410", "2012-09-30": "-3.43130", "2012-06-30": "-4.27750", "2012-03-31": "-7.34300", "2011-12-31": "-9.45520", "2011-09-30": "", "2011-06-30": "", "2011-03-31": "", "2010-12-31": ""}, "ROI - Return On Investment": {"2020-09-30": "-2.36060", "2020-06-30": "-1.68270", "2020-03-31": "-5.64050", "2019-12-31": "-2.14090", "2019-09-30": "-3.31860", "2019-06-30": "-5.50420", "2019-03-31": "-5.57630", "2018-12-31": "-4.14310", "2018-09-30": "-7.15650", "2018-06-30": "-6.84470", "2018-03-31": "-2.40880", "2017-12-31": "-1.31720", "2017-09-30": "-4.70260", "2017-06-30": "-5.71290", "2017-03-31": "-4.96220", "2016-12-31": "-1.98350", "2016-09-30": "-4.46430", "2016-06-30": "-9.40950", "2016-03-31": "-7.51970", "2015-12-31": "-6.38500", "2015-09-30": "-6.47680", "2015-06-30": "-5.27840", "2015-03-31": "-10.25180", "2014-12-31": "-6.08260", "2014-09-30": "-7.85980", "2014-06-30": "-6.69360", "2014-03-31": "-6.29620", "2013-12-31": "-5.14940", "2013-09-30": "-18.45560", "2013-06-30": "-5.04610", "2013-03-31": "-17.89750", "2012-12-31": "-15.20100", "2012-09-30": "-12.65610", "2012-06-30": "-14.17160", "2012-03-31": "19.00590", "2011-12-31": "28.02980", "2011-09-30": "", "2011-06-30": "", "2011-03-31": "", "2010-12-31": ""}, "Book Value Per Share": {"2020-09-30": "9.98390", "2020-06-30": "10.00850", "2020-03-31": "9.74810", "2019-12-31": "10.43420", "2019-09-30": "10.58160", "2019-06-30": "9.37290", "2019-03-31": "9.11960", "2018-12-31": "9.29360", "2018-09-30": "9.24780", "2018-06-30": "5.80280", "2018-03-31": "5.98550", "2017-12-31": "5.94370", "2017-09-30": "0.73690", "2017-06-30": "0.76160", "2017-03-31": "0.84190", "2016-12-31": "1.04440", "2016-09-30": "1.18200", "2016-06-30": "1.21520", "2016-03-31": "1.69180", "2015-12-31": "2.03690", "2015-09-30": "1.89190", "2015-06-30": "2.31400", "2015-03-31": "1.21780", "2014-12-31": "1.46060", "2014-09-30": "1.61800", "2014-06-30": "1.84300", "2014-03-31": "1.98480", "2013-12-31": "2.13500", "2013-09-30": "1.05750", "2013-06-30": "1.12180", "2013-03-31": "0.99210", "2012-12-31": "1.02310", "2012-09-30": "1.05110", "2012-06-30": "1.12560", "2012-03-31": "-5.87200", "2011-12-31": "-5.53030", "2011-09-30": "", "2011-06-30": "", "2011-03-31": "", "2010-12-31": ""}, "Operating Cash Flow Per Share": {"2020-09-30": 1.4838, "2020-06-30": 0.5225, "2020-03-31": "1.61780", "2019-12-31": 1.3726, "2019-09-30": 1.217, "2019-06-30": 0.7708, "2019-03-31": "0.97770", "2018-12-31": 1.06, "2018-09-30": 1.2093, "2018-06-30": 0.5844, "2018-03-31": "0.69150", "2017-12-31": 0.9697, "2017-09-30": 0.9773, "2017-06-30": 0.5894, "2017-03-31": "0.93610", "2016-12-31": 0.9926, "2016-09-30": 0.6406, "2016-06-30": 0.1941, "2016-03-31": "0.42390", "2015-12-31": 0.2134, "2015-09-30": 0.5991, "2015-06-30": 0.0348, "2015-03-31": "0.32150", "2014-12-31": 0.4498, "2014-09-30": 0.2311, "2014-06-30": -0.1887, "2014-03-31": "0.11270", "2013-12-31": 0.1562, "2013-09-30": 0.1926, "2013-06-30": -0.0225, "2013-03-31": "0.03570", "2012-12-31": 0.2235, "2012-09-30": 0.0183, "2012-06-30": 0.0004, "2012-03-31": "0.04200", "2011-12-31": 0.0434, "2011-09-30": -0.2407, "2011-06-30": 0.2747, "2011-03-31": "-0.11530", "2010-12-31": 0}, "Free Cash Flow Per Share": {"2020-09-30": 1.113, "2020-06-30": 0.3184, "2020-03-31": "1.40090", "2019-12-31": 1.1689, "2019-09-30": 1.0395, "2019-06-30": 0.6214, "2019-03-31": "0.87870", "2018-12-31": 0.9363, "2018-09-30": 1.0927, "2018-06-30": 0.4273, "2018-03-31": "0.52240", "2017-12-31": 0.6912, "2017-09-30": 0.7158, "2017-06-30": 0.3518, "2017-03-31": "0.65270", "2016-12-31": 0.7769, "2016-09-30": 0.4237, "2016-06-30": -0.0044, "2016-03-31": "0.23310", "2015-12-31": 0.0166, "2015-09-30": 0.4103, "2015-06-30": -0.111, "2015-03-31": "0.20380", "2014-12-31": 0.3257, "2014-09-30": 0.1166, "2014-06-30": -0.2883, "2014-03-31": "0.05000", "2013-12-31": 0.0634, "2013-09-30": 0.123, "2013-06-30": -0.0504, "2013-03-31": "0.00620", "2012-12-31": 0.1, "2012-09-30": -0.0104, "2012-06-30": 0.1361, "2012-03-31": "-0.18700", "2011-12-31": -0.1936, "2011-09-30": -1.1295, "2011-06-30": 0.4042, "2011-03-31": "-0.28580", "2010-12-31": 0}}, "revenue": {"Proofpoint Annual Revenue (Millions of US $)": {"2019": "$888", "2018": "$717", "2017": "$520", "2016": "$378", "2015": "$265", "2014": "$196", "2013": "$138", "2012": "$106", "2011": "$82", "2010": "$65"}, "Proofpoint Quarterly Revenue (Millions of US $)": {"2020-09-30": "$267", "2020-06-30": "$258", "2020-03-31": "$250", "2019-12-31": "$243", "2019-09-30": "$227", "2019-06-30": "$214", "2019-03-31": "$203", "2018-12-31": "$198", "2018-09-30": "$184", "2018-06-30": "$172", "2018-03-31": "$162", "2017-12-31": "$147", "2017-09-30": "$135", "2017-06-30": "$122", "2017-03-31": "$116", "2016-12-31": "$110", "2016-09-30": "$100", "2016-06-30": "$90", "2016-03-31": "$79", "2015-12-31": "$75", "2015-09-30": "$69", "2015-06-30": "$64", "2015-03-31": "$58", "2014-12-31": "$56", "2014-09-30": "$50", "2014-06-30": "$46", "2014-03-31": "$43", "2013-12-31": "$41", "2013-09-30": "$35", "2013-06-30": "$32", "2013-03-31": "$31", "2012-12-31": "$29", "2012-09-30": "$27", "2012-06-30": "$26", "2012-03-31": "$25", "2011-12-31": "$23", "2011-09-30": "$20", "2011-06-30": "$20", "2011-03-31": "$19", "2010-12-31": ""}}, "gross-profit": {"Proofpoint Annual Gross Profit (Millions of US $)": {"2019": "$652", "2018": "$515", "2017": "$376", "2016": "$270", "2015": "$181", "2014": "$130", "2013": "$96", "2012": "$73", "2011": "$52", "2010": "$36"}, "Proofpoint Quarterly Gross Profit (Millions of US $)": {"2020-09-30": "$198", "2020-06-30": "$191", "2020-03-31": "$181", "2019-12-31": "$180", "2019-09-30": "$168", "2019-06-30": "$157", "2019-03-31": "$148", "2018-12-31": "$145", "2018-09-30": "$133", "2018-06-30": "$121", "2018-03-31": "$115", "2017-12-31": "$106", "2017-09-30": "$99", "2017-06-30": "$88", "2017-03-31": "$83", "2016-12-31": "$80", "2016-09-30": "$73", "2016-06-30": "$63", "2016-03-31": "$54", "2015-12-31": "$51", "2015-09-30": "$48", "2015-06-30": "$44", "2015-03-31": "$38", "2014-12-31": "$37", "2014-09-30": "$33", "2014-06-30": "$31", "2014-03-31": "$29", "2013-12-31": "$28", "2013-09-30": "$24", "2013-06-30": "$22", "2013-03-31": "$22", "2012-12-31": "$20", "2012-09-30": "$19", "2012-06-30": "$18", "2012-03-31": "$16", "2011-12-31": "$15", "2011-09-30": "$13", "2011-06-30": "$13", "2011-03-31": "$11", "2010-12-31": ""}}, "operating-income": {"Proofpoint Annual Operating Income (Millions of US $)": {"2019": "$-105", "2018": "$-102", "2017": "$-55", "2016": "$-71", "2015": "$-78", "2014": "$-47", "2013": "$-29", "2012": "$-20", "2011": "$-20", "2010": "$-20"}, "Proofpoint Quarterly Operating Income (Millions of US $)": {"2020-09-30": "$-21", "2020-06-30": "$-11", "2020-03-31": "$-42", "2019-12-31": "$-23", "2019-09-30": "$-24", "2019-06-30": "$-29", "2019-03-31": "$-28", "2018-12-31": "$-21", "2018-09-30": "$-27", "2018-06-30": "$-30", "2018-03-31": "$-24", "2017-12-31": "$-12", "2017-09-30": "$-14", "2017-06-30": "$-17", "2017-03-31": "$-13", "2016-12-31": "$-1", "2016-09-30": "$-12", "2016-06-30": "$-32", "2016-03-31": "$-26", "2015-12-31": "$-21", "2015-09-30": "$-21", "2015-06-30": "$-19", "2015-03-31": "$-18", "2014-12-31": "$-10", "2014-09-30": "$-13", "2014-06-30": "$-12", "2014-03-31": "$-11", "2013-12-31": "$-11", "2013-09-30": "$-7", "2013-06-30": "$-5", "2013-03-31": "$-6", "2012-12-31": "$-5", "2012-09-30": "$-5", "2012-06-30": "$-5", "2012-03-31": "$-5", "2011-12-31": "$-6", "2011-09-30": "$-4", "2011-06-30": "$-4", "2011-03-31": "$-5", "2010-12-31": ""}}, "ebitda": {"Proofpoint Annual EBITDA (Millions of US $)": {"2019": "$61", "2018": "$17", "2017": "$37", "2016": "$4", "2015": "$-16", "2014": "$-20", "2013": "$-19", "2012": "$-12", "2011": "$-12", "2010": "$-12"}, "Proofpoint Quarterly EBITDA (Millions of US $)": {"2020-09-30": "$35", "2020-06-30": "$42", "2020-03-31": "$11", "2019-12-31": "$27", "2019-09-30": "$18", "2019-06-30": "$8", "2019-03-31": "$7", "2018-12-31": "$9", "2018-09-30": "$5", "2018-06-30": "$0", "2018-03-31": "$3", "2017-12-31": "$14", "2017-09-30": "$10", "2017-06-30": "$5", "2017-03-31": "$9", "2016-12-31": "$35", "2016-09-30": "$1", "2016-06-30": "$-19", "2016-03-31": "$-13", "2015-12-31": "$13", "2015-09-30": "$-9", "2015-06-30": "$-10", "2015-03-31": "$-10", "2014-12-31": "$-3", "2014-09-30": "$-6", "2014-06-30": "$-6", "2014-03-31": "$-5", "2013-12-31": "$-7", "2013-09-30": "$-5", "2013-06-30": "$-3", "2013-03-31": "$-4", "2012-12-31": "$-4", "2012-09-30": "$-3", "2012-06-30": "$-3", "2012-03-31": "$-2", "2011-12-31": "$-4", "2011-09-30": "$-2", "2011-06-30": "$-2", "2011-03-31": "$-3", "2010-12-31": ""}}, "net-income": {"Proofpoint Annual Net Income (Millions of US $)": {"2019": "$-130", "2018": "$-104", "2017": "$-70", "2016": "$-96", "2015": "$-99", "2014": "$-60", "2013": "$-28", "2012": "$-20", "2011": "$-20", "2010": "$-21"}, "Proofpoint Quarterly Net Income (Millions of US $)": {"2020-09-30": "$-32", "2020-06-30": "$-23", "2020-03-31": "$-74", "2019-12-31": "$-29", "2019-09-30": "$-44", "2019-06-30": "$-29", "2019-03-31": "$-28", "2018-12-31": "$-21", "2018-09-30": "$-36", "2018-06-30": "$-34", "2018-03-31": "$-12", "2017-12-31": "$-7", "2017-09-30": "$-19", "2017-06-30": "$-23", "2017-03-31": "$-20", "2016-12-31": "$-8", "2016-09-30": "$-18", "2016-06-30": "$-38", "2016-03-31": "$-32", "2015-12-31": "$-27", "2015-09-30": "$-27", "2015-06-30": "$-23", "2015-03-31": "$-22", "2014-12-31": "$-13", "2014-09-30": "$-17", "2014-06-30": "$-15", "2014-03-31": "$-14", "2013-12-31": "$-12", "2013-09-30": "$-7", "2013-06-30": "$-2", "2013-03-31": "$-6", "2012-12-31": "$-5", "2012-09-30": "$-5", "2012-06-30": "$-6", "2012-03-31": "$-5", "2011-12-31": "$-6", "2011-09-30": "$-4", "2011-06-30": "$-4", "2011-03-31": "$-5", "2010-12-31": ""}}, "eps-earnings-per-share-diluted": {"Proofpoint Annual EPS": {"2019": "$-2.33", "2018": "$-1.99", "2017": "$-1.58", "2016": "$-2.31", "2015": "$-2.48", "2014": "$-1.61", "2013": "$-0.79", "2012": "$-0.85", "2011": "$-5.03", "2010": "$-5.84"}, "Proofpoint Quarterly EPS": {"2020-09-30": "$-0.55", "2020-06-30": "$-0.39", "2020-03-31": "$-1.30", "2019-12-31": "$-0.51", "2019-09-30": "$-0.79", "2019-06-30": "$-0.52", "2019-03-31": "$-0.51", "2018-12-31": "$-0.39", "2018-09-30": "$-0.69", "2018-06-30": "$-0.67", "2018-03-31": "$-0.24", "2017-12-31": "$-0.13", "2017-09-30": "$-0.44", "2017-06-30": "$-0.54", "2017-03-31": "$-0.47", "2016-12-31": "$-0.18", "2016-09-30": "$-0.44", "2016-06-30": "$-0.92", "2016-03-31": "$-0.77", "2015-12-31": "$-0.68", "2015-09-30": "$-0.67", "2015-06-30": "$-0.57", "2015-03-31": "$-0.56", "2014-12-31": "$-0.35", "2014-09-30": "$-0.46", "2014-06-30": "$-0.41", "2014-03-31": "$-0.39", "2013-12-31": "$-0.34", "2013-09-30": "$-0.20", "2013-06-30": "$-0.06", "2013-03-31": "$-0.19", "2012-12-31": "$0.35", "2012-09-30": "$-0.14", "2012-06-30": "$-0.21", "2012-03-31": "$-0.85", "2011-12-31": "$-1.52", "2011-09-30": "$-1.07", "2011-06-30": "$-1.10", "2011-03-31": "$-1.33", "2010-12-31": "$0.00"}}, "shares-outstanding": {"Proofpoint Annual Shares Outstanding (Millions of Shares)": {"2019": "56", "2018": "52", "2017": "44", "2016": "42", "2015": "40", "2014": "37", "2013": "35", "2012": "24", "2011": "4", "2010": "4"}, "Proofpoint Quarterly Shares Outstanding (Millions of Shares)": {"2020-09-30": "58", "2020-06-30": "57", "2020-03-31": "57", "2019-12-31": "56", "2019-09-30": "56", "2019-06-30": "56", "2019-03-31": "55", "2018-12-31": "52", "2018-09-30": "52", "2018-06-30": "51", "2018-03-31": "51", "2017-12-31": "44", "2017-09-30": "44", "2017-06-30": "44", "2017-03-31": "43", "2016-12-31": "42", "2016-09-30": "42", "2016-06-30": "42", "2016-03-31": "41", "2015-12-31": "40", "2015-09-30": "40", "2015-06-30": "40", "2015-03-31": "39", "2014-12-31": "37", "2014-09-30": "38", "2014-06-30": "37", "2014-03-31": "37", "2013-12-31": "35", "2013-09-30": "35", "2013-06-30": "35", "2013-03-31": "33", "2012-12-31": "24", "2012-09-30": "32", "2012-06-30": "26", "2012-03-31": "6", "2011-12-31": "4", "2011-09-30": "4", "2011-06-30": "4", "2011-03-31": "4", "2010-12-31": ""}}, "total-assets": {"Proofpoint Annual Total Assets (Millions of US $)": {"2019": "$2,338", "2018": "$1,233", "2017": "$1,018", "2016": "$802", "2015": "$706", "2014": "$424", "2013": "$391", "2012": "$140", "2011": "$68", "2010": "$0"}, "Proofpoint Quarterly Total Assets (Millions of US $)": {"2020-09-30": "$2,396", "2020-06-30": "$2,337", "2020-03-31": "$2,298", "2019-12-31": "$2,338", "2019-09-30": "$2,208", "2019-06-30": "$1,310", "2019-03-31": "$1,269", "2018-12-31": "$1,233", "2018-09-30": "$1,138", "2018-06-30": "$1,084", "2018-03-31": "$1,058", "2017-12-31": "$1,018", "2017-09-30": "$886", "2017-06-30": "$841", "2017-03-31": "$808", "2016-12-31": "$802", "2016-09-30": "$759", "2016-06-30": "$716", "2016-03-31": "$709", "2015-12-31": "$706", "2015-09-30": "$667", "2015-06-30": "$657", "2015-03-31": "$426", "2014-12-31": "$424", "2014-09-30": "$406", "2014-06-30": "$393", "2014-03-31": "$393", "2013-12-31": "$391", "2013-09-30": "$166", "2013-06-30": "$155", "2013-03-31": "$146", "2012-12-31": "$140", "2012-09-30": "$134", "2012-06-30": "$129", "2012-03-31": "$65", "2011-12-31": "$68", "2011-09-30": "$0", "2011-06-30": "$0", "2011-03-31": "$0", "2010-12-31": "$0"}}, "cash-on-hand": {"Proofpoint Annual Cash on Hand (Millions of US $)": {"2019": "$891", "2018": "$232", "2017": "$332", "2016": "$397", "2015": "$406", "2014": "$215", "2013": "$252", "2012": "$87", "2011": "$13", "2010": "$"}, "Proofpoint Quarterly Cash on Hand (Millions of US $)": {"2020-09-30": "$1,020", "2020-06-30": "$973", "2020-03-31": "$946", "2019-12-31": "$891", "2019-09-30": "$1,052", "2019-06-30": "$183", "2019-03-31": "$257", "2018-12-31": "$232", "2018-09-30": "$190", "2018-06-30": "$134", "2018-03-31": "$117", "2017-12-31": "$332", "2017-09-30": "$460", "2017-06-30": "$429", "2017-03-31": "$413", "2016-12-31": "$397", "2016-09-30": "$412", "2016-06-30": "$412", "2016-03-31": "$410", "2015-12-31": "$406", "2015-09-30": "$416", "2015-06-30": "$411", "2015-03-31": "$194", "2014-12-31": "$215", "2014-09-30": "$233", "2014-06-30": "$227", "2014-03-31": "$257", "2013-12-31": "$252", "2013-09-30": "$72", "2013-06-30": "$90", "2013-03-31": "$90", "2012-12-31": "$87", "2012-09-30": "$81", "2012-06-30": "$81", "2012-03-31": "$13", "2011-12-31": "$13", "2011-09-30": "", "2011-06-30": "", "2011-03-31": "", "2010-12-31": ""}}, "long-term-debt": {"Proofpoint Annual Long Term Debt (Millions of US $)": {"2019": "$750", "2018": "$", "2017": "$198", "2016": "$367", "2015": "$346", "2014": "$161", "2013": "$154", "2012": "$2", "2011": "$5", "2010": "$"}, "Proofpoint Quarterly Long Term Debt (Millions of US $)": {"2020-09-30": "$775", "2020-06-30": "$766", "2020-03-31": "$758", "2019-12-31": "$750", "2019-09-30": "$741", "2019-06-30": "", "2019-03-31": "", "2018-12-31": "", "2018-09-30": "$0", "2018-06-30": "$204", "2018-03-31": "$201", "2017-12-31": "$198", "2017-09-30": "$381", "2017-06-30": "$377", "2017-03-31": "$372", "2016-12-31": "$367", "2016-09-30": "$361", "2016-06-30": "$356", "2016-03-31": "$351", "2015-12-31": "$346", "2015-09-30": "$341", "2015-06-30": "$336", "2015-03-31": "$164", "2014-12-31": "$161", "2014-09-30": "$159", "2014-06-30": "$157", "2014-03-31": "$155", "2013-12-31": "$154", "2013-09-30": "$1", "2013-06-30": "$2", "2013-03-31": "$2", "2012-12-31": "$2", "2012-09-30": "$3", "2012-06-30": "$3", "2012-03-31": "$4", "2011-12-31": "$5", "2011-09-30": "", "2011-06-30": "", "2011-03-31": "", "2010-12-31": ""}}, "total-liabilities": {"Proofpoint Annual Total Liabilities (Millions of US $)": {"2019": "$1,745", "2018": "$720", "2017": "$719", "2016": "$757", "2015": "$622", "2014": "$368", "2013": "$313", "2012": "$107", "2011": "$95", "2010": "$0"}, "Proofpoint Quarterly Total Liabilities (Millions of US $)": {"2020-09-30": "$1,821", "2020-06-30": "$1,761", "2020-03-31": "$1,740", "2019-12-31": "$1,745", "2019-09-30": "$1,613", "2019-06-30": "$785", "2019-03-31": "$762", "2018-12-31": "$720", "2018-09-30": "$634", "2018-06-30": "$787", "2018-03-31": "$754", "2017-12-31": "$719", "2017-09-30": "$853", "2017-06-30": "$807", "2017-03-31": "$771", "2016-12-31": "$757", "2016-09-30": "$709", "2016-06-30": "$665", "2016-03-31": "$639", "2015-12-31": "$622", "2015-09-30": "$591", "2015-06-30": "$565", "2015-03-31": "$378", "2014-12-31": "$368", "2014-09-30": "$344", "2014-06-30": "$325", "2014-03-31": "$320", "2013-12-31": "$313", "2013-09-30": "$128", "2013-06-30": "$115", "2013-03-31": "$112", "2012-12-31": "$107", "2012-09-30": "$100", "2012-06-30": "$93", "2012-03-31": "$94", "2011-12-31": "$95", "2011-09-30": "$0", "2011-06-30": "$0", "2011-03-31": "$0", "2010-12-31": "$0"}}, "total-share-holder-equity": {"Proofpoint Annual Share Holder Equity (Millions of US $)": {"2019": "$592", "2018": "$513", "2017": "$299", "2016": "$45", "2015": "$83", "2014": "$56", "2013": "$77", "2012": "$34", "2011": "$-27", "2010": "$0"}, "Proofpoint Quarterly Share Holder Equity (Millions of US $)": {"2020-09-30": "$575", "2020-06-30": "$576", "2020-03-31": "$558", "2019-12-31": "$592", "2019-09-30": "$595", "2019-06-30": "$525", "2019-03-31": "$507", "2018-12-31": "$513", "2018-09-30": "$504", "2018-06-30": "$297", "2018-03-31": "$304", "2017-12-31": "$299", "2017-09-30": "$33", "2017-06-30": "$34", "2017-03-31": "$37", "2016-12-31": "$45", "2016-09-30": "$50", "2016-06-30": "$51", "2016-03-31": "$70", "2015-12-31": "$83", "2015-09-30": "$76", "2015-06-30": "$92", "2015-03-31": "$48", "2014-12-31": "$56", "2014-09-30": "$61", "2014-06-30": "$69", "2014-03-31": "$73", "2013-12-31": "$77", "2013-09-30": "$38", "2013-06-30": "$39", "2013-03-31": "$34", "2012-12-31": "$34", "2012-09-30": "$34", "2012-06-30": "$36", "2012-03-31": "$-29", "2011-12-31": "$-27", "2011-09-30": "$0", "2011-06-30": "$0", "2011-03-31": "$0", "2010-12-31": "$0"}}, "profit-margins": {"current": "-15.6%"}, "gross margin": {"2020-09-30": "73.67%", "2020-06-30": "73.62%", "2020-03-31": "73.45%", "2019-12-31": "73.62%", "2019-09-30": "73.40%", "2019-06-30": "72.97%", "2019-03-31": "72.26%", "2018-12-31": "71.79%", "2018-09-30": "71.43%", "2018-06-30": "71.59%", "2018-03-31": "72.08%", "2017-12-31": "72.31%", "2017-09-30": "72.46%", "2017-06-30": "72.32%", "2017-03-31": "71.88%", "2016-12-31": "71.24%", "2016-09-30": "70.06%", "2016-06-30": "69.01%", "2016-03-31": "68.64%", "2015-12-31": "68.05%", "2015-09-30": "67.61%", "2015-06-30": "66.67%", "2015-03-31": "66.19%", "2014-12-31": "66.67%", "2014-09-30": "67.22%", "2014-06-30": "67.88%", "2014-03-31": "68.21%", "2013-12-31": "69.06%", "2013-09-30": "69.29%", "2013-06-30": "69.75%", "2013-03-31": "69.91%", "2012-12-31": "68.22%", "2012-09-30": "67.33%", "2012-06-30": "65.96%", "2012-03-31": "64.77%", "2011-12-31": "63.41%"}, "operating margin": {"2020-09-30": "-9.53%", "2020-06-30": "-10.22%", "2020-03-31": "-12.63%", "2019-12-31": "-11.72%", "2019-09-30": "-12.11%", "2019-06-30": "-13.14%", "2019-03-31": "-14.00%", "2018-12-31": "-14.25%", "2018-09-30": "-13.98%", "2018-06-30": "-12.99%", "2018-03-31": "-11.84%", "2017-12-31": "-10.77%", "2017-09-30": "-9.32%", "2017-06-30": "-9.60%", "2017-03-31": "-13.94%", "2016-12-31": "-18.73%", "2016-09-30": "-26.45%", "2016-06-30": "-31.95%", "2016-03-31": "-30.31%", "2015-12-31": "-29.70%", "2015-09-30": "-27.53%", "2015-06-30": "-26.32%", "2015-03-31": "-25.24%", "2014-12-31": "-23.59%", "2014-09-30": "-26.11%", "2014-06-30": "-24.85%", "2014-03-31": "-22.52%", "2013-12-31": "-20.86%", "2013-09-30": "-18.11%", "2013-06-30": "-17.65%", "2013-03-31": "-18.58%", "2012-12-31": "-18.69%", "2012-09-30": "-20.79%", "2012-06-30": "-21.28%", "2012-03-31": "-21.59%", "2011-12-31": "-23.17%"}, "ebitda margin": {"2020-09-30": "11.30%", "2020-06-30": "10.02%", "2020-03-31": "6.85%", "2019-12-31": "6.76%", "2019-09-30": "4.99%", "2019-06-30": "3.63%", "2019-03-31": "2.77%", "2018-12-31": "2.37%", "2018-09-30": "3.31%", "2018-06-30": "4.38%", "2018-03-31": "5.65%", "2017-12-31": "7.31%", "2017-09-30": "12.22%", "2017-06-30": "11.16%", "2017-03-31": "6.25%", "2016-12-31": "1.06%", "2016-09-30": "-5.23%", "2016-06-30": "-8.95%", "2016-03-31": "-6.62%", "2015-12-31": "-6.02%", "2015-09-30": "-12.96%", "2015-06-30": "-12.72%", "2015-03-31": "-11.90%", "2014-12-31": "-10.26%", "2014-09-30": "-13.33%", "2014-06-30": "-13.94%", "2014-03-31": "-13.25%", "2013-12-31": "-13.67%", "2013-09-30": "-12.60%", "2013-06-30": "-11.76%", "2013-03-31": "-12.39%", "2012-12-31": "-11.21%", "2012-09-30": "-11.88%", "2012-06-30": "-11.70%", "2012-03-31": "-11.36%", "2011-12-31": "-13.41%"}, "pre tax profit margin": {"2020-09-30": "-12.28%", "2020-06-30": "-12.37%", "2020-03-31": "-13.81%", "2019-12-31": "-12.51%", "2019-09-30": "-12.23%", "2019-06-30": "-14.14%", "2019-03-31": "-15.59%", "2018-12-31": "-16.20%", "2018-09-30": "-17.44%", "2018-06-30": "-16.07%", "2018-03-31": "-15.37%", "2017-12-31": "-15.38%", "2017-09-30": "-14.08%", "2017-06-30": "-14.96%", "2017-03-31": "-19.95%", "2016-12-31": "-25.07%", "2016-09-30": "-33.14%", "2016-06-30": "-39.30%", "2016-03-31": "-37.28%", "2015-12-31": "-36.84%", "2015-09-30": "-34.41%", "2015-06-30": "-32.89%", "2015-03-31": "-32.38%", "2014-12-31": "-30.77%", "2014-09-30": "-32.22%", "2014-06-30": "-29.09%", "2014-03-31": "-25.17%", "2013-12-31": "-21.58%", "2013-09-30": "-18.11%", "2013-06-30": "-16.81%", "2013-03-31": "-17.70%", "2012-12-31": "-17.76%", "2012-09-30": "-19.80%", "2012-06-30": "-21.28%", "2012-03-31": "-21.59%", "2011-12-31": "-23.17%"}, "net profit margin": {"2020-09-30": "-15.52%", "2020-06-30": "-17.38%", "2020-03-31": "-18.84%", "2019-12-31": "-14.66%", "2019-09-30": "-14.49%", "2019-06-30": "-14.27%", "2019-03-31": "-15.72%", "2018-12-31": "-14.39%", "2018-09-30": "-13.38%", "2018-06-30": "-11.69%", "2018-03-31": "-10.78%", "2017-12-31": "-13.27%", "2017-09-30": "-14.49%", "2017-06-30": "-15.40%", "2017-03-31": "-20.19%", "2016-12-31": "-25.33%", "2016-09-30": "-33.43%", "2016-06-30": "-39.62%", "2016-03-31": "-37.98%", "2015-12-31": "-37.22%", "2015-09-30": "-34.41%", "2015-06-30": "-32.89%", "2015-03-31": "-31.90%", "2014-12-31": "-30.26%", "2014-09-30": "-32.22%", "2014-06-30": "-29.09%", "2014-03-31": "-23.18%", "2013-12-31": "-19.42%", "2013-09-30": "-15.75%", "2013-06-30": "-15.13%", "2013-03-31": "-19.47%", "2012-12-31": "-19.63%", "2012-09-30": "-21.78%", "2012-06-30": "-22.34%", "2012-03-31": "-21.59%", "2011-12-31": "-23.17%"}, "pe ratio": {"current": "0.00", "2021-02-05": "0.00", "2020-09-30": "0.00", "2020-06-30": "0.00", "2020-03-31": "0.00", "2019-12-31": "0.00", "2019-09-30": "0.00", "2019-06-30": "0.00", "2019-03-31": "0.00", "2018-12-31": "0.00", "2018-09-30": "0.00", "2018-06-30": "0.00", "2018-03-31": "0.00", "2017-12-31": "0.00", "2017-09-30": "0.00", "2017-06-30": "0.00", "2017-03-31": "0.00", "2016-12-31": "0.00", "2016-09-30": "0.00", "2016-06-30": "0.00", "2016-03-31": "0.00", "2015-12-31": "0.00", "2015-09-30": "0.00", "2015-06-30": "0.00", "2015-03-31": "0.00", "2014-12-31": "0.00", "2014-09-30": "0.00", "2014-06-30": "0.00", "2014-03-31": "0.00", "2013-12-31": "0.00", "2013-09-30": "0.00", "2013-06-30": "0.00", "2013-03-31": "0.00"}, "price sales": {"2021-02-05": "7.23", "2020-09-30": "5.91", "2020-06-30": "6.42", "2020-03-31": "6.16", "2019-12-31": "7.21", "2019-09-30": "8.39", "2019-06-30": "8.10", "2019-03-31": "8.44", "2018-12-31": "6.02", "2018-09-30": "7.91", "2018-06-30": "8.91", "2018-03-31": "9.20", "2017-12-31": "7.52", "2017-09-30": "7.85", "2017-06-30": "8.31", "2017-03-31": "7.57", "2016-12-31": "7.79", "2016-09-30": "8.98", "2016-06-30": "8.20", "2016-03-31": "7.53", "2015-12-31": "9.71", "2015-09-30": "9.54", "2015-06-30": "10.73", "2015-03-31": "10.62", "2014-12-31": "9.17", "2014-09-30": "7.54", "2014-06-30": "8.21", "2014-03-31": "8.76", "2013-12-31": "8.33", "2013-09-30": "8.02", "2013-06-30": "6.25", "2013-03-31": "4.27"}, "price book": {"current": "12.96", "2021-02-05": "12.94", "2020-09-30": "10.57", "2020-06-30": "11.10", "2020-03-31": "10.52", "2019-12-31": "11.00", "2019-09-30": "12.20", "2019-06-30": "12.83", "2019-03-31": "13.32", "2018-12-31": "9.02", "2018-09-30": "11.50", "2018-06-30": "19.87", "2018-03-31": "18.99", "2017-12-31": "14.94", "2017-09-30": "118.36", "2017-06-30": "114.01", "2017-03-31": "88.32", "2016-12-31": "67.65", "2016-09-30": "63.32", "2016-06-30": "51.92", "2016-03-31": "31.79", "2015-12-31": "31.92", "2015-09-30": "31.87", "2015-06-30": "27.52", "2015-03-31": "48.63", "2014-12-31": "33.02", "2014-09-30": "22.95", "2014-06-30": "20.33", "2014-03-31": "18.68", "2013-12-31": "15.54", "2013-09-30": "30.37", "2013-06-30": "21.62", "2013-03-31": "16.99", "2012-12-31": "12.03", "2012-09-30": "14.13", "2012-06-30": "15.06"}, "price fcf": {"2021-02-05": "", "2020-09-30": "$4.00", "2020-06-30": "$3.93", "2020-03-31": "$4.23", "2019-12-31": "$3.71", "2019-09-30": "$3.48", "2019-06-30": "$3.53", "2019-03-31": "$3.34", "2018-12-31": "$2.98", "2018-09-30": "$2.73", "2018-06-30": "$2.36", "2018-03-31": "$2.28", "2017-12-31": "$2.41", "2017-09-30": "$2.50", "2017-06-30": "$2.21", "2017-03-31": "$1.85", "2016-12-31": "$1.43", "2016-09-30": "$0.67", "2016-06-30": "$0.66", "2016-03-31": "$0.55", "2015-12-31": "$0.52", "2015-09-30": "$0.83", "2015-06-30": "$0.54", "2015-03-31": "$0.36", "2014-12-31": "$0.20", "2014-09-30": "$-0.06", "2014-06-30": "$-0.05", "2014-03-31": "$0.19", "2013-12-31": "$0.14", "2013-09-30": "$0.18", "2013-06-30": "$0.05", "2013-03-31": "$0.04"}, "net worth": {"value": "$7.46B"}, "current ratio": {"current": "1.64", "2020-09-30": "1.64", "2020-06-30": "1.65", "2020-03-31": "1.62", "2019-12-31": "1.59", "2019-09-30": "1.93", "2019-06-30": "0.67", "2019-03-31": "0.79", "2018-12-31": "0.81", "2018-09-30": "0.72", "2018-06-30": "0.65", "2018-03-31": "0.60", "2017-12-31": "1.10", "2017-09-30": "1.51", "2017-06-30": "1.53", "2017-03-31": "1.56", "2016-12-31": "1.57", "2016-09-30": "1.74", "2016-06-30": "1.88", "2016-03-31": "2.01", "2015-12-31": "2.11", "2015-09-30": "2.29", "2015-06-30": "2.58", "2015-03-31": "1.48", "2014-12-31": "1.68", "2014-09-30": "1.96", "2014-06-30": "2.12", "2014-03-31": "2.39", "2013-12-31": "2.44", "2013-09-30": "1.01", "2013-06-30": "1.34", "2013-03-31": "1.39", "2012-12-31": "1.39", "2012-09-30": "1.43", "2012-06-30": "1.45", "2012-03-31": "0.49", "2011-12-31": "0.50", "2011-09-30": "0.00", "2011-06-30": "0.00", "2011-03-31": "0.00", "2010-12-31": "0.00"}, "quick ratio": {"2020-09-30": "1.64", "2020-06-30": "1.65", "2020-03-31": "1.61", "2019-12-31": "1.59", "2019-09-30": "1.93", "2019-06-30": "0.67", "2019-03-31": "0.79", "2018-12-31": "0.81", "2018-09-30": "0.72", "2018-06-30": "0.65", "2018-03-31": "0.60", "2017-12-31": "1.10", "2017-09-30": "1.51", "2017-06-30": "1.53", "2017-03-31": "1.56", "2016-12-31": "1.57", "2016-09-30": "1.74", "2016-06-30": "1.88", "2016-03-31": "2.00", "2015-12-31": "2.11", "2015-09-30": "2.28", "2015-06-30": "2.58", "2015-03-31": "1.48", "2014-12-31": "1.68", "2014-09-30": "1.95", "2014-06-30": "2.11", "2014-03-31": "2.38", "2013-12-31": "2.43", "2013-09-30": "1.01", "2013-06-30": "1.33", "2013-03-31": "1.38", "2012-12-31": "1.38", "2012-09-30": "1.42", "2012-06-30": "1.44", "2012-03-31": "0.48", "2011-12-31": "0.49", "2011-09-30": "0.00", "2011-06-30": "0.00", "2011-03-31": "0.00", "2010-12-31": "0.00"}, "debt equity ratio": {"current": "1.35", "2020-09-30": "3.17", "2020-06-30": "3.06", "2020-03-31": "3.12", "2019-12-31": "2.95", "2019-09-30": "2.71", "2019-06-30": "1.49", "2019-03-31": "1.50", "2018-12-31": "1.41", "2018-09-30": "1.26", "2018-06-30": "2.65", "2018-03-31": "2.48", "2017-12-31": "2.41", "2017-09-30": "25.88", "2017-06-30": "23.90", "2017-03-31": "21.00", "2016-12-31": "16.85", "2016-09-30": "14.15", "2016-06-30": "13.05", "2016-03-31": "9.12", "2015-12-31": "7.48", "2015-09-30": "7.75", "2015-06-30": "6.12", "2015-03-31": "7.89", "2014-12-31": "6.51", "2014-09-30": "5.62", "2014-06-30": "4.72", "2014-03-31": "4.36", "2013-12-31": "4.06", "2013-09-30": "3.38", "2013-06-30": "2.93", "2013-03-31": "3.33", "2012-12-31": "3.15", "2012-09-30": "2.99", "2012-06-30": "2.60", "2012-03-31": "-3.22", "2011-12-31": "-3.48", "2011-09-30": "0.00", "2011-06-30": "0.00", "2011-03-31": "0.00", "2010-12-31": "0.00"}, "return on equity": {"2020-09-30": "-27.47%", "2020-06-30": "-29.30%", "2020-03-31": "-31.01%", "2019-12-31": "-23.43%", "2019-09-30": "-22.80%", "2019-06-30": "-22.25%", "2019-03-31": "-26.14%", "2018-12-31": "-25.46%", "2018-09-30": "-25.36%", "2018-06-30": "-30.87%", "2018-03-31": "-36.42%", "2017-12-31": "-68.49%", "2017-09-30": "-187.92%", "2017-06-30": "-166.27%", "2017-03-31": "-183.61%", "2016-12-31": "-177.78%", "2016-09-30": "-181.10%", "2016-06-30": "-177.14%", "2016-03-31": "-135.83%", "2015-12-31": "-132.44%", "2015-09-30": "-125.00%", "2015-06-30": "-116.73%", "2015-03-31": "-114.53%", "2014-12-31": "-91.12%", "2014-09-30": "-82.86%", "2014-06-30": "-74.71%", "2014-03-31": "-61.67%", "2013-12-31": "-57.45%", "2013-09-30": "-55.17%", "2013-06-30": "-51.06%", "2013-03-31": "-63.77%", "2012-12-31": "-112.00%", "2012-09-30": "-628.57%", "2012-06-30": "420.00%", "2012-03-31": "135.71%", "2011-12-31": "281.48%"}, "return on assets": {"2020-09-30": "-6.75%", "2020-06-30": "-7.41%", "2020-03-31": "-8.63%", "2019-12-31": "-7.30%", "2019-09-30": "-8.11%", "2019-06-30": "-9.21%", "2019-03-31": "-10.08%", "2018-12-31": "-9.13%", "2018-09-30": "-8.28%", "2018-06-30": "-7.12%", "2018-03-31": "-6.42%", "2017-12-31": "-7.77%", "2017-09-30": "-8.39%", "2017-06-30": "-8.60%", "2017-03-31": "-10.89%", "2016-12-31": "-12.86%", "2016-09-30": "-15.92%", "2016-06-30": "-17.73%", "2016-03-31": "-15.92%", "2015-12-31": "-16.12%", "2015-09-30": "-15.64%", "2015-06-30": "-15.68%", "2015-03-31": "-16.25%", "2014-12-31": "-14.60%", "2014-09-30": "-14.66%", "2014-06-30": "-14.30%", "2014-03-31": "-12.67%", "2013-12-31": "-12.59%", "2013-09-30": "-13.18%", "2013-06-30": "-12.52%", "2013-03-31": "-16.03%", "2012-12-31": "-17.95%", "2012-09-30": "-22.22%", "2012-06-30": "-32.06%", "2012-03-31": "-57.14%", "2011-12-31": "-111.76%"}, "return on investments": {"2020-09-30": "-7.25%", "2020-06-30": "-7.49%", "2020-03-31": "-11.82%", "2019-12-31": "-15.53%", "2019-09-30": "-30.54%", "2019-06-30": "-83.33%", "2019-03-31": "-42.19%", "2018-12-31": "-27.02%", "2018-09-30": "-18.54%", "2018-06-30": "-16.69%", "2018-03-31": "-14.67%", "2017-12-31": "-12.94%", "2017-09-30": "-10.94%", "2017-06-30": "-10.47%", "2017-03-31": "-14.15%", "2016-12-31": "-17.20%", "2016-09-30": "-21.82%", "2016-06-30": "-23.89%", "2016-03-31": "-20.53%", "2015-12-31": "-21.27%", "2015-09-30": "-21.33%", "2015-06-30": "-22.24%", "2015-03-31": "-24.17%", "2014-12-31": "-20.58%", "2014-09-30": "-20.73%", "2014-06-30": "-22.62%", "2014-03-31": "-25.19%", "2013-12-31": "-33.43%", "2013-09-30": "-60.53%", "2013-06-30": "-56.38%", "2013-03-31": "-57.14%", "2012-12-31": "-93.02%", "2012-09-30": "-311.11%", "2012-06-30": "888.89%", "2012-03-31": "158.33%", "2011-12-31": "330.43%"}, "return on tangible equity": {"2020-09-30": "56.89%", "2020-06-30": "73.43%", "2020-03-31": "87.13%", "2019-12-31": "88.89%", "2019-09-30": "125.45%", "2019-06-30": "108.57%", "2019-03-31": "80.95%", "2018-12-31": "49.22%", "2018-09-30": "42.08%", "2018-06-30": "31.10%", "2018-03-31": "30.85%", "2017-12-31": "42.27%", "2017-09-30": "37.69%", "2017-06-30": "39.88%", "2017-03-31": "54.02%", "2016-12-31": "71.64%", "2016-09-30": "103.60%", "2016-06-30": "124.00%", "2016-03-31": "124.22%", "2015-12-31": "108.49%", "2015-09-30": "96.87%", "2015-06-30": "98.36%", "2015-03-31": "97.45%", "2014-12-31": "138.82%", "2014-09-30": "227.45%", "2014-06-30": "259.46%", "2014-03-31": "636.36%", "2013-12-31": "-5400.00%", "2013-09-30": "-333.33%", "2013-06-30": "-141.18%", "2013-03-31": "-176.00%", "2012-12-31": "525.00%", "2012-09-30": "110.00%", "2012-06-30": "91.30%", "2012-03-31": "72.38%", "2011-12-31": "146.15%"}, "dividend yield history": {"last payout": "$0.00", "last yield": "0.00%"}}