{"ticker": "PB", "price": {"title": "Prosperity Bancshares Historical Annual Stock Price Data", "value": 69.24, "historical": {"2021": {"Average Stock Price": "69.7092", "Year Open": "68.8300", "Year High": "72.4100", "Year Low": "67.4400", "Year Close": "69.2400", "Annual % Change": "-0.17%"}, "2020": {"Average Stock Price": "59.6927", "Year Open": "72.4400", "Year High": "74.8700", "Year Low": "43.0700", "Year Close": "69.3600", "Annual % Change": "-3.52%"}, "2019": {"Average Stock Price": "69.5710", "Year Open": "64.2300", "Year High": "75.2700", "Year Low": "62.5000", "Year Close": "71.8900", "Annual % Change": "15.39%"}, "2018": {"Average Stock Price": "71.4415", "Year Open": "70.0000", "Year High": "78.7000", "Year Low": "57.4600", "Year Close": "62.3000", "Annual % Change": "-11.09%"}, "2017": {"Average Stock Price": "66.9657", "Year Open": "71.9300", "Year High": "77.4700", "Year Low": "56.4600", "Year Close": "70.0700", "Annual % Change": "-2.38%"}, "2016": {"Average Stock Price": "52.1009", "Year Open": "46.5500", "Year High": "73.2000", "Year Low": "33.7300", "Year Close": "71.7800", "Annual % Change": "49.98%"}, "2015": {"Average Stock Price": "52.3622", "Year Open": "54.8000", "Year High": "59.2300", "Year Low": "45.7900", "Year Close": "47.8600", "Annual % Change": "-13.55%"}, "2014": {"Average Stock Price": "60.0517", "Year Open": "62.0400", "Year High": "67.0000", "Year Low": "53.2100", "Year Close": "55.3600", "Annual % Change": "-12.67%"}, "2013": {"Average Stock Price": "54.2310", "Year Open": "43.5900", "Year High": "65.0700", "Year Low": "43.5900", "Year Close": "63.3900", "Annual % Change": "50.93%"}, "2012": {"Average Stock Price": "42.3523", "Year Open": "40.8300", "Year High": "47.3100", "Year Low": "39.1000", "Year Close": "42.0000", "Annual % Change": "4.09%"}, "2011": {"Average Stock Price": "40.1653", "Year Open": "40.0400", "Year High": "46.5000", "Year Low": "31.6700", "Year Close": "40.3500", "Annual % Change": "2.72%"}, "2010": {"Average Stock Price": "36.3732", "Year Open": "40.0100", "Year High": "43.5300", "Year Low": "28.4900", "Year Close": "39.2800", "Annual % Change": "-2.94%"}, "2009": {"Average Stock Price": "31.4584", "Year Open": "28.8200", "Year High": "40.9800", "Year Low": "20.3300", "Year Close": "40.4700", "Annual % Change": "36.77%"}, "2008": {"Average Stock Price": "29.6813", "Year Open": "28.3800", "Year High": "39.0000", "Year Low": "23.0400", "Year Close": "29.5900", "Annual % Change": "0.68%"}, "2007": {"Average Stock Price": "33.2300", "Year Open": "35.0700", "Year High": "37.0900", "Year Low": "28.1800", "Year Close": "29.3900", "Annual % Change": "-14.84%"}, "2006": {"Average Stock Price": "32.5413", "Year Open": "29.1700", "Year High": "36.0700", "Year Low": "28.8100", "Year Close": "34.5100", "Annual % Change": "20.08%"}, "2005": {"Average Stock Price": "28.6302", "Year Open": "28.9100", "Year High": "31.7000", "Year Low": "25.1900", "Year Close": "28.7400", "Annual % Change": "-1.61%"}, "2004": {"Average Stock Price": "25.0832", "Year Open": "22.4400", "Year High": "29.2600", "Year Low": "21.9000", "Year Close": "29.2100", "Annual % Change": "29.02%"}, "2003": {"Average Stock Price": "20.0774", "Year Open": "19.1700", "Year High": "24.0000", "Year Low": "16.5300", "Year Close": "22.6400", "Annual % Change": "19.16%"}, "2002": {"Average Stock Price": "16.8476", "Year Open": "13.5350", "Year High": "19.7900", "Year Low": "13.4750", "Year Close": "19.0000", "Annual % Change": "40.79%"}, "2001": {"Average Stock Price": "11.8543", "Year Open": "9.9400", "Year High": "13.9000", "Year Low": "9.5000", "Year Close": "13.4950", "Annual % Change": "36.66%"}, "2000": {"Average Stock Price": "8.1855", "Year Open": "8.3450", "Year High": "9.8750", "Year Low": "6.5600", "Year Close": "9.8750", "Annual % Change": "23.44%"}, "1999": {"Average Stock Price": "7.1867", "Year Open": "6.1900", "Year High": "8.9400", "Year Low": "6.0300", "Year Close": "8.0000", "Annual % Change": "29.24%"}}}, "market cap": {"value": "$6.41B"}, "income statement": {"Revenue": {"2020-12-31": "1275.44400", "2019-12-31": "957.21900", "2018-12-31": "843.22100", "2017-12-31": "793.98800", "2016-12-31": "794.20400", "2015-12-31": "790.48200", "2014-12-31": "835.62700", "2013-12-31": "634.72400", "2012-12-31": "495.37700", "2011-12-31": "427.95100", "2010-12-31": "438.37000", "2009-12-31": "469.71100", "2008-12-31": "400.24800", "2007-12-31": "393.53100", "2006-12-31": "265.72100", "2005-12-31": "192.14400"}, "Cost Of Goods Sold": {"2020-12-31": "113.17700", "2019-12-31": "137.16900", "2018-12-31": "97.61600", "2017-12-31": "60.49200", "2016-12-31": "43.15900", "2015-12-31": "39.19100", "2014-12-31": "43.64100", "2013-12-31": "40.47100", "2012-12-31": "39.13600", "2011-12-31": "45.24000", "2010-12-31": "66.38900", "2009-12-31": "102.51300", "2008-12-31": "120.14900", "2007-12-31": "140.17300", "2006-12-31": "93.59400", "2005-12-31": "51.22600"}, "Gross Profit": {"2020-12-31": "1162.26700", "2019-12-31": "820.05000", "2018-12-31": "745.60500", "2017-12-31": "733.49600", "2016-12-31": "751.04500", "2015-12-31": "751.29100", "2014-12-31": "791.98600", "2013-12-31": "594.25300", "2012-12-31": "456.24100", "2011-12-31": "382.71100", "2010-12-31": "371.98100", "2009-12-31": "367.19800", "2008-12-31": "280.09900", "2007-12-31": "253.35800", "2006-12-31": "172.12700", "2005-12-31": "140.91800"}, "Research And Development Expenses": {"2020-12-31": "", "2019-12-31": "", "2018-12-31": "", "2017-12-31": "", "2016-12-31": "", "2015-12-31": "", "2014-12-31": "", "2013-12-31": "", "2012-12-31": "", "2011-12-31": "", "2010-12-31": "", "2009-12-31": "", "2008-12-31": "", "2007-12-31": "", "2006-12-31": "", "2005-12-31": ""}, "SG&A Expenses": {"2020-12-31": "477.81400", "2019-12-31": "334.19000", "2018-12-31": "324.24600", "2017-12-31": "308.26900", "2016-12-31": "320.09300", "2015-12-31": "298.60700", "2014-12-31": "322.56700", "2013-12-31": "247.69800", "2012-12-31": "188.40500", "2011-12-31": "153.01500", "2010-12-31": "162.85000", "2009-12-31": "180.17300", "2008-12-31": "122.17500", "2007-12-31": "100.10000", "2006-12-31": "68.25600", "2005-12-31": "61.06300"}, "Other Operating Income Or Expenses": {"2020-12-31": "", "2019-12-31": "", "2018-12-31": "", "2017-12-31": "", "2016-12-31": "", "2015-12-31": "", "2014-12-31": "", "2013-12-31": "", "2012-12-31": "", "2011-12-31": "", "2010-12-31": "", "2009-12-31": "", "2008-12-31": "", "2007-12-31": "", "2006-12-31": "", "2005-12-31": ""}, "Operating Expenses": {"2020-12-31": "622.39200", "2019-12-31": "491.60900", "2018-12-31": "440.18600", "2017-12-31": "387.91800", "2016-12-31": "385.54600", "2015-12-31": "360.28700", "2014-12-31": "389.87800", "2013-12-31": "304.90700", "2012-12-31": "243.69300", "2011-12-31": "214.18500", "2010-12-31": "246.56800", "2009-12-31": "300.98800", "2008-12-31": "259.78700", "2007-12-31": "257.80100", "2006-12-31": "171.76700", "2005-12-31": "120.66300"}, "Operating Income": {"2020-12-31": "653.05210", "2019-12-31": "465.61000", "2018-12-31": "403.03500", "2017-12-31": "406.07000", "2016-12-31": "408.65800", "2015-12-31": "430.19500", "2014-12-31": "445.74890", "2013-12-31": "329.81700", "2012-12-31": "251.68400", "2011-12-31": "213.76600", "2010-12-31": "191.80200", "2009-12-31": "168.72300", "2008-12-31": "140.46100", "2007-12-31": "135.73000", "2006-12-31": "93.95400", "2005-12-31": "71.48100"}, "Total Non-Operating Income/Expense": {"2020-12-31": "-8.01800", "2019-12-31": "-46.40200", "2018-12-31": "", "2017-12-31": "", "2016-12-31": "", "2015-12-31": "", "2014-12-31": "", "2013-12-31": "", "2012-12-31": "", "2011-12-31": "", "2010-12-31": "", "2009-12-31": "", "2008-12-31": "-14.02500", "2007-12-31": "-9.97500", "2006-12-31": "", "2005-12-31": ""}, "Pre-Tax Income": {"2020-12-31": "645.03400", "2019-12-31": "419.20800", "2018-12-31": "403.03500", "2017-12-31": "406.07000", "2016-12-31": "408.65800", "2015-12-31": "430.19500", "2014-12-31": "445.74900", "2013-12-31": "329.81700", "2012-12-31": "251.68400", "2011-12-31": "213.76600", "2010-12-31": "191.80200", "2009-12-31": "168.72300", "2008-12-31": "126.43600", "2007-12-31": "125.75500", "2006-12-31": "93.95400", "2005-12-31": "71.48100"}, "Income Taxes": {"2020-12-31": "116.13000", "2019-12-31": "86.65600", "2018-12-31": "81.22300", "2017-12-31": "133.90500", "2016-12-31": "134.19200", "2015-12-31": "143.54900", "2014-12-31": "148.30800", "2013-12-31": "108.41900", "2012-12-31": "83.78300", "2011-12-31": "72.01700", "2010-12-31": "64.09400", "2009-12-31": "56.84400", "2008-12-31": "41.92900", "2007-12-31": "41.60400", "2006-12-31": "32.22900", "2005-12-31": "23.62100"}, "Income After Taxes": {"2020-12-31": "528.90400", "2019-12-31": "332.55200", "2018-12-31": "321.81200", "2017-12-31": "272.16500", "2016-12-31": "274.46600", "2015-12-31": "286.64600", "2014-12-31": "297.44100", "2013-12-31": "221.39800", "2012-12-31": "167.90100", "2011-12-31": "141.74900", "2010-12-31": "127.70800", "2009-12-31": "111.87900", "2008-12-31": "84.50700", "2007-12-31": "84.15100", "2006-12-31": "61.72500", "2005-12-31": "47.86000"}, "Other Income": {"2020-12-31": "", "2019-12-31": "", "2018-12-31": "", "2017-12-31": "", "2016-12-31": "", "2015-12-31": "", "2014-12-31": "", "2013-12-31": "", "2012-12-31": "", "2011-12-31": "", "2010-12-31": "", "2009-12-31": "", "2008-12-31": "", "2007-12-31": "", "2006-12-31": "", "2005-12-31": ""}, "Income From Continuous Operations": {"2020-12-31": "528.90400", "2019-12-31": "332.55200", "2018-12-31": "321.81200", "2017-12-31": "272.16500", "2016-12-31": "274.46600", "2015-12-31": "286.64600", "2014-12-31": "297.44100", "2013-12-31": "221.39800", "2012-12-31": "167.90100", "2011-12-31": "141.74900", "2010-12-31": "127.70800", "2009-12-31": "111.87900", "2008-12-31": "84.50700", "2007-12-31": "84.15100", "2006-12-31": "61.72500", "2005-12-31": "47.86000"}, "Income From Discontinued Operations": {"2020-12-31": "", "2019-12-31": "", "2018-12-31": "", "2017-12-31": "", "2016-12-31": "", "2015-12-31": "", "2014-12-31": "", "2013-12-31": "", "2012-12-31": "", "2011-12-31": "", "2010-12-31": "", "2009-12-31": "", "2008-12-31": "", "2007-12-31": "", "2006-12-31": "", "2005-12-31": ""}, "Net Income": {"2020-12-31": "528.90400", "2019-12-31": "332.55200", "2018-12-31": "321.81200", "2017-12-31": "272.16500", "2016-12-31": "274.46600", "2015-12-31": "286.64600", "2014-12-31": "297.44100", "2013-12-31": "221.39800", "2012-12-31": "167.90100", "2011-12-31": "141.74900", "2010-12-31": "127.70800", "2009-12-31": "111.87900", "2008-12-31": "84.50700", "2007-12-31": "84.15100", "2006-12-31": "61.72500", "2005-12-31": "47.86000"}, "EBITDA": {"2020-12-31": "", "2019-12-31": "", "2018-12-31": "", "2017-12-31": "", "2016-12-31": "", "2015-12-31": "", "2014-12-31": "", "2013-12-31": "", "2012-12-31": "", "2011-12-31": "", "2010-12-31": "", "2009-12-31": "", "2008-12-31": "", "2007-12-31": "", "2006-12-31": "", "2005-12-31": ""}, "EBIT": {"2020-12-31": "", "2019-12-31": "", "2018-12-31": "", "2017-12-31": "", "2016-12-31": "", "2015-12-31": "", "2014-12-31": "", "2013-12-31": "", "2012-12-31": "", "2011-12-31": "", "2010-12-31": "", "2009-12-31": "", "2008-12-31": "", "2007-12-31": "", "2006-12-31": "", "2005-12-31": ""}, "Basic Shares Outstanding": {"2020-12-31": "93.05800", "2019-12-31": "73.52400", "2018-12-31": "69.82100", "2017-12-31": "69.48400", "2016-12-31": "69.67400", "2015-12-31": "70.03300", "2014-12-31": "68.85500", "2013-12-31": "60.42100", "2012-12-31": "51.79400", "2011-12-31": "46.84600", "2010-12-31": "46.62100", "2009-12-31": "46.17700", "2008-12-31": "45.30000", "2007-12-31": "42.92800", "2006-12-31": "31.49100", "2005-12-31": "26.70600"}, "Shares Outstanding": {"2020-12-31": "93.05800", "2019-12-31": "73.52400", "2018-12-31": "69.82100", "2017-12-31": "69.48400", "2016-12-31": "69.68000", "2015-12-31": "70.04900", "2014-12-31": "68.91100", "2013-12-31": "60.57800", "2012-12-31": "51.94100", "2011-12-31": "47.01700", "2010-12-31": "46.83200", "2009-12-31": "46.35400", "2008-12-31": "45.47900", "2007-12-31": "43.31000", "2006-12-31": "31.89300", "2005-12-31": "27.02400"}, "Basic EPS": {"2020-12-31": "5.68000", "2019-12-31": "4.52000", "2018-12-31": "4.61000", "2017-12-31": "3.92000", "2016-12-31": "3.94000", "2015-12-31": "4.09000", "2014-12-31": "4.32000", "2013-12-31": "3.66000", "2012-12-31": "3.24000", "2011-12-31": "3.03000", "2010-12-31": "2.74000", "2009-12-31": "2.42000", "2008-12-31": "1.87000", "2007-12-31": "1.96000", "2006-12-31": "1.96000", "2005-12-31": "1.79000"}, "EPS - Earnings Per Share": {"2020-12-31": "5.68000", "2019-12-31": "4.52000", "2018-12-31": "4.61000", "2017-12-31": "3.92000", "2016-12-31": "3.94000", "2015-12-31": "4.09000", "2014-12-31": "4.32000", "2013-12-31": "3.65000", "2012-12-31": "3.23000", "2011-12-31": "3.01000", "2010-12-31": "2.73000", "2009-12-31": "2.41000", "2008-12-31": "1.86000", "2007-12-31": "1.94000", "2006-12-31": "1.94000", "2005-12-31": "1.77000"}}, "income statement, quarterly": {"Revenue": {"2020-12-31": "315.19400", "2020-09-30": "317.35600", "2020-06-30": "312.26800", "2020-03-31": "330.62600", "2019-12-31": "308.36400", "2019-09-30": "216.85100", "2019-06-30": "217.74500", "2019-03-31": "214.25900", "2018-12-31": "216.27300", "2018-09-30": "215.30000", "2018-06-30": "212.69200", "2018-03-31": "198.95600", "2017-12-31": "201.05890", "2017-09-30": "201.22800", "2017-06-30": "195.82700", "2017-03-31": "195.87400", "2016-12-31": "194.14390", "2016-09-30": "194.14400", "2016-06-30": "197.93200", "2016-03-31": "207.98400", "2015-12-31": "192.85500", "2015-09-30": "197.32300", "2015-06-30": "198.27800", "2015-03-31": "202.02600", "2014-12-31": "215.95800", "2014-09-30": "217.65700", "2014-06-30": "219.10000", "2014-03-31": "182.91200", "2013-12-31": "180.90900", "2013-09-30": "157.76700", "2013-06-30": "154.57600", "2013-03-31": "141.47200", "2012-12-31": "141.82500", "2012-09-30": "141.46100", "2012-06-30": "106.53000", "2012-03-31": "105.56100", "2011-12-31": "103.72300", "2011-09-30": "107.77000", "2011-06-30": "109.18200", "2011-03-31": "107.27600", "2010-12-31": "106.34100", "2010-09-30": "109.90100", "2010-06-30": "112.65400", "2010-03-31": "109.47400", "2009-12-31": "114.29600", "2009-09-30": "116.93100", "2009-06-30": "117.90100", "2009-03-31": "120.58300", "2008-12-31": "110.09600", "2008-09-30": "97.96300", "2008-06-30": "95.04500", "2008-03-31": "97.14400", "2007-12-31": "98.68900", "2007-09-30": "102.16300", "2007-06-30": "101.14500", "2007-03-31": "91.53400", "2006-12-31": "71.13400", "2006-09-30": "71.06800", "2006-06-30": "70.16800", "2006-03-31": "53.35100", "2005-12-31": "51.79200", "2005-09-30": "50.79900", "2005-06-30": "48.98700", "2005-03-31": "40.56600"}, "Cost Of Goods Sold": {"2020-12-31": "21.01300", "2020-09-30": "24.31900", "2020-06-30": "27.63800", "2020-03-31": "40.20700", "2019-12-31": "40.82800", "2019-09-30": "32.18800", "2019-06-30": "32.94900", "2019-03-31": "31.20400", "2018-12-31": "29.94600", "2018-09-30": "27.35700", "2018-06-30": "22.51800", "2018-03-31": "17.79500", "2017-12-31": "15.78900", "2017-09-30": "16.27200", "2017-06-30": "15.81600", "2017-03-31": "12.61500", "2016-12-31": "10.83700", "2016-09-30": "10.39600", "2016-06-30": "10.99200", "2016-03-31": "10.93400", "2015-12-31": "9.31400", "2015-09-30": "9.43500", "2015-06-30": "9.74200", "2015-03-31": "10.70000", "2014-12-31": "8.82700", "2014-09-30": "11.80900", "2014-06-30": "12.44800", "2014-03-31": "10.55700", "2013-12-31": "10.28200", "2013-09-30": "9.68000", "2013-06-30": "10.56000", "2013-03-31": "9.94900", "2012-12-31": "9.41800", "2012-09-30": "10.74000", "2012-06-30": "9.20800", "2012-03-31": "9.77000", "2011-12-31": "9.57100", "2011-09-30": "10.65100", "2011-06-30": "12.02200", "2011-03-31": "12.99600", "2010-12-31": "12.92700", "2010-09-30": "15.98000", "2010-06-30": "18.75800", "2010-03-31": "18.72400", "2009-12-31": "19.49600", "2009-09-30": "24.28200", "2009-06-30": "27.24700", "2009-03-31": "31.48800", "2008-12-31": "32.63100", "2008-09-30": "27.04000", "2008-06-30": "28.00800", "2008-03-31": "32.47000", "2007-12-31": "33.80700", "2007-09-30": "36.63500", "2007-06-30": "35.95600", "2007-03-31": "33.77500", "2006-12-31": "26.48700", "2006-09-30": "26.18300", "2006-06-30": "24.43000", "2006-03-31": "16.49400", "2005-12-31": "15.25600", "2005-09-30": "13.78700", "2005-06-30": "12.62700", "2005-03-31": "9.55600"}, "Gross Profit": {"2020-12-31": "294.18100", "2020-09-30": "293.03700", "2020-06-30": "284.63000", "2020-03-31": "290.41900", "2019-12-31": "267.53600", "2019-09-30": "184.66300", "2019-06-30": "184.79600", "2019-03-31": "183.05500", "2018-12-31": "186.32700", "2018-09-30": "187.94300", "2018-06-30": "190.17400", "2018-03-31": "181.16100", "2017-12-31": "185.26990", "2017-09-30": "184.95600", "2017-06-30": "180.01100", "2017-03-31": "183.25900", "2016-12-31": "183.30690", "2016-09-30": "183.74800", "2016-06-30": "186.94000", "2016-03-31": "197.05000", "2015-12-31": "183.54100", "2015-09-30": "187.88800", "2015-06-30": "188.53600", "2015-03-31": "191.32600", "2014-12-31": "207.13100", "2014-09-30": "205.84800", "2014-06-30": "206.65200", "2014-03-31": "172.35500", "2013-12-31": "170.62700", "2013-09-30": "148.08700", "2013-06-30": "144.01600", "2013-03-31": "131.52300", "2012-12-31": "132.40700", "2012-09-30": "130.72100", "2012-06-30": "97.32200", "2012-03-31": "95.79100", "2011-12-31": "94.15200", "2011-09-30": "97.11900", "2011-06-30": "97.16000", "2011-03-31": "94.28000", "2010-12-31": "93.41400", "2010-09-30": "93.92100", "2010-06-30": "93.89600", "2010-03-31": "90.75000", "2009-12-31": "94.80000", "2009-09-30": "92.64900", "2009-06-30": "90.65400", "2009-03-31": "89.09500", "2008-12-31": "77.46500", "2008-09-30": "70.92300", "2008-06-30": "67.03700", "2008-03-31": "64.67400", "2007-12-31": "64.88200", "2007-09-30": "65.52800", "2007-06-30": "65.18900", "2007-03-31": "57.75900", "2006-12-31": "44.64700", "2006-09-30": "44.88500", "2006-06-30": "45.73800", "2006-03-31": "36.85700", "2005-12-31": "36.53600", "2005-09-30": "37.01200", "2005-06-30": "36.36000", "2005-03-31": "31.01000"}, "Research And Development Expenses": {"2020-12-31": "", "2020-09-30": "", "2020-06-30": "", "2020-03-31": "", "2019-12-31": "", "2019-09-30": "", "2019-06-30": "", "2019-03-31": "", "2018-12-31": "", "2018-09-30": "", "2018-06-30": "", "2018-03-31": "", "2017-12-31": "", "2017-09-30": "", "2017-06-30": "", "2017-03-31": "", "2016-12-31": "", "2016-09-30": "", "2016-06-30": "", "2016-03-31": "", "2015-12-31": "", "2015-09-30": "", "2015-06-30": "", "2015-03-31": "", "2014-12-31": "", "2014-09-30": "", "2014-06-30": "", "2014-03-31": "", "2013-12-31": "", "2013-09-30": "", "2013-06-30": "", "2013-03-31": "", "2012-12-31": "", "2012-09-30": "", "2012-06-30": "", "2012-03-31": "", "2011-12-31": "", "2011-09-30": "", "2011-06-30": "", "2011-03-31": "", "2010-12-31": "", "2010-09-30": "", "2010-06-30": "", "2010-03-31": "", "2009-12-31": "", "2009-09-30": "", "2009-06-30": "", "2009-03-31": "", "2008-12-31": "", "2008-09-30": "", "2008-06-30": "", "2008-03-31": "", "2007-12-31": "", "2007-09-30": "", "2007-06-30": "", "2007-03-31": "", "2006-12-31": "", "2006-09-30": "", "2006-06-30": "", "2006-03-31": "", "2005-12-31": "", "2005-09-30": "", "2005-06-30": "", "2005-03-31": ""}, "SG&A Expenses": {"2020-12-31": "112.70100", "2020-09-30": "120.04400", "2020-06-30": "129.00300", "2020-03-31": "116.06600", "2019-12-31": "104.83200", "2019-09-30": "77.26500", "2019-06-30": "77.24500", "2019-03-31": "74.84800", "2018-12-31": "77.25300", "2018-09-30": "79.49300", "2018-06-30": "83.04700", "2018-03-31": "84.45300", "2017-12-31": "78.45500", "2017-09-30": "79.67300", "2017-06-30": "74.42200", "2017-03-31": "75.71900", "2016-12-31": "75.75200", "2016-09-30": "75.76900", "2016-06-30": "79.61500", "2016-03-31": "88.95700", "2015-12-31": "72.80400", "2015-09-30": "76.07100", "2015-06-30": "74.42500", "2015-03-31": "75.30700", "2014-12-31": "84.22800", "2014-09-30": "84.42600", "2014-06-30": "87.46500", "2014-03-31": "66.44800", "2013-12-31": "71.79100", "2013-09-30": "61.42800", "2013-06-30": "60.04500", "2013-03-31": "54.43400", "2012-12-31": "56.09500", "2012-09-30": "57.66600", "2012-06-30": "37.76500", "2012-03-31": "36.87900", "2011-12-31": "25.20300", "2011-09-30": "38.13600", "2011-06-30": "39.93400", "2011-03-31": "39.34000", "2010-12-31": "28.91700", "2010-09-30": "41.15800", "2010-06-30": "41.89700", "2010-03-31": "39.83900", "2009-12-31": "30.51700", "2009-09-30": "43.87200", "2009-06-30": "46.63900", "2009-03-31": "45.48300", "2008-12-31": "39.44800", "2008-09-30": "29.38800", "2008-06-30": "27.48100", "2008-03-31": "25.85800", "2007-12-31": "24.98300", "2007-09-30": "25.68100", "2007-06-30": "25.94100", "2007-03-31": "23.49500", "2006-12-31": "16.80200", "2006-09-30": "17.49300", "2006-06-30": "18.83400", "2006-03-31": "15.12700", "2005-12-31": "15.17000", "2005-09-30": "15.95600", "2005-06-30": "15.67600", "2005-03-31": "14.26100"}, "Other Operating Income Or Expenses": {"2020-12-31": "", "2020-09-30": "", "2020-06-30": "", "2020-03-31": "", "2019-12-31": "", "2019-09-30": "", "2019-06-30": "", "2019-03-31": "", "2018-12-31": "", "2018-09-30": "", "2018-06-30": "", "2018-03-31": "", "2017-12-31": "", "2017-09-30": "", "2017-06-30": "", "2017-03-31": "", "2016-12-31": "", "2016-09-30": "", "2016-06-30": "", "2016-03-31": "", "2015-12-31": "", "2015-09-30": "", "2015-06-30": "", "2015-03-31": "", "2014-12-31": "", "2014-09-30": "", "2014-06-30": "", "2014-03-31": "", "2013-12-31": "", "2013-09-30": "", "2013-06-30": "", "2013-03-31": "", "2012-12-31": "", "2012-09-30": "", "2012-06-30": "", "2012-03-31": "", "2011-12-31": "", "2011-09-30": "", "2011-06-30": "", "2011-03-31": "", "2010-12-31": "", "2010-09-30": "", "2010-06-30": "", "2010-03-31": "", "2009-12-31": "", "2009-09-30": "", "2009-06-30": "", "2009-03-31": "", "2008-12-31": "", "2008-09-30": "", "2008-06-30": "", "2008-03-31": "", "2007-12-31": "", "2007-09-30": "", "2007-06-30": "", "2007-03-31": "", "2006-12-31": "", "2006-09-30": "", "2006-06-30": "", "2006-03-31": "", "2005-12-31": "", "2005-09-30": "", "2005-06-30": "", "2005-03-31": ""}, "Operating Expenses": {"2020-12-31": "141.21800", "2020-09-30": "152.23800", "2020-06-30": "164.53200", "2020-03-31": "164.40400", "2019-12-31": "152.57700", "2019-09-30": "113.98700", "2019-06-30": "114.57000", "2019-03-31": "110.47500", "2018-12-31": "111.75000", "2018-09-30": "111.46700", "2018-06-30": "110.12000", "2018-03-31": "106.84900", "2017-12-31": "98.87700", "2017-09-30": "100.68100", "2017-06-30": "95.00800", "2017-03-31": "93.35200", "2016-12-31": "91.98500", "2016-09-30": "91.87200", "2016-06-30": "96.22700", "2016-03-31": "105.46200", "2015-12-31": "87.72300", "2015-09-30": "91.17500", "2015-06-30": "89.97700", "2015-03-31": "91.41200", "2014-12-31": "99.21300", "2014-09-30": "102.34900", "2014-06-30": "106.06500", "2014-03-31": "82.25100", "2013-12-31": "86.73900", "2013-09-30": "75.24200", "2013-06-30": "74.41000", "2013-03-31": "68.51600", "2012-12-31": "69.93600", "2012-09-30": "72.78200", "2012-06-30": "50.59600", "2012-03-31": "50.37900", "2011-12-31": "38.70400", "2011-09-30": "52.75200", "2011-06-30": "55.93600", "2011-03-31": "56.39100", "2010-12-31": "46.01500", "2010-09-30": "61.57300", "2010-06-30": "65.08200", "2010-03-31": "62.85900", "2009-12-31": "54.51000", "2009-09-30": "72.73300", "2009-06-30": "78.44700", "2009-03-31": "81.63600", "2008-12-31": "76.21700", "2008-09-30": "60.94500", "2008-06-30": "59.86800", "2008-03-31": "62.75700", "2007-12-31": "63.36500", "2007-09-30": "66.79700", "2007-06-30": "66.34800", "2007-03-31": "61.29100", "2006-12-31": "45.82300", "2006-09-30": "46.13200", "2006-06-30": "45.94900", "2006-03-31": "33.86300", "2005-12-31": "32.61700", "2005-09-30": "31.97700", "2005-06-30": "30.55900", "2005-03-31": "25.51000"}, "Operating Income": {"2020-12-31": "173.97600", "2020-09-30": "165.11800", "2020-06-30": "147.73600", "2020-03-31": "166.22200", "2019-12-31": "155.78700", "2019-09-30": "102.86400", "2019-06-30": "103.17500", "2019-03-31": "103.78400", "2018-12-31": "104.52300", "2018-09-30": "103.83300", "2018-06-30": "102.57200", "2018-03-31": "92.10700", "2017-12-31": "102.18190", "2017-09-30": "100.54700", "2017-06-30": "100.81900", "2017-03-31": "102.52200", "2016-12-31": "102.15890", "2016-09-30": "102.27200", "2016-06-30": "101.70500", "2016-03-31": "102.52200", "2015-12-31": "105.13200", "2015-09-30": "106.14800", "2015-06-30": "108.30100", "2015-03-31": "110.61400", "2014-12-31": "116.74500", "2014-09-30": "115.30800", "2014-06-30": "113.03500", "2014-03-31": "100.66100", "2013-12-31": "94.17000", "2013-09-30": "82.52500", "2013-06-30": "80.16600", "2013-03-31": "72.95600", "2012-12-31": "71.88900", "2012-09-30": "68.67900", "2012-06-30": "55.93400", "2012-03-31": "55.18200", "2011-12-31": "65.01900", "2011-09-30": "55.01800", "2011-06-30": "53.24600", "2011-03-31": "50.88500", "2010-12-31": "60.32600", "2010-09-30": "48.32800", "2010-06-30": "47.57200", "2010-03-31": "46.61500", "2009-12-31": "59.78600", "2009-09-30": "44.19800", "2009-06-30": "39.45400", "2009-03-31": "38.94700", "2008-12-31": "33.87900", "2008-09-30": "37.01800", "2008-06-30": "35.17700", "2008-03-31": "34.38700", "2007-12-31": "35.32400", "2007-09-30": "35.36600", "2007-06-30": "34.79700", "2007-03-31": "30.24300", "2006-12-31": "25.31100", "2006-09-30": "24.93600", "2006-06-30": "24.21900", "2006-03-31": "19.48800", "2005-12-31": "19.17500", "2005-09-30": "18.82200", "2005-06-30": "18.42800", "2005-03-31": "15.05600"}, "Total Non-Operating Income/Expense": {"2020-12-31": "", "2020-09-30": "", "2020-06-30": "-7.47400", "2020-03-31": "-0.54400", "2019-12-31": "", "2019-09-30": "", "2019-06-30": "", "2019-03-31": "", "2018-12-31": "", "2018-09-30": "", "2018-06-30": "", "2018-03-31": "", "2017-12-31": "", "2017-09-30": "", "2017-06-30": "", "2017-03-31": "", "2016-12-31": "", "2016-09-30": "", "2016-06-30": "", "2016-03-31": "", "2015-12-31": "", "2015-09-30": "", "2015-06-30": "", "2015-03-31": "", "2014-12-31": "", "2014-09-30": "", "2014-06-30": "", "2014-03-31": "", "2013-12-31": "", "2013-09-30": "", "2013-06-30": "", "2013-03-31": "", "2012-12-31": "", "2012-09-30": "", "2012-06-30": "", "2012-03-31": "", "2011-12-31": "", "2011-09-30": "", "2011-06-30": "", "2011-03-31": "", "2010-12-31": "", "2010-09-30": "", "2010-06-30": "", "2010-03-31": "", "2009-12-31": "", "2009-09-30": "", "2009-06-30": "", "2009-03-31": "", "2008-12-31": "", "2008-09-30": "-14.02500", "2008-06-30": "", "2008-03-31": "", "2007-12-31": "", "2007-09-30": "", "2007-06-30": "", "2007-03-31": "", "2006-12-31": "", "2006-09-30": "", "2006-06-30": "", "2006-03-31": "", "2005-12-31": "", "2005-09-30": "", "2005-06-30": "", "2005-03-31": ""}, "Pre-Tax Income": {"2020-12-31": "173.97600", "2020-09-30": "165.11800", "2020-06-30": "140.26200", "2020-03-31": "165.67800", "2019-12-31": "109.38500", "2019-09-30": "102.86400", "2019-06-30": "103.17500", "2019-03-31": "103.78400", "2018-12-31": "104.52300", "2018-09-30": "103.83300", "2018-06-30": "102.57200", "2018-03-31": "92.10700", "2017-12-31": "102.18200", "2017-09-30": "100.54700", "2017-06-30": "100.81900", "2017-03-31": "102.52200", "2016-12-31": "102.15900", "2016-09-30": "102.27200", "2016-06-30": "101.70500", "2016-03-31": "102.52200", "2015-12-31": "105.13200", "2015-09-30": "106.14800", "2015-06-30": "108.30100", "2015-03-31": "110.61400", "2014-12-31": "116.74500", "2014-09-30": "115.30800", "2014-06-30": "113.03500", "2014-03-31": "100.66100", "2013-12-31": "94.17000", "2013-09-30": "82.52500", "2013-06-30": "80.16600", "2013-03-31": "72.95600", "2012-12-31": "71.88900", "2012-09-30": "68.67900", "2012-06-30": "55.93400", "2012-03-31": "55.18200", "2011-12-31": "54.61700", "2011-09-30": "55.01800", "2011-06-30": "53.24600", "2011-03-31": "50.88500", "2010-12-31": "49.28700", "2010-09-30": "48.32800", "2010-06-30": "47.57200", "2010-03-31": "46.61500", "2009-12-31": "46.12400", "2009-09-30": "44.19800", "2009-06-30": "39.45400", "2009-03-31": "38.94700", "2008-12-31": "33.87900", "2008-09-30": "22.99300", "2008-06-30": "35.17700", "2008-03-31": "34.38700", "2007-12-31": "25.34900", "2007-09-30": "35.36600", "2007-06-30": "34.79700", "2007-03-31": "30.24300", "2006-12-31": "25.31100", "2006-09-30": "24.93600", "2006-06-30": "24.21900", "2006-03-31": "19.48800", "2005-12-31": "19.17500", "2005-09-30": "18.82200", "2005-06-30": "18.42800", "2005-03-31": "15.05600"}, "Income Taxes": {"2020-12-31": "36.88500", "2020-09-30": "35.05400", "2020-06-30": "9.36100", "2020-03-31": "34.83000", "2019-12-31": "23.25100", "2019-09-30": "21.10600", "2019-06-30": "20.91700", "2019-03-31": "21.38200", "2018-12-31": "21.19200", "2018-09-30": "21.31000", "2018-06-30": "20.97500", "2018-03-31": "17.74600", "2017-12-31": "35.04400", "2017-09-30": "32.63900", "2017-06-30": "32.26500", "2017-03-31": "33.95700", "2016-12-31": "33.36600", "2016-09-30": "33.62100", "2016-06-30": "33.63400", "2016-03-31": "33.57100", "2015-12-31": "34.65700", "2015-09-30": "35.55000", "2015-06-30": "36.36900", "2015-03-31": "36.97300", "2014-12-31": "38.51700", "2014-09-30": "38.73800", "2014-06-30": "37.52900", "2014-03-31": "33.52400", "2013-12-31": "31.19900", "2013-09-30": "27.24700", "2013-06-30": "26.32200", "2013-03-31": "23.65100", "2012-12-31": "23.62300", "2012-09-30": "22.50300", "2012-06-30": "18.96200", "2012-03-31": "18.69500", "2011-12-31": "18.21100", "2011-09-30": "18.64500", "2011-06-30": "18.15400", "2011-03-31": "17.00700", "2010-12-31": "16.48900", "2010-09-30": "16.16200", "2010-06-30": "15.82600", "2010-03-31": "15.61700", "2009-12-31": "15.55500", "2009-09-30": "14.87600", "2009-06-30": "12.94400", "2009-03-31": "13.46900", "2008-12-31": "11.19400", "2008-09-30": "7.54600", "2008-06-30": "11.74000", "2008-03-31": "11.44900", "2007-12-31": "8.26800", "2007-09-30": "11.51800", "2007-06-30": "11.80400", "2007-03-31": "10.01400", "2006-12-31": "8.70900", "2006-09-30": "8.57200", "2006-06-30": "8.32400", "2006-03-31": "6.62400", "2005-12-31": "6.54800", "2005-09-30": "6.35100", "2005-06-30": "6.22000", "2005-03-31": "4.50200"}, "Income After Taxes": {"2020-12-31": "137.09100", "2020-09-30": "130.06400", "2020-06-30": "130.90100", "2020-03-31": "130.84800", "2019-12-31": "86.13400", "2019-09-30": "81.75800", "2019-06-30": "82.25800", "2019-03-31": "82.40200", "2018-12-31": "83.33100", "2018-09-30": "82.52300", "2018-06-30": "81.59700", "2018-03-31": "74.36100", "2017-12-31": "67.13800", "2017-09-30": "67.90800", "2017-06-30": "68.55400", "2017-03-31": "68.56500", "2016-12-31": "68.79300", "2016-09-30": "68.65100", "2016-06-30": "68.07100", "2016-03-31": "68.95100", "2015-12-31": "70.47500", "2015-09-30": "70.59800", "2015-06-30": "71.93200", "2015-03-31": "73.64100", "2014-12-31": "78.22800", "2014-09-30": "76.57000", "2014-06-30": "75.50600", "2014-03-31": "67.13700", "2013-12-31": "62.97100", "2013-09-30": "55.27800", "2013-06-30": "53.84400", "2013-03-31": "49.30500", "2012-12-31": "48.26600", "2012-09-30": "46.17600", "2012-06-30": "36.97200", "2012-03-31": "36.48700", "2011-12-31": "36.40600", "2011-09-30": "36.37300", "2011-06-30": "35.09200", "2011-03-31": "33.87800", "2010-12-31": "32.79800", "2010-09-30": "32.16600", "2010-06-30": "31.74600", "2010-03-31": "30.99800", "2009-12-31": "30.56900", "2009-09-30": "29.32200", "2009-06-30": "26.51000", "2009-03-31": "25.47800", "2008-12-31": "22.68500", "2008-09-30": "15.44700", "2008-06-30": "23.43700", "2008-03-31": "22.93800", "2007-12-31": "17.08100", "2007-09-30": "23.84800", "2007-06-30": "22.99300", "2007-03-31": "20.22900", "2006-12-31": "16.60200", "2006-09-30": "16.36400", "2006-06-30": "15.89500", "2006-03-31": "12.86400", "2005-12-31": "12.62700", "2005-09-30": "12.47100", "2005-06-30": "12.20800", "2005-03-31": "10.55400"}, "Other Income": {"2020-12-31": "", "2020-09-30": "", "2020-06-30": "", "2020-03-31": "", "2019-12-31": "", "2019-09-30": "", "2019-06-30": "", "2019-03-31": "", "2018-12-31": "", "2018-09-30": "", "2018-06-30": "", "2018-03-31": "", "2017-12-31": "", "2017-09-30": "", "2017-06-30": "", "2017-03-31": "", "2016-12-31": "", "2016-09-30": "", "2016-06-30": "", "2016-03-31": "", "2015-12-31": "", "2015-09-30": "", "2015-06-30": "", "2015-03-31": "", "2014-12-31": "", "2014-09-30": "", "2014-06-30": "", "2014-03-31": "", "2013-12-31": "", "2013-09-30": "", "2013-06-30": "", "2013-03-31": "", "2012-12-31": "", "2012-09-30": "", "2012-06-30": "", "2012-03-31": "", "2011-12-31": "", "2011-09-30": "", "2011-06-30": "", "2011-03-31": "", "2010-12-31": "", "2010-09-30": "", "2010-06-30": "", "2010-03-31": "", "2009-12-31": "", "2009-09-30": "", "2009-06-30": "", "2009-03-31": "", "2008-12-31": "", "2008-09-30": "", "2008-06-30": "", "2008-03-31": "", "2007-12-31": "", "2007-09-30": "", "2007-06-30": "", "2007-03-31": "", "2006-12-31": "", "2006-09-30": "", "2006-06-30": "", "2006-03-31": "", "2005-12-31": "", "2005-09-30": "", "2005-06-30": "", "2005-03-31": ""}, "Income From Continuous Operations": {"2020-12-31": "137.09100", "2020-09-30": "130.06400", "2020-06-30": "130.90100", "2020-03-31": "130.84800", "2019-12-31": "86.13400", "2019-09-30": "81.75800", "2019-06-30": "82.25800", "2019-03-31": "82.40200", "2018-12-31": "83.33100", "2018-09-30": "82.52300", "2018-06-30": "81.59700", "2018-03-31": "74.36100", "2017-12-31": "67.13800", "2017-09-30": "67.90800", "2017-06-30": "68.55400", "2017-03-31": "68.56500", "2016-12-31": "68.79300", "2016-09-30": "68.65100", "2016-06-30": "68.07100", "2016-03-31": "68.95100", "2015-12-31": "70.47500", "2015-09-30": "70.59800", "2015-06-30": "71.93200", "2015-03-31": "73.64100", "2014-12-31": "78.22800", "2014-09-30": "76.57000", "2014-06-30": "75.50600", "2014-03-31": "67.13700", "2013-12-31": "62.97100", "2013-09-30": "55.27800", "2013-06-30": "53.84400", "2013-03-31": "49.30500", "2012-12-31": "48.26600", "2012-09-30": "46.17600", "2012-06-30": "36.97200", "2012-03-31": "36.48700", "2011-12-31": "36.40600", "2011-09-30": "36.37300", "2011-06-30": "35.09200", "2011-03-31": "33.87800", "2010-12-31": "32.79800", "2010-09-30": "32.16600", "2010-06-30": "31.74600", "2010-03-31": "30.99800", "2009-12-31": "30.56900", "2009-09-30": "29.32200", "2009-06-30": "26.51000", "2009-03-31": "25.47800", "2008-12-31": "22.68500", "2008-09-30": "15.44700", "2008-06-30": "23.43700", "2008-03-31": "22.93800", "2007-12-31": "17.08100", "2007-09-30": "23.84800", "2007-06-30": "22.99300", "2007-03-31": "20.22900", "2006-12-31": "16.60200", "2006-09-30": "16.36400", "2006-06-30": "15.89500", "2006-03-31": "12.86400", "2005-12-31": "12.62700", "2005-09-30": "12.47100", "2005-06-30": "12.20800", "2005-03-31": "10.55400"}, "Income From Discontinued Operations": {"2020-12-31": "", "2020-09-30": "", "2020-06-30": "", "2020-03-31": "", "2019-12-31": "", "2019-09-30": "", "2019-06-30": "", "2019-03-31": "", "2018-12-31": "", "2018-09-30": "", "2018-06-30": "", "2018-03-31": "", "2017-12-31": "", "2017-09-30": "", "2017-06-30": "", "2017-03-31": "", "2016-12-31": "", "2016-09-30": "", "2016-06-30": "", "2016-03-31": "", "2015-12-31": "", "2015-09-30": "", "2015-06-30": "", "2015-03-31": "", "2014-12-31": "", "2014-09-30": "", "2014-06-30": "", "2014-03-31": "", "2013-12-31": "", "2013-09-30": "", "2013-06-30": "", "2013-03-31": "", "2012-12-31": "", "2012-09-30": "", "2012-06-30": "", "2012-03-31": "", "2011-12-31": "", "2011-09-30": "", "2011-06-30": "", "2011-03-31": "", "2010-12-31": "", "2010-09-30": "", "2010-06-30": "", "2010-03-31": "", "2009-12-31": "", "2009-09-30": "", "2009-06-30": "", "2009-03-31": "", "2008-12-31": "", "2008-09-30": "", "2008-06-30": "", "2008-03-31": "", "2007-12-31": "", "2007-09-30": "", "2007-06-30": "", "2007-03-31": "", "2006-12-31": "", "2006-09-30": "", "2006-06-30": "", "2006-03-31": "", "2005-12-31": "", "2005-09-30": "", "2005-06-30": "", "2005-03-31": ""}, "Net Income": {"2020-12-31": "137.09100", "2020-09-30": "130.06400", "2020-06-30": "130.90100", "2020-03-31": "130.84800", "2019-12-31": "86.13400", "2019-09-30": "81.75800", "2019-06-30": "82.25800", "2019-03-31": "82.40200", "2018-12-31": "83.33100", "2018-09-30": "82.52300", "2018-06-30": "81.59700", "2018-03-31": "74.36100", "2017-12-31": "67.13800", "2017-09-30": "67.90800", "2017-06-30": "68.55400", "2017-03-31": "68.56500", "2016-12-31": "68.79300", "2016-09-30": "68.65100", "2016-06-30": "68.07100", "2016-03-31": "68.95100", "2015-12-31": "70.47500", "2015-09-30": "70.59800", "2015-06-30": "71.93200", "2015-03-31": "73.64100", "2014-12-31": "78.22800", "2014-09-30": "76.57000", "2014-06-30": "75.50600", "2014-03-31": "67.13700", "2013-12-31": "62.97100", "2013-09-30": "55.27800", "2013-06-30": "53.84400", "2013-03-31": "49.30500", "2012-12-31": "48.26600", "2012-09-30": "46.17600", "2012-06-30": "36.97200", "2012-03-31": "36.48700", "2011-12-31": "36.40600", "2011-09-30": "36.37300", "2011-06-30": "35.09200", "2011-03-31": "33.87800", "2010-12-31": "32.79800", "2010-09-30": "32.16600", "2010-06-30": "31.74600", "2010-03-31": "30.99800", "2009-12-31": "30.56900", "2009-09-30": "29.32200", "2009-06-30": "26.51000", "2009-03-31": "25.47800", "2008-12-31": "22.68500", "2008-09-30": "15.44700", "2008-06-30": "23.43700", "2008-03-31": "22.93800", "2007-12-31": "17.08100", "2007-09-30": "23.84800", "2007-06-30": "22.99300", "2007-03-31": "20.22900", "2006-12-31": "16.60200", "2006-09-30": "16.36400", "2006-06-30": "15.89500", "2006-03-31": "12.86400", "2005-12-31": "12.62700", "2005-09-30": "12.47100", "2005-06-30": "12.20800", "2005-03-31": "10.55400"}, "EBITDA": {"2020-12-31": "", "2020-09-30": "", "2020-06-30": "", "2020-03-31": "", "2019-12-31": "", "2019-09-30": "", "2019-06-30": "", "2019-03-31": "", "2018-12-31": "", "2018-09-30": "", "2018-06-30": "", "2018-03-31": "", "2017-12-31": "", "2017-09-30": "", "2017-06-30": "", "2017-03-31": "", "2016-12-31": "", "2016-09-30": "", "2016-06-30": "", "2016-03-31": "", "2015-12-31": "", "2015-09-30": "", "2015-06-30": "", "2015-03-31": "", "2014-12-31": "", "2014-09-30": "", "2014-06-30": "", "2014-03-31": "", "2013-12-31": "", "2013-09-30": "", "2013-06-30": "", "2013-03-31": "", "2012-12-31": "", "2012-09-30": "", "2012-06-30": "", "2012-03-31": "", "2011-12-31": "", "2011-09-30": "", "2011-06-30": "", "2011-03-31": "", "2010-12-31": "", "2010-09-30": "", "2010-06-30": "", "2010-03-31": "", "2009-12-31": "", "2009-09-30": "", "2009-06-30": "", "2009-03-31": "", "2008-12-31": "", "2008-09-30": "", "2008-06-30": "", "2008-03-31": "", "2007-12-31": "", "2007-09-30": "", "2007-06-30": "", "2007-03-31": "", "2006-12-31": "", "2006-09-30": "", "2006-06-30": "", "2006-03-31": "", "2005-12-31": "", "2005-09-30": "", "2005-06-30": "", "2005-03-31": ""}, "EBIT": {"2020-12-31": "", "2020-09-30": "", "2020-06-30": "", "2020-03-31": "", "2019-12-31": "", "2019-09-30": "", "2019-06-30": "", "2019-03-31": "", "2018-12-31": "", "2018-09-30": "", "2018-06-30": "", "2018-03-31": "", "2017-12-31": "", "2017-09-30": "", "2017-06-30": "", "2017-03-31": "", "2016-12-31": "", "2016-09-30": "", "2016-06-30": "", "2016-03-31": "", "2015-12-31": "", "2015-09-30": "", "2015-06-30": "", "2015-03-31": "", "2014-12-31": "", "2014-09-30": "", "2014-06-30": "", "2014-03-31": "", "2013-12-31": "", "2013-09-30": "", "2013-06-30": "", "2013-03-31": "", "2012-12-31": "", "2012-09-30": "", "2012-06-30": "", "2012-03-31": "", "2011-12-31": "", "2011-09-30": "", "2011-06-30": "", "2011-03-31": "", "2010-12-31": "", "2010-09-30": "", "2010-06-30": "", "2010-03-31": "", "2009-12-31": "", "2009-09-30": "", "2009-06-30": "", "2009-03-31": "", "2008-12-31": "", "2008-09-30": "", "2008-06-30": "", "2008-03-31": "", "2007-12-31": "", "2007-09-30": "", "2007-06-30": "", "2007-03-31": "", "2006-12-31": "", "2006-09-30": "", "2006-06-30": "", "2006-03-31": "", "2005-12-31": "", "2005-09-30": "", "2005-06-30": "", "2005-03-31": ""}, "Basic Shares Outstanding": {"2020-12-31": "92.55900", "2020-09-30": "92.65600", "2020-06-30": "92.65800", "2020-03-31": "94.37100", "2019-12-31": "73.52400", "2019-09-30": "68.73800", "2019-06-30": "69.80600", "2019-03-31": "69.84700", "2018-12-31": "69.82100", "2018-09-30": "69.83800", "2018-06-30": "69.83900", "2018-03-31": "69.76800", "2017-12-31": "69.48400", "2017-09-30": "69.48500", "2017-06-30": "69.48700", "2017-03-31": "69.48000", "2016-12-31": "69.67400", "2016-09-30": "69.47800", "2016-06-30": "69.56500", "2016-03-31": "70.17400", "2015-12-31": "70.03300", "2015-09-30": "70.04100", "2015-06-30": "70.03700", "2015-03-31": "70.03400", "2014-12-31": "68.85500", "2014-09-30": "69.75100", "2014-06-30": "69.66700", "2014-03-31": "66.18600", "2013-12-31": "60.42100", "2013-09-30": "60.34400", "2013-06-30": "60.25000", "2013-03-31": "56.98800", "2012-12-31": "51.79400", "2012-09-30": "55.95800", "2012-06-30": "47.45600", "2012-03-31": "47.23800", "2011-12-31": "46.84600", "2011-09-30": "46.89000", "2011-06-30": "46.86400", "2011-03-31": "46.73300", "2010-12-31": "46.62100", "2010-09-30": "46.64000", "2010-06-30": "46.61000", "2010-03-31": "46.55300", "2009-12-31": "46.17700", "2009-09-30": "46.12500", "2009-06-30": "46.10500", "2009-03-31": "46.08600", "2008-12-31": "45.30000", "2008-09-30": "46.06500", "2008-06-30": "44.85200", "2008-03-31": "44.18800", "2007-12-31": "42.92800", "2007-09-30": "43.91000", "2007-06-30": "43.79600", "2007-03-31": "39.81300", "2006-12-31": "31.49100", "2006-09-30": "32.77100", "2006-06-30": "32.48300", "2006-03-31": "27.85000", "2005-12-31": "26.70600", "2005-09-30": "27.54600", "2005-06-30": "27.50400", "2005-03-31": "24.08000"}, "Shares Outstanding": {"2020-12-31": "92.55900", "2020-09-30": "92.65600", "2020-06-30": "92.65800", "2020-03-31": "94.37100", "2019-12-31": "73.52400", "2019-09-30": "68.73800", "2019-06-30": "69.80600", "2019-03-31": "69.84700", "2018-12-31": "69.82100", "2018-09-30": "69.83800", "2018-06-30": "69.83900", "2018-03-31": "69.76800", "2017-12-31": "69.48400", "2017-09-30": "69.48500", "2017-06-30": "69.48700", "2017-03-31": "69.48200", "2016-12-31": "69.68000", "2016-09-30": "69.48400", "2016-06-30": "69.57400", "2016-03-31": "70.18100", "2015-12-31": "70.04900", "2015-09-30": "70.05300", "2015-06-30": "70.05300", "2015-03-31": "70.05500", "2014-12-31": "68.91100", "2014-09-30": "69.79100", "2014-06-30": "69.72800", "2014-03-31": "66.28000", "2013-12-31": "60.57800", "2013-09-30": "60.50400", "2013-06-30": "60.39400", "2013-03-31": "57.13400", "2012-12-31": "51.94100", "2012-09-30": "56.09300", "2012-06-30": "47.60800", "2012-03-31": "47.41100", "2011-12-31": "47.01700", "2011-09-30": "47.03300", "2011-06-30": "47.05700", "2011-03-31": "46.94200", "2010-12-31": "46.83200", "2010-09-30": "46.77400", "2010-06-30": "46.85400", "2010-03-31": "46.85800", "2009-12-31": "46.35400", "2009-09-30": "46.34700", "2009-06-30": "46.22500", "2009-03-31": "46.13900", "2008-12-31": "45.47900", "2008-09-30": "46.30200", "2008-06-30": "45.03900", "2008-03-31": "44.32800", "2007-12-31": "43.31000", "2007-09-30": "44.25400", "2007-06-30": "44.21600", "2007-03-31": "40.28300", "2006-12-31": "31.89300", "2006-09-30": "33.18200", "2006-06-30": "32.96300", "2006-03-31": "28.14600", "2005-12-31": "27.02400", "2005-09-30": "27.89900", "2005-06-30": "27.79700", "2005-03-31": "24.35700"}, "Basic EPS": {"2020-12-31": "1.48000", "2020-09-30": "1.40000", "2020-06-30": "1.41000", "2020-03-31": "1.39000", "2019-12-31": "0.97000", "2019-09-30": "1.19000", "2019-06-30": "1.18000", "2019-03-31": "1.18000", "2018-12-31": "1.19000", "2018-09-30": "1.18000", "2018-06-30": "1.17000", "2018-03-31": "1.07000", "2017-12-31": "0.96000", "2017-09-30": "0.98000", "2017-06-30": "0.99000", "2017-03-31": "0.99000", "2016-12-31": "0.99000", "2016-09-30": "0.99000", "2016-06-30": "0.98000", "2016-03-31": "0.98000", "2015-12-31": "1.00000", "2015-09-30": "1.01000", "2015-06-30": "1.03000", "2015-03-31": "1.05000", "2014-12-31": "1.13000", "2014-09-30": "1.10000", "2014-06-30": "1.08000", "2014-03-31": "1.01000", "2013-12-31": "0.98000", "2013-09-30": "0.92000", "2013-06-30": "0.89000", "2013-03-31": "0.87000", "2012-12-31": "0.86000", "2012-09-30": "0.83000", "2012-06-30": "0.78000", "2012-03-31": "0.77000", "2011-12-31": "0.78000", "2011-09-30": "0.78000", "2011-06-30": "0.75000", "2011-03-31": "0.72000", "2010-12-31": "0.70000", "2010-09-30": "0.69000", "2010-06-30": "0.68000", "2010-03-31": "0.67000", "2009-12-31": "0.66000", "2009-09-30": "0.64000", "2009-06-30": "0.57000", "2009-03-31": "0.55000", "2008-12-31": "0.49000", "2008-09-30": "0.34000", "2008-06-30": "0.52000", "2008-03-31": "0.52000", "2007-12-31": "0.38000", "2007-09-30": "0.54000", "2007-06-30": "0.53000", "2007-03-31": "0.51000", "2006-12-31": "0.51000", "2006-09-30": "0.50000", "2006-06-30": "0.49000", "2006-03-31": "0.46000", "2005-12-31": "0.46000", "2005-09-30": "0.45000", "2005-06-30": "0.44000", "2005-03-31": "0.44000"}, "EPS - Earnings Per Share": {"2020-12-31": "1.48000", "2020-09-30": "1.40000", "2020-06-30": "1.41000", "2020-03-31": "1.39000", "2019-12-31": "0.97000", "2019-09-30": "1.19000", "2019-06-30": "1.18000", "2019-03-31": "1.18000", "2018-12-31": "1.19000", "2018-09-30": "1.18000", "2018-06-30": "1.17000", "2018-03-31": "1.07000", "2017-12-31": "0.96000", "2017-09-30": "0.98000", "2017-06-30": "0.99000", "2017-03-31": "0.99000", "2016-12-31": "0.99000", "2016-09-30": "0.99000", "2016-06-30": "0.98000", "2016-03-31": "0.98000", "2015-12-31": "1.00000", "2015-09-30": "1.01000", "2015-06-30": "1.03000", "2015-03-31": "1.05000", "2014-12-31": "1.13000", "2014-09-30": "1.10000", "2014-06-30": "1.08000", "2014-03-31": "1.01000", "2013-12-31": "0.99000", "2013-09-30": "0.91000", "2013-06-30": "0.89000", "2013-03-31": "0.86000", "2012-12-31": "0.86000", "2012-09-30": "0.82000", "2012-06-30": "0.78000", "2012-03-31": "0.77000", "2011-12-31": "0.77000", "2011-09-30": "0.77000", "2011-06-30": "0.75000", "2011-03-31": "0.72000", "2010-12-31": "0.70000", "2010-09-30": "0.69000", "2010-06-30": "0.68000", "2010-03-31": "0.66000", "2009-12-31": "0.66000", "2009-09-30": "0.63000", "2009-06-30": "0.57000", "2009-03-31": "0.55000", "2008-12-31": "0.49000", "2008-09-30": "0.33000", "2008-06-30": "0.52000", "2008-03-31": "0.52000", "2007-12-31": "0.38000", "2007-09-30": "0.54000", "2007-06-30": "0.52000", "2007-03-31": "0.50000", "2006-12-31": "0.51000", "2006-09-30": "0.49000", "2006-06-30": "0.48000", "2006-03-31": "0.46000", "2005-12-31": "0.45000", "2005-09-30": "0.45000", "2005-06-30": "0.44000", "2005-03-31": "0.43000"}}, "balance sheet": {"Cash On Hand": {"2020-12-31": "1343.54900", "2019-12-31": "574.10800", "2018-12-31": "411.12700", "2017-12-31": "392.31300", "2016-12-31": "437.38100", "2015-12-31": "563.96200", "2014-12-31": "677.85390", "2013-12-31": "381.39000", "2012-12-31": "326.30400", "2011-12-31": "213.44200", "2010-12-31": "159.36800", "2009-12-31": "195.31700", "2008-12-31": "228.73900", "2007-12-31": "371.29000", "2006-12-31": "270.11800", "2005-12-31": "97.66100"}, "Receivables": {"2020-12-31": "", "2019-12-31": "", "2018-12-31": "", "2017-12-31": "", "2016-12-31": "", "2015-12-31": "", "2014-12-31": "", "2013-12-31": "", "2012-12-31": "", "2011-12-31": "", "2010-12-31": "", "2009-12-31": "", "2008-12-31": "", "2007-12-31": "", "2006-12-31": "", "2005-12-31": ""}, "Inventory": {"2020-12-31": "", "2019-12-31": "", "2018-12-31": "", "2017-12-31": "", "2016-12-31": "", "2015-12-31": "", "2014-12-31": "", "2013-12-31": "", "2012-12-31": "", "2011-12-31": "", "2010-12-31": "", "2009-12-31": "", "2008-12-31": "", "2007-12-31": "", "2006-12-31": "", "2005-12-31": ""}, "Pre-Paid Expenses": {"2020-12-31": "", "2019-12-31": "", "2018-12-31": "", "2017-12-31": "", "2016-12-31": "", "2015-12-31": "", "2014-12-31": "", "2013-12-31": "", "2012-12-31": "", "2011-12-31": "", "2010-12-31": "", "2009-12-31": "", "2008-12-31": "", "2007-12-31": "", "2006-12-31": "", "2005-12-31": ""}, "Other Current Assets": {"2020-12-31": "", "2019-12-31": "", "2018-12-31": "", "2017-12-31": "", "2016-12-31": "", "2015-12-31": "", "2014-12-31": "", "2013-12-31": "", "2012-12-31": "", "2011-12-31": "", "2010-12-31": "", "2009-12-31": "", "2008-12-31": "", "2007-12-31": "", "2006-12-31": "", "2005-12-31": ""}, "Total Current Assets": {"2020-12-31": "21274.43000", "2019-12-31": "19412.78000", "2018-12-31": "10751.54000", "2017-12-31": "10385.41000", "2016-12-31": "10027.42000", "2015-12-31": "9973.09100", "2014-12-31": "9893.21600", "2013-12-31": "8138.57500", "2012-12-31": "5496.01700", "2011-12-31": "3957.15900", "2010-12-31": "3622.74200", "2009-12-31": "3550.72800", "2008-12-31": "3793.44300", "2007-12-31": "3509.65800", "2006-12-31": "2442.99900", "2005-12-31": "1638.68800"}, "Property, Plant, And Equipment": {"2020-12-31": "323.57200", "2019-12-31": "326.83200", "2018-12-31": "257.04600", "2017-12-31": "257.06500", "2016-12-31": "262.08300", "2015-12-31": "267.99600", "2014-12-31": "281.54900", "2013-12-31": "282.92500", "2012-12-31": "205.26800", "2011-12-31": "159.65600", "2010-12-31": "159.05300", "2009-12-31": "148.85500", "2008-12-31": "123.63800", "2007-12-31": "120.04400", "2006-12-31": "63.05700", "2005-12-31": "49.24400"}, "Long-Term Investments": {"2020-12-31": "8542.82000", "2019-12-31": "8654.00100", "2018-12-31": "9464.92500", "2017-12-31": "9721.88000", "2016-12-31": "9781.51600", "2015-12-31": "9570.84000", "2014-12-31": "9061.20800", "2013-12-31": "8248.94700", "2012-12-31": "7476.52600", "2011-12-31": "4670.53700", "2010-12-31": "4642.09800", "2009-12-31": "4134.30900", "2008-12-31": "4175.88400", "2007-12-31": "1863.16400", "2006-12-31": "1590.30300", "2005-12-31": "1572.60200"}, "Goodwill And Intangible Assets": {"2020-12-31": "3304.87100", "2019-12-31": "3310.07500", "2018-12-31": "1933.72800", "2017-12-31": "1939.68700", "2016-12-31": "1946.62900", "2015-12-31": "1918.24400", "2014-12-31": "1933.13800", "2013-12-31": "1713.56900", "2012-12-31": "1243.32100", "2011-12-31": "945.53300", "2010-12-31": "953.03400", "2009-12-31": "912.37200", "2008-12-31": "912.85000", "2007-12-31": "799.97800", "2006-12-31": "447.37100", "2005-12-31": "284.42500"}, "Other Long-Term Assets": {"2020-12-31": "613.58700", "2019-12-31": "482.01800", "2018-12-31": "286.17100", "2017-12-31": "283.24700", "2016-12-31": "313.41900", "2015-12-31": "307.04500", "2014-12-31": "338.62200", "2013-12-31": "258.01200", "2012-12-31": "162.44100", "2011-12-31": "89.78600", "2010-12-31": "99.64500", "2009-12-31": "104.13600", "2008-12-31": "66.54900", "2007-12-31": "79.49900", "2006-12-31": "43.03900", "2005-12-31": "41.02300"}, "Total Long-Term Assets": {"2020-12-31": "12784.85000", "2019-12-31": "12772.93000", "2018-12-31": "11941.87000", "2017-12-31": "12201.88000", "2016-12-31": "12303.65000", "2015-12-31": "12064.13000", "2014-12-31": "11614.52000", "2013-12-31": "10503.45000", "2012-12-31": "9087.55700", "2011-12-31": "5865.51300", "2010-12-31": "5853.83100", "2009-12-31": "5299.67200", "2008-12-31": "5278.92100", "2007-12-31": "2862.68500", "2006-12-31": "2143.77000", "2005-12-31": "1947.29400"}, "Total Assets": {"2020-12-31": "34059.27000", "2019-12-31": "32185.71000", "2018-12-31": "22693.40000", "2017-12-31": "22587.29000", "2016-12-31": "22331.07000", "2015-12-31": "22037.22000", "2014-12-31": "21507.73000", "2013-12-31": "18642.03000", "2012-12-31": "14583.57000", "2011-12-31": "9822.67100", "2010-12-31": "9476.57200", "2009-12-31": "8850.40000", "2008-12-31": "9072.36400", "2007-12-31": "6372.34300", "2006-12-31": "4586.76900", "2005-12-31": "3585.98200"}, "Total Current Liabilities": {"2020-12-31": "27750.07000", "2019-12-31": "25889.34000", "2018-12-31": "18576.61000", "2017-12-31": "18653.78000", "2016-12-31": "18620.83000", "2015-12-31": "18489.67000", "2014-12-31": "18020.59000", "2013-12-31": "15668.82000", "2012-12-31": "12355.00000", "2011-12-31": "8130.73000", "2010-12-31": "7894.02600", "2009-12-31": "7364.62800", "2008-12-31": "7643.33400", "2007-12-31": "5094.21500", "2006-12-31": "3807.76200", "2005-12-31": "3029.25300"}, "Long Term Debt": {"2020-12-31": "", "2019-12-31": "125.80400", "2018-12-31": "", "2017-12-31": "", "2016-12-31": "", "2015-12-31": "", "2014-12-31": "167.53100", "2013-12-31": "124.23100", "2012-12-31": "85.05500", "2011-12-31": "85.05500", "2010-12-31": "92.26500", "2009-12-31": "92.26500", "2008-12-31": "92.26500", "2007-12-31": "112.88500", "2006-12-31": "100.51900", "2005-12-31": "75.77500"}, "Other Non-Current Liabilities": {"2020-12-31": "178.53100", "2019-12-31": "244.12900", "2018-12-31": "199.72800", "2017-12-31": "109.35600", "2016-12-31": "67.92900", "2015-12-31": "84.63900", "2014-12-31": "74.78100", "2013-12-31": "62.16200", "2012-12-31": "54.12600", "2011-12-31": "39.62100", "2010-12-31": "37.94200", "2009-12-31": "42.26100", "2008-12-31": "81.65900", "2007-12-31": "37.81200", "2006-12-31": "14.07700", "2005-12-31": "16.23700"}, "Total Long Term Liabilities": {"2020-12-31": "178.53100", "2019-12-31": "369.93300", "2018-12-31": "199.72800", "2017-12-31": "109.35600", "2016-12-31": "67.92900", "2015-12-31": "84.63900", "2014-12-31": "242.31200", "2013-12-31": "186.39300", "2012-12-31": "139.18100", "2011-12-31": "124.67600", "2010-12-31": "130.20700", "2009-12-31": "134.52600", "2008-12-31": "173.92400", "2007-12-31": "150.69700", "2006-12-31": "114.59600", "2005-12-31": "92.01200"}, "Total Liabilities": {"2020-12-31": "27928.61000", "2019-12-31": "26214.87000", "2018-12-31": "18640.58000", "2017-12-31": "18763.14000", "2016-12-31": "18688.76000", "2015-12-31": "18574.31000", "2014-12-31": "18262.91000", "2013-12-31": "15855.21000", "2012-12-31": "12494.18000", "2011-12-31": "8255.40600", "2010-12-31": "8024.23300", "2009-12-31": "7499.15500", "2008-12-31": "7817.25800", "2007-12-31": "5244.91200", "2006-12-31": "3922.35800", "2005-12-31": "3121.26500"}, "Common Stock Net": {"2020-12-31": "", "2019-12-31": "94.74600", "2018-12-31": "69.84700", "2017-12-31": "69.49100", "2016-12-31": "69.49100", "2015-12-31": "70.05900", "2014-12-31": "69.81700", "2013-12-31": "66.08500", "2012-12-31": "56.48400", "2011-12-31": "46.94700", "2010-12-31": "46.72100", "2009-12-31": "46.57800", "2008-12-31": "46.11700", "2007-12-31": "44.18800", "2006-12-31": "32.83000", "2005-12-31": "27.85800"}, "Retained Earnings (Accumulated Deficit)": {"2020-12-31": "", "2019-12-31": "2140.96800", "2018-12-31": "1937.31600", "2017-12-31": "1719.55700", "2016-12-31": "1543.28000", "2015-12-31": "1355.04000", "2014-12-31": "1146.65200", "2013-12-31": "917.59500", "2012-12-31": "750.23600", "2011-12-31": "623.87800", "2010-12-31": "515.87100", "2009-12-31": "418.00800", "2008-12-31": "332.36300", "2007-12-31": "273.40700", "2006-12-31": "209.58100", "2005-12-31": "160.88300"}, "Comprehensive Income": {"2020-12-31": "", "2019-12-31": "0.60200", "2018-12-31": "0.31000", "2017-12-31": "-0.11300", "2016-12-31": "1.41100", "2015-12-31": "2.04000", "2014-12-31": "3.72900", "2013-12-31": "4.88300", "2012-12-31": "8.98600", "2011-12-31": "13.47200", "2010-12-31": "14.30400", "2009-12-31": "16.80600", "2008-12-31": "9.85300", "2007-12-31": "1.41700", "2006-12-31": "-2.95000", "2005-12-31": "-3.94200"}, "Other Share Holders Equity": {"2020-12-31": "", "2019-12-31": "", "2018-12-31": "", "2017-12-31": "", "2016-12-31": "", "2015-12-31": "", "2014-12-31": "", "2013-12-31": "", "2012-12-31": "", "2011-12-31": "", "2010-12-31": "", "2009-12-31": "", "2008-12-31": "", "2007-12-31": "", "2006-12-31": "", "2005-12-31": ""}, "Share Holder Equity": {"2020-12-31": "6130.66900", "2019-12-31": "5970.83500", "2018-12-31": "4052.82400", "2017-12-31": "3824.15400", "2016-12-31": "3642.31100", "2015-12-31": "3462.91000", "2014-12-31": "3244.82600", "2013-12-31": "2786.81800", "2012-12-31": "2089.38900", "2011-12-31": "1567.26500", "2010-12-31": "1452.33900", "2009-12-31": "1351.24500", "2008-12-31": "1255.10600", "2007-12-31": "1127.43100", "2006-12-31": "664.41100", "2005-12-31": "464.71700"}, "Total Liabilities And Share Holders Equity": {"2020-12-31": "34059.27000", "2019-12-31": "32185.71000", "2018-12-31": "22693.40000", "2017-12-31": "22587.29000", "2016-12-31": "22331.07000", "2015-12-31": "22037.22000", "2014-12-31": "21507.73000", "2013-12-31": "18642.03000", "2012-12-31": "14583.57000", "2011-12-31": "9822.67100", "2010-12-31": "9476.57200", "2009-12-31": "8850.40000", "2008-12-31": "9072.36400", "2007-12-31": "6372.34300", "2006-12-31": "4586.76900", "2005-12-31": "3585.98200"}}, "balance sheet, quarterly": {"Cash On Hand": {"2020-12-31": "1343.54900", "2020-09-30": "1087.66200", "2020-06-30": "333.44100", "2020-03-31": "382.13400", "2019-12-31": "574.10800", "2019-09-30": "420.88000", "2019-06-30": "302.62400", "2019-03-31": "292.06400", "2018-12-31": "411.12700", "2018-09-30": "294.47000", "2018-06-30": "275.47900", "2018-03-31": "243.98300", "2017-12-31": "392.31300", "2017-09-30": "303.47600", "2017-06-30": "322.71500", "2017-03-31": "325.74200", "2016-12-31": "437.38100", "2016-09-30": "342.11300", "2016-06-30": "333.69200", "2016-03-31": "335.97800", "2015-12-31": "563.96200", "2015-09-30": "301.22600", "2015-06-30": "354.49800", "2015-03-31": "354.28100", "2014-12-31": "677.85390", "2014-09-30": "331.43600", "2014-06-30": "513.48300", "2014-03-31": "350.24200", "2013-12-31": "381.39000", "2013-09-30": "271.10800", "2013-06-30": "251.14800", "2013-03-31": "181.41200", "2012-12-31": "326.30400", "2012-09-30": "207.95200", "2012-06-30": "152.81100", "2012-03-31": "151.91200", "2011-12-31": "213.44200", "2011-09-30": "211.55500", "2011-06-30": "146.26000", "2011-03-31": "146.03800", "2010-12-31": "159.36800", "2010-09-30": "141.23100", "2010-06-30": "149.21800", "2010-03-31": "170.11100", "2009-12-31": "195.31700", "2009-09-30": "156.86200", "2009-06-30": "271.31100", "2009-03-31": "163.86800", "2008-12-31": "228.73900", "2008-09-30": "185.13400", "2008-06-30": "185.19600", "2008-03-31": "192.02200", "2007-12-31": "371.29000", "2007-09-30": "242.83500", "2007-06-30": "186.09700", "2007-03-31": "201.95400", "2006-12-31": "270.11800", "2006-09-30": "116.57700", "2006-06-30": "123.54000", "2006-03-31": "83.30200", "2005-12-31": "97.66100", "2005-09-30": "134.50600", "2005-06-30": "88.06000", "2005-03-31": "127.68700"}, "Receivables": {"2020-12-31": "", "2020-09-30": "", "2020-06-30": "", "2020-03-31": "", "2019-12-31": "", "2019-09-30": "", "2019-06-30": "", "2019-03-31": "", "2018-12-31": "", "2018-09-30": "", "2018-06-30": "", "2018-03-31": "", "2017-12-31": "", "2017-09-30": "", "2017-06-30": "", "2017-03-31": "", "2016-12-31": "", "2016-09-30": "", "2016-06-30": "", "2016-03-31": "", "2015-12-31": "", "2015-09-30": "", "2015-06-30": "", "2015-03-31": "", "2014-12-31": "", "2014-09-30": "", "2014-06-30": "", "2014-03-31": "", "2013-12-31": "", "2013-09-30": "", "2013-06-30": "", "2013-03-31": "", "2012-12-31": "", "2012-09-30": "", "2012-06-30": "", "2012-03-31": "", "2011-12-31": "", "2011-09-30": "", "2011-06-30": "", "2011-03-31": "", "2010-12-31": "", "2010-09-30": "", "2010-06-30": "", "2010-03-31": "", "2009-12-31": "", "2009-09-30": "", "2009-06-30": "", "2009-03-31": "", "2008-12-31": "", "2008-09-30": "", "2008-06-30": "", "2008-03-31": "", "2007-12-31": "", "2007-09-30": "", "2007-06-30": "", "2007-03-31": "", "2006-12-31": "", "2006-09-30": "", "2006-06-30": "", "2006-03-31": "", "2005-12-31": "", "2005-09-30": "", "2005-06-30": "", "2005-03-31": ""}, "Inventory": {"2020-12-31": "", "2020-09-30": "", "2020-06-30": "", "2020-03-31": "", "2019-12-31": "", "2019-09-30": "", "2019-06-30": "", "2019-03-31": "", "2018-12-31": "", "2018-09-30": "", "2018-06-30": "", "2018-03-31": "", "2017-12-31": "", "2017-09-30": "", "2017-06-30": "", "2017-03-31": "", "2016-12-31": "", "2016-09-30": "", "2016-06-30": "", "2016-03-31": "", "2015-12-31": "", "2015-09-30": "", "2015-06-30": "", "2015-03-31": "", "2014-12-31": "", "2014-09-30": "", "2014-06-30": "", "2014-03-31": "", "2013-12-31": "", "2013-09-30": "", "2013-06-30": "", "2013-03-31": "", "2012-12-31": "", "2012-09-30": "", "2012-06-30": "", "2012-03-31": "", "2011-12-31": "", "2011-09-30": "", "2011-06-30": "", "2011-03-31": "", "2010-12-31": "", "2010-09-30": "", "2010-06-30": "", "2010-03-31": "", "2009-12-31": "", "2009-09-30": "", "2009-06-30": "", "2009-03-31": "", "2008-12-31": "", "2008-09-30": "", "2008-06-30": "", "2008-03-31": "", "2007-12-31": "", "2007-09-30": "", "2007-06-30": "", "2007-03-31": "", "2006-12-31": "", "2006-09-30": "", "2006-06-30": "", "2006-03-31": "", "2005-12-31": "", "2005-09-30": "", "2005-06-30": "", "2005-03-31": ""}, "Pre-Paid Expenses": {"2020-12-31": "", "2020-09-30": "", "2020-06-30": "", "2020-03-31": "", "2019-12-31": "", "2019-09-30": "", "2019-06-30": "", "2019-03-31": "", "2018-12-31": "", "2018-09-30": "", "2018-06-30": "", "2018-03-31": "", "2017-12-31": "", "2017-09-30": "", "2017-06-30": "", "2017-03-31": "", "2016-12-31": "", "2016-09-30": "", "2016-06-30": "", "2016-03-31": "", "2015-12-31": "", "2015-09-30": "", "2015-06-30": "", "2015-03-31": "", "2014-12-31": "", "2014-09-30": "", "2014-06-30": "", "2014-03-31": "", "2013-12-31": "", "2013-09-30": "", "2013-06-30": "", "2013-03-31": "", "2012-12-31": "", "2012-09-30": "", "2012-06-30": "", "2012-03-31": "", "2011-12-31": "", "2011-09-30": "", "2011-06-30": "", "2011-03-31": "", "2010-12-31": "", "2010-09-30": "", "2010-06-30": "", "2010-03-31": "", "2009-12-31": "", "2009-09-30": "", "2009-06-30": "", "2009-03-31": "", "2008-12-31": "", "2008-09-30": "", "2008-06-30": "", "2008-03-31": "", "2007-12-31": "", "2007-09-30": "", "2007-06-30": "", "2007-03-31": "", "2006-12-31": "", "2006-09-30": "", "2006-06-30": "", "2006-03-31": "", "2005-12-31": "", "2005-09-30": "", "2005-06-30": "", "2005-03-31": ""}, "Other Current Assets": {"2020-12-31": "", "2020-09-30": "", "2020-06-30": "", "2020-03-31": "", "2019-12-31": "", "2019-09-30": "", "2019-06-30": "", "2019-03-31": "", "2018-12-31": "", "2018-09-30": "", "2018-06-30": "", "2018-03-31": "", "2017-12-31": "", "2017-09-30": "", "2017-06-30": "", "2017-03-31": "", "2016-12-31": "", "2016-09-30": "", "2016-06-30": "", "2016-03-31": "", "2015-12-31": "", "2015-09-30": "", "2015-06-30": "", "2015-03-31": "", "2014-12-31": "", "2014-09-30": "", "2014-06-30": "", "2014-03-31": "", "2013-12-31": "", "2013-09-30": "", "2013-06-30": "", "2013-03-31": "", "2012-12-31": "", "2012-09-30": "", "2012-06-30": "", "2012-03-31": "", "2011-12-31": "", "2011-09-30": "", "2011-06-30": "", "2011-03-31": "", "2010-12-31": "", "2010-09-30": "", "2010-06-30": "", "2010-03-31": "", "2009-12-31": "", "2009-09-30": "", "2009-06-30": "", "2009-03-31": "", "2008-12-31": "", "2008-09-30": "", "2008-06-30": "", "2008-03-31": "", "2007-12-31": "", "2007-09-30": "", "2007-06-30": "", "2007-03-31": "", "2006-12-31": "", "2006-09-30": "", "2006-06-30": "", "2006-03-31": "", "2005-12-31": "", "2005-09-30": "", "2005-06-30": "", "2005-03-31": ""}, "Total Current Assets": {"2020-12-31": "21274.43000", "2020-09-30": "21647.22000", "2020-06-30": "21128.87000", "2020-03-31": "19258.16000", "2019-12-31": "19412.78000", "2019-09-30": "11081.24000", "2019-06-30": "10860.38000", "2019-03-31": "10675.86000", "2018-12-31": "10751.54000", "2018-09-30": "10558.22000", "2018-06-30": "10393.87000", "2018-03-31": "10223.33000", "2017-12-31": "10385.41000", "2017-09-30": "10180.40000", "2017-06-30": "10155.61000", "2017-03-31": "10030.62000", "2016-12-31": "10027.42000", "2016-09-30": "9853.31200", "2016-06-30": "9951.36000", "2016-03-31": "9956.75300", "2015-12-31": "9973.09100", "2015-09-30": "9473.93000", "2015-06-30": "9439.16400", "2015-03-31": "9488.09300", "2014-12-31": "9893.21600", "2014-09-30": "9672.72900", "2014-06-30": "9801.62800", "2014-03-31": "8080.60100", "2013-12-31": "8138.57500", "2013-09-30": "6431.96700", "2013-06-30": "6411.10500", "2013-03-31": "5427.43400", "2012-12-31": "5496.01700", "2012-09-30": "5275.79000", "2012-06-30": "4082.97100", "2012-03-31": "4005.39300", "2011-12-31": "3957.15900", "2011-09-30": "3924.55000", "2011-06-30": "3789.30700", "2011-03-31": "3697.00100", "2010-12-31": "3622.74200", "2010-09-30": "3533.36200", "2010-06-30": "3553.23900", "2010-03-31": "3497.15500", "2009-12-31": "3550.72800", "2009-09-30": "3546.88400", "2009-06-30": "3711.23900", "2009-03-31": "3657.36500", "2008-12-31": "3793.44300", "2008-09-30": "3424.98400", "2008-06-30": "3490.81400", "2008-03-31": "3347.24600", "2007-12-31": "3509.65800", "2007-09-30": "3363.72000", "2007-06-30": "3361.50500", "2007-03-31": "3441.11600", "2006-12-31": "2442.99900", "2006-09-30": "2326.97600", "2006-06-30": "2323.92900", "2006-03-31": "1642.41200", "2005-12-31": "1638.68800", "2005-09-30": "1645.02000", "2005-06-30": "1605.13600", "2005-03-31": "1623.85000"}, "Property, Plant, And Equipment": {"2020-12-31": "323.57200", "2020-09-30": "325.99400", "2020-06-30": "324.97500", "2020-03-31": "327.29300", "2019-12-31": "326.83200", "2019-09-30": "263.70300", "2019-06-30": "262.47900", "2019-03-31": "257.59500", "2018-12-31": "257.04600", "2018-09-30": "256.42600", "2018-06-30": "255.46500", "2018-03-31": "257.05700", "2017-12-31": "257.06500", "2017-09-30": "256.01100", "2017-06-30": "256.51100", "2017-03-31": "257.55800", "2016-12-31": "262.08300", "2016-09-30": "270.38600", "2016-06-30": "273.10400", "2016-03-31": "277.95100", "2015-12-31": "267.99600", "2015-09-30": "271.65000", "2015-06-30": "275.34700", "2015-03-31": "276.46800", "2014-12-31": "281.54900", "2014-09-30": "283.01100", "2014-06-30": "285.75100", "2014-03-31": "280.81200", "2013-12-31": "282.92500", "2013-09-30": "232.24000", "2013-06-30": "227.45500", "2013-03-31": "206.82900", "2012-12-31": "205.26800", "2012-09-30": "201.44500", "2012-06-30": "166.27300", "2012-03-31": "162.67600", "2011-12-31": "159.65600", "2011-09-30": "160.09900", "2011-06-30": "160.11900", "2011-03-31": "159.05000", "2010-12-31": "159.05300", "2010-09-30": "159.71700", "2010-06-30": "161.26700", "2010-03-31": "152.88600", "2009-12-31": "148.85500", "2009-09-30": "149.72500", "2009-06-30": "149.74200", "2009-03-31": "151.54400", "2008-12-31": "123.63800", "2008-09-30": "123.82300", "2008-06-30": "125.00000", "2008-03-31": "123.80600", "2007-12-31": "120.04400", "2007-09-30": "120.79400", "2007-06-30": "120.81000", "2007-03-31": "118.28700", "2006-12-31": "63.05700", "2006-09-30": "63.11800", "2006-06-30": "64.24200", "2006-03-31": "48.31600", "2005-12-31": "49.24400", "2005-09-30": "47.91300", "2005-06-30": "48.70700", "2005-03-31": "49.99600"}, "Long-Term Investments": {"2020-12-31": "8542.82000", "2020-09-30": "7440.39600", "2020-06-30": "7728.81900", "2020-03-31": "8361.70800", "2019-12-31": "8654.00100", "2019-09-30": "8534.74800", "2019-06-30": "9008.39900", "2019-03-31": "9186.16900", "2018-12-31": "9464.92500", "2018-09-30": "9583.53400", "2018-06-30": "9696.52900", "2018-03-31": "9765.64700", "2017-12-31": "9721.88000", "2017-09-30": "9472.33800", "2017-06-30": "9651.70500", "2017-03-31": "9928.24900", "2016-12-31": "9781.51600", "2016-09-30": "9023.47000", "2016-06-30": "9314.20800", "2016-03-31": "9482.95900", "2015-12-31": "9570.84000", "2015-09-30": "9592.60400", "2015-06-30": "9756.21000", "2015-03-31": "9606.48500", "2014-12-31": "9061.20800", "2014-09-30": "8890.65600", "2014-06-30": "8880.61000", "2014-03-31": "8585.19400", "2013-12-31": "8248.94700", "2013-09-30": "7814.40300", "2013-06-30": "8062.81700", "2013-03-31": "8020.66800", "2012-12-31": "7476.52600", "2012-09-30": "6841.93000", "2012-06-30": "5444.28000", "2012-03-31": "5681.56200", "2011-12-31": "4670.53700", "2011-09-30": "4444.66600", "2011-06-30": "4666.42800", "2011-03-31": "4818.98500", "2010-12-31": "4642.09800", "2010-09-30": "4487.99400", "2010-06-30": "4832.73500", "2010-03-31": "4536.11600", "2009-12-31": "4134.30900", "2009-09-30": "4273.36300", "2009-06-30": "3989.03900", "2009-03-31": "3999.91700", "2008-12-31": "4175.88400", "2008-09-30": "2311.10400", "2008-06-30": "2235.70300", "2008-03-31": "2086.38200", "2007-12-31": "1863.16400", "2007-09-30": "1804.32600", "2007-06-30": "1818.72300", "2007-03-31": "1886.29400", "2006-12-31": "1590.30300", "2006-09-30": "1566.47800", "2006-06-30": "1643.41200", "2006-03-31": "1555.02800", "2005-12-31": "1572.60200", "2005-09-30": "1488.34000", "2005-06-30": "1478.35000", "2005-03-31": "1486.46300"}, "Goodwill And Intangible Assets": {"2020-12-31": "3304.87100", "2020-09-30": "3308.17000", "2020-06-30": "3311.71200", "2020-03-31": "3306.18500", "2019-12-31": "3310.07500", "2019-09-30": "1929.89600", "2019-06-30": "1931.14400", "2019-03-31": "1932.40900", "2018-12-31": "1933.72800", "2018-09-30": "1935.14000", "2018-06-30": "1936.61800", "2018-03-31": "1938.11900", "2017-12-31": "1939.68700", "2017-09-30": "1941.30900", "2017-06-30": "1942.99500", "2017-03-31": "1944.71400", "2016-12-31": "1946.62900", "2016-09-30": "1948.35900", "2016-06-30": "1948.31200", "2016-03-31": "1950.64600", "2015-12-31": "1918.24400", "2015-09-30": "1933.66700", "2015-06-30": "1936.02300", "2015-03-31": "1938.41300", "2014-12-31": "1933.13800", "2014-09-30": "1926.72900", "2014-06-30": "1931.34200", "2014-03-31": "1711.70600", "2013-12-31": "1713.56900", "2013-09-30": "1377.01500", "2013-06-30": "1377.52200", "2013-03-31": "1262.25700", "2012-12-31": "1243.32100", "2012-09-30": "1228.19000", "2012-06-30": "950.67100", "2012-03-31": "948.46200", "2011-12-31": "945.53300", "2011-09-30": "947.41100", "2011-06-30": "949.33600", "2011-03-31": "951.27900", "2010-12-31": "953.03400", "2010-09-30": "954.88100", "2010-06-30": "954.87300", "2010-03-31": "923.21800", "2009-12-31": "912.37200", "2009-09-30": "914.78300", "2009-06-30": "915.38700", "2009-03-31": "917.50400", "2008-12-31": "912.85000", "2008-09-30": "856.89000", "2008-06-30": "858.92700", "2008-03-31": "812.59000", "2007-12-31": "799.97800", "2007-09-30": "794.33910", "2007-06-30": "785.94100", "2007-03-31": "791.21100", "2006-12-31": "447.37100", "2006-09-30": "449.35800", "2006-06-30": "449.01000", "2006-03-31": "284.50600", "2005-12-31": "284.42500", "2005-09-30": "270.00400", "2005-06-30": "270.91800", "2005-03-31": "270.13900"}, "Other Long-Term Assets": {"2020-12-31": "613.58700", "2020-09-30": "475.81600", "2020-06-30": "472.27600", "2020-03-31": "490.15200", "2019-12-31": "482.01800", "2019-09-30": "303.51700", "2019-06-30": "312.82400", "2019-03-31": "302.20600", "2018-12-31": "286.17100", "2018-09-30": "279.26100", "2018-06-30": "288.25800", "2018-03-31": "288.16500", "2017-12-31": "283.24700", "2017-09-30": "293.20800", "2017-06-30": "289.72000", "2017-03-31": "316.27700", "2016-12-31": "313.41900", "2016-09-30": "308.51800", "2016-06-30": "309.32600", "2016-03-31": "310.03500", "2015-12-31": "307.04500", "2015-09-30": "295.38500", "2015-06-30": "279.54200", "2015-03-31": "297.40000", "2014-12-31": "338.62200", "2014-09-30": "344.18800", "2014-06-30": "348.77500", "2014-03-31": "254.82100", "2013-12-31": "258.01200", "2013-09-30": "198.65400", "2013-06-30": "191.81900", "2013-03-31": "164.12500", "2012-12-31": "162.44100", "2012-09-30": "164.76500", "2012-06-30": "96.15600", "2012-03-31": "91.86300", "2011-12-31": "89.78600", "2011-09-30": "90.36100", "2011-06-30": "91.95700", "2011-03-31": "96.63200", "2010-12-31": "99.64500", "2010-09-30": "102.54800", "2010-06-30": "106.70800", "2010-03-31": "109.35800", "2009-12-31": "104.13600", "2009-09-30": "72.57700", "2009-06-30": "73.19200", "2009-03-31": "72.86700", "2008-12-31": "66.54900", "2008-09-30": "71.10800", "2008-06-30": "83.29000", "2008-03-31": "94.70900", "2007-12-31": "79.49900", "2007-09-30": "87.34500", "2007-06-30": "97.93500", "2007-03-31": "89.79100", "2006-12-31": "43.03900", "2006-09-30": "49.78600", "2006-06-30": "51.35800", "2006-03-31": "41.35100", "2005-12-31": "41.02300", "2005-09-30": "42.69500", "2005-06-30": "43.70500", "2005-03-31": "49.29900"}, "Total Long-Term Assets": {"2020-12-31": "12784.85000", "2020-09-30": "11550.38000", "2020-06-30": "11837.78000", "2020-03-31": "12485.34000", "2019-12-31": "12772.93000", "2019-09-30": "11031.86000", "2019-06-30": "11514.85000", "2019-03-31": "11678.38000", "2018-12-31": "11941.87000", "2018-09-30": "12054.36000", "2018-06-30": "12176.87000", "2018-03-31": "12248.99000", "2017-12-31": "12201.88000", "2017-09-30": "11962.87000", "2017-06-30": "12140.93000", "2017-03-31": "12446.80000", "2016-12-31": "12303.65000", "2016-09-30": "11550.73000", "2016-06-30": "11844.95000", "2016-03-31": "12021.59000", "2015-12-31": "12064.13000", "2015-09-30": "12093.31000", "2015-06-30": "12247.12000", "2015-03-31": "12118.77000", "2014-12-31": "11614.52000", "2014-09-30": "11444.58000", "2014-06-30": "11446.48000", "2014-03-31": "10832.53000", "2013-12-31": "10503.45000", "2013-09-30": "9622.31300", "2013-06-30": "9859.61400", "2013-03-31": "9653.87900", "2012-12-31": "9087.55700", "2012-09-30": "8436.33000", "2012-06-30": "6657.37900", "2012-03-31": "6884.56200", "2011-12-31": "5865.51300", "2011-09-30": "5642.53700", "2011-06-30": "5867.84000", "2011-03-31": "6025.94500", "2010-12-31": "5853.83100", "2010-09-30": "5705.14000", "2010-06-30": "6055.58300", "2010-03-31": "5721.57800", "2009-12-31": "5299.67200", "2009-09-30": "5410.44900", "2009-06-30": "5127.36000", "2009-03-31": "5141.83200", "2008-12-31": "5278.92100", "2008-09-30": "3362.92500", "2008-06-30": "3302.92000", "2008-03-31": "3117.48700", "2007-12-31": "2862.68500", "2007-09-30": "2806.80400", "2007-06-30": "2823.40900", "2007-03-31": "2885.58300", "2006-12-31": "2143.77000", "2006-09-30": "2128.74000", "2006-06-30": "2208.02200", "2006-03-31": "1929.20100", "2005-12-31": "1947.29400", "2005-09-30": "1848.95200", "2005-06-30": "1841.68000", "2005-03-31": "1855.89700"}, "Total Assets": {"2020-12-31": "34059.27000", "2020-09-30": "33197.60000", "2020-06-30": "32966.65000", "2020-03-31": "31743.50000", "2019-12-31": "32185.71000", "2019-09-30": "22092.82000", "2019-06-30": "22375.22000", "2019-03-31": "22354.24000", "2018-12-31": "22693.40000", "2018-09-30": "22612.58000", "2018-06-30": "22570.74000", "2018-03-31": "22472.31000", "2017-12-31": "22587.29000", "2017-09-30": "22143.26000", "2017-06-30": "22296.54000", "2017-03-31": "22477.42000", "2016-12-31": "22331.07000", "2016-09-30": "21404.04000", "2016-06-30": "21796.31000", "2016-03-31": "21978.35000", "2015-12-31": "22037.22000", "2015-09-30": "21567.24000", "2015-06-30": "21686.29000", "2015-03-31": "21606.86000", "2014-12-31": "21507.73000", "2014-09-30": "21117.31000", "2014-06-30": "21248.11000", "2014-03-31": "18913.13000", "2013-12-31": "18642.03000", "2013-09-30": "16054.28000", "2013-06-30": "16270.72000", "2013-03-31": "15081.31000", "2012-12-31": "14583.57000", "2012-09-30": "13712.12000", "2012-06-30": "10737.35000", "2012-03-31": "10889.96000", "2011-12-31": "9822.67100", "2011-09-30": "9567.08700", "2011-06-30": "9657.14700", "2011-03-31": "9722.94700", "2010-12-31": "9476.57200", "2010-09-30": "9238.50200", "2010-06-30": "9608.82200", "2010-03-31": "9218.73300", "2009-12-31": "8850.40000", "2009-09-30": "8957.33200", "2009-06-30": "8838.59900", "2009-03-31": "8799.19700", "2008-12-31": "9072.36400", "2008-09-30": "6787.90900", "2008-06-30": "6793.73400", "2008-03-31": "6464.73300", "2007-12-31": "6372.34300", "2007-09-30": "6170.52400", "2007-06-30": "6184.91400", "2007-03-31": "6326.69900", "2006-12-31": "4586.76900", "2006-09-30": "4455.71600", "2006-06-30": "4531.95100", "2006-03-31": "3571.61300", "2005-12-31": "3585.98200", "2005-09-30": "3493.97200", "2005-06-30": "3446.81600", "2005-03-31": "3479.74700"}, "Total Current Liabilities": {"2020-12-31": "27750.07000", "2020-09-30": "26848.64000", "2020-06-30": "26629.30000", "2020-03-31": "25518.21000", "2019-12-31": "25889.34000", "2019-09-30": "17847.56000", "2019-06-30": "18147.50000", "2019-03-31": "18137.72000", "2018-12-31": "18576.61000", "2018-09-30": "18535.85000", "2018-06-30": "18530.04000", "2018-03-31": "18495.53000", "2017-12-31": "18653.78000", "2017-09-30": "18205.58000", "2017-06-30": "18455.19000", "2017-03-31": "18644.32000", "2016-12-31": "18620.83000", "2016-09-30": "17669.27000", "2016-06-30": "18147.42000", "2016-03-31": "18365.36000", "2015-12-31": "18489.67000", "2015-09-30": "18038.55000", "2015-06-30": "18224.71000", "2015-03-31": "18213.91000", "2014-12-31": "18020.59000", "2014-09-30": "17664.62000", "2014-06-30": "17870.93000", "2014-03-31": "15851.95000", "2013-12-31": "15668.82000", "2013-09-30": "13495.99000", "2013-06-30": "13773.22000", "2013-03-31": "12762.14000", "2012-12-31": "12355.00000", "2012-09-30": "11512.56000", "2012-06-30": "8956.73400", "2012-03-31": "9133.04100", "2011-12-31": "8130.73000", "2011-09-30": "7881.55500", "2011-06-30": "8011.01600", "2011-03-31": "8099.84100", "2010-12-31": "7894.02600", "2010-09-30": "7664.61800", "2010-06-30": "8068.45400", "2010-03-31": "7690.47200", "2009-12-31": "7364.62800", "2009-09-30": "7480.65300", "2009-06-30": "7393.49100", "2009-03-31": "7328.90600", "2008-12-31": "7643.33400", "2008-09-30": "5434.34700", "2008-06-30": "5448.64100", "2008-03-31": "5156.49700", "2007-12-31": "5094.21500", "2007-09-30": "4908.76200", "2007-06-30": "4934.38400", "2007-03-31": "5079.99300", "2006-12-31": "3807.76200", "2006-09-30": "3682.65100", "2006-06-30": "3773.38000", "2006-03-31": "3005.60000", "2005-12-31": "3029.25300", "2005-09-30": "2963.85800", "2005-06-30": "2931.17200", "2005-03-31": "2965.95200"}, "Long Term Debt": {"2020-12-31": "", "2020-09-30": "125.14600", "2020-06-30": "125.36500", "2020-03-31": "125.58500", "2019-12-31": "125.80400", "2019-09-30": "", "2019-06-30": "", "2019-03-31": "", "2018-12-31": "", "2018-09-30": "", "2018-06-30": "", "2018-03-31": "", "2017-12-31": "", "2017-09-30": "", "2017-06-30": "", "2017-03-31": "", "2016-12-31": "", "2016-09-30": "", "2016-06-30": "", "2016-03-31": "7.21700", "2015-12-31": "", "2015-09-30": "", "2015-06-30": "", "2015-03-31": "", "2014-12-31": "167.53100", "2014-09-30": "167.53100", "2014-06-30": "167.53100", "2014-03-31": "124.23100", "2013-12-31": "124.23100", "2013-09-30": "85.05500", "2013-06-30": "85.05500", "2013-03-31": "85.05500", "2012-12-31": "85.05500", "2012-09-30": "85.05500", "2012-06-30": "85.05500", "2012-03-31": "85.05500", "2011-12-31": "85.05500", "2011-09-30": "85.05500", "2011-06-30": "85.05500", "2011-03-31": "85.05500", "2010-12-31": "92.26500", "2010-09-30": "92.26500", "2010-06-30": "92.26500", "2010-03-31": "92.26500", "2009-12-31": "92.26500", "2009-09-30": "92.26500", "2009-06-30": "92.26500", "2009-03-31": "92.26500", "2008-12-31": "92.26500", "2008-09-30": "92.26500", "2008-06-30": "92.26500", "2008-03-31": "112.88500", "2007-12-31": "112.88500", "2007-09-30": "112.88500", "2007-06-30": "120.61700", "2007-03-31": "145.36000", "2006-12-31": "100.51900", "2006-09-30": "100.51900", "2006-06-30": "100.51900", "2006-03-31": "69.58900", "2005-12-31": "75.77500", "2005-09-30": "75.77500", "2005-06-30": "75.77500", "2005-03-31": "75.77500"}, "Other Non-Current Liabilities": {"2020-12-31": "178.53100", "2020-09-30": "188.93400", "2020-06-30": "263.86400", "2020-03-31": "244.12900", "2019-12-31": "199.72800", "2019-09-30": "118.45400", "2019-06-30": "99.82700", "2019-03-31": "106.73100", "2018-12-31": "199.72800", "2018-09-30": "81.03500", "2018-06-30": "105.24800", "2018-03-31": "100.64300", "2017-12-31": "109.35600", "2017-09-30": "156.32200", "2017-06-30": "105.16200", "2017-03-31": "144.01800", "2016-12-31": "67.92900", "2016-09-30": "139.96200", "2016-06-30": "104.30600", "2016-03-31": "106.70900", "2015-12-31": "84.63900", "2015-09-30": "117.44900", "2015-06-30": "104.29300", "2015-03-31": "91.08900", "2014-12-31": "74.78100", "2014-09-30": "102.21200", "2014-06-30": "89.04800", "2014-03-31": "96.19400", "2013-12-31": "62.16200", "2013-09-30": "84.12600", "2013-06-30": "67.15700", "2013-03-31": "84.66300", "2012-12-31": "54.12600", "2012-09-30": "76.32900", "2012-06-30": "51.74500", "2012-03-31": "62.32600", "2011-12-31": "39.62100", "2011-09-30": "59.13800", "2011-06-30": "49.42800", "2011-03-31": "57.55300", "2010-12-31": "37.94200", "2010-09-30": "52.04900", "2010-06-30": "43.96900", "2010-03-31": "58.08900", "2009-12-31": "42.26100", "2009-09-30": "57.37900", "2009-06-30": "54.10000", "2009-03-31": "97.47800", "2008-12-31": "81.65900", "2008-09-30": "32.11700", "2008-06-30": "35.22300", "2008-03-31": "49.28600", "2007-12-31": "37.81200", "2007-09-30": "37.63200", "2007-06-30": "48.33700", "2007-03-31": "34.77700", "2006-12-31": "14.07700", "2006-09-30": "22.39300", "2006-06-30": "22.67900", "2006-03-31": "20.96700", "2005-12-31": "16.23700", "2005-09-30": "7.60400", "2005-06-30": "3.56600", "2005-03-31": "12.29100"}, "Total Long Term Liabilities": {"2020-12-31": "178.53100", "2020-09-30": "314.08000", "2020-06-30": "389.22900", "2020-03-31": "369.71400", "2019-12-31": "325.53200", "2019-09-30": "118.45400", "2019-06-30": "99.82700", "2019-03-31": "106.73100", "2018-12-31": "199.72800", "2018-09-30": "81.03500", "2018-06-30": "105.24800", "2018-03-31": "100.64300", "2017-12-31": "109.35600", "2017-09-30": "156.32200", "2017-06-30": "105.16200", "2017-03-31": "144.01800", "2016-12-31": "67.92900", "2016-09-30": "139.96200", "2016-06-30": "104.30600", "2016-03-31": "113.92600", "2015-12-31": "84.63900", "2015-09-30": "117.44900", "2015-06-30": "104.29300", "2015-03-31": "91.08900", "2014-12-31": "242.31200", "2014-09-30": "269.74300", "2014-06-30": "256.57900", "2014-03-31": "220.42500", "2013-12-31": "186.39300", "2013-09-30": "169.18100", "2013-06-30": "152.21200", "2013-03-31": "169.71800", "2012-12-31": "139.18100", "2012-09-30": "161.38400", "2012-06-30": "136.80000", "2012-03-31": "147.38100", "2011-12-31": "124.67600", "2011-09-30": "144.19300", "2011-06-30": "134.48300", "2011-03-31": "142.60800", "2010-12-31": "130.20700", "2010-09-30": "144.31400", "2010-06-30": "136.23400", "2010-03-31": "150.35400", "2009-12-31": "134.52600", "2009-09-30": "149.64400", "2009-06-30": "146.36500", "2009-03-31": "189.74300", "2008-12-31": "173.92400", "2008-09-30": "124.38200", "2008-06-30": "127.48800", "2008-03-31": "162.17100", "2007-12-31": "150.69700", "2007-09-30": "150.51700", "2007-06-30": "168.95400", "2007-03-31": "180.13700", "2006-12-31": "114.59600", "2006-09-30": "122.91200", "2006-06-30": "123.19800", "2006-03-31": "90.55600", "2005-12-31": "92.01200", "2005-09-30": "83.37900", "2005-06-30": "79.34100", "2005-03-31": "88.06600"}, "Total Liabilities": {"2020-12-31": "27928.61000", "2020-09-30": "27162.72000", "2020-06-30": "27018.53000", "2020-03-31": "25887.93000", "2019-12-31": "26214.87000", "2019-09-30": "17966.01000", "2019-06-30": "18247.33000", "2019-03-31": "18244.45000", "2018-12-31": "18640.58000", "2018-09-30": "18616.89000", "2018-06-30": "18635.29000", "2018-03-31": "18596.17000", "2017-12-31": "18763.14000", "2017-09-30": "18361.90000", "2017-06-30": "18560.36000", "2017-03-31": "18788.34000", "2016-12-31": "18688.76000", "2016-09-30": "17809.23000", "2016-06-30": "18251.73000", "2016-03-31": "18479.29000", "2015-12-31": "18574.31000", "2015-09-30": "18156.00000", "2015-06-30": "18329.00000", "2015-03-31": "18305.00000", "2014-12-31": "18262.91000", "2014-09-30": "17934.36000", "2014-06-30": "18127.51000", "2014-03-31": "16072.38000", "2013-12-31": "15855.21000", "2013-09-30": "13665.17000", "2013-06-30": "13925.44000", "2013-03-31": "12931.86000", "2012-12-31": "12494.18000", "2012-09-30": "11673.94000", "2012-06-30": "9093.53400", "2012-03-31": "9280.42200", "2011-12-31": "8255.40600", "2011-09-30": "8025.74800", "2011-06-30": "8145.49900", "2011-03-31": "8242.44900", "2010-12-31": "8024.23300", "2010-09-30": "7808.93200", "2010-06-30": "8204.68800", "2010-03-31": "7840.82600", "2009-12-31": "7499.15500", "2009-09-30": "7630.29700", "2009-06-30": "7539.85600", "2009-03-31": "7518.64900", "2008-12-31": "7817.25800", "2008-09-30": "5558.72900", "2008-06-30": "5576.12900", "2008-03-31": "5318.66800", "2007-12-31": "5244.91200", "2007-09-30": "5059.27900", "2007-06-30": "5103.33800", "2007-03-31": "5260.13000", "2006-12-31": "3922.35800", "2006-09-30": "3805.56300", "2006-06-30": "3896.57800", "2006-03-31": "3096.15600", "2005-12-31": "3121.26500", "2005-09-30": "3047.23700", "2005-06-30": "3010.51300", "2005-03-31": "3054.01800"}, "Common Stock Net": {"2020-12-31": "", "2020-09-30": "92.56200", "2020-06-30": "92.66000", "2020-03-31": "92.65100", "2019-12-31": "94.74600", "2019-09-30": "68.39700", "2019-06-30": "69.26100", "2019-03-31": "69.84600", "2018-12-31": "69.84700", "2018-09-30": "69.83800", "2018-06-30": "69.83800", "2018-03-31": "69.81900", "2017-12-31": "69.49100", "2017-09-30": "69.48400", "2017-06-30": "69.48800", "2017-03-31": "69.48000", "2016-12-31": "69.49100", "2016-09-30": "69.47700", "2016-06-30": "69.48000", "2016-03-31": "69.58000", "2015-12-31": "70.05900", "2015-09-30": "70.07800", "2015-06-30": "70.07700", "2015-03-31": "70.06100", "2014-12-31": "69.81700", "2014-09-30": "69.79300", "2014-06-30": "69.78200", "2014-03-31": "66.29800", "2013-12-31": "66.08500", "2013-09-30": "60.42000", "2013-06-30": "60.35200", "2013-03-31": "57.05100", "2012-12-31": "56.48400", "2012-09-30": "56.09500", "2012-06-30": "47.51100", "2012-03-31": "47.33400", "2011-12-31": "46.94700", "2011-09-30": "46.93000", "2011-06-30": "46.92600", "2011-03-31": "46.81900", "2010-12-31": "46.72100", "2010-09-30": "46.69000", "2010-06-30": "46.65900", "2010-03-31": "46.61300", "2009-12-31": "46.57800", "2009-09-30": "46.19000", "2009-06-30": "46.14600", "2009-03-31": "46.13700", "2008-12-31": "46.11700", "2008-09-30": "46.10900", "2008-06-30": "46.09600", "2008-03-31": "44.31600", "2007-12-31": "44.18800", "2007-09-30": "44.14700", "2007-06-30": "43.84800", "2007-03-31": "43.80300", "2006-12-31": "32.83000", "2006-09-30": "32.82400", "2006-06-30": "32.80100", "2006-03-31": "27.90600", "2005-12-31": "27.85800", "2005-09-30": "27.60000", "2005-06-30": "27.57300", "2005-03-31": "27.51300"}, "Retained Earnings (Accumulated Deficit)": {"2020-12-31": "", "2020-09-30": "2311.45100", "2020-06-30": "2224.01100", "2020-03-31": "2135.73300", "2019-12-31": "2140.96800", "2019-09-30": "2098.41100", "2019-06-30": "2044.69600", "2019-03-31": "1991.08100", "2018-12-31": "1937.31600", "2018-09-30": "1882.61800", "2018-06-30": "1825.23700", "2018-03-31": "1768.78300", "2017-12-31": "1719.55700", "2017-09-30": "1677.43200", "2017-06-30": "1633.15000", "2017-03-31": "1588.22200", "2016-12-31": "1543.28000", "2016-09-30": "1498.11100", "2016-06-30": "1450.30200", "2016-03-31": "1403.10200", "2015-12-31": "1355.04000", "2015-09-30": "1305.56900", "2015-06-30": "1254.05700", "2015-03-31": "1201.21100", "2014-12-31": "1146.65200", "2014-09-30": "1087.43700", "2014-06-30": "1027.60700", "2014-03-31": "968.83900", "2013-12-31": "917.59500", "2013-09-30": "870.45400", "2013-06-30": "828.15300", "2013-03-31": "787.28500", "2012-12-31": "750.23600", "2012-09-30": "714.10300", "2012-06-30": "678.85700", "2012-03-31": "651.14200", "2011-12-31": "623.87800", "2011-09-30": "596.61500", "2011-06-30": "568.44900", "2011-03-31": "541.56300", "2010-12-31": "515.87100", "2010-09-30": "491.24300", "2010-06-30": "466.30900", "2010-03-31": "441.78800", "2009-12-31": "418.00800", "2009-09-30": "394.65400", "2009-06-30": "371.67400", "2009-03-31": "351.50400", "2008-12-31": "332.36300", "2008-09-30": "316.01400", "2008-06-30": "306.32600", "2008-03-31": "288.64700", "2007-12-31": "273.40700", "2007-09-30": "261.84600", "2007-06-30": "242.95900", "2007-03-31": "224.89400", "2006-12-31": "209.58100", "2006-09-30": "196.66800", "2006-06-30": "183.58100", "2006-03-31": "170.96000", "2005-12-31": "160.88300", "2005-09-30": "151.03500", "2005-06-30": "140.84000", "2005-03-31": "130.90300"}, "Comprehensive Income": {"2020-12-31": "", "2020-09-30": "-0.34900", "2020-06-30": "-1.39600", "2020-03-31": "-2.70300", "2019-12-31": "0.60200", "2019-09-30": "0.03800", "2019-06-30": "1.27300", "2019-03-31": "0.70700", "2018-12-31": "0.31000", "2018-09-30": "0.46300", "2018-06-30": "0.34500", "2018-03-31": "0.04500", "2017-12-31": "-0.11300", "2017-09-30": "1.06300", "2017-06-30": "1.86600", "2017-03-31": "1.43000", "2016-12-31": "1.41100", "2016-09-30": "1.50200", "2016-06-30": "1.62300", "2016-03-31": "2.13600", "2015-12-31": "2.04000", "2015-09-30": "2.46200", "2015-06-30": "3.02600", "2015-03-31": "3.44200", "2014-12-31": "3.72900", "2014-09-30": "3.74100", "2014-06-30": "4.35900", "2014-03-31": "4.56500", "2013-12-31": "4.88300", "2013-09-30": "5.58200", "2013-06-30": "6.32000", "2013-03-31": "7.83500", "2012-12-31": "8.98600", "2012-09-30": "11.04400", "2012-06-30": "11.51100", "2012-03-31": "12.70200", "2011-12-31": "13.47200", "2011-09-30": "15.78100", "2011-06-30": "15.37100", "2011-03-31": "13.70700", "2010-12-31": "14.30400", "2010-09-30": "17.46500", "2010-06-30": "18.21800", "2010-03-31": "18.01100", "2009-12-31": "16.80600", "2009-09-30": "17.34700", "2009-06-30": "13.09900", "2009-03-31": "15.46000", "2008-12-31": "9.85300", "2008-09-30": "0.79300", "2008-06-30": "-0.41100", "2008-03-31": "2.53700", "2007-12-31": "1.41700", "2007-09-30": "-1.90100", "2007-06-30": "-3.32200", "2007-03-31": "-1.58300", "2006-12-31": "-2.95000", "2006-09-30": "-4.03200", "2006-06-30": "-5.10100", "2006-03-31": "-4.14000", "2005-12-31": "-3.94200", "2005-09-30": "-4.26500", "2005-06-30": "-3.96200", "2005-03-31": "-3.99600"}, "Other Share Holders Equity": {"2020-12-31": "", "2020-09-30": "", "2020-06-30": "", "2020-03-31": "", "2019-12-31": "", "2019-09-30": "", "2019-06-30": "", "2019-03-31": "", "2018-12-31": "", "2018-09-30": "", "2018-06-30": "", "2018-03-31": "", "2017-12-31": "", "2017-09-30": "", "2017-06-30": "", "2017-03-31": "", "2016-12-31": "", "2016-09-30": "", "2016-06-30": "", "2016-03-31": "", "2015-12-31": "", "2015-09-30": "", "2015-06-30": "", "2015-03-31": "", "2014-12-31": "", "2014-09-30": "", "2014-06-30": "", "2014-03-31": "", "2013-12-31": "", "2013-09-30": "", "2013-06-30": "", "2013-03-31": "", "2012-12-31": "", "2012-09-30": "", "2012-06-30": "", "2012-03-31": "", "2011-12-31": "", "2011-09-30": "", "2011-06-30": "", "2011-03-31": "", "2010-12-31": "", "2010-09-30": "", "2010-06-30": "", "2010-03-31": "", "2009-12-31": "", "2009-09-30": "", "2009-06-30": "", "2009-03-31": "", "2008-12-31": "", "2008-09-30": "", "2008-06-30": "", "2008-03-31": "", "2007-12-31": "", "2007-09-30": "", "2007-06-30": "", "2007-03-31": "", "2006-12-31": "", "2006-09-30": "", "2006-06-30": "", "2006-03-31": "", "2005-12-31": "", "2005-09-30": "", "2005-06-30": "", "2005-03-31": ""}, "Share Holder Equity": {"2020-12-31": "6130.66900", "2020-09-30": "6034.87700", "2020-06-30": "5948.12200", "2020-03-31": "5855.57400", "2019-12-31": "5970.83500", "2019-09-30": "4126.80600", "2019-06-30": "4127.89500", "2019-03-31": "4109.79000", "2018-12-31": "4052.82400", "2018-09-30": "3995.69700", "2018-06-30": "3935.45200", "2018-03-31": "3876.14500", "2017-12-31": "3824.15400", "2017-09-30": "3781.35800", "2017-06-30": "3736.18800", "2017-03-31": "3689.08200", "2016-12-31": "3642.31100", "2016-09-30": "3594.81200", "2016-06-30": "3544.58400", "2016-03-31": "3499.06000", "2015-12-31": "3462.91000", "2015-09-30": "3411.23900", "2015-06-30": "3357.28500", "2015-03-31": "3301.86100", "2014-12-31": "3244.82600", "2014-09-30": "3182.95000", "2014-06-30": "3120.59400", "2014-03-31": "2840.75400", "2013-12-31": "2786.81800", "2013-09-30": "2389.11200", "2013-06-30": "2345.28200", "2013-03-31": "2149.45500", "2012-12-31": "2089.38900", "2012-09-30": "2038.17600", "2012-06-30": "1643.81700", "2012-03-31": "1609.53300", "2011-12-31": "1567.26500", "2011-09-30": "1541.33900", "2011-06-30": "1511.64800", "2011-03-31": "1480.49800", "2010-12-31": "1452.33900", "2010-09-30": "1429.57000", "2010-06-30": "1404.13400", "2010-03-31": "1377.90700", "2009-12-31": "1351.24500", "2009-09-30": "1327.03500", "2009-06-30": "1298.74300", "2009-03-31": "1280.54800", "2008-12-31": "1255.10600", "2008-09-30": "1229.18000", "2008-06-30": "1217.60500", "2008-03-31": "1146.06500", "2007-12-31": "1127.43100", "2007-09-30": "1111.24500", "2007-06-30": "1081.57600", "2007-03-31": "1066.56900", "2006-12-31": "664.41100", "2006-09-30": "650.15300", "2006-06-30": "635.37300", "2006-03-31": "475.45700", "2005-12-31": "464.71700", "2005-09-30": "446.73500", "2005-06-30": "436.30300", "2005-03-31": "425.72900"}, "Total Liabilities And Share Holders Equity": {"2020-12-31": "34059.27000", "2020-09-30": "33197.60000", "2020-06-30": "32966.65000", "2020-03-31": "31743.50000", "2019-12-31": "32185.71000", "2019-09-30": "22092.82000", "2019-06-30": "22375.22000", "2019-03-31": "22354.24000", "2018-12-31": "22693.40000", "2018-09-30": "22612.58000", "2018-06-30": "22570.74000", "2018-03-31": "22472.31000", "2017-12-31": "22587.29000", "2017-09-30": "22143.26000", "2017-06-30": "22296.54000", "2017-03-31": "22477.42000", "2016-12-31": "22331.07000", "2016-09-30": "21404.04000", "2016-06-30": "21796.31000", "2016-03-31": "21978.35000", "2015-12-31": "22037.22000", "2015-09-30": "21567.24000", "2015-06-30": "21686.29000", "2015-03-31": "21606.86000", "2014-12-31": "21507.73000", "2014-09-30": "21117.31000", "2014-06-30": "21248.11000", "2014-03-31": "18913.13000", "2013-12-31": "18642.03000", "2013-09-30": "16054.28000", "2013-06-30": "16270.72000", "2013-03-31": "15081.31000", "2012-12-31": "14583.57000", "2012-09-30": "13712.12000", "2012-06-30": "10737.35000", "2012-03-31": "10889.96000", "2011-12-31": "9822.67100", "2011-09-30": "9567.08700", "2011-06-30": "9657.14700", "2011-03-31": "9722.94700", "2010-12-31": "9476.57200", "2010-09-30": "9238.50200", "2010-06-30": "9608.82200", "2010-03-31": "9218.73300", "2009-12-31": "8850.40000", "2009-09-30": "8957.33200", "2009-06-30": "8838.59900", "2009-03-31": "8799.19700", "2008-12-31": "9072.36400", "2008-09-30": "6787.90900", "2008-06-30": "6793.73400", "2008-03-31": "6464.73300", "2007-12-31": "6372.34300", "2007-09-30": "6170.52400", "2007-06-30": "6184.91400", "2007-03-31": "6326.69900", "2006-12-31": "4586.76900", "2006-09-30": "4455.71600", "2006-06-30": "4531.95100", "2006-03-31": "3571.61300", "2005-12-31": "3585.98200", "2005-09-30": "3493.97200", "2005-06-30": "3446.81600", "2005-03-31": "3479.74700"}}, "cash flow statement": {"Net Income/Loss": {"2020-12-31": "0.00000", "2019-12-31": "332.55200", "2018-12-31": "321.81200", "2017-12-31": "272.16500", "2016-12-31": "274.46600", "2015-12-31": "286.64600", "2014-12-31": "297.44100", "2013-12-31": "221.39800", "2012-12-31": "167.90100", "2011-12-31": "141.74900", "2010-12-31": "127.70800", "2009-12-31": "111.87900", "2008-12-31": "84.50700", "2007-12-31": "84.15100", "2006-12-31": "61.72500", "2005-12-31": "47.86000"}, "Total Depreciation And Amortization - Cash Flow": {"2020-12-31": "", "2019-12-31": "49.32000", "2018-12-31": "49.83200", "2017-12-31": "57.86200", "2016-12-31": "64.60100", "2015-12-31": "79.66300", "2014-12-31": "72.79400", "2013-12-31": "85.05300", "2012-12-31": "82.93600", "2011-12-31": "44.57200", "2010-12-31": "38.15600", "2009-12-31": "12.31500", "2008-12-31": "12.27200", "2007-12-31": "8.98500", "2006-12-31": "9.18100", "2005-12-31": "11.15500"}, "Other Non-Cash Items": {"2020-12-31": "", "2019-12-31": "-39.62300", "2018-12-31": "20.79500", "2017-12-31": "11.30300", "2016-12-31": "12.04600", "2015-12-31": "-0.90500", "2014-12-31": "-27.62600", "2013-12-31": "-20.87500", "2012-12-31": "-6.40300", "2011-12-31": "11.89100", "2010-12-31": "21.02100", "2009-12-31": "29.66700", "2008-12-31": "26.92100", "2007-12-31": "11.79800", "2006-12-31": "0.73200", "2005-12-31": "1.23800"}, "Total Non-Cash Items": {"2020-12-31": "", "2019-12-31": "9.69700", "2018-12-31": "70.62700", "2017-12-31": "69.16500", "2016-12-31": "76.64700", "2015-12-31": "78.75800", "2014-12-31": "45.16800", "2013-12-31": "64.17800", "2012-12-31": "76.53300", "2011-12-31": "56.46300", "2010-12-31": "59.17700", "2009-12-31": "41.98200", "2008-12-31": "39.19300", "2007-12-31": "20.78300", "2006-12-31": "9.91300", "2005-12-31": "12.39300"}, "Change In Accounts Receivable": {"2020-12-31": "", "2019-12-31": "92.16700", "2018-12-31": "-14.24200", "2017-12-31": "17.87600", "2016-12-31": "10.22900", "2015-12-31": "-60.08700", "2014-12-31": "3.39400", "2013-12-31": "30.50500", "2012-12-31": "-34.75800", "2011-12-31": "20.96700", "2010-12-31": "-0.67400", "2009-12-31": "-31.19100", "2008-12-31": "2.53200", "2007-12-31": "135.58600", "2006-12-31": "-3.04100", "2005-12-31": "5.89500"}, "Change In Inventories": {"2020-12-31": "", "2019-12-31": "", "2018-12-31": "", "2017-12-31": "", "2016-12-31": "", "2015-12-31": "", "2014-12-31": "", "2013-12-31": "", "2012-12-31": "", "2011-12-31": "", "2010-12-31": "", "2009-12-31": "", "2008-12-31": "", "2007-12-31": "", "2006-12-31": "", "2005-12-31": ""}, "Change In Accounts Payable": {"2020-12-31": "", "2019-12-31": "-31.40200", "2018-12-31": "-58.05100", "2017-12-31": "31.51900", "2016-12-31": "-26.98700", "2015-12-31": "5.49700", "2014-12-31": "2.25800", "2013-12-31": "-8.42400", "2012-12-31": "0.13800", "2011-12-31": "-1.31000", "2010-12-31": "-8.51500", "2009-12-31": "-49.04200", "2008-12-31": "-2.55200", "2007-12-31": "-4.44400", "2006-12-31": "6.63700", "2005-12-31": "-0.44600"}, "Change In Assets/Liabilities": {"2020-12-31": "", "2019-12-31": "", "2018-12-31": "", "2017-12-31": "", "2016-12-31": "", "2015-12-31": "", "2014-12-31": "", "2013-12-31": "", "2012-12-31": "", "2011-12-31": "", "2010-12-31": "", "2009-12-31": "", "2008-12-31": "", "2007-12-31": "", "2006-12-31": "", "2005-12-31": ""}, "Total Change In Assets/Liabilities": {"2020-12-31": "", "2019-12-31": "60.76500", "2018-12-31": "-72.29300", "2017-12-31": "49.39500", "2016-12-31": "-16.75800", "2015-12-31": "-54.59000", "2014-12-31": "5.65200", "2013-12-31": "22.08100", "2012-12-31": "-34.62000", "2011-12-31": "19.65700", "2010-12-31": "-9.18900", "2009-12-31": "-80.23300", "2008-12-31": "-0.02000", "2007-12-31": "131.14200", "2006-12-31": "3.59600", "2005-12-31": "5.44900"}, "Cash Flow From Operating Activities": {"2020-12-31": "", "2019-12-31": "403.01400", "2018-12-31": "320.14600", "2017-12-31": "390.72500", "2016-12-31": "334.35500", "2015-12-31": "310.81400", "2014-12-31": "348.26100", "2013-12-31": "307.65700", "2012-12-31": "209.81400", "2011-12-31": "217.86900", "2010-12-31": "177.69600", "2009-12-31": "73.62800", "2008-12-31": "123.68000", "2007-12-31": "236.07600", "2006-12-31": "75.23400", "2005-12-31": "65.70200"}, "Net Change In Property, Plant, And Equipment": {"2020-12-31": "", "2019-12-31": "-13.27200", "2018-12-31": "-2.06600", "2017-12-31": "-1.09900", "2016-12-31": "8.61000", "2015-12-31": "3.68000", "2014-12-31": "16.69000", "2013-12-31": "-11.64800", "2012-12-31": "4.41400", "2011-12-31": "4.72200", "2010-12-31": "21.48700", "2009-12-31": "-7.27700", "2008-12-31": "12.51500", "2007-12-31": "1.95700", "2006-12-31": "-0.93100", "2005-12-31": "0.68300"}, "Net Change In Intangible Assets": {"2020-12-31": "", "2019-12-31": "", "2018-12-31": "", "2017-12-31": "", "2016-12-31": "", "2015-12-31": "", "2014-12-31": "", "2013-12-31": "", "2012-12-31": "", "2011-12-31": "", "2010-12-31": "", "2009-12-31": "", "2008-12-31": "", "2007-12-31": "", "2006-12-31": "", "2005-12-31": ""}, "Net Acquisitions/Divestitures": {"2020-12-31": "", "2019-12-31": "-77.04700", "2018-12-31": "", "2017-12-31": "", "2016-12-31": "-8.96300", "2015-12-31": "", "2014-12-31": "487.59900", "2013-12-31": "576.94900", "2012-12-31": "10.30500", "2011-12-31": "", "2010-12-31": "684.48100", "2009-12-31": "-0.93200", "2008-12-31": "3345.23600", "2007-12-31": "122.63400", "2006-12-31": "-75.91800", "2005-12-31": "61.15200"}, "Net Change In Short-term Investments": {"2020-12-31": "", "2019-12-31": "", "2018-12-31": "", "2017-12-31": "", "2016-12-31": "", "2015-12-31": "", "2014-12-31": "", "2013-12-31": "", "2012-12-31": "", "2011-12-31": "", "2010-12-31": "", "2009-12-31": "0.10600", "2008-12-31": "0.42900", "2007-12-31": "0.19700", "2006-12-31": "-0.10000", "2005-12-31": "-0.00100"}, "Net Change In Long-Term Investments": {"2020-12-31": "", "2019-12-31": "1281.43100", "2018-12-31": "232.05860", "2017-12-31": "16.00490", "2016-12-31": "-23.02930", "2015-12-31": "-517.47850", "2014-12-31": "-802.86430", "2013-12-31": "-508.56200", "2012-12-31": "-1247.98100", "2011-12-31": "-71.77590", "2010-12-31": "-524.85600", "2009-12-31": "51.84800", "2008-12-31": "-1921.33000", "2007-12-31": "4.26210", "2006-12-31": "210.06990", "2005-12-31": "-132.79700"}, "Net Change In Investments - Total": {"2020-12-31": "", "2019-12-31": "1281.43100", "2018-12-31": "232.05860", "2017-12-31": "16.00490", "2016-12-31": "-23.02930", "2015-12-31": "-517.47850", "2014-12-31": "-802.86430", "2013-12-31": "-508.56200", "2012-12-31": "-1247.98100", "2011-12-31": "-71.77590", "2010-12-31": "-524.85600", "2009-12-31": "51.95400", "2008-12-31": "-1920.90100", "2007-12-31": "4.45910", "2006-12-31": "209.96990", "2005-12-31": "-132.79800"}, "Investing Activities - Other": {"2020-12-31": "", "2019-12-31": "68.87600", "2018-12-31": "-348.94400", "2017-12-31": "-387.49900", "2016-12-31": "64.39000", "2015-12-31": "-136.82900", "2014-12-31": "226.39200", "2013-12-31": "-47.88900", "2012-12-31": "31.52700", "2011-12-31": "-298.24600", "2010-12-31": "-29.16000", "2009-12-31": "148.53300", "2008-12-31": "-257.33400", "2007-12-31": "137.80200", "2006-12-31": "-36.94600", "2005-12-31": "2.27900"}, "Cash Flow From Investing Activities": {"2020-12-31": "", "2019-12-31": "1259.98800", "2018-12-31": "-118.95200", "2017-12-31": "-372.59400", "2016-12-31": "41.00700", "2015-12-31": "-650.62800", "2014-12-31": "-72.18400", "2013-12-31": "8.85000", "2012-12-31": "-1201.73500", "2011-12-31": "-365.30000", "2010-12-31": "151.95200", "2009-12-31": "192.27800", "2008-12-31": "1179.51600", "2007-12-31": "266.85200", "2006-12-31": "96.17500", "2005-12-31": "-68.68400"}, "Net Long-Term Debt": {"2020-12-31": "", "2019-12-31": "-16.69100", "2018-12-31": "-4.09700", "2017-12-31": "-0.55800", "2016-12-31": "-7.83500", "2015-12-31": "-169.85600", "2014-12-31": "", "2013-12-31": "-41.35700", "2012-12-31": "-1.03700", "2011-12-31": "-8.85300", "2010-12-31": "-11.70700", "2009-12-31": "-3.25500", "2008-12-31": "-22.69100", "2007-12-31": "-42.44800", "2006-12-31": "-17.99600", "2005-12-31": ""}, "Net Current Debt": {"2020-12-31": "", "2019-12-31": "-1770.09600", "2018-12-31": "490.56600", "2017-12-31": "-481.27600", "2016-12-31": "505.17700", "2015-12-31": "484.73000", "2014-12-31": "-50.79900", "2013-12-31": "-338.54500", "2012-12-31": "325.92700", "2011-12-31": "-365.77600", "2010-12-31": "344.25600", "2009-12-31": "-223.42100", "2008-12-31": "205.33000", "2007-12-31": "-191.64900", "2006-12-31": "-37.26000", "2005-12-31": "33.45700"}, "Debt Issuance/Retirement Net - Total": {"2020-12-31": "", "2019-12-31": "-1786.78700", "2018-12-31": "486.46900", "2017-12-31": "-481.83400", "2016-12-31": "497.34200", "2015-12-31": "314.87400", "2014-12-31": "-50.79900", "2013-12-31": "-379.90200", "2012-12-31": "324.89000", "2011-12-31": "-374.62900", "2010-12-31": "332.54900", "2009-12-31": "-226.67600", "2008-12-31": "182.63900", "2007-12-31": "-234.09700", "2006-12-31": "-55.25600", "2005-12-31": "33.45700"}, "Net Common Equity Issued/Repurchased": {"2020-12-31": "", "2019-12-31": "-94.48400", "2018-12-31": "", "2017-12-31": "0.14800", "2016-12-31": "-50.27900", "2015-12-31": "0.29000", "2014-12-31": "3.70500", "2013-12-31": "5.37900", "2012-12-31": "3.57300", "2011-12-31": "4.17500", "2010-12-31": "2.69600", "2009-12-31": "2.02600", "2008-12-31": "2.59800", "2007-12-31": "3.48500", "2006-12-31": "7.79200", "2005-12-31": "1.08500"}, "Net Total Equity Issued/Repurchased": {"2020-12-31": "", "2019-12-31": "-94.48400", "2018-12-31": "", "2017-12-31": "0.14800", "2016-12-31": "-50.27900", "2015-12-31": "0.29000", "2014-12-31": "3.70500", "2013-12-31": "5.37900", "2012-12-31": "3.57300", "2011-12-31": "4.17500", "2010-12-31": "2.69600", "2009-12-31": "2.02600", "2008-12-31": "2.59800", "2007-12-31": "3.48500", "2006-12-31": "7.79200", "2005-12-31": "1.08500"}, "Total Common And Preferred Stock Dividends Paid": {"2020-12-31": "", "2019-12-31": "-128.90000", "2018-12-31": "-104.05300", "2017-12-31": "-95.88800", "2016-12-31": "-86.22600", "2015-12-31": "-78.25800", "2014-12-31": "-68.38400", "2013-12-31": "-54.03900", "2012-12-31": "-41.54300", "2011-12-31": "-33.74200", "2010-12-31": "-29.84500", "2009-12-31": "-26.23400", "2008-12-31": "-23.37700", "2007-12-31": "-20.32500", "2006-12-31": "-13.02700", "2005-12-31": "-9.62400"}, "Financial Activities - Other": {"2020-12-31": "", "2019-12-31": "510.15000", "2018-12-31": "-564.79600", "2017-12-31": "514.37500", "2016-12-31": "-862.78000", "2015-12-31": "-10.98400", "2014-12-31": "135.86500", "2013-12-31": "167.14100", "2012-12-31": "817.86300", "2011-12-31": "605.70100", "2010-12-31": "-670.99700", "2009-12-31": "-48.33800", "2008-12-31": "-1607.51300", "2007-12-31": "-150.62200", "2006-12-31": "61.43900", "2005-12-31": "-62.48200"}, "Cash Flow From Financial Activities": {"2020-12-31": "", "2019-12-31": "-1500.02100", "2018-12-31": "-182.38000", "2017-12-31": "-63.19900", "2016-12-31": "-501.94300", "2015-12-31": "225.92200", "2014-12-31": "20.38700", "2013-12-31": "-261.42100", "2012-12-31": "1104.78300", "2011-12-31": "201.50500", "2010-12-31": "-365.59700", "2009-12-31": "-299.22200", "2008-12-31": "-1445.65300", "2007-12-31": "-401.55900", "2006-12-31": "0.94800", "2005-12-31": "-37.56400"}, "Net Cash Flow": {"2020-12-31": "", "2019-12-31": "162.98100", "2018-12-31": "18.81400", "2017-12-31": "-45.06800", "2016-12-31": "-126.58100", "2015-12-31": "-113.89200", "2014-12-31": "296.46400", "2013-12-31": "55.08600", "2012-12-31": "112.86200", "2011-12-31": "54.07400", "2010-12-31": "-35.94900", "2009-12-31": "-33.31600", "2008-12-31": "-142.45700", "2007-12-31": "101.36900", "2006-12-31": "172.35700", "2005-12-31": "-40.54600"}, "Stock-Based Compensation": {"2020-12-31": "", "2019-12-31": "10.60600", "2018-12-31": "10.48800", "2017-12-31": "6.94200", "2016-12-31": "9.54700", "2015-12-31": "11.09500", "2014-12-31": "8.23600", "2013-12-31": "4.17500", "2012-12-31": "3.60700", "2011-12-31": "3.57600", "2010-12-31": "3.03700", "2009-12-31": "1.51500", "2008-12-31": "1.54200", "2007-12-31": "1.96800", "2006-12-31": "0.85000", "2005-12-31": "0.75100"}, "Common Stock Dividends Paid": {"2020-12-31": "", "2019-12-31": "-128.90000", "2018-12-31": "-104.05300", "2017-12-31": "-95.88800", "2016-12-31": "-86.22600", "2015-12-31": "-78.25800", "2014-12-31": "-68.38400", "2013-12-31": "-54.03900", "2012-12-31": "-41.54300", "2011-12-31": "-33.74200", "2010-12-31": "-29.84500", "2009-12-31": "-26.23400", "2008-12-31": "-23.37700", "2007-12-31": "-20.32500", "2006-12-31": "-13.02700", "2005-12-31": "-9.62400"}}, "cash flow statement, quarterly": {"Net Income/Loss": {"2020-12-31": -391.813, "2020-09-30": 130.064, "2020-06-30": 130.901, "2020-03-31": "130.84800", "2019-12-31": 86.134, "2019-09-30": 81.758, "2019-06-30": 82.258, "2019-03-31": "82.40200", "2018-12-31": 83.331, "2018-09-30": 82.523, "2018-06-30": 81.597, "2018-03-31": "74.36100", "2017-12-31": 67.138, "2017-09-30": 67.908, "2017-06-30": 68.554, "2017-03-31": "68.56500", "2016-12-31": 68.793, "2016-09-30": 68.651, "2016-06-30": 68.071, "2016-03-31": "68.95100", "2015-12-31": 70.475, "2015-09-30": 70.598, "2015-06-30": 71.932, "2015-03-31": "73.64100", "2014-12-31": 78.228, "2014-09-30": 76.57, "2014-06-30": 75.506, "2014-03-31": "67.13700", "2013-12-31": 62.971, "2013-09-30": 55.278, "2013-06-30": 53.844, "2013-03-31": "49.30500", "2012-12-31": 48.266, "2012-09-30": 46.176, "2012-06-30": 36.972, "2012-03-31": "36.48700", "2011-12-31": 36.406, "2011-09-30": 36.373, "2011-06-30": 35.092, "2011-03-31": "33.87800", "2010-12-31": 32.798, "2010-09-30": 32.166, "2010-06-30": 31.746, "2010-03-31": "30.99800", "2009-12-31": 30.569, "2009-09-30": 29.322, "2009-06-30": 26.51, "2009-03-31": "25.47800", "2008-12-31": 22.685, "2008-09-30": 15.447, "2008-06-30": 23.437, "2008-03-31": "22.93800", "2007-12-31": 17.08, "2007-09-30": 23.849, "2007-06-30": 22.993, "2007-03-31": "20.22900", "2006-12-31": 16.602, "2006-09-30": 16.364, "2006-06-30": 15.895, "2006-03-31": "12.86400", "2005-12-31": 12.627, "2005-09-30": 12.471, "2005-06-30": 12.208, "2005-03-31": "10.55400"}, "Total Depreciation And Amortization - Cash Flow": {"2020-12-31": -45.912, "2020-09-30": 16.724, "2020-06-30": 15.322, "2020-03-31": "13.86600", "2019-12-31": 13.764, "2019-09-30": 12.561, "2019-06-30": 11.983, "2019-03-31": "11.01200", "2018-12-31": 11.889, "2018-09-30": 12.69, "2018-06-30": 12.255, "2018-03-31": "12.99800", "2017-12-31": 14.115, "2017-09-30": 14.811, "2017-06-30": 14.134, "2017-03-31": "14.80200", "2016-12-31": 15.731, "2016-09-30": 17.019, "2016-06-30": 16.027, "2016-03-31": "15.82400", "2015-12-31": 18.323, "2015-09-30": 20.514, "2015-06-30": 21.277, "2015-03-31": "19.54900", "2014-12-31": 16.635, "2014-09-30": 19.643, "2014-06-30": 18.991, "2014-03-31": "17.52500", "2013-12-31": 16.156, "2013-09-30": 19.265, "2013-06-30": 22.789, "2013-03-31": "26.84300", "2012-12-31": 40.298, "2012-09-30": 13.811, "2012-06-30": 15.377, "2012-03-31": "13.45000", "2011-12-31": 12.913, "2011-09-30": 10.783, "2011-06-30": 9.891, "2011-03-31": "10.98500", "2010-12-31": 12.11, "2010-09-30": 11.081, "2010-06-30": 8.582, "2010-03-31": "6.38300", "2009-12-31": 5.126, "2009-09-30": 3.761, "2009-06-30": 2.275, "2009-03-31": "1.15300", "2008-12-31": 2.906, "2008-09-30": 3.366, "2008-06-30": 3.279, "2008-03-31": "2.72100", "2007-12-31": 2.152, "2007-09-30": 2.633, "2007-06-30": 2.796, "2007-03-31": "1.40400", "2006-12-31": 2.055, "2006-09-30": 2.167, "2006-06-30": 2.409, "2006-03-31": "2.55000", "2005-12-31": 2.694, "2005-09-30": 2.878, "2005-06-30": 2.993, "2005-03-31": "2.59000"}, "Other Non-Cash Items": {"2020-12-31": 41.213, "2020-09-30": -8.972, "2020-06-30": -7.354, "2020-03-31": "-24.88700", "2019-12-31": -45.16, "2019-09-30": 2.199, "2019-06-30": 1.862, "2019-03-31": "1.47600", "2018-12-31": 8.362, "2018-09-30": 1.633, "2018-06-30": 1.397, "2018-03-31": "9.40300", "2017-12-31": 12.522, "2017-09-30": 0.503, "2017-06-30": 0.463, "2017-03-31": "-2.18500", "2016-12-31": 16.221, "2016-09-30": -4.164, "2016-06-30": -0.953, "2016-03-31": "0.94200", "2015-12-31": 30.546, "2015-09-30": -3.335, "2015-06-30": -10.693, "2015-03-31": "-17.42300", "2014-12-31": 27.863, "2014-09-30": -21.341, "2014-06-30": -19.193, "2014-03-31": "-14.95500", "2013-12-31": 8.517, "2013-09-30": -10.572, "2013-06-30": -8.63, "2013-03-31": "-10.19000", "2012-12-31": -12.502, "2012-09-30": 4.294, "2012-06-30": 0.851, "2012-03-31": "0.95400", "2011-12-31": 5.183, "2011-09-30": 1.799, "2011-06-30": 2.506, "2011-03-31": "2.40300", "2010-12-31": 5.178, "2010-09-30": 5.091, "2010-06-30": 5.257, "2010-03-31": "5.49500", "2009-12-31": 9.334, "2009-09-30": 7.422, "2009-06-30": 6.579, "2009-03-31": "6.33200", "2008-12-31": 7.985, "2008-09-30": 16.369, "2008-06-30": 1.195, "2008-03-31": "1.37200", "2007-12-31": 11.81, "2007-09-30": -1.438, "2007-06-30": 0.763, "2007-03-31": "0.66300", "2006-12-31": 0.343, "2006-09-30": 0.212, "2006-06-30": -0.105, "2006-03-31": "0.28200", "2005-12-31": 0.46, "2005-09-30": 0.286, "2005-06-30": 0.295, "2005-03-31": "0.19700"}, "Total Non-Cash Items": {"2020-12-31": -4.699, "2020-09-30": 7.752, "2020-06-30": 7.968, "2020-03-31": "-11.02100", "2019-12-31": -31.396, "2019-09-30": 14.76, "2019-06-30": 13.845, "2019-03-31": "12.48800", "2018-12-31": 20.251, "2018-09-30": 14.323, "2018-06-30": 13.652, "2018-03-31": "22.40100", "2017-12-31": 26.637, "2017-09-30": 15.314, "2017-06-30": 14.597, "2017-03-31": "12.61700", "2016-12-31": 31.952, "2016-09-30": 12.855, "2016-06-30": 15.074, "2016-03-31": "16.76600", "2015-12-31": 48.869, "2015-09-30": 17.179, "2015-06-30": 10.584, "2015-03-31": "2.12600", "2014-12-31": 44.498, "2014-09-30": -1.698, "2014-06-30": -0.202, "2014-03-31": "2.57000", "2013-12-31": 24.673, "2013-09-30": 8.693, "2013-06-30": 14.159, "2013-03-31": "16.65300", "2012-12-31": 27.796, "2012-09-30": 18.105, "2012-06-30": 16.228, "2012-03-31": "14.40400", "2011-12-31": 18.096, "2011-09-30": 12.582, "2011-06-30": 12.397, "2011-03-31": "13.38800", "2010-12-31": 17.288, "2010-09-30": 16.172, "2010-06-30": 13.839, "2010-03-31": "11.87800", "2009-12-31": 14.46, "2009-09-30": 11.183, "2009-06-30": 8.854, "2009-03-31": "7.48500", "2008-12-31": 10.891, "2008-09-30": 19.735, "2008-06-30": 4.474, "2008-03-31": "4.09300", "2007-12-31": 13.962, "2007-09-30": 1.195, "2007-06-30": 3.559, "2007-03-31": "2.06700", "2006-12-31": 2.398, "2006-09-30": 2.379, "2006-06-30": 2.304, "2006-03-31": "2.83200", "2005-12-31": 3.154, "2005-09-30": 3.164, "2005-06-30": 3.288, "2005-03-31": "2.78700"}, "Change In Accounts Receivable": {"2020-12-31": -125.218, "2020-09-30": 84.869, "2020-06-30": -16.53, "2020-03-31": "56.87900", "2019-12-31": 69.32, "2019-09-30": 13.795, "2019-06-30": -2.951, "2019-03-31": "12.00300", "2018-12-31": 18.432, "2018-09-30": -3.742, "2018-06-30": -18.364, "2018-03-31": "-10.56800", "2017-12-31": 17.535, "2017-09-30": -5.468, "2017-06-30": 18.541, "2017-03-31": "-12.73200", "2016-12-31": -44.999, "2016-09-30": 6.961, "2016-06-30": -14.855, "2016-03-31": "63.12200", "2015-12-31": -54.737, "2015-09-30": -18.169, "2015-06-30": -15.704, "2015-03-31": "28.52300", "2014-12-31": 20.818, "2014-09-30": -4.492, "2014-06-30": -20.424, "2014-03-31": "7.49200", "2013-12-31": 2.417, "2013-09-30": -0.055, "2013-06-30": 9.359, "2013-03-31": "18.78400", "2012-12-31": -24.573, "2012-09-30": 22.223, "2012-06-30": -7.782, "2012-03-31": "-24.62600", "2011-12-31": 1.615, "2011-09-30": 13.454, "2011-06-30": -1.297, "2011-03-31": "7.19500", "2010-12-31": -7.191, "2010-09-30": 3.85, "2010-06-30": -2.807, "2010-03-31": "5.47400", "2009-12-31": -33.83, "2009-09-30": -8.061, "2009-06-30": 2.444, "2009-03-31": "8.25600", "2008-12-31": -7.328, "2008-09-30": -1.483, "2008-06-30": 7.193, "2008-03-31": "4.15000", "2007-12-31": 30.45, "2007-09-30": 5.729, "2007-06-30": -10.492, "2007-03-31": "109.89900", "2006-12-31": -1.908, "2006-09-30": 0.785, "2006-06-30": -1.918, "2006-03-31": "", "2005-12-31": 5.895, "2005-09-30": 0.121, "2005-06-30": -0.121, "2005-03-31": ""}, "Change In Inventories": {"2020-12-31": 0, "2020-09-30": 0, "2020-06-30": 0, "2020-03-31": "", "2019-12-31": 0, "2019-09-30": 0, "2019-06-30": 0, "2019-03-31": "", "2018-12-31": 0, "2018-09-30": 0, "2018-06-30": 0, "2018-03-31": "", "2017-12-31": 0, "2017-09-30": 0, "2017-06-30": 0, "2017-03-31": "", "2016-12-31": 0, "2016-09-30": 0, "2016-06-30": 0, "2016-03-31": "", "2015-12-31": 0, "2015-09-30": 0, "2015-06-30": 0, "2015-03-31": "", "2014-12-31": 0, "2014-09-30": 0, "2014-06-30": 0, "2014-03-31": "", "2013-12-31": 0, "2013-09-30": 0, "2013-06-30": 0, "2013-03-31": "", "2012-12-31": 0, "2012-09-30": 0, "2012-06-30": 0, "2012-03-31": "", "2011-12-31": 0, "2011-09-30": 0, "2011-06-30": 0, "2011-03-31": "", "2010-12-31": 0, "2010-09-30": 0, "2010-06-30": 0, "2010-03-31": "", "2009-12-31": 0, "2009-09-30": 0, "2009-06-30": 0, "2009-03-31": "", "2008-12-31": 0, "2008-09-30": 0, "2008-06-30": 0, "2008-03-31": "", "2007-12-31": 0, "2007-09-30": 0, "2007-06-30": 0, "2007-03-31": "", "2006-12-31": 0, "2006-09-30": 0, "2006-06-30": 0, "2006-03-31": "", "2005-12-31": 0, "2005-09-30": 0, "2005-06-30": 0, "2005-03-31": ""}, "Change In Accounts Payable": {"2020-12-31": 24.834, "2020-09-30": -78.847, "2020-06-30": 20.788, "2020-03-31": "33.22500", "2019-12-31": -70.242, "2019-09-30": 17.398, "2019-06-30": -5.23, "2019-03-31": "26.67200", "2018-12-31": -28.076, "2018-09-30": -24.769, "2018-06-30": 3.46, "2018-03-31": "-8.66600", "2017-12-31": -57.676, "2017-09-30": 51.448, "2017-06-30": -38.251, "2017-03-31": "75.99800", "2016-12-31": -73.731, "2016-09-30": 36.927, "2016-06-30": -2.342, "2016-03-31": "12.15900", "2015-12-31": -32.916, "2015-09-30": 13.043, "2015-06-30": 13.094, "2015-03-31": "12.27600", "2014-12-31": -75.313, "2014-09-30": 15.195, "2014-06-30": 26.896, "2014-03-31": "35.48000", "2013-12-31": -31.087, "2013-09-30": 16.937, "2013-06-30": -22.31, "2013-03-31": "28.03600", "2012-12-31": -42.372, "2012-09-30": 29.212, "2012-06-30": -10.548, "2012-03-31": "23.84600", "2011-12-31": -20.624, "2011-09-30": 9.317, "2011-06-30": -9.298, "2011-03-31": "19.29500", "2010-12-31": -13.884, "2010-09-30": 5.642, "2010-06-30": -14.271, "2010-03-31": "13.99800", "2009-12-31": -15.747, "2009-09-30": -2.872, "2009-06-30": -43.309, "2009-03-31": "12.88600", "2008-12-31": 2.437, "2008-09-30": -0.308, "2008-06-30": -11.768, "2008-03-31": "7.08700", "2007-12-31": -4.999, "2007-09-30": -9.752, "2007-06-30": 13.793, "2007-03-31": "-3.48600", "2006-12-31": -1.15, "2006-09-30": 0.51, "2006-06-30": 4.395, "2006-03-31": "2.88200", "2005-12-31": 3.277, "2005-09-30": 3.288, "2005-06-30": -6.214, "2005-03-31": "-0.79700"}, "Change In Assets/Liabilities": {"2020-12-31": 0, "2020-09-30": -84.326, "2020-06-30": 84.326, "2020-03-31": "", "2019-12-31": 0, "2019-09-30": 14.998, "2019-06-30": -14.998, "2019-03-31": "", "2018-12-31": 0, "2018-09-30": 0, "2018-06-30": 0, "2018-03-31": "", "2017-12-31": -9.307, "2017-09-30": 9.307, "2017-06-30": 0, "2017-03-31": "", "2016-12-31": 0, "2016-09-30": 0, "2016-06-30": 0, "2016-03-31": "", "2015-12-31": 0, "2015-09-30": 0, "2015-06-30": 0, "2015-03-31": "", "2014-12-31": 0, "2014-09-30": 0, "2014-06-30": 0, "2014-03-31": "", "2013-12-31": 0, "2013-09-30": 0, "2013-06-30": 0, "2013-03-31": "", "2012-12-31": 0, "2012-09-30": 0, "2012-06-30": 0, "2012-03-31": "", "2011-12-31": 0, "2011-09-30": 0, "2011-06-30": 0, "2011-03-31": "", "2010-12-31": 0, "2010-09-30": 0, "2010-06-30": 0, "2010-03-31": "", "2009-12-31": 0, "2009-09-30": 0, "2009-06-30": 0, "2009-03-31": "", "2008-12-31": 0, "2008-09-30": 0, "2008-06-30": 5.019, "2008-03-31": "-5.01900", "2007-12-31": -14.581, "2007-09-30": 11.704, "2007-06-30": 2.877, "2007-03-31": "", "2006-12-31": 0, "2006-09-30": 0, "2006-06-30": 0.152, "2006-03-31": "-0.15200", "2005-12-31": -9.767, "2005-09-30": 1.169, "2005-06-30": 4.553, "2005-03-31": "4.04500"}, "Total Change In Assets/Liabilities": {"2020-12-31": -100.384, "2020-09-30": -78.304, "2020-06-30": 88.584, "2020-03-31": "90.10400", "2019-12-31": -0.922, "2019-09-30": 46.191, "2019-06-30": -23.179, "2019-03-31": "38.67500", "2018-12-31": -9.644, "2018-09-30": -28.511, "2018-06-30": -14.904, "2018-03-31": "-19.23400", "2017-12-31": -49.448, "2017-09-30": 55.287, "2017-06-30": -19.71, "2017-03-31": "63.26600", "2016-12-31": -118.73, "2016-09-30": 43.888, "2016-06-30": -17.197, "2016-03-31": "75.28100", "2015-12-31": -87.653, "2015-09-30": -5.126, "2015-06-30": -2.61, "2015-03-31": "40.79900", "2014-12-31": -54.495, "2014-09-30": 10.703, "2014-06-30": 6.472, "2014-03-31": "42.97200", "2013-12-31": -28.67, "2013-09-30": 16.882, "2013-06-30": -12.951, "2013-03-31": "46.82000", "2012-12-31": -66.945, "2012-09-30": 51.435, "2012-06-30": -18.33, "2012-03-31": "-0.78000", "2011-12-31": -19.009, "2011-09-30": 22.771, "2011-06-30": -10.595, "2011-03-31": "26.49000", "2010-12-31": -21.075, "2010-09-30": 9.492, "2010-06-30": -17.078, "2010-03-31": "19.47200", "2009-12-31": -49.577, "2009-09-30": -10.933, "2009-06-30": -40.865, "2009-03-31": "21.14200", "2008-12-31": -4.891, "2008-09-30": -1.791, "2008-06-30": 0.444, "2008-03-31": "6.21800", "2007-12-31": 10.87, "2007-09-30": 7.681, "2007-06-30": 6.178, "2007-03-31": "106.41300", "2006-12-31": -3.058, "2006-09-30": 1.295, "2006-06-30": 2.629, "2006-03-31": "2.73000", "2005-12-31": -0.595, "2005-09-30": 4.578, "2005-06-30": -1.782, "2005-03-31": "3.24800"}, "Cash Flow From Operating Activities": {"2020-12-31": -496.896, "2020-09-30": 59.512, "2020-06-30": 227.453, "2020-03-31": "209.93100", "2019-12-31": 53.816, "2019-09-30": 142.709, "2019-06-30": 72.924, "2019-03-31": "133.56500", "2018-12-31": 93.938, "2018-09-30": 68.335, "2018-06-30": 80.345, "2018-03-31": "77.52800", "2017-12-31": 44.327, "2017-09-30": 138.509, "2017-06-30": 63.441, "2017-03-31": "144.44800", "2016-12-31": -17.985, "2016-09-30": 125.394, "2016-06-30": 65.948, "2016-03-31": "160.99800", "2015-12-31": 31.691, "2015-09-30": 82.651, "2015-06-30": 79.906, "2015-03-31": "116.56600", "2014-12-31": 68.231, "2014-09-30": 85.575, "2014-06-30": 81.776, "2014-03-31": "112.67900", "2013-12-31": 58.974, "2013-09-30": 80.853, "2013-06-30": 55.052, "2013-03-31": "112.77800", "2012-12-31": 9.117, "2012-09-30": 115.716, "2012-06-30": 34.87, "2012-03-31": "50.11100", "2011-12-31": 35.493, "2011-09-30": 71.726, "2011-06-30": 36.894, "2011-03-31": "73.75600", "2010-12-31": 29.011, "2010-09-30": 57.83, "2010-06-30": 28.507, "2010-03-31": "62.34800", "2009-12-31": -4.548, "2009-09-30": 29.572, "2009-06-30": -5.501, "2009-03-31": "54.10500", "2008-12-31": 28.685, "2008-09-30": 33.391, "2008-06-30": 28.355, "2008-03-31": "33.24900", "2007-12-31": 41.912, "2007-09-30": 32.725, "2007-06-30": 32.73, "2007-03-31": "128.70900", "2006-12-31": 15.942, "2006-09-30": 20.038, "2006-06-30": 20.828, "2006-03-31": "18.42600", "2005-12-31": 15.186, "2005-09-30": 20.213, "2005-06-30": 13.714, "2005-03-31": "16.58900"}, "Net Change In Property, Plant, And Equipment": {"2020-12-31": 12.851, "2020-09-30": -3.357, "2020-06-30": -5.345, "2020-03-31": "-4.14900", "2019-12-31": -1.55, "2019-09-30": -2.489, "2019-06-30": -6.947, "2019-03-31": "-2.28600", "2018-12-31": -3.937, "2018-09-30": 5.504, "2018-06-30": -1.189, "2018-03-31": "-2.44400", "2017-12-31": -3.335, "2017-09-30": -1.27, "2017-06-30": 0.228, "2017-03-31": "3.27800", "2016-12-31": 5.337, "2016-09-30": -0.276, "2016-06-30": 3.495, "2016-03-31": "0.05400", "2015-12-31": 1.691, "2015-09-30": 0.971, "2015-06-30": -1.447, "2015-03-31": "2.46500", "2014-12-31": 3.315, "2014-09-30": -0.79, "2014-06-30": 11.602, "2014-03-31": "2.56300", "2013-12-31": -1.943, "2013-09-30": -4.746, "2013-06-30": -4.796, "2013-03-31": "-0.16300", "2012-12-31": 0.334, "2012-09-30": 3.242, "2012-06-30": -1.715, "2012-03-31": "2.55300", "2011-12-31": 1.644, "2011-09-30": -0.263, "2011-06-30": 0.001, "2011-03-31": "3.34000", "2010-12-31": 5.556, "2010-09-30": 6.289, "2010-06-30": 6.133, "2010-03-31": "3.50900", "2009-12-31": 6.581, "2009-09-30": 4.393, "2009-06-30": 7.993, "2009-03-31": "-26.24400", "2008-12-31": 4.396, "2008-09-30": 2.525, "2008-06-30": 6.626, "2008-03-31": "-1.03200", "2007-12-31": 0.181, "2007-09-30": 2.623, "2007-06-30": 0.154, "2007-03-31": "-1.00100", "2006-12-31": 2.444, "2006-09-30": -1.714, "2006-06-30": -1.675, "2006-03-31": "0.01400", "2005-12-31": 0.284, "2005-09-30": -0.039, "2005-06-30": 0.335, "2005-03-31": "0.10300"}, "Net Change In Intangible Assets": {"2020-12-31": 0, "2020-09-30": 0, "2020-06-30": 0, "2020-03-31": "", "2019-12-31": 0, "2019-09-30": 0, "2019-06-30": 0, "2019-03-31": "", "2018-12-31": 0, "2018-09-30": 0, "2018-06-30": 0, "2018-03-31": "", "2017-12-31": 0, "2017-09-30": 0, "2017-06-30": 0, "2017-03-31": "", "2016-12-31": 0, "2016-09-30": 0, "2016-06-30": 0, "2016-03-31": "", "2015-12-31": 0, "2015-09-30": 0, "2015-06-30": 0, "2015-03-31": "", "2014-12-31": 0, "2014-09-30": 0, "2014-06-30": 0, "2014-03-31": "", "2013-12-31": 0, "2013-09-30": 0, "2013-06-30": 0, "2013-03-31": "", "2012-12-31": 0, "2012-09-30": 0, "2012-06-30": 0, "2012-03-31": "", "2011-12-31": 0, "2011-09-30": 0, "2011-06-30": 0, "2011-03-31": "", "2010-12-31": 0, "2010-09-30": 0, "2010-06-30": 0, "2010-03-31": "", "2009-12-31": 0, "2009-09-30": 0, "2009-06-30": 0, "2009-03-31": "", "2008-12-31": 0, "2008-09-30": 0, "2008-06-30": 0, "2008-03-31": "", "2007-12-31": 0, "2007-09-30": 0, "2007-06-30": 0, "2007-03-31": "", "2006-12-31": 0, "2006-09-30": 0, "2006-06-30": 0, "2006-03-31": "", "2005-12-31": 0, "2005-09-30": 0, "2005-06-30": 0, "2005-03-31": ""}, "Net Acquisitions/Divestitures": {"2020-12-31": 0, "2020-09-30": 0, "2020-06-30": 0, "2020-03-31": "", "2019-12-31": -77.047, "2019-09-30": 0, "2019-06-30": 0, "2019-03-31": "", "2018-12-31": 0, "2018-09-30": 0, "2018-06-30": 0, "2018-03-31": "", "2017-12-31": 0, "2017-09-30": 0, "2017-06-30": 0, "2017-03-31": "", "2016-12-31": 0, "2016-09-30": 0, "2016-06-30": 0, "2016-03-31": "-8.96300", "2015-12-31": 0, "2015-09-30": 0, "2015-06-30": 0, "2015-03-31": "", "2014-12-31": 0, "2014-09-30": 0, "2014-06-30": 487.599, "2014-03-31": "", "2013-12-31": 284.683, "2013-09-30": 0, "2013-06-30": 288.795, "2013-03-31": "3.47100", "2012-12-31": 10.305, "2012-09-30": -56.587, "2012-06-30": 12.037, "2012-03-31": "44.55000", "2011-12-31": 0, "2011-09-30": 0, "2011-06-30": 0, "2011-03-31": "", "2010-12-31": 0, "2010-09-30": 0, "2010-06-30": 352.895, "2010-03-31": "331.58600", "2009-12-31": -0.029, "2009-09-30": -0.431, "2009-06-30": -0.38, "2009-03-31": "-0.09200", "2008-12-31": 3167.851, "2008-09-30": 0.003, "2008-06-30": 65.097, "2008-03-31": "112.28500", "2007-12-31": -0.235, "2007-09-30": 10.572, "2007-06-30": -0.985, "2007-03-31": "113.28200", "2006-12-31": -0.012, "2006-09-30": -0.02, "2006-06-30": -75.821, "2006-03-31": "-0.06500", "2005-12-31": 4.547, "2005-09-30": -0.1, "2005-06-30": -1.892, "2005-03-31": "58.59700"}, "Net Change In Short-term Investments": {"2020-12-31": 0, "2020-09-30": 0, "2020-06-30": 0, "2020-03-31": "", "2019-12-31": 0, "2019-09-30": 0, "2019-06-30": 0, "2019-03-31": "", "2018-12-31": 0, "2018-09-30": 0, "2018-06-30": 0, "2018-03-31": "", "2017-12-31": 0, "2017-09-30": 0, "2017-06-30": 0, "2017-03-31": "", "2016-12-31": 0, "2016-09-30": 0, "2016-06-30": 0, "2016-03-31": "", "2015-12-31": 0, "2015-09-30": 0, "2015-06-30": 0, "2015-03-31": "", "2014-12-31": 0, "2014-09-30": 0, "2014-06-30": 0, "2014-03-31": "", "2013-12-31": 0, "2013-09-30": 0, "2013-06-30": 0, "2013-03-31": "", "2012-12-31": 0, "2012-09-30": 0, "2012-06-30": 0, "2012-03-31": "", "2011-12-31": 0, "2011-09-30": 0, "2011-06-30": 0, "2011-03-31": "", "2010-12-31": 0, "2010-09-30": 0, "2010-06-30": 0, "2010-03-31": "", "2009-12-31": 0, "2009-09-30": 0, "2009-06-30": 0, "2009-03-31": "0.10600", "2008-12-31": 0.098, "2008-09-30": 0.331, "2008-06-30": 0, "2008-03-31": "", "2007-12-31": 0.097, "2007-09-30": 0, "2007-06-30": 0, "2007-03-31": "0.10000", "2006-12-31": 0, "2006-09-30": -0.1, "2006-06-30": 0, "2006-03-31": "", "2005-12-31": -0.001, "2005-09-30": 0, "2005-06-30": -0.1, "2005-03-31": "0.10000"}, "Net Change In Long-Term Investments": {"2020-12-31": -1110.038, "2020-09-30": 277.3271, "2020-06-30": 570.3388, "2020-03-31": "262.37210", "2019-12-31": 390.2386, "2019-09-30": 447.1431, "2019-06-30": 178.8144, "2019-03-31": "265.23490", "2018-12-31": 88.2344, "2018-09-30": 107.958, "2018-06-30": 82.2541, "2018-03-31": "-46.38790", "2017-12-31": -272.8916, "2017-09-30": 160.3218, "2017-06-30": 266.4626, "2017-03-31": "-137.88790", "2016-12-31": -749.7041, "2016-09-30": 275.1323, "2016-06-30": 162.9534, "2016-03-31": "288.58910", "2015-12-31": 13.9111, "2015-09-30": 151.6072, "2015-06-30": -134.6908, "2015-03-31": "-548.30600", "2014-12-31": -212.917, "2014-09-30": -9.1534, "2014-06-30": -231.1359, "2014-03-31": "-349.65800", "2013-12-31": -134.9328, "2013-09-30": 230.2717, "2013-06-30": -52.9229, "2013-03-31": "-550.97800", "2012-12-31": -580.6348, "2012-09-30": 98.2208, "2012-06-30": 232.8681, "2012-03-31": "-998.43510", "2011-12-31": -240.9479, "2011-09-30": 204.941, "2011-06-30": 153.657, "2011-03-31": "-189.42600", "2010-12-31": -157.6619, "2010-09-30": 336.9049, "2010-06-30": -296.4139, "2010-03-31": "-407.68510", "2009-12-31": 134.0329, "2009-09-30": -268.2639, "2009-06-30": 6.944, "2009-03-31": "179.13500", "2008-12-31": -1504.974, "2008-09-30": -70.358, "2008-06-30": -120.112, "2008-03-31": "-225.88600", "2007-12-31": -56.949, "2007-09-30": 39.6591, "2007-06-30": 66.409, "2007-03-31": "-44.85700", "2006-12-31": -21.3711, "2006-09-30": 78.869, "2006-06-30": 135.612, "2006-03-31": "16.96000", "2005-12-31": -84.265, "2005-09-30": -11.1, "2005-06-30": 7.43, "2005-03-31": "-44.86200"}, "Net Change In Investments - Total": {"2020-12-31": -1110.038, "2020-09-30": 277.3271, "2020-06-30": 570.3388, "2020-03-31": "262.37210", "2019-12-31": 390.2386, "2019-09-30": 447.1431, "2019-06-30": 178.8144, "2019-03-31": "265.23490", "2018-12-31": 88.2344, "2018-09-30": 107.958, "2018-06-30": 82.2541, "2018-03-31": "-46.38790", "2017-12-31": -272.8916, "2017-09-30": 160.3218, "2017-06-30": 266.4626, "2017-03-31": "-137.88790", "2016-12-31": -749.7041, "2016-09-30": 275.1323, "2016-06-30": 162.9534, "2016-03-31": "288.58910", "2015-12-31": 13.9111, "2015-09-30": 151.6072, "2015-06-30": -134.6908, "2015-03-31": "-548.30600", "2014-12-31": -212.917, "2014-09-30": -9.1534, "2014-06-30": -231.1359, "2014-03-31": "-349.65800", "2013-12-31": -134.9328, "2013-09-30": 230.2717, "2013-06-30": -52.9229, "2013-03-31": "-550.97800", "2012-12-31": -580.6348, "2012-09-30": 98.2208, "2012-06-30": 232.8681, "2012-03-31": "-998.43510", "2011-12-31": -240.9479, "2011-09-30": 204.941, "2011-06-30": 153.657, "2011-03-31": "-189.42600", "2010-12-31": -157.6619, "2010-09-30": 336.9049, "2010-06-30": -296.4139, "2010-03-31": "-407.68510", "2009-12-31": 134.0329, "2009-09-30": -268.2639, "2009-06-30": 6.944, "2009-03-31": "179.24100", "2008-12-31": -1504.876, "2008-09-30": -70.027, "2008-06-30": -120.112, "2008-03-31": "-225.88600", "2007-12-31": -56.852, "2007-09-30": 39.6591, "2007-06-30": 66.409, "2007-03-31": "-44.75700", "2006-12-31": -21.3711, "2006-09-30": 78.769, "2006-06-30": 135.612, "2006-03-31": "16.96000", "2005-12-31": -84.266, "2005-09-30": -11.1, "2005-06-30": 7.33, "2005-03-31": "-44.76200"}, "Investing Activities - Other": {"2020-12-31": 1803.692, "2020-09-30": 246.13, "2020-06-30": -1911.9831, "2020-03-31": "-137.83890", "2019-12-31": 377.7, "2019-09-30": -84.793, "2019-06-30": -176.2, "2019-03-31": "-47.83100", "2018-12-31": -73.252, "2018-09-30": -143.269, "2018-06-30": -138.782, "2018-03-31": "6.35900", "2017-12-31": -102.663, "2017-09-30": -43.316, "2017-06-30": -119.841, "2017-03-31": "-121.67900", "2016-12-31": -71.428, "2016-09-30": 108.184, "2016-06-30": 14.904, "2016-03-31": "12.73000", "2015-12-31": -215.04, "2015-09-30": -83.743, "2015-06-30": 64.338, "2015-03-31": "97.61600", "2014-12-31": 151.179, "2014-09-30": -34.304, "2014-06-30": 75.46, "2014-03-31": "34.05700", "2013-12-31": -0.423, "2013-09-30": 2.64, "2013-06-30": -97.305, "2013-03-31": "47.19900", "2012-12-31": -19.857, "2012-09-30": 196.29, "2012-06-30": -59.786, "2012-03-31": "-85.12000", "2011-12-31": -34.659, "2011-09-30": -73.784, "2011-06-30": -95.368, "2011-03-31": "-94.43500", "2010-12-31": -81.9, "2010-09-30": 0.054, "2010-06-30": 11.408, "2010-03-31": "41.27800", "2009-12-31": 22.652, "2009-09-30": 34.729, "2009-06-30": 40.153, "2009-03-31": "50.99900", "2008-12-31": -311.147, "2008-09-30": 54.136, "2008-06-30": 31.29, "2008-03-31": "-31.61300", "2007-12-31": -38.733, "2007-09-30": 73.085, "2007-06-30": 60.849, "2007-03-31": "42.60100", "2006-12-31": 33.985, "2006-09-30": -9.142, "2006-06-30": -42.417, "2006-03-31": "-19.37200", "2005-12-31": 15.243, "2005-09-30": 5.704, "2005-06-30": -20.152, "2005-03-31": "1.48400"}, "Cash Flow From Investing Activities": {"2020-12-31": 706.505, "2020-09-30": 520.1, "2020-06-30": -1346.989, "2020-03-31": "120.38400", "2019-12-31": 689.341, "2019-09-30": 359.862, "2019-06-30": -4.333, "2019-03-31": "215.11800", "2018-12-31": 11.045, "2018-09-30": -29.807, "2018-06-30": -57.717, "2018-03-31": "-42.47300", "2017-12-31": -378.891, "2017-09-30": 115.736, "2017-06-30": 146.85, "2017-03-31": "-256.28900", "2016-12-31": -815.796, "2016-09-30": 383.04, "2016-06-30": 181.353, "2016-03-31": "292.41000", "2015-12-31": -199.438, "2015-09-30": 68.835, "2015-06-30": -71.8, "2015-03-31": "-448.22500", "2014-12-31": -58.424, "2014-09-30": -44.247, "2014-06-30": 343.525, "2014-03-31": "-313.03800", "2013-12-31": 147.384, "2013-09-30": 228.166, "2013-06-30": 133.771, "2013-03-31": "-500.47100", "2012-12-31": -589.853, "2012-09-30": 241.166, "2012-06-30": 183.404, "2012-03-31": "-1036.45200", "2011-12-31": -273.963, "2011-09-30": 130.894, "2011-06-30": 58.29, "2011-03-31": "-280.52100", "2010-12-31": -234.006, "2010-09-30": 343.248, "2010-06-30": 74.022, "2010-03-31": "-31.31200", "2009-12-31": 163.237, "2009-09-30": -229.573, "2009-06-30": 54.71, "2009-03-31": "203.90400", "2008-12-31": 1356.224, "2008-09-30": -13.363, "2008-06-30": -17.099, "2008-03-31": "-146.24600", "2007-12-31": -95.639, "2007-09-30": 125.939, "2007-06-30": 126.427, "2007-03-31": "110.12500", "2006-12-31": 15.046, "2006-09-30": 67.893, "2006-06-30": 15.699, "2006-03-31": "-2.46300", "2005-12-31": -64.192, "2005-09-30": -5.535, "2005-06-30": -14.379, "2005-03-31": "15.42200"}, "Net Long-Term Debt": {"2020-12-31": 1.16, "2020-09-30": -0.561, "2020-06-30": -0.298, "2020-03-31": "-0.30100", "2019-12-31": -16.36, "2019-09-30": -0.079, "2019-06-30": -0.078, "2019-03-31": "-0.17400", "2018-12-31": -0.081, "2018-09-30": -3.642, "2018-06-30": -0.23, "2018-03-31": "-0.14400", "2017-12-31": -0.142, "2017-09-30": -0.141, "2017-06-30": -0.138, "2017-03-31": "-0.13700", "2016-12-31": -0.135, "2016-09-30": -0.133, "2016-06-30": -7.393, "2016-03-31": "-0.17400", "2015-12-31": -0.172, "2015-09-30": -0.17, "2015-06-30": -0.173, "2015-03-31": "-169.34100", "2014-12-31": 0.717, "2014-09-30": -0.238, "2014-06-30": -30.241, "2014-03-31": "29.76200", "2013-12-31": -0.262, "2013-09-30": -0.264, "2013-06-30": -320.264, "2013-03-31": "279.43300", "2012-12-31": -0.265, "2012-09-30": -0.26, "2012-06-30": -515.258, "2012-03-31": "514.74600", "2011-12-31": -0.793, "2011-09-30": -0.257, "2011-06-30": -0.252, "2011-03-31": "-7.55100", "2010-12-31": -57.253, "2010-09-30": 56.751, "2010-06-30": -0.944, "2010-03-31": "-10.26100", "2009-12-31": -1.715, "2009-09-30": -0.315, "2009-06-30": -0.271, "2009-03-31": "-0.95400", "2008-12-31": -0.276, "2008-09-30": -0.418, "2008-06-30": -20.891, "2008-03-31": "-1.10600", "2007-12-31": -0.522, "2007-09-30": -17.183, "2007-06-30": -24.743, "2007-03-31": "", "2006-12-31": 32.424, "2006-09-30": -44.42, "2006-06-30": 0, "2006-03-31": "-6.00000", "2005-12-31": 0.753, "2005-09-30": -0.753, "2005-06-30": 0, "2005-03-31": ""}, "Net Current Debt": {"2020-12-31": 1297.02, "2020-09-30": -85.061, "2020-06-30": -1214.36, "2020-03-31": "2.40100", "2019-12-31": -1366.78, "2019-09-30": -342.421, "2019-06-30": 319.252, "2019-03-31": "-380.14700", "2018-12-31": -482.406, "2018-09-30": 254.087, "2018-06-30": 388.463, "2018-03-31": "330.42200", "2017-12-31": -465.467, "2017-09-30": -86.703, "2017-06-30": -224.551, "2017-03-31": "295.44500", "2016-12-31": 566.981, "2016-09-30": -181.552, "2016-06-30": 435.797, "2016-03-31": "-316.04900", "2015-12-31": -289.785, "2015-09-30": -124.151, "2015-06-30": 570.771, "2015-03-31": "327.89500", "2014-12-31": -324.495, "2014-09-30": 59.711, "2014-06-30": 229.268, "2014-03-31": "-15.28300", "2013-12-31": -665.595, "2013-09-30": -224.201, "2013-06-30": 535.512, "2013-03-31": "15.73900", "2012-12-31": 188.216, "2012-09-30": -355.149, "2012-06-30": 489.262, "2012-03-31": "3.59800", "2011-12-31": -11.283, "2011-09-30": -260.122, "2011-06-30": 60.441, "2011-03-31": "-154.81200", "2010-12-31": 324.243, "2010-09-30": -136.644, "2010-06-30": 160.812, "2010-03-31": "-4.15500", "2009-12-31": -254.04, "2009-09-30": 229.904, "2009-06-30": 14.959, "2009-03-31": "-214.24400", "2008-12-31": -0.399, "2008-09-30": 179.085, "2008-06-30": -54.717, "2008-03-31": "81.36100", "2007-12-31": 5.097, "2007-09-30": -24.611, "2007-06-30": 5.997, "2007-03-31": "-178.13200", "2006-12-31": -38.734, "2006-09-30": -0.842, "2006-06-30": 19.564, "2006-03-31": "-17.24800", "2005-12-31": 21.407, "2005-09-30": 3.021, "2005-06-30": 8.691, "2005-03-31": "0.33800"}, "Debt Issuance/Retirement Net - Total": {"2020-12-31": 1298.18, "2020-09-30": -85.622, "2020-06-30": -1214.658, "2020-03-31": "2.10000", "2019-12-31": -1383.14, "2019-09-30": -342.5, "2019-06-30": 319.174, "2019-03-31": "-380.32100", "2018-12-31": -482.487, "2018-09-30": 250.445, "2018-06-30": 388.233, "2018-03-31": "330.27800", "2017-12-31": -465.609, "2017-09-30": -86.844, "2017-06-30": -224.689, "2017-03-31": "295.30800", "2016-12-31": 566.846, "2016-09-30": -181.685, "2016-06-30": 428.404, "2016-03-31": "-316.22300", "2015-12-31": -289.957, "2015-09-30": -124.321, "2015-06-30": 570.598, "2015-03-31": "158.55400", "2014-12-31": -323.778, "2014-09-30": 59.473, "2014-06-30": 199.027, "2014-03-31": "14.47900", "2013-12-31": -665.857, "2013-09-30": -224.465, "2013-06-30": 215.248, "2013-03-31": "295.17200", "2012-12-31": 187.951, "2012-09-30": -355.409, "2012-06-30": -25.996, "2012-03-31": "518.34400", "2011-12-31": -12.076, "2011-09-30": -260.379, "2011-06-30": 60.189, "2011-03-31": "-162.36300", "2010-12-31": 266.99, "2010-09-30": -79.893, "2010-06-30": 159.868, "2010-03-31": "-14.41600", "2009-12-31": -255.755, "2009-09-30": 229.589, "2009-06-30": 14.688, "2009-03-31": "-215.19800", "2008-12-31": -0.675, "2008-09-30": 178.667, "2008-06-30": -75.608, "2008-03-31": "80.25500", "2007-12-31": 4.575, "2007-09-30": -41.794, "2007-06-30": -18.746, "2007-03-31": "-178.13200", "2006-12-31": -6.31, "2006-09-30": -45.262, "2006-06-30": 19.564, "2006-03-31": "-23.24800", "2005-12-31": 22.16, "2005-09-30": 2.268, "2005-06-30": 8.691, "2005-03-31": "0.33800"}, "Net Common Equity Issued/Repurchased": {"2020-12-31": 114.964, "2020-09-30": -4.903, "2020-06-30": 0, "2020-03-31": "-110.06100", "2019-12-31": 0, "2019-09-30": -56.063, "2019-06-30": -38.421, "2019-03-31": "", "2018-12-31": 0, "2018-09-30": 0, "2018-06-30": 0, "2018-03-31": "", "2017-12-31": 0, "2017-09-30": 0, "2017-06-30": 0, "2017-03-31": "0.14800", "2016-12-31": 0.111, "2016-09-30": 0.469, "2016-06-30": -3.677, "2016-03-31": "-47.18200", "2015-12-31": 0.067, "2015-09-30": 0.156, "2015-06-30": 0.067, "2015-03-31": "", "2014-12-31": 0.37, "2014-09-30": 0.92, "2014-06-30": 0.576, "2014-03-31": "1.83900", "2013-12-31": 2.34, "2013-09-30": 1.234, "2013-06-30": 1.135, "2013-03-31": "0.67000", "2012-12-31": 0.882, "2012-09-30": 0.225, "2012-06-30": 0.615, "2012-03-31": "1.85100", "2011-12-31": 0, "2011-09-30": 0.154, "2011-06-30": 1.664, "2011-03-31": "2.35700", "2010-12-31": 0.476, "2010-09-30": 0.527, "2010-06-30": 0.807, "2010-03-31": "0.88600", "2009-12-31": 0.769, "2009-09-30": 0.797, "2009-06-30": 0.092, "2009-03-31": "0.36800", "2008-12-31": 0.085, "2008-09-30": 0.213, "2008-06-30": 0.273, "2008-03-31": "2.02700", "2007-12-31": 0.83, "2007-09-30": 0.338, "2007-06-30": 0.518, "2007-03-31": "1.79900", "2006-12-31": 0.019, "2006-09-30": 0.4, "2006-06-30": 6.684, "2006-03-31": "0.68900", "2005-12-31": 0.35, "2005-09-30": 0.23, "2005-06-30": 0.429, "2005-03-31": "0.07600"}, "Net Total Equity Issued/Repurchased": {"2020-12-31": 114.964, "2020-09-30": -4.903, "2020-06-30": 0, "2020-03-31": "-110.06100", "2019-12-31": 0, "2019-09-30": -56.063, "2019-06-30": -38.421, "2019-03-31": "", "2018-12-31": 0, "2018-09-30": 0, "2018-06-30": 0, "2018-03-31": "", "2017-12-31": 0, "2017-09-30": 0, "2017-06-30": 0, "2017-03-31": "0.14800", "2016-12-31": 0.111, "2016-09-30": 0.469, "2016-06-30": -3.677, "2016-03-31": "-47.18200", "2015-12-31": 0.067, "2015-09-30": 0.156, "2015-06-30": 0.067, "2015-03-31": "", "2014-12-31": 0.37, "2014-09-30": 0.92, "2014-06-30": 0.576, "2014-03-31": "1.83900", "2013-12-31": 2.34, "2013-09-30": 1.234, "2013-06-30": 1.135, "2013-03-31": "0.67000", "2012-12-31": 0.882, "2012-09-30": 0.225, "2012-06-30": 0.615, "2012-03-31": "1.85100", "2011-12-31": 0, "2011-09-30": 0.154, "2011-06-30": 1.664, "2011-03-31": "2.35700", "2010-12-31": 0.476, "2010-09-30": 0.527, "2010-06-30": 0.807, "2010-03-31": "0.88600", "2009-12-31": 0.769, "2009-09-30": 0.797, "2009-06-30": 0.092, "2009-03-31": "0.36800", "2008-12-31": 0.085, "2008-09-30": 0.213, "2008-06-30": 0.273, "2008-03-31": "2.02700", "2007-12-31": 0.83, "2007-09-30": 0.338, "2007-06-30": 0.518, "2007-03-31": "1.79900", "2006-12-31": 0.019, "2006-09-30": 0.4, "2006-06-30": 6.684, "2006-03-31": "0.68900", "2005-12-31": 0.35, "2005-09-30": 0.23, "2005-06-30": 0.429, "2005-03-31": "0.07600"}, "Total Common And Preferred Stock Dividends Paid": {"2020-12-31": 128.47, "2020-09-30": -42.624, "2020-06-30": -42.623, "2020-03-31": "-43.22300", "2019-12-31": -43.577, "2019-09-30": -28.043, "2019-06-30": -28.643, "2019-03-31": "-28.63700", "2018-12-31": -28.633, "2018-09-30": -25.142, "2018-06-30": -25.143, "2018-03-31": "-25.13500", "2017-12-31": -25.013, "2017-09-30": -23.626, "2017-06-30": -23.626, "2017-03-31": "-23.62300", "2016-12-31": -23.624, "2016-09-30": -20.842, "2016-06-30": -20.871, "2016-03-31": "-20.88900", "2015-12-31": -21.004, "2015-09-30": -19.086, "2015-06-30": -19.086, "2015-03-31": "-19.08200", "2014-12-31": -19.013, "2014-09-30": -16.74, "2014-06-30": -16.738, "2014-03-31": "-15.89300", "2013-12-31": -15.83, "2013-09-30": -12.977, "2013-06-30": -12.976, "2013-03-31": "-12.25600", "2012-12-31": -12.133, "2012-09-30": -10.93, "2012-06-30": -9.257, "2012-03-31": "-9.22300", "2011-12-31": -9.143, "2011-09-30": -8.207, "2011-06-30": -8.206, "2011-03-31": "-8.18600", "2010-12-31": -8.17, "2010-09-30": -7.232, "2010-06-30": -7.225, "2010-03-31": "-7.21800", "2009-12-31": -7.215, "2009-09-30": -6.342, "2009-06-30": -6.34, "2009-03-31": "-6.33700", "2008-12-31": -6.336, "2008-09-30": -5.759, "2008-06-30": -5.758, "2008-03-31": "-5.52400", "2007-12-31": -5.519, "2007-09-30": -4.962, "2007-06-30": -4.928, "2007-03-31": "-4.91600", "2006-12-31": -3.689, "2006-09-30": -3.277, "2006-06-30": -3.274, "2006-03-31": "-2.78700", "2005-12-31": -2.779, "2005-09-30": -2.276, "2005-06-30": -2.271, "2005-03-31": "-2.29800"}, "Financial Activities - Other": {"2020-12-31": -2264.777, "2020-09-30": 307.758, "2020-06-30": 2328.124, "2020-03-31": "-371.10500", "2019-12-31": 836.788, "2019-09-30": 42.291, "2019-06-30": -310.141, "2019-03-31": "-58.78800", "2018-12-31": 522.794, "2018-09-30": -244.84, "2018-06-30": -354.222, "2018-03-31": "-488.52800", "2017-12-31": 914.023, "2017-09-30": -163.014, "2017-06-30": 34.997, "2017-03-31": "-271.63100", "2016-12-31": 385.716, "2016-09-30": -297.955, "2016-06-30": -653.443, "2016-03-31": "-297.09800", "2015-12-31": 741.377, "2015-09-30": -61.507, "2015-06-30": -559.468, "2015-03-31": "-131.38600", "2014-12-31": 679.032, "2014-09-30": -267.028, "2014-06-30": -444.925, "2014-03-31": "168.78600", "2013-12-31": 583.271, "2013-09-30": -52.851, "2013-06-30": -322.494, "2013-03-31": "-40.78500", "2012-12-31": 522.637, "2012-09-30": 64.372, "2012-06-30": -182.985, "2012-03-31": "413.83900", "2011-12-31": 261.576, "2011-09-30": 131.107, "2011-06-30": -148.609, "2011-03-31": "361.62700", "2010-12-31": -36.164, "2010-09-30": -322.467, "2010-06-30": -276.872, "2010-03-31": "-35.49400", "2009-12-31": 141.967, "2009-09-30": -138.492, "2009-06-30": 49.794, "2009-03-31": "-101.60700", "2008-12-31": -1334.28, "2008-09-30": -192.88, "2008-06-30": 62.676, "2008-03-31": "-143.02900", "2007-12-31": 182.393, "2007-09-30": -55.508, "2007-06-30": -151.858, "2007-03-31": "-125.64900", "2006-12-31": 132.533, "2006-09-30": -46.855, "2006-06-30": -19.263, "2006-03-31": "-4.97600", "2005-12-31": -7.571, "2005-09-30": 31.546, "2005-06-30": -45.911, "2005-03-31": "-40.54600"}, "Cash Flow From Financial Activities": {"2020-12-31": -723.163, "2020-09-30": 174.609, "2020-06-30": 1070.843, "2020-03-31": "-522.28900", "2019-12-31": -589.929, "2019-09-30": -384.315, "2019-06-30": -58.031, "2019-03-31": "-467.74600", "2018-12-31": 11.674, "2018-09-30": -19.537, "2018-06-30": 8.868, "2018-03-31": "-183.38500", "2017-12-31": 423.401, "2017-09-30": -273.484, "2017-06-30": -213.318, "2017-03-31": "0.20200", "2016-12-31": 929.049, "2016-09-30": -500.013, "2016-06-30": -249.587, "2016-03-31": "-681.39200", "2015-12-31": 430.483, "2015-09-30": -204.758, "2015-06-30": -7.889, "2015-03-31": "8.08600", "2014-12-31": 336.611, "2014-09-30": -223.375, "2014-06-30": -262.06, "2014-03-31": "169.21100", "2013-12-31": -96.076, "2013-09-30": -289.059, "2013-06-30": -119.087, "2013-03-31": "242.80100", "2012-12-31": 699.337, "2012-09-30": -301.742, "2012-06-30": -217.623, "2012-03-31": "924.81100", "2011-12-31": 240.357, "2011-09-30": -137.325, "2011-06-30": -94.962, "2011-03-31": "193.43500", "2010-12-31": 223.132, "2010-09-30": -409.065, "2010-06-30": -123.422, "2010-03-31": "-56.24200", "2009-12-31": -120.234, "2009-09-30": 85.552, "2009-06-30": 58.234, "2009-03-31": "-322.77400", "2008-12-31": -1341.206, "2008-09-30": -19.759, "2008-06-30": -18.417, "2008-03-31": "-66.27100", "2007-12-31": 182.279, "2007-09-30": -101.926, "2007-06-30": -175.014, "2007-03-31": "-306.89800", "2006-12-31": 122.553, "2006-09-30": -94.994, "2006-06-30": 3.711, "2006-03-31": "-30.32200", "2005-12-31": 12.16, "2005-09-30": 31.768, "2005-06-30": -39.062, "2005-03-31": "-42.43000"}, "Net Cash Flow": {"2020-12-31": -513.554, "2020-09-30": 754.221, "2020-06-30": -48.693, "2020-03-31": "-191.97400", "2019-12-31": 153.228, "2019-09-30": 118.256, "2019-06-30": 10.56, "2019-03-31": "-119.06300", "2018-12-31": 116.657, "2018-09-30": 18.991, "2018-06-30": 31.496, "2018-03-31": "-148.33000", "2017-12-31": 88.837, "2017-09-30": -19.239, "2017-06-30": -3.027, "2017-03-31": "-111.63900", "2016-12-31": 95.268, "2016-09-30": 8.421, "2016-06-30": -2.286, "2016-03-31": "-227.98400", "2015-12-31": 262.736, "2015-09-30": -53.272, "2015-06-30": 0.217, "2015-03-31": "-323.57300", "2014-12-31": 346.418, "2014-09-30": -182.047, "2014-06-30": 163.241, "2014-03-31": "-31.14800", "2013-12-31": 110.282, "2013-09-30": 19.96, "2013-06-30": 69.736, "2013-03-31": "-144.89200", "2012-12-31": 118.601, "2012-09-30": 55.14, "2012-06-30": 0.651, "2012-03-31": "-61.53000", "2011-12-31": 1.887, "2011-09-30": 65.295, "2011-06-30": 0.222, "2011-03-31": "-13.33000", "2010-12-31": 18.137, "2010-09-30": -7.987, "2010-06-30": -20.893, "2010-03-31": "-25.20600", "2009-12-31": 38.455, "2009-09-30": -114.449, "2009-06-30": 107.443, "2009-03-31": "-64.76500", "2008-12-31": 43.703, "2008-09-30": 0.269, "2008-06-30": -7.161, "2008-03-31": "-179.26800", "2007-12-31": 128.552, "2007-09-30": 56.738, "2007-06-30": -15.857, "2007-03-31": "-68.06400", "2006-12-31": 153.541, "2006-09-30": -7.063, "2006-06-30": 40.238, "2006-03-31": "-14.35900", "2005-12-31": -36.846, "2005-09-30": 46.446, "2005-06-30": -39.727, "2005-03-31": "-10.41900"}, "Stock-Based Compensation": {"2020-12-31": -9.474, "2020-09-30": 3.171, "2020-06-30": 2.963, "2020-03-31": "3.34000", "2019-12-31": 2.963, "2019-09-30": 2.494, "2019-06-30": 2.345, "2019-03-31": "2.80400", "2018-12-31": 2.582, "2018-09-30": 2.746, "2018-06-30": 2.553, "2018-03-31": "2.60700", "2017-12-31": 1.847, "2017-09-30": 1.691, "2017-06-30": 1.742, "2017-03-31": "1.66200", "2016-12-31": 2.31, "2016-09-30": 2.071, "2016-06-30": 2.514, "2016-03-31": "2.65200", "2015-12-31": 2.555, "2015-09-30": 2.85, "2015-06-30": 2.927, "2015-03-31": "2.76300", "2014-12-31": 2.303, "2014-09-30": 2.224, "2014-06-30": 2.538, "2014-03-31": "1.17100", "2013-12-31": 1.036, "2013-09-30": 1.033, "2013-06-30": 0.908, "2013-03-31": "1.19800", "2012-12-31": 0.389, "2012-09-30": 1.057, "2012-06-30": 0.946, "2012-03-31": "1.21500", "2011-12-31": 0.972, "2011-09-30": 0.961, "2011-06-30": 0.936, "2011-03-31": "0.70700", "2010-12-31": 0.826, "2010-09-30": 0.728, "2010-06-30": 0.692, "2010-03-31": "0.79100", "2009-12-31": 0.628, "2009-09-30": 0.267, "2009-06-30": 0.294, "2009-03-31": "0.32600", "2008-12-31": 0.431, "2008-09-30": 0.47, "2008-06-30": 0.393, "2008-03-31": "0.24800", "2007-12-31": 0.477, "2007-09-30": 0.534, "2007-06-30": 0.525, "2007-03-31": "0.43200", "2006-12-31": 0.244, "2006-09-30": 0.224, "2006-06-30": 0.21, "2006-03-31": "0.17200", "2005-12-31": 0.27, "2005-09-30": 0.178, "2005-06-30": 0.173, "2005-03-31": "0.13000"}, "Common Stock Dividends Paid": {"2020-12-31": 128.47, "2020-09-30": -42.624, "2020-06-30": -42.623, "2020-03-31": "-43.22300", "2019-12-31": -43.577, "2019-09-30": -28.043, "2019-06-30": -28.643, "2019-03-31": "-28.63700", "2018-12-31": -28.633, "2018-09-30": -25.142, "2018-06-30": -25.143, "2018-03-31": "-25.13500", "2017-12-31": -25.013, "2017-09-30": -23.626, "2017-06-30": -23.626, "2017-03-31": "-23.62300", "2016-12-31": -23.624, "2016-09-30": -20.842, "2016-06-30": -20.871, "2016-03-31": "-20.88900", "2015-12-31": -21.004, "2015-09-30": -19.086, "2015-06-30": -19.086, "2015-03-31": "-19.08200", "2014-12-31": -19.013, "2014-09-30": -16.74, "2014-06-30": -16.738, "2014-03-31": "-15.89300", "2013-12-31": -15.83, "2013-09-30": -12.977, "2013-06-30": -12.976, "2013-03-31": "-12.25600", "2012-12-31": -12.133, "2012-09-30": -10.93, "2012-06-30": -9.257, "2012-03-31": "-9.22300", "2011-12-31": -9.143, "2011-09-30": -8.207, "2011-06-30": -8.206, "2011-03-31": "-8.18600", "2010-12-31": -8.17, "2010-09-30": -7.232, "2010-06-30": -7.225, "2010-03-31": "-7.21800", "2009-12-31": -7.215, "2009-09-30": -6.342, "2009-06-30": -6.34, "2009-03-31": "-6.33700", "2008-12-31": -6.336, "2008-09-30": -5.759, "2008-06-30": -5.758, "2008-03-31": "-5.52400", "2007-12-31": -5.519, "2007-09-30": -4.962, "2007-06-30": -4.928, "2007-03-31": "-4.91600", "2006-12-31": -3.689, "2006-09-30": -3.277, "2006-06-30": -3.274, "2006-03-31": "-2.78700", "2005-12-31": -2.779, "2005-09-30": -2.276, "2005-06-30": -2.271, "2005-03-31": "-2.29800"}}, "financial ratios": {"Current Ratio": {"2019-12-31": "", "2018-12-31": "", "2017-12-31": "", "2016-12-31": "", "2015-12-31": "", "2014-12-31": "", "2013-12-31": "", "2012-12-31": "", "2011-12-31": "", "2010-12-31": "", "2009-12-31": "", "2008-12-31": "", "2007-12-31": "", "2006-12-31": "", "2005-12-31": ""}, "Long-term Debt / Capital": {"2019-12-31": "0.02060", "2018-12-31": "", "2017-12-31": "", "2016-12-31": "", "2015-12-31": "", "2014-12-31": "0.04910", "2013-12-31": "0.04270", "2012-12-31": "0.03910", "2011-12-31": "0.05150", "2010-12-31": "0.05970", "2009-12-31": "0.06390", "2008-12-31": "0.06850", "2007-12-31": "0.09100", "2006-12-31": "0.13140", "2005-12-31": "0.14020"}, "Debt/Equity Ratio": {"2019-12-31": "0.30260", "2018-12-31": "0.32470", "2017-12-31": "0.21690", "2016-12-31": "0.36000", "2015-12-31": "0.23290", "2014-12-31": "0.15160", "2013-12-31": "0.17920", "2012-12-31": "0.38110", "2011-12-31": "0.09740", "2010-12-31": "0.36310", "2009-12-31": "0.14140", "2008-12-31": "0.33280", "2007-12-31": "0.20310", "2006-12-31": "0.26210", "2005-12-31": "0.38340"}, "Gross Margin": {"2019-12-31": "", "2018-12-31": "", "2017-12-31": "", "2016-12-31": "", "2015-12-31": "", "2014-12-31": "", "2013-12-31": "", "2012-12-31": "", "2011-12-31": "", "2010-12-31": "", "2009-12-31": "", "2008-12-31": "", "2007-12-31": "", "2006-12-31": "", "2005-12-31": ""}, "Operating Margin": {"2019-12-31": "", "2018-12-31": "", "2017-12-31": "", "2016-12-31": "", "2015-12-31": "", "2014-12-31": "", "2013-12-31": "", "2012-12-31": "", "2011-12-31": "", "2010-12-31": "", "2009-12-31": "", "2008-12-31": "", "2007-12-31": "", "2006-12-31": "", "2005-12-31": ""}, "EBIT Margin": {"2019-12-31": "", "2018-12-31": "", "2017-12-31": "", "2016-12-31": "", "2015-12-31": "", "2014-12-31": "", "2013-12-31": "", "2012-12-31": "", "2011-12-31": "", "2010-12-31": "", "2009-12-31": "", "2008-12-31": "", "2007-12-31": "", "2006-12-31": "", "2005-12-31": ""}, "EBITDA Margin": {"2019-12-31": "", "2018-12-31": "", "2017-12-31": "", "2016-12-31": "", "2015-12-31": "", "2014-12-31": "", "2013-12-31": "", "2012-12-31": "", "2011-12-31": "", "2010-12-31": "", "2009-12-31": "", "2008-12-31": "", "2007-12-31": "", "2006-12-31": "", "2005-12-31": ""}, "Pre-Tax Profit Margin": {"2019-12-31": "51.38930", "2018-12-31": "55.26670", "2017-12-31": "56.46360", "2016-12-31": "56.20810", "2015-12-31": "57.84280", "2014-12-31": "57.61180", "2013-12-31": "57.15940", "2012-12-31": "55.91230", "2011-12-31": "56.62510", "2010-12-31": "53.51680", "2009-12-31": "49.85570", "2008-12-31": "46.78790", "2007-12-31": "49.78460", "2006-12-31": "54.74440", "2005-12-31": "50.89860"}, "Net Profit Margin": {"2019-12-31": "40.76640", "2018-12-31": "44.12890", "2017-12-31": "37.84430", "2016-12-31": "37.75090", "2015-12-31": "38.54160", "2014-12-31": "38.44340", "2013-12-31": "38.36970", "2012-12-31": "37.29970", "2011-12-31": "37.54830", "2010-12-31": "35.63320", "2009-12-31": "33.05890", "2008-12-31": "31.27200", "2007-12-31": "33.31420", "2006-12-31": "35.96550", "2005-12-31": "34.07910"}, "Asset Turnover": {"2019-12-31": "0.02530", "2018-12-31": "0.03210", "2017-12-31": "0.03180", "2016-12-31": "0.03260", "2015-12-31": "0.03370", "2014-12-31": "0.03600", "2013-12-31": "0.03100", "2012-12-31": "0.03090", "2011-12-31": "0.03840", "2010-12-31": "0.03780", "2009-12-31": "0.03820", "2008-12-31": "0.02980", "2007-12-31": "0.03960", "2006-12-31": "0.03740", "2005-12-31": "0.03920"}, "Inventory Turnover Ratio": {"2019-12-31": "", "2018-12-31": "", "2017-12-31": "", "2016-12-31": "", "2015-12-31": "", "2014-12-31": "", "2013-12-31": "", "2012-12-31": "", "2011-12-31": "", "2010-12-31": "", "2009-12-31": "", "2008-12-31": "", "2007-12-31": "", "2006-12-31": "", "2005-12-31": ""}, "Receiveable Turnover": {"2019-12-31": "", "2018-12-31": "", "2017-12-31": "", "2016-12-31": "", "2015-12-31": "", "2014-12-31": "", "2013-12-31": "", "2012-12-31": "", "2011-12-31": "", "2010-12-31": "", "2009-12-31": "", "2008-12-31": "", "2007-12-31": "", "2006-12-31": "", "2005-12-31": ""}, "Days Sales In Receivables": {"2019-12-31": "", "2018-12-31": "", "2017-12-31": "", "2016-12-31": "", "2015-12-31": "", "2014-12-31": "", "2013-12-31": "", "2012-12-31": "", "2011-12-31": "", "2010-12-31": "", "2009-12-31": "", "2008-12-31": "", "2007-12-31": "", "2006-12-31": "", "2005-12-31": ""}, "ROE - Return On Equity": {"2019-12-31": "5.56960", "2018-12-31": "7.94040", "2017-12-31": "7.11700", "2016-12-31": "7.53550", "2015-12-31": "8.27760", "2014-12-31": "9.16660", "2013-12-31": "7.94450", "2012-12-31": "8.03590", "2011-12-31": "9.04440", "2010-12-31": "8.79330", "2009-12-31": "8.27970", "2008-12-31": "6.73310", "2007-12-31": "7.46400", "2006-12-31": "9.29020", "2005-12-31": "10.29870"}, "Return On Tangible Equity": {"2019-12-31": "12.49840", "2018-12-31": "15.18630", "2017-12-31": "14.44250", "2016-12-31": "16.18620", "2015-12-31": "18.55720", "2014-12-31": "22.67630", "2013-12-31": "20.62880", "2012-12-31": "19.84480", "2011-12-31": "22.79910", "2010-12-31": "25.57710", "2009-12-31": "25.49230", "2008-12-31": "24.69110", "2007-12-31": "25.69870", "2006-12-31": "28.43940", "2005-12-31": "26.54580"}, "ROA - Return On Assets": {"2019-12-31": "1.03320", "2018-12-31": "1.41810", "2017-12-31": "1.20490", "2016-12-31": "1.22910", "2015-12-31": "1.30070", "2014-12-31": "1.38290", "2013-12-31": "1.18760", "2012-12-31": "1.15130", "2011-12-31": "1.44310", "2010-12-31": "1.34760", "2009-12-31": "1.26410", "2008-12-31": "0.93150", "2007-12-31": "1.32060", "2006-12-31": "1.34570", "2005-12-31": "1.33460"}, "ROI - Return On Investment": {"2019-12-31": "5.45470", "2018-12-31": "7.94040", "2017-12-31": "7.11700", "2016-12-31": "7.53550", "2015-12-31": "8.27760", "2014-12-31": "8.71660", "2013-12-31": "7.60540", "2012-12-31": "7.72160", "2011-12-31": "8.57880", "2010-12-31": "8.26800", "2009-12-31": "7.75050", "2008-12-31": "6.27200", "2007-12-31": "6.78460", "2006-12-31": "8.06940", "2005-12-31": "8.85490"}, "Book Value Per Share": {"2019-12-31": "63.01940", "2018-12-31": "58.02430", "2017-12-31": "55.03090", "2016-12-31": "52.41410", "2015-12-31": "49.45460", "2014-12-31": "46.50080", "2013-12-31": "42.19380", "2012-12-31": "37.01510", "2011-12-31": "33.41000", "2010-12-31": "31.11000", "2009-12-31": "29.03340", "2008-12-31": "27.23750", "2007-12-31": "25.53580", "2006-12-31": "20.26080", "2005-12-31": "16.70380"}, "Operating Cash Flow Per Share": {"2019-12-31": 0.8962, "2018-12-31": -1.038, "2017-12-31": 0.8248, "2016-12-31": 0.3613, "2015-12-31": -0.6167, "2014-12-31": -0.0249, "2013-12-31": 1.0392, "2012-12-31": -0.5943, "2011-12-31": 0.8395, "2010-12-31": 2.2059, "2009-12-31": -1.1311, "2008-12-31": -2.7313, "2007-12-31": 3.0918, "2006-12-31": -0.0722, "2005-12-31": 2.4312}, "Free Cash Flow Per Share": {"2019-12-31": 0.7453, "2018-12-31": -1.0518, "2017-12-31": 0.6854, "2016-12-31": 0.4324, "2015-12-31": -0.8064, "2014-12-31": 0.4096, "2013-12-31": 0.762, "2012-12-31": -0.6099, "2011-12-31": 0.4812, "2010-12-31": 2.8217, "2009-12-31": -1.5633, "2008-12-31": -2.5013, "2007-12-31": 3.1662, "2006-12-31": -0.1267, "2005-12-31": 2.4565}}, "financial ratios, quarterly": {"Current Ratio": {"2020-09-30": "", "2020-06-30": "", "2020-03-31": "", "2019-12-31": "", "2019-09-30": "", "2019-06-30": "", "2019-03-31": "", "2018-12-31": "", "2018-09-30": "", "2018-06-30": "", "2018-03-31": "", "2017-12-31": "", "2017-09-30": "", "2017-06-30": "", "2017-03-31": "", "2016-12-31": "", "2016-09-30": "", "2016-06-30": "", "2016-03-31": "", "2015-12-31": "", "2015-09-30": "", "2015-06-30": "", "2015-03-31": "", "2014-12-31": "", "2014-09-30": "", "2014-06-30": "", "2014-03-31": "", "2013-12-31": "", "2013-09-30": "", "2013-06-30": "", "2013-03-31": "", "2012-12-31": "", "2012-09-30": "", "2012-06-30": "", "2012-03-31": "", "2011-12-31": "", "2011-09-30": "", "2011-06-30": "", "2011-03-31": "", "2010-12-31": "", "2010-09-30": "", "2010-06-30": "", "2010-03-31": "", "2009-12-31": "", "2009-09-30": "", "2009-06-30": "", "2009-03-31": "", "2008-12-31": "", "2008-09-30": "", "2008-06-30": "", "2008-03-31": "", "2007-12-31": "", "2007-09-30": "", "2007-06-30": "", "2007-03-31": "", "2006-12-31": "", "2006-09-30": "", "2006-06-30": "", "2006-03-31": "", "2005-12-31": "", "2005-09-30": "", "2005-06-30": "", "2005-03-31": ""}, "Long-term Debt / Capital": {"2020-09-30": "0.02030", "2020-06-30": "0.02060", "2020-03-31": "0.02100", "2019-12-31": "0.02060", "2019-09-30": "", "2019-06-30": "", "2019-03-31": "", "2018-12-31": "", "2018-09-30": "", "2018-06-30": "", "2018-03-31": "", "2017-12-31": "", "2017-09-30": "", "2017-06-30": "", "2017-03-31": "", "2016-12-31": "", "2016-09-30": "", "2016-06-30": "", "2016-03-31": "0.00210", "2015-12-31": "", "2015-09-30": "", "2015-06-30": "", "2015-03-31": "", "2014-12-31": "0.04910", "2014-09-30": "0.05000", "2014-06-30": "0.05100", "2014-03-31": "0.04190", "2013-12-31": "0.04270", "2013-09-30": "0.03440", "2013-06-30": "0.03500", "2013-03-31": "0.03810", "2012-12-31": "0.03910", "2012-09-30": "0.04010", "2012-06-30": "0.04920", "2012-03-31": "0.05020", "2011-12-31": "0.05150", "2011-09-30": "0.05230", "2011-06-30": "0.05330", "2011-03-31": "0.05430", "2010-12-31": "0.05970", "2010-09-30": "0.06060", "2010-06-30": "0.06170", "2010-03-31": "0.06280", "2009-12-31": "0.06390", "2009-09-30": "0.06500", "2009-06-30": "0.06630", "2009-03-31": "0.06720", "2008-12-31": "0.06850", "2008-09-30": "0.06980", "2008-06-30": "0.07040", "2008-03-31": "0.08970", "2007-12-31": "0.09100", "2007-09-30": "0.09220", "2007-06-30": "0.10030", "2007-03-31": "0.11990", "2006-12-31": "0.13140", "2006-09-30": "0.13390", "2006-06-30": "0.13660", "2006-03-31": "0.12770", "2005-12-31": "0.14020", "2005-09-30": "0.14500", "2005-06-30": "0.14800", "2005-03-31": "0.15110"}, "Debt/Equity Ratio": {"2020-09-30": "0.08420", "2020-06-30": "0.09980", "2020-03-31": "0.30890", "2019-12-31": "0.30260", "2019-09-30": "0.22100", "2019-06-30": "0.30400", "2019-03-31": "0.22760", "2018-12-31": "0.32470", "2018-09-30": "0.45010", "2018-06-30": "0.39330", "2018-03-31": "0.29920", "2017-12-31": "0.21690", "2017-09-30": "0.34250", "2017-06-30": "0.36990", "2017-03-31": "0.43550", "2016-12-31": "0.36000", "2016-09-30": "0.20710", "2016-06-30": "0.26130", "2016-03-31": "0.14220", "2015-12-31": "0.23290", "2015-09-30": "0.32150", "2015-06-30": "0.36370", "2015-03-31": "0.19700", "2014-12-31": "0.15160", "2014-09-30": "0.25620", "2014-06-30": "0.24230", "2014-03-31": "0.18090", "2013-12-31": "0.17920", "2013-09-30": "0.47000", "2013-06-30": "0.57450", "2013-03-31": "0.52670", "2012-12-31": "0.38110", "2012-09-30": "0.31450", "2012-06-30": "0.39240", "2012-03-31": "0.41690", "2011-12-31": "0.09740", "2011-09-30": "0.10690", "2011-06-30": "0.28130", "2011-03-31": "0.24650", "2010-12-31": "0.36310", "2010-09-30": "0.18210", "2010-06-30": "0.24230", "2010-03-31": "0.12820", "2009-12-31": "0.14140", "2009-09-30": "0.33670", "2009-06-30": "0.16720", "2009-03-31": "0.15810", "2008-12-31": "0.33280", "2008-09-30": "0.33540", "2008-06-30": "0.19180", "2008-03-31": "0.26980", "2007-12-31": "0.20310", "2007-09-30": "0.20190", "2007-06-30": "0.24610", "2007-03-31": "0.26710", "2006-12-31": "0.26210", "2006-09-30": "0.27760", "2006-06-30": "0.35530", "2006-03-31": "0.32540", "2005-12-31": "0.38340", "2005-09-30": "0.34920", "2005-06-30": "0.35240", "2005-03-31": "0.34070"}, "Gross Margin": {"2020-09-30": "", "2020-06-30": "", "2020-03-31": "", "2019-12-31": "", "2019-09-30": "", "2019-06-30": "", "2019-03-31": "", "2018-12-31": "", "2018-09-30": "", "2018-06-30": "", "2018-03-31": "", "2017-12-31": "", "2017-09-30": "", "2017-06-30": "", "2017-03-31": "", "2016-12-31": "", "2016-09-30": "", "2016-06-30": "", "2016-03-31": "", "2015-12-31": "", "2015-09-30": "", "2015-06-30": "", "2015-03-31": "", "2014-12-31": "", "2014-09-30": "", "2014-06-30": "", "2014-03-31": "", "2013-12-31": "", "2013-09-30": "", "2013-06-30": "", "2013-03-31": "", "2012-12-31": "", "2012-09-30": "", "2012-06-30": "", "2012-03-31": "", "2011-12-31": "", "2011-09-30": "", "2011-06-30": "", "2011-03-31": "", "2010-12-31": "", "2010-09-30": "", "2010-06-30": "", "2010-03-31": "", "2009-12-31": "", "2009-09-30": "", "2009-06-30": "", "2009-03-31": "", "2008-12-31": "", "2008-09-30": "", "2008-06-30": "", "2008-03-31": "", "2007-12-31": "", "2007-09-30": "", "2007-06-30": "", "2007-03-31": "", "2006-12-31": "", "2006-09-30": "", "2006-06-30": "", "2006-03-31": "", "2005-12-31": "", "2005-09-30": "", "2005-06-30": "", "2005-03-31": ""}, "Operating Margin": {"2020-09-30": "", "2020-06-30": "", "2020-03-31": "", "2019-12-31": "", "2019-09-30": "", "2019-06-30": "", "2019-03-31": "", "2018-12-31": "", "2018-09-30": "", "2018-06-30": "", "2018-03-31": "", "2017-12-31": "", "2017-09-30": "", "2017-06-30": "", "2017-03-31": "", "2016-12-31": "", "2016-09-30": "", "2016-06-30": "", "2016-03-31": "", "2015-12-31": "", "2015-09-30": "", "2015-06-30": "", "2015-03-31": "", "2014-12-31": "", "2014-09-30": "", "2014-06-30": "", "2014-03-31": "", "2013-12-31": "", "2013-09-30": "", "2013-06-30": "", "2013-03-31": "", "2012-12-31": "", "2012-09-30": "", "2012-06-30": "", "2012-03-31": "", "2011-12-31": "", "2011-09-30": "", "2011-06-30": "", "2011-03-31": "", "2010-12-31": "", "2010-09-30": "", "2010-06-30": "", "2010-03-31": "", "2009-12-31": "", "2009-09-30": "", "2009-06-30": "", "2009-03-31": "", "2008-12-31": "", "2008-09-30": "", "2008-06-30": "", "2008-03-31": "", "2007-12-31": "", "2007-09-30": "", "2007-06-30": "", "2007-03-31": "", "2006-12-31": "", "2006-09-30": "", "2006-06-30": "", "2006-03-31": "", "2005-12-31": "", "2005-09-30": "", "2005-06-30": "", "2005-03-31": ""}, "EBIT Margin": {"2020-09-30": "", "2020-06-30": "", "2020-03-31": "", "2019-12-31": "", "2019-09-30": "", "2019-06-30": "", "2019-03-31": "", "2018-12-31": "", "2018-09-30": "", "2018-06-30": "", "2018-03-31": "", "2017-12-31": "", "2017-09-30": "", "2017-06-30": "", "2017-03-31": "", "2016-12-31": "", "2016-09-30": "", "2016-06-30": "", "2016-03-31": "", "2015-12-31": "", "2015-09-30": "", "2015-06-30": "", "2015-03-31": "", "2014-12-31": "", "2014-09-30": "", "2014-06-30": "", "2014-03-31": "", "2013-12-31": "", "2013-09-30": "", "2013-06-30": "", "2013-03-31": "", "2012-12-31": "", "2012-09-30": "", "2012-06-30": "", "2012-03-31": "", "2011-12-31": "", "2011-09-30": "", "2011-06-30": "", "2011-03-31": "", "2010-12-31": "", "2010-09-30": "", "2010-06-30": "", "2010-03-31": "", "2009-12-31": "", "2009-09-30": "", "2009-06-30": "", "2009-03-31": "", "2008-12-31": "", "2008-09-30": "", "2008-06-30": "", "2008-03-31": "", "2007-12-31": "", "2007-09-30": "", "2007-06-30": "", "2007-03-31": "", "2006-12-31": "", "2006-09-30": "", "2006-06-30": "", "2006-03-31": "", "2005-12-31": "", "2005-09-30": "", "2005-06-30": "", "2005-03-31": ""}, "EBITDA Margin": {"2020-09-30": "", "2020-06-30": "", "2020-03-31": "", "2019-12-31": "", "2019-09-30": "", "2019-06-30": "", "2019-03-31": "", "2018-12-31": "", "2018-09-30": "", "2018-06-30": "", "2018-03-31": "", "2017-12-31": "", "2017-09-30": "", "2017-06-30": "", "2017-03-31": "", "2016-12-31": "", "2016-09-30": "", "2016-06-30": "", "2016-03-31": "", "2015-12-31": "", "2015-09-30": "", "2015-06-30": "", "2015-03-31": "", "2014-12-31": "", "2014-09-30": "", "2014-06-30": "", "2014-03-31": "", "2013-12-31": "", "2013-09-30": "", "2013-06-30": "", "2013-03-31": "", "2012-12-31": "", "2012-09-30": "", "2012-06-30": "", "2012-03-31": "", "2011-12-31": "", "2011-09-30": "", "2011-06-30": "", "2011-03-31": "", "2010-12-31": "", "2010-09-30": "", "2010-06-30": "", "2010-03-31": "", "2009-12-31": "", "2009-09-30": "", "2009-06-30": "", "2009-03-31": "", "2008-12-31": "", "2008-09-30": "", "2008-06-30": "", "2008-03-31": "", "2007-12-31": "", "2007-09-30": "", "2007-06-30": "", "2007-03-31": "", "2006-12-31": "", "2006-09-30": "", "2006-06-30": "", "2006-03-31": "", "2005-12-31": "", "2005-09-30": "", "2005-06-30": "", "2005-03-31": ""}, "Pre-Tax Profit Margin": {"2020-09-30": "58.33800", "2020-06-30": "51.07310", "2020-03-31": "57.04790", "2019-12-31": "41.14760", "2019-09-30": "56.03740", "2019-06-30": "56.07460", "2019-03-31": "56.91320", "2018-12-31": "56.39920", "2018-09-30": "55.94660", "2018-06-30": "55.09470", "2018-03-31": "53.50050", "2017-12-31": "55.75490", "2017-09-30": "56.46930", "2017-06-30": "56.87600", "2017-03-31": "56.77250", "2016-12-31": "56.34590", "2016-09-30": "56.27130", "2016-06-30": "56.20920", "2016-03-31": "56.00770", "2015-12-31": "57.43630", "2015-09-30": "58.13840", "2015-06-30": "57.59590", "2015-03-31": "58.19460", "2014-12-31": "58.14540", "2014-09-30": "57.41060", "2014-06-30": "56.42530", "2014-03-31": "58.60730", "2013-12-31": "57.85750", "2013-09-30": "57.28440", "2013-06-30": "56.66800", "2013-03-31": "56.67680", "2012-12-31": "55.78980", "2012-09-30": "53.27220", "2012-06-30": "57.82970", "2012-03-31": "57.69700", "2011-12-31": "58.72670", "2011-09-30": "57.20970", "2011-06-30": "55.60360", "2011-03-31": "54.96330", "2010-12-31": "54.45230", "2010-09-30": "53.15380", "2010-06-30": "52.49560", "2010-03-31": "53.99000", "2009-12-31": "53.44620", "2009-09-30": "51.75470", "2009-06-30": "47.10700", "2009-03-31": "46.94110", "2008-12-31": "47.40640", "2008-09-30": "33.21580", "2008-06-30": "53.26860", "2008-03-31": "54.14680", "2007-12-31": "39.14180", "2007-09-30": "54.03270", "2007-06-30": "53.64200", "2007-03-31": "52.58370", "2006-12-31": "56.87480", "2006-09-30": "55.70420", "2006-06-30": "53.09090", "2006-03-31": "53.04730", "2005-12-31": "52.65540", "2005-09-30": "51.01920", "2005-06-30": "50.84990", "2005-03-31": "48.74070"}, "Net Profit Margin": {"2020-09-30": "45.95300", "2020-06-30": "47.66450", "2020-03-31": "45.05490", "2019-12-31": "32.40120", "2019-09-30": "44.53950", "2019-06-30": "44.70640", "2019-03-31": "45.18770", "2018-12-31": "44.96430", "2018-09-30": "44.46450", "2018-06-30": "43.82840", "2018-03-31": "43.19270", "2017-12-31": "36.63340", "2017-09-30": "38.13860", "2017-06-30": "38.67410", "2017-03-31": "37.96850", "2016-12-31": "37.94280", "2016-09-30": "37.77260", "2016-06-30": "37.62080", "2016-03-31": "37.66790", "2015-12-31": "38.50230", "2015-09-30": "38.66730", "2015-06-30": "38.25440", "2015-03-31": "38.74290", "2014-12-31": "38.96190", "2014-09-30": "38.12340", "2014-06-30": "37.69140", "2014-03-31": "39.08880", "2013-12-31": "38.68900", "2013-09-30": "38.37100", "2013-06-30": "38.06140", "2013-03-31": "38.30320", "2012-12-31": "37.45700", "2012-09-30": "35.81730", "2012-06-30": "38.22500", "2012-03-31": "38.15000", "2011-12-31": "39.14540", "2011-09-30": "37.82200", "2011-06-30": "36.64580", "2011-03-31": "36.59320", "2010-12-31": "36.23530", "2010-09-30": "35.37800", "2010-06-30": "35.03160", "2010-03-31": "35.90230", "2009-12-31": "35.42180", "2009-09-30": "34.33530", "2009-06-30": "31.65220", "2009-03-31": "30.70750", "2008-12-31": "31.74280", "2008-09-30": "22.31480", "2008-06-30": "35.49070", "2008-03-31": "36.11890", "2007-12-31": "26.37500", "2007-09-30": "36.43530", "2007-06-30": "35.44530", "2007-03-31": "35.17230", "2006-12-31": "37.30540", "2006-09-30": "36.55540", "2006-06-30": "34.84370", "2006-03-31": "35.01650", "2005-12-31": "34.67430", "2005-09-30": "33.80410", "2005-06-30": "33.68650", "2005-03-31": "34.16640"}, "Asset Turnover": {"2020-09-30": "0.00850", "2020-06-30": "0.00830", "2020-03-31": "0.00910", "2019-12-31": "0.00830", "2019-09-30": "0.00830", "2019-06-30": "0.00820", "2019-03-31": "0.00820", "2018-12-31": "0.00820", "2018-09-30": "0.00820", "2018-06-30": "0.00820", "2018-03-31": "0.00770", "2017-12-31": "0.00810", "2017-09-30": "0.00800", "2017-06-30": "0.00800", "2017-03-31": "0.00800", "2016-12-31": "0.00810", "2016-09-30": "0.00850", "2016-06-30": "0.00830", "2016-03-31": "0.00830", "2015-12-31": "0.00830", "2015-09-30": "0.00850", "2015-06-30": "0.00870", "2015-03-31": "0.00880", "2014-12-31": "0.00930", "2014-09-30": "0.00950", "2014-06-30": "0.00940", "2014-03-31": "0.00910", "2013-12-31": "0.00870", "2013-09-30": "0.00900", "2013-06-30": "0.00870", "2013-03-31": "0.00850", "2012-12-31": "0.00880", "2012-09-30": "0.00940", "2012-06-30": "0.00900", "2012-03-31": "0.00880", "2011-12-31": "0.00950", "2011-09-30": "0.01010", "2011-06-30": "0.00990", "2011-03-31": "0.00950", "2010-12-31": "0.00960", "2010-09-30": "0.00980", "2010-06-30": "0.00940", "2010-03-31": "0.00940", "2009-12-31": "0.00980", "2009-09-30": "0.00950", "2009-06-30": "0.00950", "2009-03-31": "0.00940", "2008-12-31": "0.00790", "2008-09-30": "0.01020", "2008-06-30": "0.00970", "2008-03-31": "0.00980", "2007-12-31": "0.01020", "2007-09-30": "0.01060", "2007-06-30": "0.01050", "2007-03-31": "0.00910", "2006-12-31": "0.00970", "2006-09-30": "0.01000", "2006-06-30": "0.01010", "2006-03-31": "0.01030", "2005-12-31": "0.01020", "2005-09-30": "0.01060", "2005-06-30": "0.01050", "2005-03-31": "0.00890"}, "Inventory Turnover Ratio": {"2020-09-30": "", "2020-06-30": "", "2020-03-31": "", "2019-12-31": "", "2019-09-30": "", "2019-06-30": "", "2019-03-31": "", "2018-12-31": "", "2018-09-30": "", "2018-06-30": "", "2018-03-31": "", "2017-12-31": "", "2017-09-30": "", "2017-06-30": "", "2017-03-31": "", "2016-12-31": "", "2016-09-30": "", "2016-06-30": "", "2016-03-31": "", "2015-12-31": "", "2015-09-30": "", "2015-06-30": "", "2015-03-31": "", "2014-12-31": "", "2014-09-30": "", "2014-06-30": "", "2014-03-31": "", "2013-12-31": "", "2013-09-30": "", "2013-06-30": "", "2013-03-31": "", "2012-12-31": "", "2012-09-30": "", "2012-06-30": "", "2012-03-31": "", "2011-12-31": "", "2011-09-30": "", "2011-06-30": "", "2011-03-31": "", "2010-12-31": "", "2010-09-30": "", "2010-06-30": "", "2010-03-31": "", "2009-12-31": "", "2009-09-30": "", "2009-06-30": "", "2009-03-31": "", "2008-12-31": "", "2008-09-30": "", "2008-06-30": "", "2008-03-31": "", "2007-12-31": "", "2007-09-30": "", "2007-06-30": "", "2007-03-31": "", "2006-12-31": "", "2006-09-30": "", "2006-06-30": "", "2006-03-31": "", "2005-12-31": "", "2005-09-30": "", "2005-06-30": "", "2005-03-31": ""}, "Receiveable Turnover": {"2020-09-30": "", "2020-06-30": "", "2020-03-31": "", "2019-12-31": "", "2019-09-30": "", "2019-06-30": "", "2019-03-31": "", "2018-12-31": "", "2018-09-30": "", "2018-06-30": "", "2018-03-31": "", "2017-12-31": "", "2017-09-30": "", "2017-06-30": "", "2017-03-31": "", "2016-12-31": "", "2016-09-30": "", "2016-06-30": "", "2016-03-31": "", "2015-12-31": "", "2015-09-30": "", "2015-06-30": "", "2015-03-31": "", "2014-12-31": "", "2014-09-30": "", "2014-06-30": "", "2014-03-31": "", "2013-12-31": "", "2013-09-30": "", "2013-06-30": "", "2013-03-31": "", "2012-12-31": "", "2012-09-30": "", "2012-06-30": "", "2012-03-31": "", "2011-12-31": "", "2011-09-30": "", "2011-06-30": "", "2011-03-31": "", "2010-12-31": "", "2010-09-30": "", "2010-06-30": "", "2010-03-31": "", "2009-12-31": "", "2009-09-30": "", "2009-06-30": "", "2009-03-31": "", "2008-12-31": "", "2008-09-30": "", "2008-06-30": "", "2008-03-31": "", "2007-12-31": "", "2007-09-30": "", "2007-06-30": "", "2007-03-31": "", "2006-12-31": "", "2006-09-30": "", "2006-06-30": "", "2006-03-31": "", "2005-12-31": "", "2005-09-30": "", "2005-06-30": "", "2005-03-31": ""}, "Days Sales In Receivables": {"2020-09-30": "", "2020-06-30": "", "2020-03-31": "", "2019-12-31": "", "2019-09-30": "", "2019-06-30": "", "2019-03-31": "", "2018-12-31": "", "2018-09-30": "", "2018-06-30": "", "2018-03-31": "", "2017-12-31": "", "2017-09-30": "", "2017-06-30": "", "2017-03-31": "", "2016-12-31": "", "2016-09-30": "", "2016-06-30": "", "2016-03-31": "", "2015-12-31": "", "2015-09-30": "", "2015-06-30": "", "2015-03-31": "", "2014-12-31": "", "2014-09-30": "", "2014-06-30": "", "2014-03-31": "", "2013-12-31": "", "2013-09-30": "", "2013-06-30": "", "2013-03-31": "", "2012-12-31": "", "2012-09-30": "", "2012-06-30": "", "2012-03-31": "", "2011-12-31": "", "2011-09-30": "", "2011-06-30": "", "2011-03-31": "", "2010-12-31": "", "2010-09-30": "", "2010-06-30": "", "2010-03-31": "", "2009-12-31": "", "2009-09-30": "", "2009-06-30": "", "2009-03-31": "", "2008-12-31": "", "2008-09-30": "", "2008-06-30": "", "2008-03-31": "", "2007-12-31": "", "2007-09-30": "", "2007-06-30": "", "2007-03-31": "", "2006-12-31": "", "2006-09-30": "", "2006-06-30": "", "2006-03-31": "", "2005-12-31": "", "2005-09-30": "", "2005-06-30": "", "2005-03-31": ""}, "ROE - Return On Equity": {"2020-09-30": "2.15520", "2020-06-30": "2.20070", "2020-03-31": "2.23460", "2019-12-31": "1.44260", "2019-09-30": "1.98110", "2019-06-30": "1.99270", "2019-03-31": "2.00500", "2018-12-31": "2.05610", "2018-09-30": "2.06530", "2018-06-30": "2.07340", "2018-03-31": "1.91840", "2017-12-31": "1.75560", "2017-09-30": "1.79590", "2017-06-30": "1.83490", "2017-03-31": "1.85860", "2016-12-31": "1.88870", "2016-09-30": "1.90970", "2016-06-30": "1.92040", "2016-03-31": "1.97060", "2015-12-31": "2.03510", "2015-09-30": "2.06960", "2015-06-30": "2.14260", "2015-03-31": "2.23030", "2014-12-31": "2.41090", "2014-09-30": "2.40560", "2014-06-30": "2.41960", "2014-03-31": "2.36340", "2013-12-31": "2.25960", "2013-09-30": "2.31370", "2013-06-30": "2.29580", "2013-03-31": "2.29380", "2012-12-31": "2.31010", "2012-09-30": "2.26560", "2012-06-30": "2.24920", "2012-03-31": "2.26690", "2011-12-31": "2.32290", "2011-09-30": "2.35980", "2011-06-30": "2.32140", "2011-03-31": "2.28830", "2010-12-31": "2.25830", "2010-09-30": "2.25000", "2010-06-30": "2.26090", "2010-03-31": "2.24960", "2009-12-31": "2.26230", "2009-09-30": "2.20960", "2009-06-30": "2.04120", "2009-03-31": "1.98960", "2008-12-31": "1.80740", "2008-09-30": "1.25670", "2008-06-30": "1.92480", "2008-03-31": "2.00150", "2007-12-31": "1.51500", "2007-09-30": "2.14610", "2007-06-30": "2.12590", "2007-03-31": "1.89660", "2006-12-31": "2.49880", "2006-09-30": "2.51690", "2006-06-30": "2.50170", "2006-03-31": "2.70560", "2005-12-31": "2.71710", "2005-09-30": "2.79160", "2005-06-30": "2.79810", "2005-03-31": "2.47900"}, "Return On Tangible Equity": {"2020-09-30": "4.77000", "2020-06-30": "4.96510", "2020-03-31": "5.13250", "2019-12-31": "3.23720", "2019-09-30": "3.72150", "2019-06-30": "3.74450", "2019-03-31": "3.78450", "2018-12-31": "3.93240", "2018-09-30": "4.00490", "2018-06-30": "4.08220", "2018-03-31": "3.83690", "2017-12-31": "3.56270", "2017-09-30": "3.69060", "2017-06-30": "3.82300", "2017-03-31": "3.93070", "2016-12-31": "4.05700", "2016-09-30": "4.16960", "2016-06-30": "4.26440", "2016-03-31": "4.45300", "2015-12-31": "4.56250", "2015-09-30": "4.77800", "2015-06-30": "5.06110", "2015-03-31": "5.40110", "2014-12-31": "5.96390", "2014-09-30": "6.09530", "2014-06-30": "6.34900", "2014-03-31": "5.94630", "2013-12-31": "5.86730", "2013-09-30": "5.46170", "2013-06-30": "5.56380", "2013-03-31": "5.55740", "2012-12-31": "5.70470", "2012-09-30": "5.70080", "2012-06-30": "5.33390", "2012-03-31": "5.51940", "2011-12-31": "5.85560", "2011-09-30": "6.12410", "2011-06-30": "6.24070", "2011-03-31": "6.40150", "2010-12-31": "6.56870", "2010-09-30": "6.77620", "2010-06-30": "7.06630", "2010-03-31": "6.81740", "2009-12-31": "6.96530", "2009-09-30": "7.11260", "2009-06-30": "6.91520", "2009-03-31": "7.01790", "2008-12-31": "6.62810", "2008-09-30": "4.14920", "2008-06-30": "6.53430", "2008-03-31": "6.87850", "2007-12-31": "5.21630", "2007-09-30": "7.52530", "2007-06-30": "7.77750", "2007-03-31": "7.34640", "2006-12-31": "7.64930", "2006-09-30": "8.14960", "2006-06-30": "8.52900", "2006-03-31": "6.73680", "2005-12-31": "7.00360", "2005-09-30": "7.05650", "2005-06-30": "7.38160", "2005-03-31": "6.78320"}, "ROA - Return On Assets": {"2020-09-30": "0.39180", "2020-06-30": "0.39710", "2020-03-31": "0.41220", "2019-12-31": "0.26760", "2019-09-30": "0.37010", "2019-06-30": "0.36760", "2019-03-31": "0.36860", "2018-12-31": "0.36720", "2018-09-30": "0.36490", "2018-06-30": "0.36150", "2018-03-31": "0.33090", "2017-12-31": "0.29720", "2017-09-30": "0.30670", "2017-06-30": "0.30750", "2017-03-31": "0.30500", "2016-12-31": "0.30810", "2016-09-30": "0.32070", "2016-06-30": "0.31230", "2016-03-31": "0.31370", "2015-12-31": "0.31980", "2015-09-30": "0.32730", "2015-06-30": "0.33170", "2015-03-31": "0.34080", "2014-12-31": "0.36370", "2014-09-30": "0.36260", "2014-06-30": "0.35540", "2014-03-31": "0.35500", "2013-12-31": "0.33780", "2013-09-30": "0.34430", "2013-06-30": "0.33090", "2013-03-31": "0.32690", "2012-12-31": "0.33100", "2012-09-30": "0.33680", "2012-06-30": "0.34430", "2012-03-31": "0.33510", "2011-12-31": "0.37060", "2011-09-30": "0.38020", "2011-06-30": "0.36340", "2011-03-31": "0.34840", "2010-12-31": "0.34610", "2010-09-30": "0.34820", "2010-06-30": "0.33040", "2010-03-31": "0.33630", "2009-12-31": "0.34540", "2009-09-30": "0.32740", "2009-06-30": "0.29990", "2009-03-31": "0.28950", "2008-12-31": "0.25000", "2008-09-30": "0.22760", "2008-06-30": "0.34500", "2008-03-31": "0.35480", "2007-12-31": "0.26800", "2007-09-30": "0.38650", "2007-06-30": "0.37180", "2007-03-31": "0.31970", "2006-12-31": "0.36200", "2006-09-30": "0.36730", "2006-06-30": "0.35070", "2006-03-31": "0.36020", "2005-12-31": "0.35210", "2005-09-30": "0.35690", "2005-06-30": "0.35420", "2005-03-31": "0.30330"}, "ROI - Return On Investment": {"2020-09-30": "2.11140", "2020-06-30": "2.15530", "2020-03-31": "2.18770", "2019-12-31": "1.41280", "2019-09-30": "1.98110", "2019-06-30": "1.99270", "2019-03-31": "2.00500", "2018-12-31": "2.05610", "2018-09-30": "2.06530", "2018-06-30": "2.07340", "2018-03-31": "1.91840", "2017-12-31": "1.75560", "2017-09-30": "1.79590", "2017-06-30": "1.83490", "2017-03-31": "1.85860", "2016-12-31": "1.88870", "2016-09-30": "1.90970", "2016-06-30": "1.92040", "2016-03-31": "1.96650", "2015-12-31": "2.03510", "2015-09-30": "2.06960", "2015-06-30": "2.14260", "2015-03-31": "2.23030", "2014-12-31": "2.29250", "2014-09-30": "2.28530", "2014-06-30": "2.29630", "2014-03-31": "2.26430", "2013-12-31": "2.16320", "2013-09-30": "2.23420", "2013-06-30": "2.21550", "2013-03-31": "2.20650", "2012-12-31": "2.21970", "2012-09-30": "2.17480", "2012-06-30": "2.13850", "2012-03-31": "2.15310", "2011-12-31": "2.20330", "2011-09-30": "2.23640", "2011-06-30": "2.19780", "2011-03-31": "2.16400", "2010-12-31": "2.12340", "2010-09-30": "2.11360", "2010-06-30": "2.12150", "2010-03-31": "2.10850", "2009-12-31": "2.11770", "2009-09-30": "2.06590", "2009-06-30": "1.90580", "2009-03-31": "1.85590", "2008-12-31": "1.68360", "2008-09-30": "1.16890", "2008-06-30": "1.78930", "2008-03-31": "1.82200", "2007-12-31": "1.37710", "2007-09-30": "1.94820", "2007-06-30": "1.91260", "2007-03-31": "1.66920", "2006-12-31": "2.17040", "2006-09-30": "2.17990", "2006-06-30": "2.16000", "2006-03-31": "2.36020", "2005-12-31": "2.33620", "2005-09-30": "2.38670", "2005-06-30": "2.38400", "2005-03-31": "2.10450"}, "Book Value Per Share": {"2020-09-30": "65.19820", "2020-06-30": "64.19300", "2020-03-31": "63.19970", "2019-12-31": "63.01940", "2019-09-30": "60.33630", "2019-06-30": "59.59910", "2019-03-31": "58.84070", "2018-12-31": "58.02430", "2018-09-30": "57.21380", "2018-06-30": "56.35120", "2018-03-31": "55.51710", "2017-12-31": "55.03090", "2017-09-30": "54.42060", "2017-06-30": "53.76740", "2017-03-31": "53.09560", "2016-12-31": "52.41410", "2016-09-30": "51.74030", "2016-06-30": "51.01590", "2016-03-31": "50.31510", "2015-12-31": "49.45460", "2015-09-30": "48.70420", "2015-06-30": "47.93380", "2015-03-31": "47.15330", "2014-12-31": "46.50080", "2014-09-30": "45.62980", "2014-06-30": "44.74360", "2014-03-31": "42.87220", "2013-12-31": "42.19380", "2013-09-30": "39.56600", "2013-06-30": "38.88390", "2013-03-31": "37.70050", "2012-12-31": "37.01510", "2012-09-30": "36.35840", "2012-06-30": "34.62640", "2012-03-31": "34.03030", "2011-12-31": "33.41000", "2011-09-30": "32.86930", "2011-06-30": "32.23960", "2011-03-31": "31.64670", "2010-12-31": "31.11000", "2010-09-30": "30.64260", "2010-06-30": "30.11740", "2010-03-31": "29.58410", "2009-12-31": "29.03340", "2009-09-30": "28.75300", "2009-06-30": "28.16680", "2009-03-31": "27.77760", "2008-12-31": "27.23750", "2008-09-30": "26.67960", "2008-06-30": "26.43520", "2008-03-31": "25.88280", "2007-12-31": "25.53580", "2007-09-30": "25.19260", "2007-06-30": "24.68730", "2007-03-31": "24.36980", "2006-12-31": "20.26080", "2006-09-30": "19.82960", "2006-06-30": "19.39240", "2006-03-31": "17.06040", "2005-12-31": "16.70380", "2005-09-30": "16.20780", "2005-06-30": "15.84480", "2005-03-31": "15.49460"}, "Operating Cash Flow Per Share": {"2020-09-30": 0.6424, "2020-06-30": 2.4959, "2020-03-31": "2.22450", "2019-12-31": 0.4013, "2019-09-30": 2.1221, "2019-06-30": 1.0457, "2019-03-31": "1.91230", "2018-12-31": 1.3462, "2018-09-30": 0.9785, "2018-06-30": 1.1493, "2018-03-31": "1.11120", "2017-12-31": 0.638, "2017-09-30": 1.9934, "2017-06-30": 0.9129, "2017-03-31": "2.07890", "2016-12-31": -0.2724, "2016-09-30": 1.8089, "2016-06-30": 0.9679, "2016-03-31": "2.29400", "2015-12-31": 0.4526, "2015-09-30": 1.1799, "2015-06-30": 1.1407, "2015-03-31": "1.66390", "2014-12-31": 1.0414, "2014-09-30": 1.2236, "2014-06-30": 1.0888, "2014-03-31": "1.70000", "2013-12-31": 0.9685, "2013-09-30": 1.3313, "2013-06-30": 0.805, "2013-03-31": "1.97390", "2012-12-31": 0.4616, "2012-09-30": 1.7929, "2012-06-30": 0.7281, "2012-03-31": "1.05690", "2011-12-31": 0.7562, "2011-09-30": 1.5262, "2011-06-30": 0.7802, "2011-03-31": "1.57120", "2010-12-31": 0.6155, "2010-09-30": 1.2397, "2010-06-30": 0.6085, "2010-03-31": "1.33060", "2009-12-31": -0.0984, "2009-09-30": 0.6353, "2009-06-30": -0.1212, "2009-03-31": "1.17270", "2008-12-31": 0.6679, "2008-09-30": 0.6838, "2008-06-30": 0.6177, "2008-03-31": "0.75010", "2007-12-31": 1.0633, "2007-09-30": 0.7364, "2007-06-30": 0.456, "2007-03-31": "3.19510", "2006-12-31": 0.5721, "2006-09-30": 0.596, "2006-06-30": 0.5362, "2006-03-31": "0.65470", "2005-12-31": 0.6205, "2005-09-30": 0.7205, "2005-06-30": 0.4091, "2005-03-31": "0.68110"}, "Free Cash Flow Per Share": {"2020-09-30": 0.6061, "2020-06-30": 2.4374, "2020-03-31": "2.18060", "2019-12-31": 0.3913, "2019-09-30": 2.0838, "2019-06-30": 0.9463, "2019-03-31": "1.87950", "2018-12-31": 1.2898, "2018-09-30": 1.0573, "2018-06-30": 1.1323, "2018-03-31": "1.07620", "2017-12-31": 0.59, "2017-09-30": 1.9752, "2017-06-30": 0.9161, "2017-03-31": "2.12610", "2016-12-31": -0.1959, "2016-09-30": 1.805, "2016-06-30": 1.0181, "2016-03-31": "2.29480", "2015-12-31": 0.4768, "2015-09-30": 1.1936, "2015-06-30": 1.1201, "2015-03-31": "1.69910", "2014-12-31": 1.0919, "2014-09-30": 1.2122, "2014-06-30": 1.2532, "2014-03-31": "1.73870", "2013-12-31": 0.9366, "2013-09-30": 1.253, "2013-06-30": 0.7257, "2013-03-31": "1.97110", "2012-12-31": 0.4737, "2012-09-30": 1.8481, "2012-06-30": 0.6918, "2012-03-31": "1.11080", "2011-12-31": 0.7912, "2011-09-30": 1.5207, "2011-06-30": 0.78, "2011-03-31": "1.64240", "2010-12-31": 0.7337, "2010-09-30": 1.3745, "2010-06-30": 0.7394, "2010-03-31": "1.40550", "2009-12-31": 0.0437, "2009-09-30": 0.7311, "2009-06-30": 0.0528, "2009-03-31": "0.60380", "2008-12-31": 0.7677, "2008-09-30": 0.735, "2008-06-30": 0.7652, "2008-03-31": "0.72680", "2007-12-31": 1.0684, "2007-09-30": 0.7956, "2007-06-30": 0.4617, "2007-03-31": "3.17030", "2006-12-31": 0.6446, "2006-09-30": 0.5447, "2006-06-30": 0.4853, "2006-03-31": "0.65520", "2005-12-31": 0.6315, "2005-09-30": 0.7191, "2005-06-30": 0.4206, "2005-03-31": "0.68530"}}, "revenue": {"Prosperity Bancshares Annual Revenue (Millions of US $)": {"2020": "$1,275", "2019": "$957", "2018": "$843", "2017": "$794", "2016": "$794", "2015": "$790", "2014": "$836", "2013": "$635", "2012": "$495", "2011": "$428", "2010": "$438", "2009": "$470", "2008": "$400", "2007": "$394", "2006": "$266", "2005": "$192"}, "Prosperity Bancshares Quarterly Revenue (Millions of US $)": {"2020-12-31": "$315", "2020-09-30": "$317", "2020-06-30": "$312", "2020-03-31": "$331", "2019-12-31": "$308", "2019-09-30": "$217", "2019-06-30": "$218", "2019-03-31": "$214", "2018-12-31": "$216", "2018-09-30": "$215", "2018-06-30": "$213", "2018-03-31": "$199", "2017-12-31": "$201", "2017-09-30": "$201", "2017-06-30": "$196", "2017-03-31": "$196", "2016-12-31": "$194", "2016-09-30": "$194", "2016-06-30": "$198", "2016-03-31": "$208", "2015-12-31": "$193", "2015-09-30": "$197", "2015-06-30": "$198", "2015-03-31": "$202", "2014-12-31": "$216", "2014-09-30": "$218", "2014-06-30": "$219", "2014-03-31": "$183", "2013-12-31": "$181", "2013-09-30": "$158", "2013-06-30": "$155", "2013-03-31": "$141", "2012-12-31": "$142", "2012-09-30": "$141", "2012-06-30": "$107", "2012-03-31": "$106", "2011-12-31": "$104", "2011-09-30": "$108", "2011-06-30": "$109", "2011-03-31": "$107", "2010-12-31": "$106", "2010-09-30": "$110", "2010-06-30": "$113", "2010-03-31": "$109", "2009-12-31": "$114", "2009-09-30": "$117", "2009-06-30": "$118", "2009-03-31": "$121", "2008-12-31": "$110", "2008-09-30": "$98", "2008-06-30": "$95", "2008-03-31": "$97", "2007-12-31": "$99", "2007-09-30": "$102", "2007-06-30": "$101", "2007-03-31": "$92", "2006-12-31": "$71", "2006-09-30": "$71", "2006-06-30": "$70", "2006-03-31": "$53", "2005-12-31": "$52", "2005-09-30": "$51", "2005-06-30": "$49", "2005-03-31": "$41"}}, "gross-profit": {"Prosperity Bancshares Annual Gross Profit (Millions of US $)": {"2020": "$1,162", "2019": "$820", "2018": "$746", "2017": "$733", "2016": "$751", "2015": "$751", "2014": "$792", "2013": "$594", "2012": "$456", "2011": "$383", "2010": "$372", "2009": "$367", "2008": "$280", "2007": "$253", "2006": "$172", "2005": "$141"}, "Prosperity Bancshares Quarterly Gross Profit (Millions of US $)": {"2020-12-31": "$294", "2020-09-30": "$293", "2020-06-30": "$285", "2020-03-31": "$290", "2019-12-31": "$268", "2019-09-30": "$185", "2019-06-30": "$185", "2019-03-31": "$183", "2018-12-31": "$186", "2018-09-30": "$188", "2018-06-30": "$190", "2018-03-31": "$181", "2017-12-31": "$185", "2017-09-30": "$185", "2017-06-30": "$180", "2017-03-31": "$183", "2016-12-31": "$183", "2016-09-30": "$184", "2016-06-30": "$187", "2016-03-31": "$197", "2015-12-31": "$184", "2015-09-30": "$188", "2015-06-30": "$189", "2015-03-31": "$191", "2014-12-31": "$207", "2014-09-30": "$206", "2014-06-30": "$207", "2014-03-31": "$172", "2013-12-31": "$171", "2013-09-30": "$148", "2013-06-30": "$144", "2013-03-31": "$132", "2012-12-31": "$132", "2012-09-30": "$131", "2012-06-30": "$97", "2012-03-31": "$96", "2011-12-31": "$94", "2011-09-30": "$97", "2011-06-30": "$97", "2011-03-31": "$94", "2010-12-31": "$93", "2010-09-30": "$94", "2010-06-30": "$94", "2010-03-31": "$91", "2009-12-31": "$95", "2009-09-30": "$93", "2009-06-30": "$91", "2009-03-31": "$89", "2008-12-31": "$77", "2008-09-30": "$71", "2008-06-30": "$67", "2008-03-31": "$65", "2007-12-31": "$65", "2007-09-30": "$66", "2007-06-30": "$65", "2007-03-31": "$58", "2006-12-31": "$45", "2006-09-30": "$45", "2006-06-30": "$46", "2006-03-31": "$37", "2005-12-31": "$37", "2005-09-30": "$37", "2005-06-30": "$36", "2005-03-31": "$31"}}, "operating-income": {"Prosperity Bancshares Annual Operating Income (Millions of US $)": {"2020": "$653", "2019": "$466", "2018": "$403", "2017": "$406", "2016": "$409", "2015": "$430", "2014": "$446", "2013": "$330", "2012": "$252", "2011": "$214", "2010": "$192", "2009": "$169", "2008": "$140", "2007": "$136", "2006": "$94", "2005": "$71"}, "Prosperity Bancshares Quarterly Operating Income (Millions of US $)": {"2020-12-31": "$174", "2020-09-30": "$165", "2020-06-30": "$148", "2020-03-31": "$166", "2019-12-31": "$156", "2019-09-30": "$103", "2019-06-30": "$103", "2019-03-31": "$104", "2018-12-31": "$105", "2018-09-30": "$104", "2018-06-30": "$103", "2018-03-31": "$92", "2017-12-31": "$102", "2017-09-30": "$101", "2017-06-30": "$101", "2017-03-31": "$103", "2016-12-31": "$102", "2016-09-30": "$102", "2016-06-30": "$102", "2016-03-31": "$103", "2015-12-31": "$105", "2015-09-30": "$106", "2015-06-30": "$108", "2015-03-31": "$111", "2014-12-31": "$117", "2014-09-30": "$115", "2014-06-30": "$113", "2014-03-31": "$101", "2013-12-31": "$94", "2013-09-30": "$83", "2013-06-30": "$80", "2013-03-31": "$73", "2012-12-31": "$72", "2012-09-30": "$69", "2012-06-30": "$56", "2012-03-31": "$55", "2011-12-31": "$65", "2011-09-30": "$55", "2011-06-30": "$53", "2011-03-31": "$51", "2010-12-31": "$60", "2010-09-30": "$48", "2010-06-30": "$48", "2010-03-31": "$47", "2009-12-31": "$60", "2009-09-30": "$44", "2009-06-30": "$39", "2009-03-31": "$39", "2008-12-31": "$34", "2008-09-30": "$37", "2008-06-30": "$35", "2008-03-31": "$34", "2007-12-31": "$35", "2007-09-30": "$35", "2007-06-30": "$35", "2007-03-31": "$30", "2006-12-31": "$25", "2006-09-30": "$25", "2006-06-30": "$24", "2006-03-31": "$19", "2005-12-31": "$19", "2005-09-30": "$19", "2005-06-30": "$18", "2005-03-31": "$15"}}, "ebitda": {"Prosperity Bancshares Annual EBITDA (Millions of US $)": {"2019": "$", "2018": "$", "2017": "$", "2016": "$", "2015": "$", "2014": "$", "2013": "$", "2012": "$", "2011": "$", "2010": "$", "2009": "$", "2008": "$", "2007": "$", "2006": "$", "2005": "$"}, "Prosperity Bancshares Quarterly EBITDA (Millions of US $)": {"2020-09-30": "", "2020-06-30": "", "2020-03-31": "", "2019-12-31": "", "2019-09-30": "", "2019-06-30": "", "2019-03-31": "", "2018-12-31": "", "2018-09-30": "", "2018-06-30": "", "2018-03-31": "", "2017-12-31": "", "2017-09-30": "", "2017-06-30": "", "2017-03-31": "", "2016-12-31": "", "2016-09-30": "", "2016-06-30": "", "2016-03-31": "", "2015-12-31": "", "2015-09-30": "", "2015-06-30": "", "2015-03-31": "", "2014-12-31": "", "2014-09-30": "", "2014-06-30": "", "2014-03-31": "", "2013-12-31": "", "2013-09-30": "", "2013-06-30": "", "2013-03-31": "", "2012-12-31": "", "2012-09-30": "", "2012-06-30": "", "2012-03-31": "", "2011-12-31": "", "2011-09-30": "", "2011-06-30": "", "2011-03-31": "", "2010-12-31": "", "2010-09-30": "", "2010-06-30": "", "2010-03-31": "", "2009-12-31": "", "2009-09-30": "", "2009-06-30": "", "2009-03-31": "", "2008-12-31": "", "2008-09-30": "", "2008-06-30": "", "2008-03-31": "", "2007-12-31": "", "2007-09-30": "", "2007-06-30": "", "2007-03-31": "", "2006-12-31": "", "2006-09-30": "", "2006-06-30": "", "2006-03-31": "", "2005-12-31": "", "2005-09-30": "", "2005-06-30": "", "2005-03-31": ""}}, "net-income": {"Prosperity Bancshares Annual Net Income (Millions of US $)": {"2020": "$529", "2019": "$333", "2018": "$322", "2017": "$272", "2016": "$274", "2015": "$287", "2014": "$297", "2013": "$221", "2012": "$168", "2011": "$142", "2010": "$128", "2009": "$112", "2008": "$85", "2007": "$84", "2006": "$62", "2005": "$48"}, "Prosperity Bancshares Quarterly Net Income (Millions of US $)": {"2020-12-31": "$137", "2020-09-30": "$130", "2020-06-30": "$131", "2020-03-31": "$131", "2019-12-31": "$86", "2019-09-30": "$82", "2019-06-30": "$82", "2019-03-31": "$82", "2018-12-31": "$83", "2018-09-30": "$83", "2018-06-30": "$82", "2018-03-31": "$74", "2017-12-31": "$67", "2017-09-30": "$68", "2017-06-30": "$69", "2017-03-31": "$69", "2016-12-31": "$69", "2016-09-30": "$69", "2016-06-30": "$68", "2016-03-31": "$69", "2015-12-31": "$70", "2015-09-30": "$71", "2015-06-30": "$72", "2015-03-31": "$74", "2014-12-31": "$78", "2014-09-30": "$77", "2014-06-30": "$76", "2014-03-31": "$67", "2013-12-31": "$63", "2013-09-30": "$55", "2013-06-30": "$54", "2013-03-31": "$49", "2012-12-31": "$48", "2012-09-30": "$46", "2012-06-30": "$37", "2012-03-31": "$36", "2011-12-31": "$36", "2011-09-30": "$36", "2011-06-30": "$35", "2011-03-31": "$34", "2010-12-31": "$33", "2010-09-30": "$32", "2010-06-30": "$32", "2010-03-31": "$31", "2009-12-31": "$31", "2009-09-30": "$29", "2009-06-30": "$27", "2009-03-31": "$25", "2008-12-31": "$23", "2008-09-30": "$15", "2008-06-30": "$23", "2008-03-31": "$23", "2007-12-31": "$17", "2007-09-30": "$24", "2007-06-30": "$23", "2007-03-31": "$20", "2006-12-31": "$17", "2006-09-30": "$16", "2006-06-30": "$16", "2006-03-31": "$13", "2005-12-31": "$13", "2005-09-30": "$12", "2005-06-30": "$12", "2005-03-31": "$11"}}, "eps-earnings-per-share-diluted": {"Prosperity Bancshares Annual EPS": {"2020": "$5.68", "2019": "$4.52", "2018": "$4.61", "2017": "$3.92", "2016": "$3.94", "2015": "$4.09", "2014": "$4.32", "2013": "$3.65", "2012": "$3.23", "2011": "$3.01", "2010": "$2.73", "2009": "$2.41", "2008": "$1.86", "2007": "$1.94", "2006": "$1.94", "2005": "$1.77"}, "Prosperity Bancshares Quarterly EPS": {"2020-12-31": "$1.48", "2020-09-30": "$1.40", "2020-06-30": "$1.41", "2020-03-31": "$1.39", "2019-12-31": "$0.97", "2019-09-30": "$1.19", "2019-06-30": "$1.18", "2019-03-31": "$1.18", "2018-12-31": "$1.19", "2018-09-30": "$1.18", "2018-06-30": "$1.17", "2018-03-31": "$1.07", "2017-12-31": "$0.96", "2017-09-30": "$0.98", "2017-06-30": "$0.99", "2017-03-31": "$0.99", "2016-12-31": "$0.99", "2016-09-30": "$0.99", "2016-06-30": "$0.98", "2016-03-31": "$0.98", "2015-12-31": "$1.00", "2015-09-30": "$1.01", "2015-06-30": "$1.03", "2015-03-31": "$1.05", "2014-12-31": "$1.13", "2014-09-30": "$1.10", "2014-06-30": "$1.08", "2014-03-31": "$1.01", "2013-12-31": "$0.99", "2013-09-30": "$0.91", "2013-06-30": "$0.89", "2013-03-31": "$0.86", "2012-12-31": "$0.86", "2012-09-30": "$0.82", "2012-06-30": "$0.78", "2012-03-31": "$0.77", "2011-12-31": "$0.77", "2011-09-30": "$0.77", "2011-06-30": "$0.75", "2011-03-31": "$0.72", "2010-12-31": "$0.70", "2010-09-30": "$0.69", "2010-06-30": "$0.68", "2010-03-31": "$0.66", "2009-12-31": "$0.66", "2009-09-30": "$0.63", "2009-06-30": "$0.57", "2009-03-31": "$0.55", "2008-12-31": "$0.49", "2008-09-30": "$0.33", "2008-06-30": "$0.52", "2008-03-31": "$0.52", "2007-12-31": "$0.38", "2007-09-30": "$0.54", "2007-06-30": "$0.52", "2007-03-31": "$0.50", "2006-12-31": "$0.51", "2006-09-30": "$0.49", "2006-06-30": "$0.48", "2006-03-31": "$0.46", "2005-12-31": "$0.45", "2005-09-30": "$0.45", "2005-06-30": "$0.44", "2005-03-31": "$0.43"}}, "shares-outstanding": {"Prosperity Bancshares Annual Shares Outstanding (Millions of Shares)": {"2020": "93", "2019": "74", "2018": "70", "2017": "69", "2016": "70", "2015": "70", "2014": "69", "2013": "61", "2012": "52", "2011": "47", "2010": "47", "2009": "46", "2008": "45", "2007": "43", "2006": "32", "2005": "27"}, "Prosperity Bancshares Quarterly Shares Outstanding (Millions of Shares)": {"2020-12-31": "93", "2020-09-30": "93", "2020-06-30": "93", "2020-03-31": "94", "2019-12-31": "74", "2019-09-30": "69", "2019-06-30": "70", "2019-03-31": "70", "2018-12-31": "70", "2018-09-30": "70", "2018-06-30": "70", "2018-03-31": "70", "2017-12-31": "69", "2017-09-30": "69", "2017-06-30": "69", "2017-03-31": "69", "2016-12-31": "70", "2016-09-30": "69", "2016-06-30": "70", "2016-03-31": "70", "2015-12-31": "70", "2015-09-30": "70", "2015-06-30": "70", "2015-03-31": "70", "2014-12-31": "69", "2014-09-30": "70", "2014-06-30": "70", "2014-03-31": "66", "2013-12-31": "61", "2013-09-30": "61", "2013-06-30": "60", "2013-03-31": "57", "2012-12-31": "52", "2012-09-30": "56", "2012-06-30": "48", "2012-03-31": "47", "2011-12-31": "47", "2011-09-30": "47", "2011-06-30": "47", "2011-03-31": "47", "2010-12-31": "47", "2010-09-30": "47", "2010-06-30": "47", "2010-03-31": "47", "2009-12-31": "46", "2009-09-30": "46", "2009-06-30": "46", "2009-03-31": "46", "2008-12-31": "45", "2008-09-30": "46", "2008-06-30": "45", "2008-03-31": "44", "2007-12-31": "43", "2007-09-30": "44", "2007-06-30": "44", "2007-03-31": "40", "2006-12-31": "32", "2006-09-30": "33", "2006-06-30": "33", "2006-03-31": "28", "2005-12-31": "27", "2005-09-30": "28", "2005-06-30": "28", "2005-03-31": "24"}}, "total-assets": {"Prosperity Bancshares Annual Total Assets (Millions of US $)": {"2019": "$32,186", "2018": "$22,693", "2017": "$22,587", "2016": "$22,331", "2015": "$22,037", "2014": "$21,508", "2013": "$18,642", "2012": "$14,584", "2011": "$9,823", "2010": "$9,477", "2009": "$8,850", "2008": "$9,072", "2007": "$6,372", "2006": "$4,587", "2005": "$3,586"}, "Prosperity Bancshares Quarterly Total Assets (Millions of US $)": {"2020-09-30": "$33,198", "2020-06-30": "$32,967", "2020-03-31": "$31,744", "2019-12-31": "$32,186", "2019-09-30": "$22,093", "2019-06-30": "$22,375", "2019-03-31": "$22,354", "2018-12-31": "$22,693", "2018-09-30": "$22,613", "2018-06-30": "$22,571", "2018-03-31": "$22,472", "2017-12-31": "$22,587", "2017-09-30": "$22,143", "2017-06-30": "$22,297", "2017-03-31": "$22,477", "2016-12-31": "$22,331", "2016-09-30": "$21,404", "2016-06-30": "$21,796", "2016-03-31": "$21,978", "2015-12-31": "$22,037", "2015-09-30": "$21,567", "2015-06-30": "$21,686", "2015-03-31": "$21,607", "2014-12-31": "$21,508", "2014-09-30": "$21,117", "2014-06-30": "$21,248", "2014-03-31": "$18,913", "2013-12-31": "$18,642", "2013-09-30": "$16,054", "2013-06-30": "$16,271", "2013-03-31": "$15,081", "2012-12-31": "$14,584", "2012-09-30": "$13,712", "2012-06-30": "$10,737", "2012-03-31": "$10,890", "2011-12-31": "$9,823", "2011-09-30": "$9,567", "2011-06-30": "$9,657", "2011-03-31": "$9,723", "2010-12-31": "$9,477", "2010-09-30": "$9,239", "2010-06-30": "$9,609", "2010-03-31": "$9,219", "2009-12-31": "$8,850", "2009-09-30": "$8,957", "2009-06-30": "$8,839", "2009-03-31": "$8,799", "2008-12-31": "$9,072", "2008-09-30": "$6,788", "2008-06-30": "$6,794", "2008-03-31": "$6,465", "2007-12-31": "$6,372", "2007-09-30": "$6,171", "2007-06-30": "$6,185", "2007-03-31": "$6,327", "2006-12-31": "$4,587", "2006-09-30": "$4,456", "2006-06-30": "$4,532", "2006-03-31": "$3,572", "2005-12-31": "$3,586", "2005-09-30": "$3,494", "2005-06-30": "$3,447", "2005-03-31": "$3,480"}}, "cash-on-hand": {"Prosperity Bancshares Annual Cash on Hand (Millions of US $)": {"2019": "$574", "2018": "$411", "2017": "$392", "2016": "$437", "2015": "$564", "2014": "$678", "2013": "$381", "2012": "$326", "2011": "$213", "2010": "$159", "2009": "$195", "2008": "$229", "2007": "$371", "2006": "$270", "2005": "$98"}, "Prosperity Bancshares Quarterly Cash on Hand (Millions of US $)": {"2020-09-30": "$1,088", "2020-06-30": "$333", "2020-03-31": "$382", "2019-12-31": "$574", "2019-09-30": "$421", "2019-06-30": "$303", "2019-03-31": "$292", "2018-12-31": "$411", "2018-09-30": "$294", "2018-06-30": "$275", "2018-03-31": "$244", "2017-12-31": "$392", "2017-09-30": "$303", "2017-06-30": "$323", "2017-03-31": "$326", "2016-12-31": "$437", "2016-09-30": "$342", "2016-06-30": "$334", "2016-03-31": "$336", "2015-12-31": "$564", "2015-09-30": "$301", "2015-06-30": "$354", "2015-03-31": "$354", "2014-12-31": "$678", "2014-09-30": "$331", "2014-06-30": "$513", "2014-03-31": "$350", "2013-12-31": "$381", "2013-09-30": "$271", "2013-06-30": "$251", "2013-03-31": "$181", "2012-12-31": "$326", "2012-09-30": "$208", "2012-06-30": "$153", "2012-03-31": "$152", "2011-12-31": "$213", "2011-09-30": "$212", "2011-06-30": "$146", "2011-03-31": "$146", "2010-12-31": "$159", "2010-09-30": "$141", "2010-06-30": "$149", "2010-03-31": "$170", "2009-12-31": "$195", "2009-09-30": "$157", "2009-06-30": "$271", "2009-03-31": "$164", "2008-12-31": "$229", "2008-09-30": "$185", "2008-06-30": "$185", "2008-03-31": "$192", "2007-12-31": "$371", "2007-09-30": "$243", "2007-06-30": "$186", "2007-03-31": "$202", "2006-12-31": "$270", "2006-09-30": "$117", "2006-06-30": "$124", "2006-03-31": "$83", "2005-12-31": "$98", "2005-09-30": "$135", "2005-06-30": "$88", "2005-03-31": "$128"}}, "long-term-debt": {"Prosperity Bancshares Annual Long Term Debt (Millions of US $)": {"2019": "$126", "2018": "$", "2017": "$", "2016": "$", "2015": "$", "2014": "$168", "2013": "$124", "2012": "$85", "2011": "$85", "2010": "$92", "2009": "$92", "2008": "$92", "2007": "$113", "2006": "$101", "2005": "$76"}, "Prosperity Bancshares Quarterly Long Term Debt (Millions of US $)": {"2020-09-30": "$125", "2020-06-30": "$125", "2020-03-31": "$126", "2019-12-31": "$126", "2019-09-30": "", "2019-06-30": "", "2019-03-31": "", "2018-12-31": "", "2018-09-30": "", "2018-06-30": "", "2018-03-31": "", "2017-12-31": "", "2017-09-30": "", "2017-06-30": "", "2017-03-31": "", "2016-12-31": "", "2016-09-30": "", "2016-06-30": "", "2016-03-31": "$7", "2015-12-31": "", "2015-09-30": "", "2015-06-30": "", "2015-03-31": "", "2014-12-31": "$168", "2014-09-30": "$168", "2014-06-30": "$168", "2014-03-31": "$124", "2013-12-31": "$124", "2013-09-30": "$85", "2013-06-30": "$85", "2013-03-31": "$85", "2012-12-31": "$85", "2012-09-30": "$85", "2012-06-30": "$85", "2012-03-31": "$85", "2011-12-31": "$85", "2011-09-30": "$85", "2011-06-30": "$85", "2011-03-31": "$85", "2010-12-31": "$92", "2010-09-30": "$92", "2010-06-30": "$92", "2010-03-31": "$92", "2009-12-31": "$92", "2009-09-30": "$92", "2009-06-30": "$92", "2009-03-31": "$92", "2008-12-31": "$92", "2008-09-30": "$92", "2008-06-30": "$92", "2008-03-31": "$113", "2007-12-31": "$113", "2007-09-30": "$113", "2007-06-30": "$121", "2007-03-31": "$145", "2006-12-31": "$101", "2006-09-30": "$101", "2006-06-30": "$101", "2006-03-31": "$70", "2005-12-31": "$76", "2005-09-30": "$76", "2005-06-30": "$76", "2005-03-31": "$76"}}, "total-liabilities": {"Prosperity Bancshares Annual Total Liabilities (Millions of US $)": {"2019": "$26,215", "2018": "$18,641", "2017": "$18,763", "2016": "$18,689", "2015": "$18,574", "2014": "$18,263", "2013": "$15,855", "2012": "$12,494", "2011": "$8,255", "2010": "$8,024", "2009": "$7,499", "2008": "$7,817", "2007": "$5,245", "2006": "$3,922", "2005": "$3,121"}, "Prosperity Bancshares Quarterly Total Liabilities (Millions of US $)": {"2020-09-30": "$27,163", "2020-06-30": "$27,019", "2020-03-31": "$25,888", "2019-12-31": "$26,215", "2019-09-30": "$17,966", "2019-06-30": "$18,247", "2019-03-31": "$18,244", "2018-12-31": "$18,641", "2018-09-30": "$18,617", "2018-06-30": "$18,635", "2018-03-31": "$18,596", "2017-12-31": "$18,763", "2017-09-30": "$18,362", "2017-06-30": "$18,560", "2017-03-31": "$18,788", "2016-12-31": "$18,689", "2016-09-30": "$17,809", "2016-06-30": "$18,252", "2016-03-31": "$18,479", "2015-12-31": "$18,574", "2015-09-30": "$18,156", "2015-06-30": "$18,329", "2015-03-31": "$18,305", "2014-12-31": "$18,263", "2014-09-30": "$17,934", "2014-06-30": "$18,128", "2014-03-31": "$16,072", "2013-12-31": "$15,855", "2013-09-30": "$13,665", "2013-06-30": "$13,925", "2013-03-31": "$12,932", "2012-12-31": "$12,494", "2012-09-30": "$11,674", "2012-06-30": "$9,094", "2012-03-31": "$9,280", "2011-12-31": "$8,255", "2011-09-30": "$8,026", "2011-06-30": "$8,145", "2011-03-31": "$8,242", "2010-12-31": "$8,024", "2010-09-30": "$7,809", "2010-06-30": "$8,205", "2010-03-31": "$7,841", "2009-12-31": "$7,499", "2009-09-30": "$7,630", "2009-06-30": "$7,540", "2009-03-31": "$7,519", "2008-12-31": "$7,817", "2008-09-30": "$5,559", "2008-06-30": "$5,576", "2008-03-31": "$5,319", "2007-12-31": "$5,245", "2007-09-30": "$5,059", "2007-06-30": "$5,103", "2007-03-31": "$5,260", "2006-12-31": "$3,922", "2006-09-30": "$3,806", "2006-06-30": "$3,897", "2006-03-31": "$3,096", "2005-12-31": "$3,121", "2005-09-30": "$3,047", "2005-06-30": "$3,011", "2005-03-31": "$3,054"}}, "total-share-holder-equity": {"Prosperity Bancshares Annual Share Holder Equity (Millions of US $)": {"2019": "$5,971", "2018": "$4,053", "2017": "$3,824", "2016": "$3,642", "2015": "$3,463", "2014": "$3,245", "2013": "$2,787", "2012": "$2,089", "2011": "$1,567", "2010": "$1,452", "2009": "$1,351", "2008": "$1,255", "2007": "$1,127", "2006": "$664", "2005": "$465"}, "Prosperity Bancshares Quarterly Share Holder Equity (Millions of US $)": {"2020-09-30": "$6,035", "2020-06-30": "$5,948", "2020-03-31": "$5,856", "2019-12-31": "$5,971", "2019-09-30": "$4,127", "2019-06-30": "$4,128", "2019-03-31": "$4,110", "2018-12-31": "$4,053", "2018-09-30": "$3,996", "2018-06-30": "$3,935", "2018-03-31": "$3,876", "2017-12-31": "$3,824", "2017-09-30": "$3,781", "2017-06-30": "$3,736", "2017-03-31": "$3,689", "2016-12-31": "$3,642", "2016-09-30": "$3,595", "2016-06-30": "$3,545", "2016-03-31": "$3,499", "2015-12-31": "$3,463", "2015-09-30": "$3,411", "2015-06-30": "$3,357", "2015-03-31": "$3,302", "2014-12-31": "$3,245", "2014-09-30": "$3,183", "2014-06-30": "$3,121", "2014-03-31": "$2,841", "2013-12-31": "$2,787", "2013-09-30": "$2,389", "2013-06-30": "$2,345", "2013-03-31": "$2,149", "2012-12-31": "$2,089", "2012-09-30": "$2,038", "2012-06-30": "$1,644", "2012-03-31": "$1,610", "2011-12-31": "$1,567", "2011-09-30": "$1,541", "2011-06-30": "$1,512", "2011-03-31": "$1,480", "2010-12-31": "$1,452", "2010-09-30": "$1,430", "2010-06-30": "$1,404", "2010-03-31": "$1,378", "2009-12-31": "$1,351", "2009-09-30": "$1,327", "2009-06-30": "$1,299", "2009-03-31": "$1,281", "2008-12-31": "$1,255", "2008-09-30": "$1,229", "2008-06-30": "$1,218", "2008-03-31": "$1,146", "2007-12-31": "$1,127", "2007-09-30": "$1,111", "2007-06-30": "$1,082", "2007-03-31": "$1,067", "2006-12-31": "$664", "2006-09-30": "$650", "2006-06-30": "$635", "2006-03-31": "$475", "2005-12-31": "$465", "2005-09-30": "$447", "2005-06-30": "$436", "2005-03-31": "$426"}}, "profit-margins": {"current": "41.47%"}, "gross margin": {"2020-12-31": "91.14%", "2020-09-30": "89.59%", "2020-06-30": "88.01%", "2020-03-31": "86.41%", "2019-12-31": "85.79%", "2019-09-30": "85.43%", "2019-06-30": "85.98%", "2019-03-31": "87.06%", "2018-12-31": "88.37%", "2018-09-30": "89.86%", "2018-06-30": "91.03%", "2018-03-31": "91.72%", "2017-12-31": "92.32%", "2017-09-30": "92.88%", "2017-06-30": "93.59%", "2017-03-31": "94.25%", "2016-12-31": "94.58%", "2016-09-30": "94.83%", "2016-06-30": "94.97%", "2016-03-31": "95.23%", "2015-12-31": "95.19%", "2015-09-30": "95.33%", "2015-06-30": "95.08%", "2015-03-31": "94.85%", "2014-12-31": "94.74%", "2014-09-30": "94.38%", "2014-06-30": "94.20%", "2014-03-31": "93.80%", "2013-12-31": "93.70%", "2013-09-30": "93.29%", "2013-06-30": "93.09%", "2013-03-31": "92.66%", "2012-12-31": "91.94%", "2012-09-30": "91.27%", "2012-06-30": "90.35%", "2012-03-31": "89.93%", "2011-12-31": "89.25%", "2011-09-30": "88.60%", "2011-06-30": "87.50%", "2011-03-31": "86.01%", "2010-12-31": "84.93%", "2010-09-30": "83.86%", "2010-06-30": "82.34%", "2010-03-31": "80.79%", "2009-12-31": "78.30%", "2009-09-30": "75.11%", "2009-06-30": "73.38%", "2009-03-31": "71.70%", "2008-12-31": "70.00%", "2008-09-30": "68.89%", "2008-06-30": "66.92%", "2008-03-31": "65.41%", "2007-12-31": "64.47%", "2007-09-30": "63.93%", "2007-06-30": "63.58%", "2007-03-31": "63.82%", "2006-12-31": "65.28%", "2006-09-30": "67.07%", "2006-06-30": "69.47%", "2006-03-31": "71.71%", "2005-12-31": "73.06%"}, "operating margin": {"2020-12-31": "51.22%", "2020-09-30": "50.08%", "2020-06-30": "49.06%", "2020-03-31": "49.16%", "2019-12-31": "48.69%", "2019-09-30": "47.98%", "2019-06-30": "48.20%", "2019-03-31": "48.48%", "2018-12-31": "47.92%", "2018-09-30": "48.43%", "2018-06-30": "48.89%", "2018-03-31": "49.69%", "2017-12-31": "51.26%", "2017-09-30": "51.72%", "2017-06-30": "52.31%", "2017-03-31": "52.30%", "2016-12-31": "51.51%", "2016-09-30": "51.95%", "2016-06-30": "52.26%", "2016-03-31": "53.02%", "2015-12-31": "54.43%", "2015-09-30": "54.37%", "2015-06-30": "54.08%", "2015-03-31": "53.33%", "2014-12-31": "53.35%", "2014-09-30": "52.81%", "2014-06-30": "52.77%", "2014-03-31": "52.88%", "2013-12-31": "51.97%", "2013-09-30": "51.68%", "2013-06-30": "50.78%", "2013-03-31": "50.85%", "2012-12-31": "50.81%", "2012-09-30": "53.49%", "2012-06-30": "54.35%", "2012-03-31": "53.40%", "2011-12-31": "52.34%", "2011-09-30": "50.93%", "2011-06-30": "49.07%", "2011-03-31": "47.48%", "2010-12-31": "46.35%", "2010-09-30": "45.52%", "2010-06-30": "43.93%", "2010-03-31": "41.48%", "2009-12-31": "38.72%", "2009-09-30": "33.48%", "2009-06-30": "33.33%", "2009-03-31": "34.20%", "2008-12-31": "35.00%", "2008-09-30": "36.25%", "2008-06-30": "35.37%", "2008-03-31": "34.84%", "2007-12-31": "34.26%", "2007-09-30": "34.15%", "2007-06-30": "34.33%", "2007-03-31": "34.21%", "2006-12-31": "35.09%", "2006-09-30": "35.37%", "2006-06-30": "35.84%", "2006-03-31": "36.59%", "2005-12-31": "36.79%"}, "ebitda margin": {"2020-09-30": "0.00%", "2020-06-30": "0.00%", "2020-03-31": "0.00%", "2019-12-31": "0.00%", "2019-09-30": "0.00%", "2019-06-30": "0.00%", "2019-03-31": "0.00%", "2018-12-31": "0.00%", "2018-09-30": "0.00%", "2018-06-30": "0.00%", "2018-03-31": "0.00%", "2017-12-31": "0.00%", "2017-09-30": "0.00%", "2017-06-30": "0.00%", "2017-03-31": "0.00%", "2016-12-31": "0.00%", "2016-09-30": "0.00%", "2016-06-30": "0.00%", "2016-03-31": "0.00%", "2015-12-31": "0.00%", "2015-09-30": "0.00%", "2015-06-30": "0.00%", "2015-03-31": "0.00%", "2014-12-31": "0.00%", "2014-09-30": "0.00%", "2014-06-30": "0.00%", "2014-03-31": "0.00%", "2013-12-31": "0.00%", "2013-09-30": "0.00%", "2013-06-30": "0.00%", "2013-03-31": "0.00%", "2012-12-31": "0.00%", "2012-09-30": "0.00%", "2012-06-30": "0.00%", "2012-03-31": "0.00%", "2011-12-31": "0.00%", "2011-09-30": "0.00%", "2011-06-30": "0.00%", "2011-03-31": "0.00%", "2010-12-31": "0.00%", "2010-09-30": "0.00%", "2010-06-30": "0.00%", "2010-03-31": "0.00%", "2009-12-31": "0.00%", "2009-09-30": "0.00%", "2009-06-30": "0.00%", "2009-03-31": "0.00%", "2008-12-31": "0.00%", "2008-09-30": "0.00%", "2008-06-30": "0.00%", "2008-03-31": "0.00%", "2007-12-31": "0.00%", "2007-09-30": "0.00%", "2007-06-30": "0.00%", "2007-03-31": "0.00%", "2006-12-31": "0.00%", "2006-09-30": "0.00%", "2006-06-30": "0.00%", "2006-03-31": "0.00%", "2005-12-31": "0.00%"}, "pre tax profit margin": {"2020-12-31": "50.59%", "2020-09-30": "45.74%", "2020-06-30": "44.35%", "2020-03-31": "44.79%", "2019-12-31": "43.78%", "2019-09-30": "47.98%", "2019-06-30": "48.20%", "2019-03-31": "48.48%", "2018-12-31": "47.92%", "2018-09-30": "48.43%", "2018-06-30": "48.89%", "2018-03-31": "49.69%", "2017-12-31": "51.26%", "2017-09-30": "51.72%", "2017-06-30": "52.31%", "2017-03-31": "52.30%", "2016-12-31": "51.51%", "2016-09-30": "51.95%", "2016-06-30": "52.26%", "2016-03-31": "53.02%", "2015-12-31": "54.43%", "2015-09-30": "54.37%", "2015-06-30": "54.08%", "2015-03-31": "53.33%", "2014-12-31": "53.35%", "2014-09-30": "52.81%", "2014-06-30": "52.77%", "2014-03-31": "52.88%", "2013-12-31": "51.97%", "2013-09-30": "51.68%", "2013-06-30": "50.78%", "2013-03-31": "50.85%", "2012-12-31": "50.81%", "2012-09-30": "51.31%", "2012-06-30": "52.00%", "2012-03-31": "51.05%", "2011-12-31": "50.00%", "2011-09-30": "48.37%", "2011-06-30": "46.53%", "2011-03-31": "44.95%", "2010-12-31": "43.84%", "2010-09-30": "42.38%", "2010-06-30": "40.84%", "2010-03-31": "38.43%", "2009-12-31": "35.74%", "2009-09-30": "33.48%", "2009-06-30": "30.20%", "2009-03-31": "30.90%", "2008-12-31": "31.50%", "2008-09-30": "30.08%", "2008-06-30": "32.82%", "2008-03-31": "32.33%", "2007-12-31": "31.73%", "2007-09-30": "34.15%", "2007-06-30": "34.33%", "2007-03-31": "34.21%", "2006-12-31": "35.09%", "2006-09-30": "35.37%", "2006-06-30": "35.84%", "2006-03-31": "36.59%", "2005-12-31": "36.79%"}, "net profit margin": {"2020-12-31": "41.49%", "2020-09-30": "37.70%", "2020-06-30": "36.82%", "2020-03-31": "35.47%", "2019-12-31": "34.69%", "2019-09-30": "38.03%", "2019-06-30": "38.24%", "2019-03-31": "38.46%", "2018-12-31": "38.20%", "2018-09-30": "36.96%", "2018-06-30": "35.75%", "2018-03-31": "34.88%", "2017-12-31": "34.38%", "2017-09-30": "34.94%", "2017-06-30": "35.38%", "2017-03-31": "35.17%", "2016-12-31": "34.63%", "2016-09-30": "34.80%", "2016-06-30": "34.92%", "2016-03-31": "35.43%", "2015-12-31": "36.33%", "2015-09-30": "36.29%", "2015-06-30": "36.09%", "2015-03-31": "35.67%", "2014-12-31": "35.65%", "2014-09-30": "35.33%", "2014-06-30": "35.22%", "2014-03-31": "35.30%", "2013-12-31": "34.80%", "2013-09-30": "34.56%", "2013-06-30": "34.02%", "2013-03-31": "33.90%", "2012-12-31": "33.67%", "2012-09-30": "33.84%", "2012-06-30": "34.12%", "2012-03-31": "33.49%", "2011-12-31": "32.94%", "2011-09-30": "32.09%", "2011-06-30": "31.02%", "2011-03-31": "30.05%", "2010-12-31": "29.22%", "2010-09-30": "28.25%", "2010-06-30": "27.15%", "2010-03-31": "25.76%", "2009-12-31": "23.83%", "2009-09-30": "22.32%", "2009-06-30": "20.13%", "2009-03-31": "20.28%", "2008-12-31": "21.00%", "2008-09-30": "20.05%", "2008-06-30": "22.14%", "2008-03-31": "21.80%", "2007-12-31": "21.32%", "2007-09-30": "22.95%", "2007-06-30": "22.69%", "2007-03-31": "22.70%", "2006-12-31": "23.40%", "2006-09-30": "23.58%", "2006-06-30": "23.89%", "2006-03-31": "24.39%", "2005-12-31": "24.87%"}, "pe ratio": {"current": "12.54", "2021-02-05": "16.49", "2020-12-31": "16.51", "2020-09-30": "9.87", "2020-06-30": "11.69", "2020-03-31": "9.88", "2019-12-31": "15.27", "2019-09-30": "14.34", "2019-06-30": "13.36", "2019-03-31": "13.92", "2018-12-31": "12.78", "2018-09-30": "14.85", "2018-06-30": "15.26", "2018-03-31": "16.85", "2017-12-31": "16.51", "2017-09-30": "15.33", "2017-06-30": "14.86", "2017-03-31": "16.09", "2016-12-31": "16.53", "2016-09-30": "12.52", "2016-06-30": "11.50", "2016-03-31": "10.27", "2015-12-31": "10.35", "2015-09-30": "10.28", "2015-06-30": "11.77", "2015-03-31": "10.52", "2014-12-31": "11.15", "2014-09-30": "11.84", "2014-06-30": "13.53", "2014-03-31": "14.95", "2013-12-31": "14.87", "2013-09-30": "14.98", "2013-06-30": "12.83", "2013-03-31": "12.08", "2012-12-31": "10.95", "2012-09-30": "11.34", "2012-06-30": "11.31", "2012-03-31": "12.38", "2011-12-31": "11.04", "2011-09-30": "9.11", "2011-06-30": "12.49", "2011-03-31": "12.45", "2010-12-31": "11.63", "2010-09-30": "9.75", "2010-06-30": "10.62", "2010-03-31": "13.01", "2009-12-31": "13.38", "2009-09-30": "12.28", "2009-06-30": "12.10", "2009-03-31": "11.34", "2008-12-31": "12.39", "2008-09-30": "13.86", "2008-06-30": "9.78", "2008-03-31": "10.44", "2007-12-31": "10.76", "2007-09-30": "12.26", "2007-06-30": "12.37", "2007-03-31": "13.34", "2006-12-31": "13.49"}, "price sales": {"2021-02-05": "5.05", "2020-12-31": "5.06", "2020-09-30": "3.55", "2020-06-30": "4.11", "2020-03-31": "3.37", "2019-12-31": "5.15", "2019-09-30": "5.47", "2019-06-30": "5.11", "2019-03-31": "5.34", "2018-12-31": "4.88", "2018-09-30": "5.49", "2018-06-30": "5.47", "2018-03-31": "5.90", "2017-12-31": "5.68", "2017-09-30": "5.35", "2017-06-30": "5.25", "2017-03-31": "5.65", "2016-12-31": "5.72", "2016-09-30": "4.36", "2016-06-30": "4.02", "2016-03-31": "3.64", "2015-12-31": "3.76", "2015-09-30": "3.71", "2015-06-30": "4.23", "2015-03-31": "3.73", "2014-12-31": "3.95", "2014-09-30": "4.11", "2014-06-30": "4.68", "2014-03-31": "5.19", "2013-12-31": "5.09", "2013-09-30": "5.07", "2013-06-30": "4.26", "2013-03-31": "4.01", "2012-12-31": "3.63", "2012-09-30": "3.87", "2012-06-30": "3.90", "2012-03-31": "4.19", "2011-12-31": "3.65", "2011-09-30": "2.92", "2011-06-30": "3.87", "2011-03-31": "3.73", "2010-12-31": "3.39", "2010-09-30": "2.73", "2010-06-30": "2.86", "2010-03-31": "3.31", "2009-12-31": "3.16", "2009-09-30": "2.72", "2009-06-30": "2.42", "2009-03-31": "2.31", "2008-12-31": "2.61", "2008-09-30": "3.03", "2008-06-30": "2.32", "2008-03-31": "2.43", "2007-12-31": "2.46", "2007-09-30": "2.78", "2007-06-30": "2.78", "2007-03-31": "3.00", "2006-12-31": "3.10"}, "price book": {"current": "1.05", "2021-02-05": "1.06", "2020-09-30": "0.79", "2020-06-30": "0.91", "2020-03-31": "0.75", "2019-12-31": "1.11", "2019-09-30": "1.13", "2019-06-30": "1.06", "2019-03-31": "1.12", "2018-12-31": "1.02", "2018-09-30": "1.14", "2018-06-30": "1.13", "2018-03-31": "1.22", "2017-12-31": "1.18", "2017-09-30": "1.11", "2017-06-30": "1.09", "2017-03-31": "1.20", "2016-12-31": "1.24", "2016-09-30": "0.96", "2016-06-30": "0.90", "2016-03-31": "0.82", "2015-12-31": "0.86", "2015-09-30": "0.89", "2015-06-30": "1.06", "2015-03-31": "0.97", "2014-12-31": "1.03", "2014-09-30": "1.08", "2014-06-30": "1.20", "2014-03-31": "1.32", "2013-12-31": "1.28", "2013-09-30": "1.33", "2013-06-30": "1.13", "2013-03-31": "1.06", "2012-12-31": "0.95", "2012-09-30": "0.98", "2012-06-30": "1.01", "2012-03-31": "1.11", "2011-12-31": "0.99", "2011-09-30": "0.81", "2011-06-30": "1.11", "2011-03-31": "1.10", "2010-12-31": "1.02", "2010-09-30": "0.85", "2010-06-30": "0.92", "2010-03-31": "1.10", "2009-12-31": "1.11", "2009-09-30": "0.96", "2009-06-30": "0.83", "2009-03-31": "0.77", "2008-12-31": "0.85", "2008-09-30": "0.99", "2008-06-30": "0.78", "2008-03-31": "0.85", "2007-12-31": "0.88", "2007-09-30": "1.00", "2007-06-30": "1.01", "2007-03-31": "1.08", "2006-12-31": "1.28", "2006-09-30": "1.29", "2006-06-30": "1.27", "2006-03-31": "1.32"}, "price fcf": {"2021-02-05": "", "2020-09-30": "$5.62", "2020-06-30": "$7.09", "2020-03-31": "$5.60", "2019-12-31": "$5.30", "2019-09-30": "$6.20", "2019-06-30": "$5.17", "2019-03-31": "$5.36", "2018-12-31": "$4.56", "2018-09-30": "$3.86", "2018-06-30": "$4.77", "2018-03-31": "$4.56", "2017-12-31": "$5.61", "2017-09-30": "$4.82", "2017-06-30": "$4.65", "2017-03-31": "$4.75", "2016-12-31": "$4.92", "2016-09-30": "$5.59", "2016-06-30": "$4.98", "2016-03-31": "$5.09", "2015-12-31": "$4.49", "2015-09-30": "$5.10", "2015-06-30": "$5.12", "2015-03-31": "$5.26", "2014-12-31": "$5.30", "2014-09-30": "$5.14", "2014-06-30": "$5.18", "2014-03-31": "$4.65", "2013-12-31": "$4.89", "2013-09-30": "$4.42", "2013-06-30": "$5.02", "2013-03-31": "$4.98", "2012-12-31": "$4.12", "2012-09-30": "$4.44", "2012-06-30": "$4.11", "2012-03-31": "$4.20", "2011-12-31": "$4.73", "2011-09-30": "$4.68", "2011-06-30": "$4.53", "2011-03-31": "$4.49", "2010-12-31": "$4.25", "2010-09-30": "$3.56", "2010-06-30": "$2.92", "2010-03-31": "$2.23", "2009-12-31": "$1.43", "2009-09-30": "$2.16", "2009-06-30": "$2.16", "2009-03-31": "$2.87", "2008-12-31": "$2.99", "2008-09-30": "$3.30", "2008-06-30": "$3.36", "2008-03-31": "$3.05", "2007-12-31": "$5.50", "2007-09-30": "$5.07", "2007-06-30": "$4.82", "2007-03-31": "$4.84", "2006-12-31": "$2.33"}, "net worth": {"value": "$6.41B"}, "current ratio": {"2020-12-31": "0.77", "2020-09-30": "0.81", "2020-06-30": "0.79", "2020-03-31": "0.76", "2019-12-31": "0.75", "2019-09-30": "0.62", "2019-06-30": "0.60", "2019-03-31": "0.59", "2018-12-31": "0.58", "2018-09-30": "0.57", "2018-06-30": "0.56", "2018-03-31": "0.55", "2017-12-31": "0.56", "2017-09-30": "0.56", "2017-06-30": "0.55", "2017-03-31": "0.54", "2016-12-31": "0.54", "2016-09-30": "0.56", "2016-06-30": "0.55", "2016-03-31": "0.54", "2015-12-31": "0.54", "2015-09-30": "0.53", "2015-06-30": "0.52", "2015-03-31": "0.52", "2014-12-31": "0.55", "2014-09-30": "0.55", "2014-06-30": "0.55", "2014-03-31": "0.51", "2013-12-31": "0.52", "2013-09-30": "0.48", "2013-06-30": "0.47", "2013-03-31": "0.43", "2012-12-31": "0.45", "2012-09-30": "0.46", "2012-06-30": "0.46", "2012-03-31": "0.44", "2011-12-31": "0.49", "2011-09-30": "0.50", "2011-06-30": "0.47", "2011-03-31": "0.46", "2010-12-31": "0.46", "2010-09-30": "0.46", "2010-06-30": "0.44", "2010-03-31": "0.46", "2009-12-31": "0.48", "2009-09-30": "0.47", "2009-06-30": "0.50", "2009-03-31": "0.50", "2008-12-31": "0.50", "2008-09-30": "0.63", "2008-06-30": "0.64", "2008-03-31": "0.65", "2007-12-31": "0.69", "2007-09-30": "0.69", "2007-06-30": "0.68", "2007-03-31": "0.68", "2006-12-31": "0.64", "2006-09-30": "0.63", "2006-06-30": "0.62", "2006-03-31": "0.55", "2005-12-31": "0.54", "2005-09-30": "0.56", "2005-06-30": "0.55", "2005-03-31": "0.55"}, "quick ratio": {"2020-12-31": "0.00", "2020-09-30": "0.00", "2020-06-30": "0.00", "2020-03-31": "0.00", "2019-12-31": "0.00", "2019-09-30": "0.00", "2019-06-30": "0.00", "2019-03-31": "0.00", "2018-12-31": "0.00", "2018-09-30": "0.00", "2018-06-30": "0.00", "2018-03-31": "0.00", "2017-12-31": "0.00", "2017-09-30": "0.00", "2017-06-30": "0.00", "2017-03-31": "0.00", "2016-12-31": "0.00", "2016-09-30": "0.00", "2016-06-30": "0.00", "2016-03-31": "0.00", "2015-12-31": "0.00", "2015-09-30": "0.00", "2015-06-30": "0.00", "2015-03-31": "0.00", "2014-12-31": "0.00", "2014-09-30": "0.00", "2014-06-30": "0.00", "2014-03-31": "0.00", "2013-12-31": "0.00", "2013-09-30": "0.00", "2013-06-30": "0.00", "2013-03-31": "0.00", "2012-12-31": "0.00", "2012-09-30": "0.00", "2012-06-30": "0.00", "2012-03-31": "0.00", "2011-12-31": "0.00", "2011-09-30": "0.00", "2011-06-30": "0.00", "2011-03-31": "0.00", "2010-12-31": "0.00", "2010-09-30": "0.00", "2010-06-30": "0.00", "2010-03-31": "0.00", "2009-12-31": "0.00", "2009-09-30": "0.00", "2009-06-30": "0.00", "2009-03-31": "0.00", "2008-12-31": "0.00", "2008-09-30": "0.00", "2008-06-30": "0.00", "2008-03-31": "0.00", "2007-12-31": "0.00", "2007-09-30": "0.00", "2007-06-30": "0.00", "2007-03-31": "0.00", "2006-12-31": "0.00", "2006-09-30": "0.00", "2006-06-30": "0.00", "2006-03-31": "0.00", "2005-12-31": "0.00", "2005-09-30": "0.00", "2005-06-30": "0.00", "2005-03-31": "0.00"}, "debt equity ratio": {"current": "0.02", "2020-12-31": "4.56", "2020-09-30": "4.50", "2020-06-30": "4.54", "2020-03-31": "4.42", "2019-12-31": "4.39", "2019-09-30": "4.35", "2019-06-30": "4.42", "2019-03-31": "4.44", "2018-12-31": "4.60", "2018-09-30": "4.66", "2018-06-30": "4.74", "2018-03-31": "4.80", "2017-12-31": "4.91", "2017-09-30": "4.86", "2017-06-30": "4.97", "2017-03-31": "5.09", "2016-12-31": "5.13", "2016-09-30": "4.95", "2016-06-30": "5.15", "2016-03-31": "5.28", "2015-12-31": "5.36", "2015-09-30": "5.32", "2015-06-30": "5.46", "2015-03-31": "5.54", "2014-12-31": "5.63", "2014-09-30": "5.64", "2014-06-30": "5.81", "2014-03-31": "5.66", "2013-12-31": "5.69", "2013-09-30": "5.72", "2013-06-30": "5.94", "2013-03-31": "6.02", "2012-12-31": "5.98", "2012-09-30": "5.73", "2012-06-30": "5.53", "2012-03-31": "5.77", "2011-12-31": "5.27", "2011-09-30": "5.21", "2011-06-30": "5.39", "2011-03-31": "5.57", "2010-12-31": "5.53", "2010-09-30": "5.46", "2010-06-30": "5.84", "2010-03-31": "5.69", "2009-12-31": "5.55", "2009-09-30": "5.75", "2009-06-30": "5.81", "2009-03-31": "5.87", "2008-12-31": "6.23", "2008-09-30": "4.52", "2008-06-30": "4.58", "2008-03-31": "4.64", "2007-12-31": "4.65", "2007-09-30": "4.55", "2007-06-30": "4.72", "2007-03-31": "4.93", "2006-12-31": "5.90", "2006-09-30": "5.85", "2006-06-30": "6.13", "2006-03-31": "6.51", "2005-12-31": "6.72", "2005-09-30": "6.82", "2005-06-30": "6.90", "2005-03-31": "7.17"}, "return on equity": {"2020-12-31": "8.83%", "2020-09-30": "8.03%", "2020-06-30": "7.85%", "2020-03-31": "7.59%", "2019-12-31": "7.24%", "2019-09-30": "8.02%", "2019-06-30": "8.10%", "2019-03-31": "8.20%", "2018-12-31": "8.12%", "2018-09-30": "7.83%", "2018-06-30": "7.55%", "2018-03-31": "7.31%", "2017-12-31": "7.27%", "2017-09-30": "7.41%", "2017-06-30": "7.53%", "2017-03-31": "7.60%", "2016-12-31": "7.70%", "2016-09-30": "7.83%", "2016-06-30": "7.99%", "2016-03-31": "8.22%", "2015-12-31": "8.48%", "2015-09-30": "8.86%", "2015-06-30": "9.20%", "2015-03-31": "9.49%", "2014-12-31": "9.62%", "2014-09-30": "9.49%", "2014-06-30": "9.37%", "2014-03-31": "9.23%", "2013-12-31": "9.14%", "2013-09-30": "9.18%", "2013-06-30": "9.14%", "2013-03-31": "9.09%", "2012-12-31": "9.05%", "2012-09-30": "9.04%", "2012-06-30": "9.12%", "2012-03-31": "9.18%", "2011-12-31": "9.25%", "2011-09-30": "9.22%", "2011-06-30": "9.12%", "2011-03-31": "9.09%", "2010-12-31": "9.04%", "2010-09-30": "9.06%", "2010-06-30": "9.01%", "2010-03-31": "8.81%", "2009-12-31": "8.52%", "2009-09-30": "8.06%", "2009-06-30": "7.11%", "2009-03-31": "6.90%", "2008-12-31": "6.93%", "2008-09-30": "6.61%", "2008-06-30": "7.56%", "2008-03-31": "7.79%", "2007-12-31": "7.66%", "2007-09-30": "8.56%", "2007-06-30": "8.78%", "2007-03-31": "9.15%", "2006-12-31": "10.23%", "2006-09-30": "10.43%", "2006-06-30": "10.68%", "2006-03-31": "10.97%", "2005-12-31": "10.82%"}, "return on assets": {"2020-12-31": "1.60%", "2020-09-30": "1.47%", "2020-06-30": "1.45%", "2020-03-31": "1.41%", "2019-12-31": "1.34%", "2019-09-30": "1.47%", "2019-06-30": "1.47%", "2019-03-31": "1.46%", "2018-12-31": "1.43%", "2018-09-30": "1.36%", "2018-06-30": "1.30%", "2018-03-31": "1.24%", "2017-12-31": "1.22%", "2017-09-30": "1.23%", "2017-06-30": "1.25%", "2017-03-31": "1.25%", "2016-12-31": "1.26%", "2016-09-30": "1.27%", "2016-06-30": "1.27%", "2016-03-31": "1.29%", "2015-12-31": "1.32%", "2015-09-30": "1.37%", "2015-06-30": "1.40%", "2015-03-31": "1.43%", "2014-12-31": "1.44%", "2014-09-30": "1.42%", "2014-06-30": "1.39%", "2014-03-31": "1.37%", "2013-12-31": "1.34%", "2013-09-30": "1.33%", "2013-06-30": "1.32%", "2013-03-31": "1.33%", "2012-12-31": "1.34%", "2012-09-30": "1.37%", "2012-06-30": "1.41%", "2012-03-31": "1.43%", "2011-12-31": "1.45%", "2011-09-30": "1.44%", "2011-06-30": "1.41%", "2011-03-31": "1.38%", "2010-12-31": "1.36%", "2010-09-30": "1.37%", "2010-06-30": "1.34%", "2010-03-31": "1.32%", "2009-12-31": "1.26%", "2009-09-30": "1.17%", "2009-06-30": "1.07%", "2009-03-31": "1.09%", "2008-12-31": "1.15%", "2008-09-30": "1.18%", "2008-06-30": "1.35%", "2008-03-31": "1.38%", "2007-12-31": "1.34%", "2007-09-30": "1.44%", "2007-06-30": "1.41%", "2007-03-31": "1.39%", "2006-12-31": "1.45%", "2006-09-30": "1.44%", "2006-06-30": "1.42%", "2006-03-31": "1.42%", "2005-12-31": "1.37%"}, "return on investments": {"2020-12-31": "14.34%", "2020-09-30": "10.45%", "2020-06-30": "12.63%", "2020-03-31": "17.49%", "2019-12-31": "30.57%", "2019-09-30": "inf%", "2019-06-30": "inf%", "2019-03-31": "inf%", "2018-12-31": "inf%", "2018-09-30": "inf%", "2018-06-30": "inf%", "2018-03-31": "inf%", "2017-12-31": "inf%", "2017-09-30": "inf%", "2017-06-30": "inf%", "2017-03-31": "inf%", "2016-12-31": "46.66%", "2016-09-30": "47.01%", "2016-06-30": "47.46%", "2016-03-31": "48.15%", "2015-12-31": "inf%", "2015-09-30": "51.82%", "2015-06-30": "26.68%", "2015-03-31": "18.15%", "2014-12-31": "13.71%", "2014-09-30": "13.52%", "2014-06-30": "13.44%", "2014-03-31": "13.28%", "2013-12-31": "13.13%", "2013-09-30": "13.23%", "2013-06-30": "13.12%", "2013-03-31": "13.07%", "2012-12-31": "13.06%", "2012-09-30": "13.61%", "2012-06-30": "13.79%", "2012-03-31": "13.88%", "2011-12-31": "13.91%", "2011-09-30": "13.83%", "2011-06-30": "13.61%", "2011-03-31": "13.51%", "2010-12-31": "13.46%", "2010-09-30": "13.69%", "2010-06-30": "13.66%", "2010-03-31": "13.28%", "2009-12-31": "12.94%", "2009-09-30": "11.28%", "2009-06-30": "10.97%", "2009-03-31": "10.84%", "2008-12-31": "10.69%", "2008-09-30": "10.99%", "2008-06-30": "11.05%", "2008-03-31": "11.29%", "2007-12-31": "11.07%", "2007-09-30": "11.36%", "2007-06-30": "11.70%", "2007-03-31": "12.01%", "2006-12-31": "13.30%", "2006-09-30": "13.53%", "2006-06-30": "13.82%", "2006-03-31": "14.15%", "2005-12-31": "13.67%"}, "return on tangible equity": {"2020-09-30": "18.08%", "2020-06-30": "17.13%", "2020-03-31": "15.87%", "2019-12-31": "14.38%", "2019-09-30": "15.14%", "2019-06-30": "15.43%", "2019-03-31": "15.80%", "2018-12-31": "15.87%", "2018-09-30": "15.53%", "2018-06-30": "15.19%", "2018-03-31": "14.92%", "2017-12-31": "15.04%", "2017-09-30": "15.55%", "2017-06-30": "16.05%", "2017-03-31": "16.46%", "2016-12-31": "16.96%", "2016-09-30": "17.43%", "2016-06-30": "18.03%", "2016-03-31": "18.83%", "2015-12-31": "19.77%", "2015-09-30": "21.17%", "2015-06-30": "22.50%", "2015-03-31": "23.83%", "2014-12-31": "24.40%", "2014-09-30": "24.36%", "2014-06-30": "23.71%", "2014-03-31": "22.86%", "2013-12-31": "22.44%", "2013-09-30": "22.19%", "2013-06-30": "22.44%", "2013-03-31": "22.25%", "2012-12-31": "22.19%", "2012-09-30": "22.25%", "2012-06-30": "22.57%", "2012-03-31": "23.45%", "2011-12-31": "24.45%", "2011-09-30": "25.27%", "2011-06-30": "25.96%", "2011-03-31": "26.84%", "2010-12-31": "27.26%", "2010-09-30": "27.72%", "2010-06-30": "28.03%", "2010-03-31": "27.95%", "2009-12-31": "28.05%", "2009-09-30": "27.73%", "2009-06-30": "24.66%", "2009-03-31": "23.96%", "2008-12-31": "23.90%", "2008-09-30": "22.43%", "2008-06-30": "26.05%", "2008-03-31": "27.34%", "2007-12-31": "27.65%", "2007-09-30": "30.41%", "2007-06-30": "30.74%", "2007-03-31": "31.40%", "2006-12-31": "31.19%", "2006-09-30": "30.61%", "2006-06-30": "29.43%", "2006-03-31": "28.05%", "2005-12-31": "28.32%"}, "dividend yield history": {"last payout": "$1.96", "last yield": "2.83%"}}