{"ticker": "PRU", "price": {"title": "Prudential Financial Historical Annual Stock Price Data", "value": 80.16, "historical": {"2020": {"Average Stock Price": "69.0034", "Year Open": "94.8400", "Year High": "97.1000", "Year Low": "39.2200", "Year Close": "78.0700", "Annual % Change": "-16.72%"}, "2019": {"Average Stock Price": "93.5758", "Year Open": "82.6700", "Year High": "105.7100", "Year Low": "78.2900", "Year Close": "93.7400", "Annual % Change": "14.95%"}, "2018": {"Average Stock Price": "101.0112", "Year Open": "115.4500", "Year High": "126.0200", "Year Low": "76.8300", "Year Close": "81.5500", "Annual % Change": "-29.07%"}, "2017": {"Average Stock Price": "108.3110", "Year Open": "104.8600", "Year High": "117.1500", "Year Low": "98.6500", "Year Close": "114.9800", "Annual % Change": "10.49%"}, "2016": {"Average Stock Price": "79.2372", "Year Open": "79.8400", "Year High": "107.1000", "Year Low": "58.0000", "Year Close": "104.0600", "Annual % Change": "27.82%"}, "2015": {"Average Stock Price": "83.1263", "Year Open": "90.1100", "Year High": "91.6800", "Year Low": "74.2200", "Year Close": "81.4100", "Annual % Change": "-10.00%"}, "2014": {"Average Stock Price": "86.3792", "Year Open": "90.7600", "Year High": "93.1600", "Year Low": "77.6100", "Year Close": "90.4600", "Annual % Change": "-1.91%"}, "2013": {"Average Stock Price": "71.7976", "Year Open": "56.0200", "Year High": "92.4300", "Year Low": "54.6400", "Year Close": "92.2200", "Annual % Change": "72.92%"}, "2012": {"Average Stock Price": "54.6109", "Year Open": "51.3000", "Year High": "64.6500", "Year Low": "44.7400", "Year Close": "53.3300", "Annual % Change": "6.40%"}, "2011": {"Average Stock Price": "56.8476", "Year Open": "60.6900", "Year High": "67.3200", "Year Low": "43.9100", "Year Close": "50.1200", "Annual % Change": "-14.63%"}, "2010": {"Average Stock Price": "55.8147", "Year Open": "51.7700", "Year High": "65.8200", "Year Low": "47.0200", "Year Close": "58.7100", "Annual % Change": "17.99%"}, "2009": {"Average Stock Price": "38.1065", "Year Open": "30.7700", "Year High": "54.6300", "Year Low": "11.2900", "Year Close": "49.7600", "Annual % Change": "64.44%"}, "2008": {"Average Stock Price": "63.4051", "Year Open": "91.0500", "Year High": "91.3600", "Year Low": "13.7300", "Year Close": "30.2600", "Annual % Change": "-67.48%"}, "2007": {"Average Stock Price": "93.7796", "Year Open": "86.2500", "Year High": "103.1700", "Year Low": "84.2800", "Year Close": "93.0400", "Annual % Change": "8.36%"}, "2006": {"Average Stock Price": "77.0306", "Year Open": "75.6900", "Year High": "86.8400", "Year Low": "71.4700", "Year Close": "85.8600", "Annual % Change": "17.31%"}, "2005": {"Average Stock Price": "63.8947", "Year Open": "53.8600", "Year High": "77.9600", "Year Low": "52.6200", "Year Close": "73.1900", "Annual % Change": "33.17%"}, "2004": {"Average Stock Price": "46.1936", "Year Open": "41.9300", "Year High": "55.0900", "Year Low": "41.0500", "Year Close": "54.9600", "Annual % Change": "31.58%"}, "2003": {"Average Stock Price": "34.6833", "Year Open": "32.2000", "Year High": "42.1900", "Year Low": "27.5600", "Year Close": "41.7700", "Annual % Change": "31.60%"}, "2002": {"Average Stock Price": "31.1694", "Year Open": "31.3000", "Year High": "35.7500", "Year Low": "25.5000", "Year Close": "31.7400", "Annual % Change": "-4.37%"}, "2001": {"Average Stock Price": "31.0267", "Year Open": "29.3000", "Year High": "33.1900", "Year Low": "29.3000", "Year Close": "33.1900", "Annual % Change": "0.00%"}}}, "market cap": {"value": "$31.74B"}, "income statement": {"Revenue": {"2020-12-31": "54149.00000", "2019-12-31": "64807.00000", "2018-12-31": "62992.00000", "2017-12-31": "59689.00000", "2016-12-31": "58779.00000", "2015-12-31": "57119.00000", "2014-12-31": "54105.00000", "2013-12-31": "41461.00000", "2012-12-31": "84847.00000", "2011-12-31": "49085.00000", "2010-12-31": "38217.00000", "2009-12-31": "32380.00000", "2008-12-31": "28990.00000", "2007-12-31": "34377.00000", "2006-12-31": "32268.00000", "2005-12-31": "31347.00000"}, "Cost Of Goods Sold": {"2020-12-31": "33713.00000", "2019-12-31": "43974.00000", "2018-12-31": "43936.00000", "2017-12-31": "39707.00000", "2016-12-31": "39418.00000", "2015-12-31": "36318.00000", "2014-12-31": "38566.00000", "2013-12-31": "31894.00000", "2012-12-31": "71541.00000", "2011-12-31": "30821.00000", "2010-12-31": "24683.00000", "2009-12-31": "22128.00000", "2008-12-31": "21084.00000", "2007-12-31": "20874.00000", "2006-12-31": "19822.00000", "2005-12-31": "19432.00000"}, "Gross Profit": {"2020-12-31": "20436.00000", "2019-12-31": "20833.00000", "2018-12-31": "19056.00000", "2017-12-31": "19982.00000", "2016-12-31": "19361.00000", "2015-12-31": "20801.00000", "2014-12-31": "15539.00000", "2013-12-31": "9567.00000", "2012-12-31": "13306.00000", "2011-12-31": "18264.00000", "2010-12-31": "13534.00000", "2009-12-31": "10252.00000", "2008-12-31": "7906.00000", "2007-12-31": "13503.00000", "2006-12-31": "12446.00000", "2005-12-31": "11915.00000"}, "Research And Development Expenses": {"2020-12-31": "", "2019-12-31": "", "2018-12-31": "", "2017-12-31": "", "2016-12-31": "", "2015-12-31": "", "2014-12-31": "", "2013-12-31": "", "2012-12-31": "", "2011-12-31": "", "2010-12-31": "", "2009-12-31": "", "2008-12-31": "", "2007-12-31": "", "2006-12-31": "", "2005-12-31": ""}, "SG&A Expenses": {"2020-12-31": "13722.00000", "2019-12-31": "15748.00000", "2018-12-31": "14222.00000", "2017-12-31": "13495.00000", "2016-12-31": "13656.00000", "2015-12-31": "13032.00000", "2014-12-31": "13780.00000", "2013-12-31": "11251.00000", "2012-12-31": "12598.00000", "2011-12-31": "13300.00000", "2010-12-31": "9394.00000", "2009-12-31": "8728.00000", "2008-12-31": "9132.00000", "2007-12-31": "8820.00000", "2006-12-31": "8052.00000", "2005-12-31": "7641.00000"}, "Other Operating Income Or Expenses": {"2020-12-31": "", "2019-12-31": "", "2018-12-31": "", "2017-12-31": "", "2016-12-31": "", "2015-12-31": "", "2014-12-31": "", "2013-12-31": "", "2012-12-31": "", "2011-12-31": "", "2010-12-31": "", "2009-12-31": "", "2008-12-31": "", "2007-12-31": "", "2006-12-31": "", "2005-12-31": ""}, "Operating Expenses": {"2020-12-31": "47435.00000", "2019-12-31": "59722.00000", "2018-12-31": "58158.00000", "2017-12-31": "53202.00000", "2016-12-31": "53074.00000", "2015-12-31": "49350.00000", "2014-12-31": "52346.00000", "2013-12-31": "43145.00000", "2012-12-31": "84139.00000", "2011-12-31": "44121.00000", "2010-12-31": "34077.00000", "2009-12-31": "30856.00000", "2008-12-31": "30216.00000", "2007-12-31": "29694.00000", "2006-12-31": "27874.00000", "2005-12-31": "27073.00000"}, "Operating Income": {"2020-12-31": "6714.00000", "2019-12-31": "5085.00000", "2018-12-31": "4834.00000", "2017-12-31": "6487.00000", "2016-12-31": "5705.00000", "2015-12-31": "7769.00000", "2014-12-31": "1759.00000", "2013-12-31": "-1684.00000", "2012-12-31": "708.00000", "2011-12-31": "4964.00000", "2010-12-31": "4140.00000", "2009-12-31": "1524.00000", "2008-12-31": "-1226.00000", "2007-12-31": "4683.00000", "2006-12-31": "4394.00000", "2005-12-31": "4274.00000"}, "Total Non-Operating Income/Expense": {"2020-12-31": "-1570.00000", "2019-12-31": "", "2018-12-31": "", "2017-12-31": "", "2016-12-31": "", "2015-12-31": "", "2014-12-31": "", "2013-12-31": "", "2012-12-31": "", "2011-12-31": "", "2010-12-31": "", "2009-12-31": "", "2008-12-31": "", "2007-12-31": "", "2006-12-31": "", "2005-12-31": ""}, "Pre-Tax Income": {"2020-12-31": "5144.00000", "2019-12-31": "5085.00000", "2018-12-31": "4834.00000", "2017-12-31": "6487.00000", "2016-12-31": "5705.00000", "2015-12-31": "7769.00000", "2014-12-31": "1759.00000", "2013-12-31": "-1684.00000", "2012-12-31": "708.00000", "2011-12-31": "4964.00000", "2010-12-31": "4140.00000", "2009-12-31": "1524.00000", "2008-12-31": "-1226.00000", "2007-12-31": "4683.00000", "2006-12-31": "4394.00000", "2005-12-31": "4274.00000"}, "Income Taxes": {"2020-12-31": "-81.00000", "2019-12-31": "947.00000", "2018-12-31": "822.00000", "2017-12-31": "-1438.00000", "2016-12-31": "1335.00000", "2015-12-31": "2072.00000", "2014-12-31": "349.00000", "2013-12-31": "-1058.00000", "2012-12-31": "213.00000", "2011-12-31": "1515.00000", "2010-12-31": "1243.00000", "2009-12-31": "-62.00000", "2008-12-31": "-517.00000", "2007-12-31": "1220.00000", "2006-12-31": "1245.00000", "2005-12-31": "803.00000"}, "Income After Taxes": {"2020-12-31": "5225.00000", "2019-12-31": "4138.00000", "2018-12-31": "4012.00000", "2017-12-31": "7925.00000", "2016-12-31": "4370.00000", "2015-12-31": "5697.00000", "2014-12-31": "1410.00000", "2013-12-31": "-626.00000", "2012-12-31": "495.00000", "2011-12-31": "3449.00000", "2010-12-31": "2897.00000", "2009-12-31": "1586.00000", "2008-12-31": "-709.00000", "2007-12-31": "3463.00000", "2006-12-31": "3149.00000", "2005-12-31": "3471.00000"}, "Other Income": {"2020-12-31": "-5467.00000", "2019-12-31": "", "2018-12-31": "", "2017-12-31": "", "2016-12-31": "", "2015-12-31": "", "2014-12-31": "", "2013-12-31": "", "2012-12-31": "", "2011-12-31": "", "2010-12-31": "", "2009-12-31": "", "2008-12-31": "", "2007-12-31": "", "2006-12-31": "", "2005-12-31": ""}, "Income From Continuous Operations": {"2020-12-31": "-110.00000", "2019-12-31": "4238.00000", "2018-12-31": "4088.00000", "2017-12-31": "7974.00000", "2016-12-31": "4419.00000", "2015-12-31": "5712.00000", "2014-12-31": "1426.00000", "2013-12-31": "-567.00000", "2012-12-31": "555.00000", "2011-12-31": "3631.00000", "2010-12-31": "2979.00000", "2009-12-31": "3109.00000", "2008-12-31": "-1156.00000", "2007-12-31": "3709.00000", "2006-12-31": "3357.00000", "2005-12-31": "3613.00000"}, "Income From Discontinued Operations": {"2020-12-31": "", "2019-12-31": "", "2018-12-31": "", "2017-12-31": "", "2016-12-31": "", "2015-12-31": "", "2014-12-31": "12.00000", "2013-12-31": "7.00000", "2012-12-31": "15.00000", "2011-12-31": "35.00000", "2010-12-31": "33.00000", "2009-12-31": "-19.00000", "2008-12-31": "75.00000", "2007-12-31": "20.00000", "2006-12-31": "71.00000", "2005-12-31": "-73.00000"}, "Net Income": {"2020-12-31": "-374.00000", "2019-12-31": "4186.00000", "2018-12-31": "4074.00000", "2017-12-31": "7863.00000", "2016-12-31": "4368.00000", "2015-12-31": "5642.00000", "2014-12-31": "1381.00000", "2013-12-31": "-667.00000", "2012-12-31": "520.00000", "2011-12-31": "3632.00000", "2010-12-31": "3001.00000", "2009-12-31": "3124.00000", "2008-12-31": "-1117.00000", "2007-12-31": "3662.00000", "2006-12-31": "3428.00000", "2005-12-31": "3540.00000"}, "EBITDA": {"2020-12-31": "6714.00000", "2019-12-31": "5545.00000", "2018-12-31": "4995.00000", "2017-12-31": "6709.00000", "2016-12-31": "6023.00000", "2015-12-31": "7882.00000", "2014-12-31": "2390.00000", "2013-12-31": "-1273.00000", "2012-12-31": "1010.00000", "2011-12-31": "5254.00000", "2010-12-31": "4036.00000", "2009-12-31": "1699.00000", "2008-12-31": "-509.00000", "2007-12-31": "5022.00000", "2006-12-31": "4744.00000", "2005-12-31": "4775.00000"}, "EBIT": {"2020-12-31": "6714.00000", "2019-12-31": "5085.00000", "2018-12-31": "4834.00000", "2017-12-31": "6487.00000", "2016-12-31": "5705.00000", "2015-12-31": "7769.00000", "2014-12-31": "1759.00000", "2013-12-31": "-1684.00000", "2012-12-31": "708.00000", "2011-12-31": "4964.00000", "2010-12-31": "4140.00000", "2009-12-31": "1524.00000", "2008-12-31": "-1226.00000", "2007-12-31": "4683.00000", "2006-12-31": "4394.00000", "2005-12-31": "4274.00000"}, "Basic Shares Outstanding": {"2020-12-31": "395.80000", "2019-12-31": "404.80000", "2018-12-31": "417.60000", "2017-12-31": "427.00000", "2016-12-31": "438.20000", "2015-12-31": "451.70000", "2014-12-31": "458.50000", "2013-12-31": "463.10000", "2012-12-31": "465.60000", "2011-12-31": "480.20000", "2010-12-31": "466.80000", "2009-12-31": "444.60000", "2008-12-31": "429.70000", "2007-12-31": "459.80000", "2006-12-31": "484.20000", "2005-12-31": "511.80000"}, "Shares Outstanding": {"2020-12-31": "397.80000", "2019-12-31": "410.90000", "2018-12-31": "426.20000", "2017-12-31": "436.00000", "2016-12-31": "446.60000", "2015-12-31": "460.40000", "2014-12-31": "467.70000", "2013-12-31": "463.10000", "2012-12-31": "468.10000", "2011-12-31": "488.70000", "2010-12-31": "475.40000", "2009-12-31": "448.20000", "2008-12-31": "429.70000", "2007-12-31": "466.20000", "2006-12-31": "494.00000", "2005-12-31": "520.90000"}, "Basic EPS": {"2020-12-31": "-0.94490", "2019-12-31": "10.23000", "2018-12-31": "9.64000", "2017-12-31": "18.19000", "2016-12-31": "9.85000", "2015-12-31": "12.37000", "2014-12-31": "3.25000", "2013-12-31": "-1.55000", "2012-12-31": "1.06000", "2011-12-31": "7.21000", "2010-12-31": "5.38000", "2009-12-31": "7.68000", "2008-12-31": "-2.53000", "2007-12-31": "7.61000", "2006-12-31": "6.63000", "2005-12-31": "6.45000"}, "EPS - Earnings Per Share": {"2020-12-31": "-1.00000", "2019-12-31": "10.11000", "2018-12-31": "9.50000", "2017-12-31": "17.86000", "2016-12-31": "9.71000", "2015-12-31": "12.17000", "2014-12-31": "3.23000", "2013-12-31": "-1.55000", "2012-12-31": "1.05000", "2011-12-31": "7.12000", "2010-12-31": "5.32000", "2009-12-31": "7.63000", "2008-12-31": "-2.53000", "2007-12-31": "7.51000", "2006-12-31": "6.50000", "2005-12-31": "6.34000"}}, "income statement, quarterly": {"Revenue": {"2020-12-31": "15076.00000", "2020-09-30": "15425.00000", "2020-06-30": "12115.00000", "2020-03-31": "13464.00000", "2019-12-31": "19223.00000", "2019-09-30": "15105.00000", "2019-06-30": "15388.00000", "2019-03-31": "15091.00000", "2018-12-31": "18432.00000", "2018-09-30": "16148.00000", "2018-06-30": "14655.00000", "2018-03-31": "13757.00000", "2017-12-31": "16265.00000", "2017-09-30": "16313.00000", "2017-06-30": "13441.00000", "2017-03-31": "13670.00000", "2016-12-31": "13050.00000", "2016-09-30": "16961.00000", "2016-06-30": "14439.00000", "2016-03-31": "14329.00000", "2015-12-31": "14256.00000", "2015-09-30": "13599.00000", "2015-06-30": "13712.00000", "2015-03-31": "15552.00000", "2014-12-31": "15725.00000", "2014-09-30": "12380.00000", "2014-06-30": "13146.00000", "2014-03-31": "12854.00000", "2013-12-31": "9939.00000", "2013-09-30": "11310.00000", "2013-06-30": "10041.00000", "2013-03-31": "10171.00000", "2012-12-31": "45944.00000", "2012-09-30": "13144.00000", "2012-06-30": "16136.00000", "2012-03-31": "9623.00000", "2011-12-31": "11740.00000", "2011-09-30": "14931.00000", "2011-06-30": "12244.00000", "2011-03-31": "10170.00000", "2010-12-31": "8066.00000", "2010-09-30": "9917.00000", "2010-06-30": "10987.00000", "2010-03-31": "9247.00000", "2009-12-31": "8433.00000", "2009-09-30": "8543.00000", "2009-06-30": "6879.00000", "2009-03-31": "8525.00000", "2008-12-31": "6693.00000", "2008-09-30": "7030.00000", "2008-06-30": "7703.00000", "2008-03-31": "7564.00000", "2007-12-31": "8784.00000", "2007-09-30": "8393.00000", "2007-06-30": "8425.00000", "2007-03-31": "8775.00000", "2006-12-31": "8744.00000", "2006-09-30": "8361.00000", "2006-06-30": "7313.00000", "2006-03-31": "7850.00000", "2005-12-31": "7508.00000", "2005-09-30": "7791.00000", "2005-06-30": "8335.00000", "2005-03-31": "7713.00000"}, "Cost Of Goods Sold": {"2020-12-31": "9229.00000", "2020-09-30": "10017.00000", "2020-06-30": "10813.00000", "2020-03-31": "9321.00000", "2019-12-31": "13527.00000", "2019-09-30": "9495.00000", "2019-06-30": "10592.00000", "2019-03-31": "10360.00000", "2018-12-31": "13650.00000", "2018-09-30": "10787.00000", "2018-06-30": "10946.00000", "2018-03-31": "8553.00000", "2017-12-31": "11633.00000", "2017-09-30": "9728.00000", "2017-06-30": "9766.00000", "2017-03-31": "8580.00000", "2016-12-31": "9642.00000", "2016-09-30": "11548.00000", "2016-06-30": "9645.00000", "2016-03-31": "8583.00000", "2015-12-31": "10245.00000", "2015-09-30": "7855.00000", "2015-06-30": "8965.00000", "2015-03-31": "9253.00000", "2014-12-31": "13249.00000", "2014-09-30": "8961.00000", "2014-06-30": "8355.00000", "2014-03-31": "8001.00000", "2013-12-31": "7624.00000", "2013-09-30": "7578.00000", "2013-06-30": "7863.00000", "2013-03-31": "8829.00000", "2012-12-31": "43262.00000", "2012-09-30": "11150.00000", "2012-06-30": "9278.00000", "2012-03-31": "7851.00000", "2011-12-31": "7707.00000", "2011-09-30": "8350.00000", "2011-06-30": "7960.00000", "2011-03-31": "6804.00000", "2010-12-31": "5828.00000", "2010-09-30": "6224.00000", "2010-06-30": "6636.00000", "2010-03-31": "5995.00000", "2009-12-31": "5549.00000", "2009-09-30": "5808.00000", "2009-06-30": "5262.00000", "2009-03-31": "5509.00000", "2008-12-31": "5710.00000", "2008-09-30": "5229.00000", "2008-06-30": "4914.00000", "2008-03-31": "5231.00000", "2007-12-31": "5444.00000", "2007-09-30": "5128.00000", "2007-06-30": "5063.00000", "2007-03-31": "5239.00000", "2006-12-31": "5191.00000", "2006-09-30": "5163.00000", "2006-06-30": "4743.00000", "2006-03-31": "4725.00000", "2005-12-31": "5024.00000", "2005-09-30": "4718.00000", "2005-06-30": "5091.00000", "2005-03-31": "4599.00000"}, "Gross Profit": {"2020-12-31": "5847.00000", "2020-09-30": "5408.00000", "2020-06-30": "1302.00000", "2020-03-31": "4143.00000", "2019-12-31": "5696.00000", "2019-09-30": "5610.00000", "2019-06-30": "4796.00000", "2019-03-31": "4731.00000", "2018-12-31": "4782.00000", "2018-09-30": "5361.00000", "2018-06-30": "3709.00000", "2018-03-31": "5204.00000", "2017-12-31": "4632.00000", "2017-09-30": "6585.00000", "2017-06-30": "3675.00000", "2017-03-31": "5090.00000", "2016-12-31": "3408.00000", "2016-09-30": "5413.00000", "2016-06-30": "4794.00000", "2016-03-31": "5746.00000", "2015-12-31": "4011.00000", "2015-09-30": "5744.00000", "2015-06-30": "4747.00000", "2015-03-31": "6299.00000", "2014-12-31": "2476.00000", "2014-09-30": "3419.00000", "2014-06-30": "4791.00000", "2014-03-31": "4853.00000", "2013-12-31": "2315.00000", "2013-09-30": "3732.00000", "2013-06-30": "2178.00000", "2013-03-31": "1342.00000", "2012-12-31": "2682.00000", "2012-09-30": "1994.00000", "2012-06-30": "6858.00000", "2012-03-31": "1772.00000", "2011-12-31": "4033.00000", "2011-09-30": "6581.00000", "2011-06-30": "4284.00000", "2011-03-31": "3366.00000", "2010-12-31": "2238.00000", "2010-09-30": "3693.00000", "2010-06-30": "4351.00000", "2010-03-31": "3252.00000", "2009-12-31": "2884.00000", "2009-09-30": "2735.00000", "2009-06-30": "1617.00000", "2009-03-31": "3016.00000", "2008-12-31": "983.00000", "2008-09-30": "1801.00000", "2008-06-30": "2789.00000", "2008-03-31": "2333.00000", "2007-12-31": "3340.00000", "2007-09-30": "3265.00000", "2007-06-30": "3362.00000", "2007-03-31": "3536.00000", "2006-12-31": "3553.00000", "2006-09-30": "3198.00000", "2006-06-30": "2570.00000", "2006-03-31": "3125.00000", "2005-12-31": "2484.00000", "2005-09-30": "3073.00000", "2005-06-30": "3244.00000", "2005-03-31": "3114.00000"}, "Research And Development Expenses": {"2020-12-31": "", "2020-09-30": "", "2020-06-30": "", "2020-03-31": "", "2019-12-31": "", "2019-09-30": "", "2019-06-30": "", "2019-03-31": "", "2018-12-31": "", "2018-09-30": "", "2018-06-30": "", "2018-03-31": "", "2017-12-31": "", "2017-09-30": "", "2017-06-30": "", "2017-03-31": "", "2016-12-31": "", "2016-09-30": "", "2016-06-30": "", "2016-03-31": "", "2015-12-31": "", "2015-09-30": "", "2015-06-30": "", "2015-03-31": "", "2014-12-31": "", "2014-09-30": "", "2014-06-30": "", "2014-03-31": "", "2013-12-31": "", "2013-09-30": "", "2013-06-30": "", "2013-03-31": "", "2012-12-31": "", "2012-09-30": "", "2012-06-30": "", "2012-03-31": "", "2011-12-31": "", "2011-09-30": "", "2011-06-30": "", "2011-03-31": "", "2010-12-31": "", "2010-09-30": "", "2010-06-30": "", "2010-03-31": "", "2009-12-31": "", "2009-09-30": "", "2009-06-30": "", "2009-03-31": "", "2008-12-31": "", "2008-09-30": "", "2008-06-30": "", "2008-03-31": "", "2007-12-31": "", "2007-09-30": "", "2007-06-30": "", "2007-03-31": "", "2006-12-31": "", "2006-09-30": "", "2006-06-30": "", "2006-03-31": "", "2005-12-31": "", "2005-09-30": "", "2005-06-30": "", "2005-03-31": ""}, "SG&A Expenses": {"2020-12-31": "3928.00000", "2020-09-30": "3961.00000", "2020-06-30": "3634.00000", "2020-03-31": "4481.00000", "2019-12-31": "4352.00000", "2019-09-30": "3885.00000", "2019-06-30": "3920.00000", "2019-03-31": "3591.00000", "2018-12-31": "3729.00000", "2018-09-30": "3523.00000", "2018-06-30": "3459.00000", "2018-03-31": "3511.00000", "2017-12-31": "3516.00000", "2017-09-30": "3564.00000", "2017-06-30": "3067.00000", "2017-03-31": "3348.00000", "2016-12-31": "3091.00000", "2016-09-30": "3098.00000", "2016-06-30": "3453.00000", "2016-03-31": "4014.00000", "2015-12-31": "3168.00000", "2015-09-30": "3695.00000", "2015-06-30": "2618.00000", "2015-03-31": "3551.00000", "2014-12-31": "4226.00000", "2014-09-30": "3135.00000", "2014-06-30": "3284.00000", "2014-03-31": "3135.00000", "2013-12-31": "3197.00000", "2013-09-30": "2206.00000", "2013-06-30": "2947.00000", "2013-03-31": "2901.00000", "2012-12-31": "3250.00000", "2012-09-30": "2924.00000", "2012-06-30": "3889.00000", "2012-03-31": "2535.00000", "2011-12-31": "3187.00000", "2011-09-30": "4175.00000", "2011-06-30": "3200.00000", "2011-03-31": "2738.00000", "2010-12-31": "2363.00000", "2010-09-30": "1943.00000", "2010-06-30": "2845.00000", "2010-03-31": "2243.00000", "2009-12-31": "707.00000", "2009-09-30": "1887.00000", "2009-06-30": "1627.00000", "2009-03-31": "3013.00000", "2008-12-31": "1280.00000", "2008-09-30": "1997.00000", "2008-06-30": "2161.00000", "2008-03-31": "2270.00000", "2007-12-31": "2347.00000", "2007-09-30": "2145.00000", "2007-06-30": "2219.00000", "2007-03-31": "2109.00000", "2006-12-31": "2182.00000", "2006-09-30": "1725.00000", "2006-06-30": "1987.00000", "2006-03-31": "2158.00000", "2005-12-31": "1962.00000", "2005-09-30": "1955.00000", "2005-06-30": "1928.00000", "2005-03-31": "1796.00000"}, "Other Operating Income Or Expenses": {"2020-12-31": "", "2020-09-30": "", "2020-06-30": "", "2020-03-31": "", "2019-12-31": "", "2019-09-30": "", "2019-06-30": "", "2019-03-31": "", "2018-12-31": "", "2018-09-30": "", "2018-06-30": "", "2018-03-31": "", "2017-12-31": "", "2017-09-30": "", "2017-06-30": "", "2017-03-31": "", "2016-12-31": "", "2016-09-30": "", "2016-06-30": "", "2016-03-31": "", "2015-12-31": "", "2015-09-30": "", "2015-06-30": "", "2015-03-31": "", "2014-12-31": "", "2014-09-30": "", "2014-06-30": "", "2014-03-31": "", "2013-12-31": "", "2013-09-30": "", "2013-06-30": "", "2013-03-31": "", "2012-12-31": "", "2012-09-30": "", "2012-06-30": "", "2012-03-31": "", "2011-12-31": "", "2011-09-30": "", "2011-06-30": "", "2011-03-31": "", "2010-12-31": "", "2010-09-30": "", "2010-06-30": "", "2010-03-31": "", "2009-12-31": "", "2009-09-30": "", "2009-06-30": "", "2009-03-31": "", "2008-12-31": "", "2008-09-30": "", "2008-06-30": "", "2008-03-31": "", "2007-12-31": "", "2007-09-30": "", "2007-06-30": "", "2007-03-31": "", "2006-12-31": "", "2006-09-30": "", "2006-06-30": "", "2006-03-31": "", "2005-12-31": "", "2005-09-30": "", "2005-06-30": "", "2005-03-31": ""}, "Operating Expenses": {"2020-12-31": "13157.00000", "2020-09-30": "13978.00000", "2020-06-30": "14447.00000", "2020-03-31": "13802.00000", "2019-12-31": "17879.00000", "2019-09-30": "13380.00000", "2019-06-30": "14512.00000", "2019-03-31": "13951.00000", "2018-12-31": "17379.00000", "2018-09-30": "14310.00000", "2018-06-30": "14405.00000", "2018-03-31": "12064.00000", "2017-12-31": "15149.00000", "2017-09-30": "13292.00000", "2017-06-30": "12833.00000", "2017-03-31": "11928.00000", "2016-12-31": "12733.00000", "2016-09-30": "14646.00000", "2016-06-30": "13098.00000", "2016-03-31": "12597.00000", "2015-12-31": "13413.00000", "2015-09-30": "11550.00000", "2015-06-30": "11583.00000", "2015-03-31": "12804.00000", "2014-12-31": "17475.00000", "2014-09-30": "12096.00000", "2014-06-30": "11639.00000", "2014-03-31": "11136.00000", "2013-12-31": "10821.00000", "2013-09-30": "9784.00000", "2013-06-30": "10810.00000", "2013-03-31": "11730.00000", "2012-12-31": "46512.00000", "2012-09-30": "14074.00000", "2012-06-30": "13167.00000", "2012-03-31": "10386.00000", "2011-12-31": "10894.00000", "2011-09-30": "12525.00000", "2011-06-30": "11160.00000", "2011-03-31": "9542.00000", "2010-12-31": "8191.00000", "2010-09-30": "8167.00000", "2010-06-30": "9481.00000", "2010-03-31": "8238.00000", "2009-12-31": "7750.00000", "2009-09-30": "7695.00000", "2009-06-30": "6889.00000", "2009-03-31": "8522.00000", "2008-12-31": "8414.00000", "2008-09-30": "7226.00000", "2008-06-30": "7075.00000", "2008-03-31": "7501.00000", "2007-12-31": "7791.00000", "2007-09-30": "7273.00000", "2007-06-30": "7282.00000", "2007-03-31": "7348.00000", "2006-12-31": "7373.00000", "2006-09-30": "6888.00000", "2006-06-30": "6730.00000", "2006-03-31": "6883.00000", "2005-12-31": "6986.00000", "2005-09-30": "6673.00000", "2005-06-30": "7019.00000", "2005-03-31": "6395.00000"}, "Operating Income": {"2020-12-31": "1919.00000", "2020-09-30": "1447.00000", "2020-06-30": "-2332.00000", "2020-03-31": "-338.00000", "2019-12-31": "1344.00000", "2019-09-30": "1725.00000", "2019-06-30": "876.00000", "2019-03-31": "1140.00000", "2018-12-31": "1053.00000", "2018-09-30": "1838.00000", "2018-06-30": "250.00000", "2018-03-31": "1693.00000", "2017-12-31": "1116.00000", "2017-09-30": "3021.00000", "2017-06-30": "608.00000", "2017-03-31": "1742.00000", "2016-12-31": "317.00000", "2016-09-30": "2315.00000", "2016-06-30": "1341.00000", "2016-03-31": "1732.00000", "2015-12-31": "843.00000", "2015-09-30": "2049.00000", "2015-06-30": "2129.00000", "2015-03-31": "2748.00000", "2014-12-31": "-1750.00000", "2014-09-30": "284.00000", "2014-06-30": "1507.00000", "2014-03-31": "1718.00000", "2013-12-31": "-882.00000", "2013-09-30": "1526.00000", "2013-06-30": "-769.00000", "2013-03-31": "-1559.00000", "2012-12-31": "-568.00000", "2012-09-30": "-930.00000", "2012-06-30": "2969.00000", "2012-03-31": "-763.00000", "2011-12-31": "846.00000", "2011-09-30": "2406.00000", "2011-06-30": "1084.00000", "2011-03-31": "628.00000", "2010-12-31": "-125.00000", "2010-09-30": "1750.00000", "2010-06-30": "1506.00000", "2010-03-31": "1009.00000", "2009-12-31": "683.00000", "2009-09-30": "848.00000", "2009-06-30": "-10.00000", "2009-03-31": "3.00000", "2008-12-31": "-1721.00000", "2008-09-30": "-196.00000", "2008-06-30": "628.00000", "2008-03-31": "63.00000", "2007-12-31": "993.00000", "2007-09-30": "1120.00000", "2007-06-30": "1143.00000", "2007-03-31": "1427.00000", "2006-12-31": "1371.00000", "2006-09-30": "1473.00000", "2006-06-30": "583.00000", "2006-03-31": "967.00000", "2005-12-31": "522.00000", "2005-09-30": "1118.00000", "2005-06-30": "1316.00000", "2005-03-31": "1318.00000"}, "Total Non-Operating Income/Expense": {"2020-12-31": "-386.00000", "2020-09-30": "", "2020-06-30": "", "2020-03-31": "", "2019-12-31": "", "2019-09-30": "", "2019-06-30": "", "2019-03-31": "", "2018-12-31": "", "2018-09-30": "", "2018-06-30": "", "2018-03-31": "", "2017-12-31": "", "2017-09-30": "", "2017-06-30": "", "2017-03-31": "", "2016-12-31": "", "2016-09-30": "", "2016-06-30": "", "2016-03-31": "", "2015-12-31": "", "2015-09-30": "", "2015-06-30": "", "2015-03-31": "", "2014-12-31": "", "2014-09-30": "", "2014-06-30": "", "2014-03-31": "", "2013-12-31": "", "2013-09-30": "", "2013-06-30": "", "2013-03-31": "", "2012-12-31": "", "2012-09-30": "", "2012-06-30": "", "2012-03-31": "", "2011-12-31": "", "2011-09-30": "", "2011-06-30": "", "2011-03-31": "", "2010-12-31": "", "2010-09-30": "", "2010-06-30": "", "2010-03-31": "", "2009-12-31": "", "2009-09-30": "", "2009-06-30": "", "2009-03-31": "", "2008-12-31": "", "2008-09-30": "", "2008-06-30": "", "2008-03-31": "", "2007-12-31": "", "2007-09-30": "", "2007-06-30": "", "2007-03-31": "", "2006-12-31": "", "2006-09-30": "", "2006-06-30": "", "2006-03-31": "", "2005-12-31": "", "2005-09-30": "", "2005-06-30": "", "2005-03-31": ""}, "Pre-Tax Income": {"2020-12-31": "1515.00000", "2020-09-30": "1447.00000", "2020-06-30": "-2332.00000", "2020-03-31": "-338.00000", "2019-12-31": "1344.00000", "2019-09-30": "1725.00000", "2019-06-30": "876.00000", "2019-03-31": "1140.00000", "2018-12-31": "1053.00000", "2018-09-30": "1838.00000", "2018-06-30": "250.00000", "2018-03-31": "1693.00000", "2017-12-31": "1116.00000", "2017-09-30": "3021.00000", "2017-06-30": "608.00000", "2017-03-31": "1742.00000", "2016-12-31": "317.00000", "2016-09-30": "2315.00000", "2016-06-30": "1341.00000", "2016-03-31": "1732.00000", "2015-12-31": "843.00000", "2015-09-30": "2049.00000", "2015-06-30": "2129.00000", "2015-03-31": "2748.00000", "2014-12-31": "-1750.00000", "2014-09-30": "284.00000", "2014-06-30": "1507.00000", "2014-03-31": "1718.00000", "2013-12-31": "-882.00000", "2013-09-30": "1526.00000", "2013-06-30": "-769.00000", "2013-03-31": "-1559.00000", "2012-12-31": "-568.00000", "2012-09-30": "-930.00000", "2012-06-30": "2969.00000", "2012-03-31": "-763.00000", "2011-12-31": "846.00000", "2011-09-30": "2406.00000", "2011-06-30": "1084.00000", "2011-03-31": "628.00000", "2010-12-31": "-125.00000", "2010-09-30": "1750.00000", "2010-06-30": "1506.00000", "2010-03-31": "1009.00000", "2009-12-31": "683.00000", "2009-09-30": "848.00000", "2009-06-30": "-10.00000", "2009-03-31": "3.00000", "2008-12-31": "-1721.00000", "2008-09-30": "-196.00000", "2008-06-30": "628.00000", "2008-03-31": "63.00000", "2007-12-31": "993.00000", "2007-09-30": "1120.00000", "2007-06-30": "1143.00000", "2007-03-31": "1427.00000", "2006-12-31": "1371.00000", "2006-09-30": "1473.00000", "2006-06-30": "583.00000", "2006-03-31": "967.00000", "2005-12-31": "522.00000", "2005-09-30": "1118.00000", "2005-06-30": "1316.00000", "2005-03-31": "1318.00000"}, "Income Taxes": {"2020-12-31": "-88.00000", "2020-09-30": "-50.00000", "2020-06-30": "115.00000", "2020-03-31": "-58.00000", "2019-12-31": "221.00000", "2019-09-30": "332.00000", "2019-06-30": "162.00000", "2019-03-31": "232.00000", "2018-12-31": "218.00000", "2018-09-30": "184.00000", "2018-06-30": "68.00000", "2018-03-31": "352.00000", "2017-12-31": "-2758.00000", "2017-09-30": "800.00000", "2017-06-30": "125.00000", "2017-03-31": "395.00000", "2016-12-31": "35.00000", "2016-09-30": "501.00000", "2016-06-30": "431.00000", "2016-03-31": "368.00000", "2015-12-31": "110.00000", "2015-09-30": "584.00000", "2015-06-30": "679.00000", "2015-03-31": "699.00000", "2014-12-31": "-294.00000", "2014-09-30": "-234.00000", "2014-06-30": "404.00000", "2014-03-31": "473.00000", "2013-12-31": "-453.00000", "2013-09-30": "497.00000", "2013-06-30": "-275.00000", "2013-03-31": "-827.00000", "2012-12-31": "-381.00000", "2012-09-30": "-328.00000", "2012-06-30": "743.00000", "2012-03-31": "179.00000", "2011-12-31": "203.00000", "2011-09-30": "860.00000", "2011-06-30": "292.00000", "2011-03-31": "160.00000", "2010-12-31": "-58.00000", "2010-09-30": "524.00000", "2010-06-30": "426.00000", "2010-03-31": "351.00000", "2009-12-31": "256.00000", "2009-09-30": "-153.00000", "2009-06-30": "-163.00000", "2009-03-31": "-2.00000", "2008-12-31": "-451.00000", "2008-09-30": "-149.00000", "2008-06-30": "60.00000", "2008-03-31": "23.00000", "2007-12-31": "157.00000", "2007-09-30": "316.00000", "2007-06-30": "324.00000", "2007-03-31": "423.00000", "2006-12-31": "417.00000", "2006-09-30": "384.00000", "2006-06-30": "165.00000", "2006-03-31": "279.00000", "2005-12-31": "287.00000", "2005-09-30": "-261.00000", "2005-06-30": "389.00000", "2005-03-31": "388.00000"}, "Income After Taxes": {"2020-12-31": "1603.00000", "2020-09-30": "1497.00000", "2020-06-30": "-2447.00000", "2020-03-31": "-280.00000", "2019-12-31": "1123.00000", "2019-09-30": "1393.00000", "2019-06-30": "714.00000", "2019-03-31": "908.00000", "2018-12-31": "835.00000", "2018-09-30": "1654.00000", "2018-06-30": "182.00000", "2018-03-31": "1341.00000", "2017-12-31": "3874.00000", "2017-09-30": "2221.00000", "2017-06-30": "483.00000", "2017-03-31": "1347.00000", "2016-12-31": "282.00000", "2016-09-30": "1814.00000", "2016-06-30": "910.00000", "2016-03-31": "1364.00000", "2015-12-31": "733.00000", "2015-09-30": "1465.00000", "2015-06-30": "1450.00000", "2015-03-31": "2049.00000", "2014-12-31": "-1456.00000", "2014-09-30": "518.00000", "2014-06-30": "1103.00000", "2014-03-31": "1245.00000", "2013-12-31": "-429.00000", "2013-09-30": "1029.00000", "2013-06-30": "-494.00000", "2013-03-31": "-732.00000", "2012-12-31": "-187.00000", "2012-09-30": "-602.00000", "2012-06-30": "2226.00000", "2012-03-31": "-942.00000", "2011-12-31": "643.00000", "2011-09-30": "1546.00000", "2011-06-30": "792.00000", "2011-03-31": "468.00000", "2010-12-31": "-67.00000", "2010-09-30": "1226.00000", "2010-06-30": "1080.00000", "2010-03-31": "658.00000", "2009-12-31": "427.00000", "2009-09-30": "1001.00000", "2009-06-30": "153.00000", "2009-03-31": "5.00000", "2008-12-31": "-1270.00000", "2008-09-30": "-47.00000", "2008-06-30": "568.00000", "2008-03-31": "40.00000", "2007-12-31": "836.00000", "2007-09-30": "804.00000", "2007-06-30": "819.00000", "2007-03-31": "1004.00000", "2006-12-31": "954.00000", "2006-09-30": "1089.00000", "2006-06-30": "418.00000", "2006-03-31": "688.00000", "2005-12-31": "235.00000", "2005-09-30": "1379.00000", "2005-06-30": "927.00000", "2005-03-31": "930.00000"}, "Other Income": {"2020-12-31": "-615.00000", "2020-09-30": "", "2020-06-30": "", "2020-03-31": "", "2019-12-31": "", "2019-09-30": "", "2019-06-30": "", "2019-03-31": "", "2018-12-31": "", "2018-09-30": "", "2018-06-30": "", "2018-03-31": "", "2017-12-31": "", "2017-09-30": "", "2017-06-30": "", "2017-03-31": "", "2016-12-31": "", "2016-09-30": "", "2016-06-30": "", "2016-03-31": "", "2015-12-31": "", "2015-09-30": "", "2015-06-30": "", "2015-03-31": "", "2014-12-31": "", "2014-09-30": "", "2014-06-30": "", "2014-03-31": "", "2013-12-31": "", "2013-09-30": "", "2013-06-30": "", "2013-03-31": "", "2012-12-31": "", "2012-09-30": "", "2012-06-30": "", "2012-03-31": "", "2011-12-31": "", "2011-09-30": "", "2011-06-30": "", "2011-03-31": "", "2010-12-31": "", "2010-09-30": "", "2010-06-30": "", "2010-03-31": "", "2009-12-31": "", "2009-09-30": "", "2009-06-30": "", "2009-03-31": "", "2008-12-31": "", "2008-09-30": "", "2008-06-30": "", "2008-03-31": "", "2007-12-31": "", "2007-09-30": "", "2007-06-30": "", "2007-03-31": "", "2006-12-31": "", "2006-09-30": "", "2006-06-30": "", "2006-03-31": "", "2005-12-31": "", "2005-09-30": "", "2005-06-30": "", "2005-03-31": ""}, "Income From Continuous Operations": {"2020-12-31": "1157.00000", "2020-09-30": "1507.00000", "2020-06-30": "-2405.00000", "2020-03-31": "-270.00000", "2019-12-31": "1138.00000", "2019-09-30": "1425.00000", "2019-06-30": "738.00000", "2019-03-31": "937.00000", "2018-12-31": "849.00000", "2018-09-30": "1675.00000", "2018-06-30": "200.00000", "2018-03-31": "1364.00000", "2017-12-31": "3865.00000", "2017-09-30": "2241.00000", "2017-06-30": "496.00000", "2017-03-31": "1372.00000", "2016-12-31": "293.00000", "2016-09-30": "1832.00000", "2016-06-30": "925.00000", "2016-03-31": "1369.00000", "2015-12-31": "740.00000", "2015-09-30": "1467.00000", "2015-06-30": "1459.00000", "2015-03-31": "2046.00000", "2014-12-31": "-1451.00000", "2014-09-30": "523.00000", "2014-06-30": "1109.00000", "2014-03-31": "1245.00000", "2013-12-31": "-424.00000", "2013-09-30": "1032.00000", "2013-06-30": "-489.00000", "2013-03-31": "-686.00000", "2012-12-31": "-185.00000", "2012-09-30": "-557.00000", "2012-06-30": "2232.00000", "2012-03-31": "-935.00000", "2011-12-31": "644.00000", "2011-09-30": "1613.00000", "2011-06-30": "802.00000", "2011-03-31": "572.00000", "2010-12-31": "-18.00000", "2010-09-30": "1240.00000", "2010-06-30": "1089.00000", "2010-03-31": "668.00000", "2009-12-31": "1920.00000", "2009-09-30": "1032.00000", "2009-06-30": "158.00000", "2009-03-31": "-1.00000", "2008-12-31": "-1655.00000", "2008-09-30": "-176.00000", "2008-06-30": "592.00000", "2008-03-31": "83.00000", "2007-12-31": "882.00000", "2007-09-30": "871.00000", "2007-06-30": "875.00000", "2007-03-31": "1081.00000", "2006-12-31": "1016.00000", "2006-09-30": "1139.00000", "2006-06-30": "463.00000", "2006-03-31": "739.00000", "2005-12-31": "377.00000", "2005-09-30": "1379.00000", "2005-06-30": "927.00000", "2005-03-31": "930.00000"}, "Income From Discontinued Operations": {"2020-12-31": "", "2020-09-30": "", "2020-06-30": "", "2020-03-31": "", "2019-12-31": "", "2019-09-30": "", "2019-06-30": "", "2019-03-31": "", "2018-12-31": "", "2018-09-30": "", "2018-06-30": "", "2018-03-31": "", "2017-12-31": "", "2017-09-30": "", "2017-06-30": "", "2017-03-31": "", "2016-12-31": "", "2016-09-30": "", "2016-06-30": "", "2016-03-31": "", "2015-12-31": "", "2015-09-30": "0.00000", "2015-06-30": "0.00000", "2015-03-31": "", "2014-12-31": "4.00000", "2014-09-30": "", "2014-06-30": "4.00000", "2014-03-31": "4.00000", "2013-12-31": "-4.00000", "2013-09-30": "8.00000", "2013-06-30": "2.00000", "2013-03-31": "1.00000", "2012-12-31": "3.00000", "2012-09-30": "-2.00000", "2012-06-30": "7.00000", "2012-03-31": "7.00000", "2011-12-31": "14.00000", "2011-09-30": "-9.00000", "2011-06-30": "16.00000", "2011-03-31": "14.00000", "2010-12-31": "13.00000", "2010-09-30": "2.00000", "2010-06-30": "15.00000", "2010-03-31": "3.00000", "2009-12-31": "-45.00000", "2009-09-30": "0.00000", "2009-06-30": "22.00000", "2009-03-31": "4.00000", "2008-12-31": "72.00000", "2008-09-30": "5.00000", "2008-06-30": "-3.00000", "2008-03-31": "1.00000", "2007-12-31": "14.00000", "2007-09-30": "-4.00000", "2007-06-30": "-29.00000", "2007-03-31": "39.00000", "2006-12-31": "21.00000", "2006-09-30": "66.00000", "2006-06-30": "-10.00000", "2006-03-31": "-6.00000", "2005-12-31": "-13.00000", "2005-09-30": "-15.00000", "2005-06-30": "-44.00000", "2005-03-31": "-1.00000"}, "Net Income": {"2020-12-31": "819.00000", "2020-09-30": "1487.00000", "2020-06-30": "-2409.00000", "2020-03-31": "-271.00000", "2019-12-31": "1128.00000", "2019-09-30": "1418.00000", "2019-06-30": "708.00000", "2019-03-31": "932.00000", "2018-12-31": "842.00000", "2018-09-30": "1672.00000", "2018-06-30": "197.00000", "2018-03-31": "1363.00000", "2017-12-31": "3765.00000", "2017-09-30": "2238.00000", "2017-06-30": "491.00000", "2017-03-31": "1369.00000", "2016-12-31": "284.00000", "2016-09-30": "1827.00000", "2016-06-30": "921.00000", "2016-03-31": "1336.00000", "2015-12-31": "735.00000", "2015-09-30": "1465.00000", "2015-06-30": "1406.00000", "2015-03-31": "2036.00000", "2014-12-31": "-1459.00000", "2014-09-30": "512.00000", "2014-06-30": "1090.00000", "2014-03-31": "1238.00000", "2013-12-31": "-460.00000", "2013-09-30": "1027.00000", "2013-06-30": "-514.00000", "2013-03-31": "-720.00000", "2012-12-31": "-181.00000", "2012-09-30": "-584.00000", "2012-06-30": "2224.00000", "2012-03-31": "-939.00000", "2011-12-31": "688.00000", "2011-09-30": "1594.00000", "2011-06-30": "789.00000", "2011-03-31": "561.00000", "2010-12-31": "-17.00000", "2010-09-30": "1244.00000", "2010-06-30": "1077.00000", "2010-03-31": "697.00000", "2009-12-31": "1865.00000", "2009-09-30": "1082.00000", "2009-06-30": "163.00000", "2009-03-31": "14.00000", "2008-12-31": "-1582.00000", "2008-09-30": "-176.00000", "2008-06-30": "581.00000", "2008-03-31": "60.00000", "2007-12-31": "829.00000", "2007-09-30": "867.00000", "2007-06-30": "846.00000", "2007-03-31": "1120.00000", "2006-12-31": "1037.00000", "2006-09-30": "1205.00000", "2006-06-30": "453.00000", "2006-03-31": "733.00000", "2005-12-31": "364.00000", "2005-09-30": "1364.00000", "2005-06-30": "883.00000", "2005-03-31": "929.00000"}, "EBITDA": {"2020-12-31": "", "2020-09-30": "1512.00000", "2020-06-30": "-2278.00000", "2020-03-31": "-9.00000", "2019-12-31": "1452.00000", "2019-09-30": "2166.00000", "2019-06-30": "767.00000", "2019-03-31": "1160.00000", "2018-12-31": "1169.00000", "2018-09-30": "1835.00000", "2018-06-30": "320.00000", "2018-03-31": "1671.00000", "2017-12-31": "1067.00000", "2017-09-30": "3185.00000", "2017-06-30": "765.00000", "2017-03-31": "1692.00000", "2016-12-31": "233.00000", "2016-09-30": "2293.00000", "2016-06-30": "1598.00000", "2016-03-31": "1899.00000", "2015-12-31": "830.00000", "2015-09-30": "2223.00000", "2015-06-30": "1911.00000", "2015-03-31": "2918.00000", "2014-12-31": "-1573.00000", "2014-09-30": "559.00000", "2014-06-30": "1645.00000", "2014-03-31": "1759.00000", "2013-12-31": "-809.00000", "2013-09-30": "1703.00000", "2013-06-30": "-717.00000", "2013-03-31": "-1450.00000", "2012-12-31": "-496.00000", "2012-09-30": "-903.00000", "2012-06-30": "3067.00000", "2012-03-31": "-658.00000", "2011-12-31": "934.00000", "2011-09-30": "2441.00000", "2011-06-30": "1270.00000", "2011-03-31": "609.00000", "2010-12-31": "-173.00000", "2010-09-30": "1733.00000", "2010-06-30": "1498.00000", "2010-03-31": "978.00000", "2009-12-31": "700.00000", "2009-09-30": "814.00000", "2009-06-30": "40.00000", "2009-03-31": "145.00000", "2008-12-31": "-1377.00000", "2008-09-30": "-31.00000", "2008-06-30": "730.00000", "2008-03-31": "169.00000", "2007-12-31": "1173.00000", "2007-09-30": "1182.00000", "2007-06-30": "1178.00000", "2007-03-31": "1489.00000", "2006-12-31": "1449.00000", "2006-09-30": "1609.00000", "2006-06-30": "635.00000", "2006-03-31": "1051.00000", "2005-12-31": "576.00000", "2005-09-30": "1308.00000", "2005-06-30": "1454.00000", "2005-03-31": "1437.00000"}, "EBIT": {"2020-12-31": "1919.00000", "2020-09-30": "1447.00000", "2020-06-30": "-2332.00000", "2020-03-31": "-338.00000", "2019-12-31": "1344.00000", "2019-09-30": "1725.00000", "2019-06-30": "876.00000", "2019-03-31": "1140.00000", "2018-12-31": "1053.00000", "2018-09-30": "1838.00000", "2018-06-30": "250.00000", "2018-03-31": "1693.00000", "2017-12-31": "1116.00000", "2017-09-30": "3021.00000", "2017-06-30": "608.00000", "2017-03-31": "1742.00000", "2016-12-31": "317.00000", "2016-09-30": "2315.00000", "2016-06-30": "1341.00000", "2016-03-31": "1732.00000", "2015-12-31": "843.00000", "2015-09-30": "2049.00000", "2015-06-30": "2129.00000", "2015-03-31": "2748.00000", "2014-12-31": "-1750.00000", "2014-09-30": "284.00000", "2014-06-30": "1507.00000", "2014-03-31": "1718.00000", "2013-12-31": "-882.00000", "2013-09-30": "1526.00000", "2013-06-30": "-769.00000", "2013-03-31": "-1559.00000", "2012-12-31": "-568.00000", "2012-09-30": "-930.00000", "2012-06-30": "2969.00000", "2012-03-31": "-763.00000", "2011-12-31": "846.00000", "2011-09-30": "2406.00000", "2011-06-30": "1084.00000", "2011-03-31": "628.00000", "2010-12-31": "-125.00000", "2010-09-30": "1750.00000", "2010-06-30": "1506.00000", "2010-03-31": "1009.00000", "2009-12-31": "683.00000", "2009-09-30": "848.00000", "2009-06-30": "-10.00000", "2009-03-31": "3.00000", "2008-12-31": "-1721.00000", "2008-09-30": "-196.00000", "2008-06-30": "628.00000", "2008-03-31": "63.00000", "2007-12-31": "993.00000", "2007-09-30": "1120.00000", "2007-06-30": "1143.00000", "2007-03-31": "1427.00000", "2006-12-31": "1371.00000", "2006-09-30": "1473.00000", "2006-06-30": "583.00000", "2006-03-31": "967.00000", "2005-12-31": "522.00000", "2005-09-30": "1118.00000", "2005-06-30": "1316.00000", "2005-03-31": "1318.00000"}, "Basic Shares Outstanding": {"2020-12-31": "396.20000", "2020-09-30": "395.30000", "2020-06-30": "394.60000", "2020-03-31": "397.00000", "2019-12-31": "404.80000", "2019-09-30": "404.10000", "2019-06-30": "405.30000", "2019-03-31": "409.20000", "2018-12-31": "417.60000", "2018-09-30": "416.20000", "2018-06-30": "419.50000", "2018-03-31": "422.00000", "2017-12-31": "427.00000", "2017-09-30": "426.20000", "2017-06-30": "428.30000", "2017-03-31": "429.90000", "2016-12-31": "438.20000", "2016-09-30": "435.90000", "2016-06-30": "441.10000", "2016-03-31": "445.30000", "2015-12-31": "451.70000", "2015-09-30": "451.00000", "2015-06-30": "452.60000", "2015-03-31": "454.30000", "2014-12-31": "458.50000", "2014-09-30": "458.00000", "2014-06-30": "459.40000", "2014-03-31": "460.90000", "2013-12-31": "463.10000", "2013-09-30": "462.60000", "2013-06-30": "464.10000", "2013-03-31": "464.30000", "2012-12-31": "465.60000", "2012-09-30": "464.40000", "2012-06-30": "466.10000", "2012-03-31": "469.20000", "2011-12-31": "480.20000", "2011-09-30": "481.20000", "2011-06-30": "486.00000", "2011-03-31": "484.90000", "2010-12-31": "466.80000", "2010-09-30": "464.80000", "2010-06-30": "464.30000", "2010-03-31": "463.00000", "2009-12-31": "444.60000", "2009-09-30": "461.20000", "2009-06-30": "432.90000", "2009-03-31": "422.10000", "2008-12-31": "429.70000", "2008-09-30": "423.80000", "2008-06-30": "431.90000", "2008-03-31": "442.10000", "2007-12-31": "459.80000", "2007-09-30": "457.00000", "2007-06-30": "466.00000", "2007-03-31": "468.40000", "2006-12-31": "484.20000", "2006-09-30": "480.80000", "2006-06-30": "488.20000", "2006-03-31": "494.60000", "2005-12-31": "511.80000", "2005-09-30": "509.10000", "2005-06-30": "516.50000", "2005-03-31": "521.80000"}, "Shares Outstanding": {"2020-12-31": "398.30000", "2020-09-30": "397.10000", "2020-06-30": "394.60000", "2020-03-31": "397.00000", "2019-12-31": "410.90000", "2019-09-30": "408.50000", "2019-06-30": "413.90000", "2019-03-31": "417.60000", "2018-12-31": "426.20000", "2018-09-30": "424.70000", "2018-06-30": "428.00000", "2018-03-31": "430.90000", "2017-12-31": "436.00000", "2017-09-30": "435.00000", "2017-06-30": "437.20000", "2017-03-31": "439.10000", "2016-12-31": "446.60000", "2016-09-30": "444.30000", "2016-06-30": "449.30000", "2016-03-31": "453.20000", "2015-12-31": "460.40000", "2015-09-30": "459.70000", "2015-06-30": "461.40000", "2015-03-31": "463.00000", "2014-12-31": "467.70000", "2014-09-30": "467.20000", "2014-06-30": "468.50000", "2014-03-31": "470.30000", "2013-12-31": "463.10000", "2013-09-30": "472.00000", "2013-06-30": "464.10000", "2013-03-31": "464.30000", "2012-12-31": "468.10000", "2012-09-30": "464.40000", "2012-06-30": "473.50000", "2012-03-31": "469.20000", "2011-12-31": "488.70000", "2011-09-30": "489.30000", "2011-06-30": "494.80000", "2011-03-31": "493.90000", "2010-12-31": "475.40000", "2010-09-30": "473.20000", "2010-06-30": "473.30000", "2010-03-31": "471.50000", "2009-12-31": "448.20000", "2009-09-30": "464.60000", "2009-06-30": "434.30000", "2009-03-31": "423.20000", "2008-12-31": "429.70000", "2008-09-30": "423.80000", "2008-06-30": "436.00000", "2008-03-31": "446.90000", "2007-12-31": "466.20000", "2007-09-30": "464.90000", "2007-06-30": "474.90000", "2007-03-31": "477.20000", "2006-12-31": "494.00000", "2006-09-30": "490.50000", "2006-06-30": "497.10000", "2006-03-31": "504.10000", "2005-12-31": "520.90000", "2005-09-30": "518.30000", "2005-06-30": "525.20000", "2005-03-31": "530.00000"}, "Basic EPS": {"2020-12-31": "2.06710", "2020-09-30": "3.72000", "2020-06-30": "-6.12000", "2020-03-31": "-0.70000", "2019-12-31": "2.78000", "2019-09-30": "3.47000", "2019-06-30": "1.73000", "2019-03-31": "2.25000", "2018-12-31": "2.02000", "2018-09-30": "3.97000", "2018-06-30": "0.46000", "2018-03-31": "3.19000", "2017-12-31": "8.73000", "2017-09-30": "5.19000", "2017-06-30": "1.13000", "2017-03-31": "3.14000", "2016-12-31": "0.68000", "2016-09-30": "4.14000", "2016-06-30": "2.06000", "2016-03-31": "2.97000", "2015-12-31": "1.64000", "2015-09-30": "3.22000", "2015-06-30": "3.07000", "2015-03-31": "4.44000", "2014-12-31": "-2.64000", "2014-09-30": "1.00000", "2014-06-30": "2.26000", "2014-03-31": "2.63000", "2013-12-31": "-0.92000", "2013-09-30": "2.07000", "2013-06-30": "-1.12000", "2013-03-31": "-1.58000", "2012-12-31": "-0.32000", "2012-09-30": "-1.34000", "2012-06-30": "4.75000", "2012-03-31": "-2.03000", "2011-12-31": "1.27000", "2011-09-30": "3.22000", "2011-06-30": "1.60000", "2011-03-31": "1.12000", "2010-12-31": "0.00000", "2010-09-30": "2.50000", "2010-06-30": "1.72000", "2010-03-31": "1.16000", "2009-12-31": "4.06000", "2009-09-30": "2.36000", "2009-06-30": "1.25000", "2009-03-31": "0.01000", "2008-12-31": "-3.79000", "2008-09-30": "-0.25000", "2008-06-30": "1.33000", "2008-03-31": "0.18000", "2007-12-31": "1.65000", "2007-09-30": "1.91000", "2007-06-30": "1.83000", "2007-03-31": "2.22000", "2006-12-31": "1.90000", "2006-09-30": "2.43000", "2006-06-30": "0.90000", "2006-03-31": "1.40000", "2005-12-31": "0.81000", "2005-09-30": "2.63000", "2005-06-30": "1.50000", "2005-03-31": "1.51000"}, "EPS - Earnings Per Share": {"2020-12-31": "2.03000", "2020-09-30": "3.70000", "2020-06-30": "-6.12000", "2020-03-31": "-0.70000", "2019-12-31": "2.74000", "2019-09-30": "3.44000", "2019-06-30": "1.71000", "2019-03-31": "2.22000", "2018-12-31": "2.00000", "2018-09-30": "3.90000", "2018-06-30": "0.46000", "2018-03-31": "3.14000", "2017-12-31": "8.56000", "2017-09-30": "5.09000", "2017-06-30": "1.12000", "2017-03-31": "3.09000", "2016-12-31": "0.67000", "2016-09-30": "4.07000", "2016-06-30": "2.04000", "2016-03-31": "2.93000", "2015-12-31": "1.61000", "2015-09-30": "3.16000", "2015-06-30": "3.03000", "2015-03-31": "4.37000", "2014-12-31": "-2.57000", "2014-09-30": "0.99000", "2014-06-30": "2.22000", "2014-03-31": "2.59000", "2013-12-31": "-0.89000", "2013-09-30": "2.04000", "2013-06-30": "-1.12000", "2013-03-31": "-1.58000", "2012-12-31": "-0.27000", "2012-09-30": "-1.34000", "2012-06-30": "4.69000", "2012-03-31": "-2.03000", "2011-12-31": "1.26000", "2011-09-30": "3.18000", "2011-06-30": "1.58000", "2011-03-31": "1.10000", "2010-12-31": "0.01000", "2010-09-30": "2.46000", "2010-06-30": "1.70000", "2010-03-31": "1.15000", "2009-12-31": "4.02000", "2009-09-30": "2.35000", "2009-06-30": "1.25000", "2009-03-31": "0.01000", "2008-12-31": "-3.78000", "2008-09-30": "-0.25000", "2008-06-30": "1.32000", "2008-03-31": "0.18000", "2007-12-31": "1.65000", "2007-09-30": "1.88000", "2007-06-30": "1.80000", "2007-03-31": "2.18000", "2006-12-31": "1.85000", "2006-09-30": "2.38000", "2006-06-30": "0.89000", "2006-03-31": "1.38000", "2005-12-31": "0.78000", "2005-09-30": "2.59000", "2005-06-30": "1.48000", "2005-03-31": "1.49000"}}, "balance sheet": {"Cash On Hand": {"2020-12-31": "13701.00000", "2019-12-31": "16327.00000", "2018-12-31": "15353.00000", "2017-12-31": "14490.00000", "2016-12-31": "14127.00000", "2015-12-31": "17612.00000", "2014-12-31": "14918.00000", "2013-12-31": "11439.00000", "2012-12-31": "18100.00000", "2011-12-31": "14251.00000", "2010-12-31": "12915.00000", "2009-12-31": "13164.00000", "2008-12-31": "15028.00000", "2007-12-31": "11060.00000", "2006-12-31": "8589.00000", "2005-12-31": "7799.00000"}, "Receivables": {"2020-12-31": "", "2019-12-31": "", "2018-12-31": "", "2017-12-31": "", "2016-12-31": "", "2015-12-31": "", "2014-12-31": "", "2013-12-31": "", "2012-12-31": "", "2011-12-31": "", "2010-12-31": "", "2009-12-31": "", "2008-12-31": "", "2007-12-31": "", "2006-12-31": "1958.00000", "2005-12-31": "3548.00000"}, "Inventory": {"2020-12-31": "", "2019-12-31": "", "2018-12-31": "", "2017-12-31": "", "2016-12-31": "", "2015-12-31": "", "2014-12-31": "", "2013-12-31": "", "2012-12-31": "", "2011-12-31": "", "2010-12-31": "", "2009-12-31": "", "2008-12-31": "", "2007-12-31": "", "2006-12-31": "", "2005-12-31": ""}, "Pre-Paid Expenses": {"2020-12-31": "", "2019-12-31": "", "2018-12-31": "", "2017-12-31": "", "2016-12-31": "", "2015-12-31": "", "2014-12-31": "", "2013-12-31": "", "2012-12-31": "", "2011-12-31": "", "2010-12-31": "", "2009-12-31": "", "2008-12-31": "", "2007-12-31": "", "2006-12-31": "", "2005-12-31": ""}, "Other Current Assets": {"2020-12-31": "", "2019-12-31": "", "2018-12-31": "", "2017-12-31": "", "2016-12-31": "", "2015-12-31": "", "2014-12-31": "", "2013-12-31": "", "2012-12-31": "", "2011-12-31": "", "2010-12-31": "", "2009-12-31": "", "2008-12-31": "", "2007-12-31": "", "2006-12-31": "", "2005-12-31": ""}, "Total Current Assets": {"2020-12-31": "13701.00000", "2019-12-31": "16327.00000", "2018-12-31": "15353.00000", "2017-12-31": "14490.00000", "2016-12-31": "14127.00000", "2015-12-31": "17612.00000", "2014-12-31": "14918.00000", "2013-12-31": "11439.00000", "2012-12-31": "18100.00000", "2011-12-31": "14251.00000", "2010-12-31": "12915.00000", "2009-12-31": "13164.00000", "2008-12-31": "15028.00000", "2007-12-31": "11060.00000", "2006-12-31": "10547.00000", "2005-12-31": "11347.00000"}, "Property, Plant, And Equipment": {"2020-12-31": "", "2019-12-31": "", "2018-12-31": "", "2017-12-31": "", "2016-12-31": "", "2015-12-31": "", "2014-12-31": "", "2013-12-31": "", "2012-12-31": "", "2011-12-31": "", "2010-12-31": "", "2009-12-31": "", "2008-12-31": "", "2007-12-31": "", "2006-12-31": "", "2005-12-31": ""}, "Long-Term Investments": {"2020-12-31": "556813.00000", "2019-12-31": "526090.00000", "2018-12-31": "482563.00000", "2017-12-31": "473196.00000", "2016-12-31": "447444.00000", "2015-12-31": "420302.00000", "2014-12-31": "423116.00000", "2013-12-31": "401262.00000", "2012-12-31": "408709.00000", "2011-12-31": "359040.00000", "2010-12-31": "286289.00000", "2009-12-31": "262874.00000", "2008-12-31": "244291.00000", "2007-12-31": "245731.00000", "2006-12-31": "237559.00000", "2005-12-31": "223468.00000"}, "Goodwill And Intangible Assets": {"2020-12-31": "", "2019-12-31": "", "2018-12-31": "", "2017-12-31": "", "2016-12-31": "", "2015-12-31": "", "2014-12-31": "", "2013-12-31": "", "2012-12-31": "", "2011-12-31": "", "2010-12-31": "", "2009-12-31": "", "2008-12-31": "", "2007-12-31": "", "2006-12-31": "", "2005-12-31": ""}, "Other Long-Term Assets": {"2020-12-31": "351181.00000", "2019-12-31": "334223.00000", "2018-12-31": "297104.00000", "2017-12-31": "325458.00000", "2016-12-31": "304730.00000", "2015-12-31": "302623.00000", "2014-12-31": "312650.00000", "2013-12-31": "302568.00000", "2012-12-31": "268326.00000", "2011-12-31": "234436.00000", "2010-12-31": "224215.00000", "2009-12-31": "189587.00000", "2008-12-31": "169460.00000", "2007-12-31": "216684.00000", "2006-12-31": "195297.00000", "2005-12-31": "169121.00000"}, "Total Long-Term Assets": {"2020-12-31": "927021.00000", "2019-12-31": "880225.00000", "2018-12-31": "799725.00000", "2017-12-31": "817646.00000", "2016-12-31": "769835.00000", "2015-12-31": "739643.00000", "2014-12-31": "751737.00000", "2013-12-31": "720342.00000", "2012-12-31": "691135.00000", "2011-12-31": "605993.00000", "2010-12-31": "526939.00000", "2009-12-31": "467039.00000", "2008-12-31": "429983.00000", "2007-12-31": "474754.00000", "2006-12-31": "443719.00000", "2005-12-31": "402027.00000"}, "Total Assets": {"2020-12-31": "940722.00000", "2019-12-31": "896552.00000", "2018-12-31": "815078.00000", "2017-12-31": "832136.00000", "2016-12-31": "783962.00000", "2015-12-31": "757255.00000", "2014-12-31": "766655.00000", "2013-12-31": "731781.00000", "2012-12-31": "709235.00000", "2011-12-31": "620244.00000", "2010-12-31": "539854.00000", "2009-12-31": "480203.00000", "2008-12-31": "445011.00000", "2007-12-31": "485814.00000", "2006-12-31": "454266.00000", "2005-12-31": "413374.00000"}, "Total Current Liabilities": {"2020-12-31": "468950.00000", "2019-12-31": "447570.00000", "2018-12-31": "426635.00000", "2017-12-31": "406886.00000", "2016-12-31": "387246.00000", "2015-12-31": "362384.00000", "2014-12-31": "357755.00000", "2013-12-31": "346185.00000", "2012-12-31": "352947.00000", "2011-12-31": "307565.00000", "2010-12-31": "242297.00000", "2009-12-31": "230495.00000", "2008-12-31": "232099.00000", "2007-12-31": "211388.00000", "2006-12-31": "201597.00000", "2005-12-31": "191714.00000"}, "Long Term Debt": {"2020-12-31": "19718.00000", "2019-12-31": "18646.00000", "2018-12-31": "17378.00000", "2017-12-31": "17172.00000", "2016-12-31": "18041.00000", "2015-12-31": "19594.00000", "2014-12-31": "19831.00000", "2013-12-31": "23553.00000", "2012-12-31": "24729.00000", "2011-12-31": "24622.00000", "2010-12-31": "23653.00000", "2009-12-31": "21037.00000", "2008-12-31": "20290.00000", "2007-12-31": "14101.00000", "2006-12-31": "11423.00000", "2005-12-31": "8270.00000"}, "Other Non-Current Liabilities": {"2020-12-31": "371822.00000", "2019-12-31": "355239.00000", "2018-12-31": "314098.00000", "2017-12-31": "343919.00000", "2016-12-31": "322175.00000", "2015-12-31": "324640.00000", "2014-12-31": "336839.00000", "2013-12-31": "320740.00000", "2012-12-31": "283935.00000", "2011-12-31": "246658.00000", "2010-12-31": "234623.00000", "2009-12-31": "198928.00000", "2008-12-31": "178377.00000", "2007-12-31": "233315.00000", "2006-12-31": "215246.00000", "2005-12-31": "188413.00000"}, "Total Long Term Liabilities": {"2020-12-31": "403562.00000", "2019-12-31": "385263.00000", "2018-12-31": "339412.00000", "2017-12-31": "370739.00000", "2016-12-31": "350628.00000", "2015-12-31": "352948.00000", "2014-12-31": "366551.00000", "2013-12-31": "349715.00000", "2012-12-31": "317176.00000", "2011-12-31": "277838.00000", "2010-12-31": "264629.00000", "2009-12-31": "223979.00000", "2008-12-31": "199126.00000", "2007-12-31": "250969.00000", "2006-12-31": "229777.00000", "2005-12-31": "198897.00000"}, "Total Liabilities": {"2020-12-31": "872512.00000", "2019-12-31": "832833.00000", "2018-12-31": "766047.00000", "2017-12-31": "777625.00000", "2016-12-31": "737874.00000", "2015-12-31": "715332.00000", "2014-12-31": "724306.00000", "2013-12-31": "695900.00000", "2012-12-31": "670123.00000", "2011-12-31": "585403.00000", "2010-12-31": "506926.00000", "2009-12-31": "454474.00000", "2008-12-31": "431225.00000", "2007-12-31": "462357.00000", "2006-12-31": "431374.00000", "2005-12-31": "390611.00000"}, "Common Stock Net": {"2020-12-31": "", "2019-12-31": "6.00000", "2018-12-31": "6.00000", "2017-12-31": "6.00000", "2016-12-31": "6.00000", "2015-12-31": "6.00000", "2014-12-31": "6.00000", "2013-12-31": "6.00000", "2012-12-31": "6.00000", "2011-12-31": "6.00000", "2010-12-31": "6.00000", "2009-12-31": "6.00000", "2008-12-31": "6.00000", "2007-12-31": "6.00000", "2006-12-31": "6.00000", "2005-12-31": "6.00000"}, "Retained Earnings (Accumulated Deficit)": {"2020-12-31": "", "2019-12-31": "32991.00000", "2018-12-31": "30470.00000", "2017-12-31": "28671.00000", "2016-12-31": "21946.00000", "2015-12-31": "18931.00000", "2014-12-31": "14888.00000", "2013-12-31": "14531.00000", "2012-12-31": "16066.00000", "2011-12-31": "16629.00000", "2010-12-31": "16381.00000", "2009-12-31": "13787.00000", "2008-12-31": "10426.00000", "2007-12-31": "11841.00000", "2006-12-31": "8844.00000", "2005-12-31": "5947.00000"}, "Comprehensive Income": {"2020-12-31": "30738.00000", "2019-12-31": "24039.00000", "2018-12-31": "10906.00000", "2017-12-31": "17074.00000", "2016-12-31": "14621.00000", "2015-12-31": "12285.00000", "2014-12-31": "16050.00000", "2013-12-31": "8681.00000", "2012-12-31": "10214.00000", "2011-12-31": "5245.00000", "2010-12-31": "2978.00000", "2009-12-31": "-443.00000", "2008-12-31": "-7343.00000", "2007-12-31": "447.00000", "2006-12-31": "519.00000", "2005-12-31": "1234.00000"}, "Other Share Holders Equity": {"2020-12-31": "36687.00000", "2019-12-31": "", "2018-12-31": "", "2017-12-31": "", "2016-12-31": "", "2015-12-31": "", "2014-12-31": "", "2013-12-31": "", "2012-12-31": "", "2011-12-31": "", "2010-12-31": "", "2009-12-31": "", "2008-12-31": "", "2007-12-31": "", "2006-12-31": "", "2005-12-31": ""}, "Share Holder Equity": {"2020-12-31": "68210.00000", "2019-12-31": "63719.00000", "2018-12-31": "49031.00000", "2017-12-31": "54511.00000", "2016-12-31": "46088.00000", "2015-12-31": "41923.00000", "2014-12-31": "42349.00000", "2013-12-31": "35881.00000", "2012-12-31": "39112.00000", "2011-12-31": "34841.00000", "2010-12-31": "32928.00000", "2009-12-31": "25729.00000", "2008-12-31": "13786.00000", "2007-12-31": "23457.00000", "2006-12-31": "22892.00000", "2005-12-31": "22763.00000"}, "Total Liabilities And Share Holders Equity": {"2020-12-31": "940722.00000", "2019-12-31": "896552.00000", "2018-12-31": "815078.00000", "2017-12-31": "832136.00000", "2016-12-31": "783962.00000", "2015-12-31": "757255.00000", "2014-12-31": "766655.00000", "2013-12-31": "731781.00000", "2012-12-31": "709235.00000", "2011-12-31": "620244.00000", "2010-12-31": "539854.00000", "2009-12-31": "480203.00000", "2008-12-31": "445011.00000", "2007-12-31": "485814.00000", "2006-12-31": "454266.00000", "2005-12-31": "413374.00000"}}, "balance sheet, quarterly": {"Cash On Hand": {"2020-12-31": "13701.00000", "2020-09-30": "20658.00000", "2020-06-30": "21149.00000", "2020-03-31": "31646.00000", "2019-12-31": "16327.00000", "2019-09-30": "18289.00000", "2019-06-30": "15421.00000", "2019-03-31": "14699.00000", "2018-12-31": "15353.00000", "2018-09-30": "12466.00000", "2018-06-30": "14918.00000", "2018-03-31": "15676.00000", "2017-12-31": "14490.00000", "2017-09-30": "14541.00000", "2017-06-30": "16605.00000", "2017-03-31": "13308.00000", "2016-12-31": "14127.00000", "2016-09-30": "24728.00000", "2016-06-30": "24142.00000", "2016-03-31": "22492.00000", "2015-12-31": "17612.00000", "2015-09-30": "20207.00000", "2015-06-30": "17038.00000", "2015-03-31": "19119.00000", "2014-12-31": "14918.00000", "2014-09-30": "17222.00000", "2014-06-30": "12160.00000", "2014-03-31": "12472.00000", "2013-12-31": "11439.00000", "2013-09-30": "12650.00000", "2013-06-30": "13045.00000", "2013-03-31": "14477.00000", "2012-12-31": "18100.00000", "2012-09-30": "13906.00000", "2012-06-30": "14242.00000", "2012-03-31": "14201.00000", "2011-12-31": "14251.00000", "2011-09-30": "15526.00000", "2011-06-30": "13909.00000", "2011-03-31": "10995.00000", "2010-12-31": "12915.00000", "2010-09-30": "11973.00000", "2010-06-30": "11352.00000", "2010-03-31": "9626.00000", "2009-12-31": "13164.00000", "2009-09-30": "11971.00000", "2009-06-30": "13491.00000", "2009-03-31": "14336.00000", "2008-12-31": "15028.00000", "2008-09-30": "11361.00000", "2008-06-30": "9943.00000", "2008-03-31": "9760.00000", "2007-12-31": "11060.00000", "2007-09-30": "9905.00000", "2007-06-30": "6471.00000", "2007-03-31": "6808.00000", "2006-12-31": "8589.00000", "2006-09-30": "9567.00000", "2006-06-30": "8411.00000", "2006-03-31": "8598.00000", "2005-12-31": "7799.00000", "2005-09-30": "8376.00000", "2005-06-30": "8285.00000", "2005-03-31": "8497.00000"}, "Receivables": {"2020-12-31": "", "2020-09-30": "", "2020-06-30": "", "2020-03-31": "", "2019-12-31": "", "2019-09-30": "", "2019-06-30": "", "2019-03-31": "", "2018-12-31": "", "2018-09-30": "", "2018-06-30": "", "2018-03-31": "", "2017-12-31": "", "2017-09-30": "", "2017-06-30": "", "2017-03-31": "", "2016-12-31": "", "2016-09-30": "", "2016-06-30": "", "2016-03-31": "", "2015-12-31": "", "2015-09-30": "", "2015-06-30": "", "2015-03-31": "", "2014-12-31": "", "2014-09-30": "", "2014-06-30": "", "2014-03-31": "", "2013-12-31": "", "2013-09-30": "", "2013-06-30": "", "2013-03-31": "", "2012-12-31": "", "2012-09-30": "", "2012-06-30": "", "2012-03-31": "", "2011-12-31": "", "2011-09-30": "", "2011-06-30": "", "2011-03-31": "", "2010-12-31": "", "2010-09-30": "", "2010-06-30": "", "2010-03-31": "", "2009-12-31": "", "2009-09-30": "", "2009-06-30": "", "2009-03-31": "", "2008-12-31": "", "2008-09-30": "1838.00000", "2008-06-30": "1961.00000", "2008-03-31": "1975.00000", "2007-12-31": "", "2007-09-30": "2149.00000", "2007-06-30": "2127.00000", "2007-03-31": "2021.00000", "2006-12-31": "1958.00000", "2006-09-30": "1908.00000", "2006-06-30": "1869.00000", "2006-03-31": "3480.00000", "2005-12-31": "3548.00000", "2005-09-30": "3673.00000", "2005-06-30": "3648.00000", "2005-03-31": "3767.00000"}, "Inventory": {"2020-12-31": "", "2020-09-30": "", "2020-06-30": "", "2020-03-31": "", "2019-12-31": "", "2019-09-30": "", "2019-06-30": "", "2019-03-31": "", "2018-12-31": "", "2018-09-30": "", "2018-06-30": "", "2018-03-31": "", "2017-12-31": "", "2017-09-30": "", "2017-06-30": "", "2017-03-31": "", "2016-12-31": "", "2016-09-30": "", "2016-06-30": "", "2016-03-31": "", "2015-12-31": "", "2015-09-30": "", "2015-06-30": "", "2015-03-31": "", "2014-12-31": "", "2014-09-30": "", "2014-06-30": "", "2014-03-31": "", "2013-12-31": "", "2013-09-30": "", "2013-06-30": "", "2013-03-31": "", "2012-12-31": "", "2012-09-30": "", "2012-06-30": "", "2012-03-31": "", "2011-12-31": "", "2011-09-30": "", "2011-06-30": "", "2011-03-31": "", "2010-12-31": "", "2010-09-30": "", "2010-06-30": "", "2010-03-31": "", "2009-12-31": "", "2009-09-30": "", "2009-06-30": "", "2009-03-31": "", "2008-12-31": "", "2008-09-30": "", "2008-06-30": "", "2008-03-31": "", "2007-12-31": "", "2007-09-30": "", "2007-06-30": "", "2007-03-31": "", "2006-12-31": "", "2006-09-30": "", "2006-06-30": "", "2006-03-31": "", "2005-12-31": "", "2005-09-30": "", "2005-06-30": "", "2005-03-31": ""}, "Pre-Paid Expenses": {"2020-12-31": "", "2020-09-30": "", "2020-06-30": "", "2020-03-31": "", "2019-12-31": "", "2019-09-30": "", "2019-06-30": "", "2019-03-31": "", "2018-12-31": "", "2018-09-30": "", "2018-06-30": "", "2018-03-31": "", "2017-12-31": "", "2017-09-30": "", "2017-06-30": "", "2017-03-31": "", "2016-12-31": "", "2016-09-30": "", "2016-06-30": "", "2016-03-31": "", "2015-12-31": "", "2015-09-30": "", "2015-06-30": "", "2015-03-31": "", "2014-12-31": "", "2014-09-30": "", "2014-06-30": "", "2014-03-31": "", "2013-12-31": "", "2013-09-30": "", "2013-06-30": "", "2013-03-31": "", "2012-12-31": "", "2012-09-30": "", "2012-06-30": "", "2012-03-31": "", "2011-12-31": "", "2011-09-30": "", "2011-06-30": "", "2011-03-31": "", "2010-12-31": "", "2010-09-30": "", "2010-06-30": "", "2010-03-31": "", "2009-12-31": "", "2009-09-30": "", "2009-06-30": "", "2009-03-31": "", "2008-12-31": "", "2008-09-30": "", "2008-06-30": "", "2008-03-31": "", "2007-12-31": "", "2007-09-30": "", "2007-06-30": "", "2007-03-31": "", "2006-12-31": "", "2006-09-30": "", "2006-06-30": "", "2006-03-31": "", "2005-12-31": "", "2005-09-30": "", "2005-06-30": "", "2005-03-31": ""}, "Other Current Assets": {"2020-12-31": "", "2020-09-30": "", "2020-06-30": "", "2020-03-31": "", "2019-12-31": "", "2019-09-30": "", "2019-06-30": "", "2019-03-31": "", "2018-12-31": "", "2018-09-30": "", "2018-06-30": "", "2018-03-31": "", "2017-12-31": "", "2017-09-30": "", "2017-06-30": "", "2017-03-31": "", "2016-12-31": "", "2016-09-30": "", "2016-06-30": "", "2016-03-31": "", "2015-12-31": "", "2015-09-30": "", "2015-06-30": "", "2015-03-31": "", "2014-12-31": "", "2014-09-30": "", "2014-06-30": "", "2014-03-31": "", "2013-12-31": "", "2013-09-30": "", "2013-06-30": "", "2013-03-31": "", "2012-12-31": "", "2012-09-30": "", "2012-06-30": "", "2012-03-31": "", "2011-12-31": "", "2011-09-30": "", "2011-06-30": "", "2011-03-31": "", "2010-12-31": "", "2010-09-30": "", "2010-06-30": "", "2010-03-31": "", "2009-12-31": "", "2009-09-30": "", "2009-06-30": "", "2009-03-31": "", "2008-12-31": "", "2008-09-30": "", "2008-06-30": "", "2008-03-31": "", "2007-12-31": "", "2007-09-30": "", "2007-06-30": "", "2007-03-31": "", "2006-12-31": "", "2006-09-30": "", "2006-06-30": "", "2006-03-31": "", "2005-12-31": "", "2005-09-30": "", "2005-06-30": "", "2005-03-31": ""}, "Total Current Assets": {"2020-12-31": "13701.00000", "2020-09-30": "20658.00000", "2020-06-30": "21149.00000", "2020-03-31": "31646.00000", "2019-12-31": "16327.00000", "2019-09-30": "18289.00000", "2019-06-30": "15421.00000", "2019-03-31": "14699.00000", "2018-12-31": "15353.00000", "2018-09-30": "12466.00000", "2018-06-30": "14918.00000", "2018-03-31": "15676.00000", "2017-12-31": "14490.00000", "2017-09-30": "14541.00000", "2017-06-30": "16605.00000", "2017-03-31": "13308.00000", "2016-12-31": "14127.00000", "2016-09-30": "24728.00000", "2016-06-30": "24142.00000", "2016-03-31": "22492.00000", "2015-12-31": "17612.00000", "2015-09-30": "20207.00000", "2015-06-30": "17038.00000", "2015-03-31": "19119.00000", "2014-12-31": "14918.00000", "2014-09-30": "17222.00000", "2014-06-30": "12160.00000", "2014-03-31": "12472.00000", "2013-12-31": "11439.00000", "2013-09-30": "12650.00000", "2013-06-30": "13045.00000", "2013-03-31": "14477.00000", "2012-12-31": "18100.00000", "2012-09-30": "13906.00000", "2012-06-30": "14242.00000", "2012-03-31": "14201.00000", "2011-12-31": "14251.00000", "2011-09-30": "15526.00000", "2011-06-30": "13909.00000", "2011-03-31": "10995.00000", "2010-12-31": "12915.00000", "2010-09-30": "11973.00000", "2010-06-30": "11352.00000", "2010-03-31": "9626.00000", "2009-12-31": "13164.00000", "2009-09-30": "11971.00000", "2009-06-30": "13491.00000", "2009-03-31": "14336.00000", "2008-12-31": "15028.00000", "2008-09-30": "13199.00000", "2008-06-30": "11904.00000", "2008-03-31": "11735.00000", "2007-12-31": "11060.00000", "2007-09-30": "12054.00000", "2007-06-30": "8598.00000", "2007-03-31": "8829.00000", "2006-12-31": "10547.00000", "2006-09-30": "11475.00000", "2006-06-30": "10280.00000", "2006-03-31": "12078.00000", "2005-12-31": "11347.00000", "2005-09-30": "12049.00000", "2005-06-30": "11933.00000", "2005-03-31": "12264.00000"}, "Property, Plant, And Equipment": {"2020-12-31": "", "2020-09-30": "", "2020-06-30": "", "2020-03-31": "", "2019-12-31": "", "2019-09-30": "", "2019-06-30": "", "2019-03-31": "", "2018-12-31": "", "2018-09-30": "", "2018-06-30": "", "2018-03-31": "", "2017-12-31": "", "2017-09-30": "", "2017-06-30": "", "2017-03-31": "", "2016-12-31": "", "2016-09-30": "", "2016-06-30": "", "2016-03-31": "", "2015-12-31": "", "2015-09-30": "", "2015-06-30": "", "2015-03-31": "", "2014-12-31": "", "2014-09-30": "", "2014-06-30": "", "2014-03-31": "", "2013-12-31": "", "2013-09-30": "", "2013-06-30": "", "2013-03-31": "", "2012-12-31": "", "2012-09-30": "", "2012-06-30": "", "2012-03-31": "", "2011-12-31": "", "2011-09-30": "", "2011-06-30": "", "2011-03-31": "", "2010-12-31": "", "2010-09-30": "", "2010-06-30": "", "2010-03-31": "", "2009-12-31": "", "2009-09-30": "", "2009-06-30": "", "2009-03-31": "", "2008-12-31": "", "2008-09-30": "", "2008-06-30": "", "2008-03-31": "", "2007-12-31": "", "2007-09-30": "", "2007-06-30": "", "2007-03-31": "", "2006-12-31": "", "2006-09-30": "", "2006-06-30": "", "2006-03-31": "", "2005-12-31": "", "2005-09-30": "", "2005-06-30": "", "2005-03-31": ""}, "Long-Term Investments": {"2020-12-31": "556813.00000", "2020-09-30": "544182.00000", "2020-06-30": "551228.00000", "2020-03-31": "527897.00000", "2019-12-31": "526090.00000", "2019-09-30": "526752.00000", "2019-06-30": "515367.00000", "2019-03-31": "497636.00000", "2018-12-31": "482563.00000", "2018-09-30": "468152.00000", "2018-06-30": "467754.00000", "2018-03-31": "474660.00000", "2017-12-31": "473196.00000", "2017-09-30": "468169.00000", "2017-06-30": "461629.00000", "2017-03-31": "454118.00000", "2016-12-31": "447444.00000", "2016-09-30": "469050.00000", "2016-06-30": "455091.00000", "2016-03-31": "435600.00000", "2015-12-31": "420302.00000", "2015-09-30": "420106.00000", "2015-06-30": "415061.00000", "2015-03-31": "424010.00000", "2014-12-31": "423116.00000", "2014-09-30": "419950.00000", "2014-06-30": "422481.00000", "2014-03-31": "411602.00000", "2013-12-31": "401262.00000", "2013-09-30": "401796.00000", "2013-06-30": "396110.00000", "2013-03-31": "410620.00000", "2012-12-31": "408709.00000", "2012-09-30": "380942.00000", "2012-06-30": "369349.00000", "2012-03-31": "357499.00000", "2011-12-31": "359040.00000", "2011-09-30": "355380.00000", "2011-06-30": "338246.00000", "2011-03-31": "331070.00000", "2010-12-31": "286289.00000", "2010-09-30": "289811.00000", "2010-06-30": "275950.00000", "2010-03-31": "268843.00000", "2009-12-31": "262874.00000", "2009-09-30": "260652.00000", "2009-06-30": "245880.00000", "2009-03-31": "238762.00000", "2008-12-31": "244291.00000", "2008-09-30": "243178.00000", "2008-06-30": "245847.00000", "2008-03-31": "249869.00000", "2007-12-31": "245731.00000", "2007-09-30": "243399.00000", "2007-06-30": "237690.00000", "2007-03-31": "239456.00000", "2006-12-31": "237559.00000", "2006-09-30": "231146.00000", "2006-06-30": "233006.00000", "2006-03-31": "224355.00000", "2005-12-31": "223468.00000", "2005-09-30": "219914.00000", "2005-06-30": "222837.00000", "2005-03-31": "221603.00000"}, "Goodwill And Intangible Assets": {"2020-12-31": "", "2020-09-30": "", "2020-06-30": "", "2020-03-31": "", "2019-12-31": "", "2019-09-30": "", "2019-06-30": "", "2019-03-31": "", "2018-12-31": "", "2018-09-30": "", "2018-06-30": "", "2018-03-31": "", "2017-12-31": "", "2017-09-30": "", "2017-06-30": "", "2017-03-31": "", "2016-12-31": "", "2016-09-30": "", "2016-06-30": "", "2016-03-31": "", "2015-12-31": "", "2015-09-30": "", "2015-06-30": "", "2015-03-31": "", "2014-12-31": "", "2014-09-30": "", "2014-06-30": "", "2014-03-31": "", "2013-12-31": "", "2013-09-30": "", "2013-06-30": "", "2013-03-31": "", "2012-12-31": "", "2012-09-30": "", "2012-06-30": "", "2012-03-31": "", "2011-12-31": "", "2011-09-30": "", "2011-06-30": "", "2011-03-31": "", "2010-12-31": "", "2010-09-30": "", "2010-06-30": "", "2010-03-31": "", "2009-12-31": "", "2009-09-30": "", "2009-06-30": "", "2009-03-31": "", "2008-12-31": "", "2008-09-30": "", "2008-06-30": "", "2008-03-31": "", "2007-12-31": "", "2007-09-30": "", "2007-06-30": "", "2007-03-31": "", "2006-12-31": "", "2006-09-30": "", "2006-06-30": "", "2006-03-31": "", "2005-12-31": "", "2005-09-30": "", "2005-06-30": "", "2005-03-31": ""}, "Other Long-Term Assets": {"2020-12-31": "351181.00000", "2020-09-30": "328150.00000", "2020-06-30": "323343.00000", "2020-03-31": "294431.00000", "2019-12-31": "334223.00000", "2019-09-30": "321101.00000", "2019-06-30": "323497.00000", "2019-03-31": "317011.00000", "2018-12-31": "297104.00000", "2018-09-30": "322341.00000", "2018-06-30": "317545.00000", "2018-03-31": "319692.00000", "2017-12-31": "325458.00000", "2017-09-30": "319697.00000", "2017-06-30": "315641.00000", "2017-03-31": "311742.00000", "2016-12-31": "304730.00000", "2016-09-30": "309112.00000", "2016-06-30": "301105.00000", "2016-03-31": "298905.00000", "2015-12-31": "302623.00000", "2015-09-30": "298008.00000", "2015-06-30": "314063.00000", "2015-03-31": "319844.00000", "2014-12-31": "312650.00000", "2014-09-30": "310390.00000", "2014-06-30": "314227.00000", "2014-03-31": "306044.00000", "2013-12-31": "302568.00000", "2013-09-30": "292452.00000", "2013-06-30": "281492.00000", "2013-03-31": "284626.00000", "2012-12-31": "268326.00000", "2012-09-30": "263184.00000", "2012-06-30": "250824.00000", "2012-03-31": "252576.00000", "2011-12-31": "234436.00000", "2011-09-30": "224289.00000", "2011-06-30": "243933.00000", "2011-03-31": "239970.00000", "2010-12-31": "224215.00000", "2010-09-30": "210086.00000", "2010-06-30": "194473.00000", "2010-03-31": "198674.00000", "2009-12-31": "189587.00000", "2009-09-30": "188717.00000", "2009-06-30": "170871.00000", "2009-03-31": "158494.00000", "2008-12-31": "169460.00000", "2008-09-30": "189954.00000", "2008-06-30": "203514.00000", "2008-03-31": "203888.00000", "2007-12-31": "216684.00000", "2007-09-30": "212960.00000", "2007-06-30": "204130.00000", "2007-03-31": "199564.00000", "2006-12-31": "195297.00000", "2006-09-30": "193710.00000", "2006-06-30": "187073.00000", "2006-03-31": "187326.00000", "2005-12-31": "169121.00000", "2005-09-30": "172393.00000", "2005-06-30": "165745.00000", "2005-03-31": "160250.00000"}, "Total Long-Term Assets": {"2020-12-31": "927021.00000", "2020-09-30": "890931.00000", "2020-06-30": "894238.00000", "2020-03-31": "842066.00000", "2019-12-31": "880225.00000", "2019-09-30": "867337.00000", "2019-06-30": "858404.00000", "2019-03-31": "834625.00000", "2018-12-31": "799725.00000", "2018-09-30": "810282.00000", "2018-06-30": "804942.00000", "2018-03-31": "814001.00000", "2017-12-31": "817646.00000", "2017-09-30": "806590.00000", "2017-06-30": "795985.00000", "2017-03-31": "784057.00000", "2016-12-31": "769835.00000", "2016-09-30": "795137.00000", "2016-06-30": "772348.00000", "2016-03-31": "750503.00000", "2015-12-31": "739643.00000", "2015-09-30": "734320.00000", "2015-06-30": "745693.00000", "2015-03-31": "759493.00000", "2014-12-31": "751737.00000", "2014-09-30": "746925.00000", "2014-06-30": "753377.00000", "2014-03-31": "734263.00000", "2013-12-31": "720342.00000", "2013-09-30": "710476.00000", "2013-06-30": "692570.00000", "2013-03-31": "709620.00000", "2012-12-31": "691135.00000", "2012-09-30": "657792.00000", "2012-06-30": "633221.00000", "2012-03-31": "623536.00000", "2011-12-31": "605993.00000", "2011-09-30": "595947.00000", "2011-06-30": "599468.00000", "2011-03-31": "588013.00000", "2010-12-31": "526939.00000", "2010-09-30": "514951.00000", "2010-06-30": "484636.00000", "2010-03-31": "482235.00000", "2009-12-31": "467039.00000", "2009-09-30": "463496.00000", "2009-06-30": "431225.00000", "2009-03-31": "413193.00000", "2008-12-31": "429983.00000", "2008-09-30": "447199.00000", "2008-06-30": "462707.00000", "2008-03-31": "466585.00000", "2007-12-31": "474754.00000", "2007-09-30": "468360.00000", "2007-06-30": "453215.00000", "2007-03-31": "450079.00000", "2006-12-31": "443719.00000", "2006-09-30": "435426.00000", "2006-06-30": "430395.00000", "2006-03-31": "421539.00000", "2005-12-31": "402027.00000", "2005-09-30": "401533.00000", "2005-06-30": "397566.00000", "2005-03-31": "390904.00000"}, "Total Assets": {"2020-12-31": "940722.00000", "2020-09-30": "911589.00000", "2020-06-30": "915387.00000", "2020-03-31": "873712.00000", "2019-12-31": "896552.00000", "2019-09-30": "885626.00000", "2019-06-30": "873825.00000", "2019-03-31": "849324.00000", "2018-12-31": "815078.00000", "2018-09-30": "822748.00000", "2018-06-30": "819860.00000", "2018-03-31": "829677.00000", "2017-12-31": "832136.00000", "2017-09-30": "821131.00000", "2017-06-30": "812590.00000", "2017-03-31": "797365.00000", "2016-12-31": "783962.00000", "2016-09-30": "819865.00000", "2016-06-30": "796490.00000", "2016-03-31": "772995.00000", "2015-12-31": "757255.00000", "2015-09-30": "754527.00000", "2015-06-30": "762731.00000", "2015-03-31": "778612.00000", "2014-12-31": "766655.00000", "2014-09-30": "764147.00000", "2014-06-30": "765537.00000", "2014-03-31": "746735.00000", "2013-12-31": "731781.00000", "2013-09-30": "723126.00000", "2013-06-30": "705615.00000", "2013-03-31": "724097.00000", "2012-12-31": "709235.00000", "2012-09-30": "671698.00000", "2012-06-30": "647463.00000", "2012-03-31": "637737.00000", "2011-12-31": "620244.00000", "2011-09-30": "611473.00000", "2011-06-30": "613377.00000", "2011-03-31": "599008.00000", "2010-12-31": "539854.00000", "2010-09-30": "526924.00000", "2010-06-30": "495988.00000", "2010-03-31": "491861.00000", "2009-12-31": "480203.00000", "2009-09-30": "475467.00000", "2009-06-30": "444716.00000", "2009-03-31": "427529.00000", "2008-12-31": "445011.00000", "2008-09-30": "460398.00000", "2008-06-30": "474611.00000", "2008-03-31": "478320.00000", "2007-12-31": "485814.00000", "2007-09-30": "480414.00000", "2007-06-30": "461813.00000", "2007-03-31": "458908.00000", "2006-12-31": "454266.00000", "2006-09-30": "446901.00000", "2006-06-30": "440675.00000", "2006-03-31": "433617.00000", "2005-12-31": "413374.00000", "2005-09-30": "413582.00000", "2005-06-30": "409499.00000", "2005-03-31": "403168.00000"}, "Total Current Liabilities": {"2020-12-31": "468950.00000", "2020-09-30": "464192.00000", "2020-06-30": "472126.00000", "2020-03-31": "469254.00000", "2019-12-31": "447570.00000", "2019-09-30": "445759.00000", "2019-06-30": "439614.00000", "2019-03-31": "430858.00000", "2018-12-31": "426635.00000", "2018-09-30": "412320.00000", "2018-06-30": "411850.00000", "2018-03-31": "412444.00000", "2017-12-31": "406886.00000", "2017-09-30": "403039.00000", "2017-06-30": "400039.00000", "2017-03-31": "393146.00000", "2016-12-31": "387246.00000", "2016-09-30": "399712.00000", "2016-06-30": "386342.00000", "2016-03-31": "375442.00000", "2015-12-31": "362384.00000", "2015-09-30": "360673.00000", "2015-06-30": "355806.00000", "2015-03-31": "358996.00000", "2014-12-31": "357755.00000", "2014-09-30": "359409.00000", "2014-06-30": "357568.00000", "2014-03-31": "352803.00000", "2013-12-31": "346185.00000", "2013-09-30": "349868.00000", "2013-06-30": "343417.00000", "2013-03-31": "351462.00000", "2012-12-31": "352947.00000", "2012-09-30": "321844.00000", "2012-06-30": "311818.00000", "2012-03-31": "305161.00000", "2011-12-31": "307565.00000", "2011-09-30": "306850.00000", "2011-06-30": "293392.00000", "2011-03-31": "289351.00000", "2010-12-31": "242297.00000", "2010-09-30": "241530.00000", "2010-06-30": "233454.00000", "2010-03-31": "230460.00000", "2009-12-31": "230495.00000", "2009-09-30": "228003.00000", "2009-06-30": "226314.00000", "2009-03-31": "226365.00000", "2008-12-31": "232099.00000", "2008-09-30": "225711.00000", "2008-06-30": "220906.00000", "2008-03-31": "222863.00000", "2007-12-31": "211388.00000", "2007-09-30": "206816.00000", "2007-06-30": "202254.00000", "2007-03-31": "203330.00000", "2006-12-31": "201597.00000", "2006-09-30": "199030.00000", "2006-06-30": "198404.00000", "2006-03-31": "193390.00000", "2005-12-31": "191714.00000", "2005-09-30": "189461.00000", "2005-06-30": "189699.00000", "2005-03-31": "190009.00000"}, "Long Term Debt": {"2020-12-31": "19718.00000", "2020-09-30": "20169.00000", "2020-06-30": "20162.00000", "2020-03-31": "20149.00000", "2019-12-31": "18646.00000", "2019-09-30": "19151.00000", "2019-06-30": "17841.00000", "2019-03-31": "18309.00000", "2018-12-31": "17378.00000", "2018-09-30": "17421.00000", "2018-06-30": "16732.00000", "2018-03-31": "18143.00000", "2017-12-31": "17172.00000", "2017-09-30": "17153.00000", "2017-06-30": "17626.00000", "2017-03-31": "17893.00000", "2016-12-31": "18041.00000", "2016-09-30": "18758.00000", "2016-06-30": "18986.00000", "2016-03-31": "19608.00000", "2015-12-31": "19594.00000", "2015-09-30": "20329.00000", "2015-06-30": "20264.00000", "2015-03-31": "19703.00000", "2014-12-31": "19831.00000", "2014-09-30": "22597.00000", "2014-06-30": "23488.00000", "2014-03-31": "22565.00000", "2013-12-31": "23553.00000", "2013-09-30": "23642.00000", "2013-06-30": "23642.00000", "2013-03-31": "25488.00000", "2012-12-31": "24729.00000", "2012-09-30": "23845.00000", "2012-06-30": "24299.00000", "2012-03-31": "24379.00000", "2011-12-31": "24622.00000", "2011-09-30": "23920.00000", "2011-06-30": "24578.00000", "2011-03-31": "24033.00000", "2010-12-31": "23653.00000", "2010-09-30": "22337.00000", "2010-06-30": "22399.00000", "2010-03-31": "21641.00000", "2009-12-31": "21037.00000", "2009-09-30": "22759.00000", "2009-06-30": "20981.00000", "2009-03-31": "20662.00000", "2008-12-31": "20290.00000", "2008-09-30": "17870.00000", "2008-06-30": "17004.00000", "2008-03-31": "15052.00000", "2007-12-31": "14101.00000", "2007-09-30": "11521.00000", "2007-06-30": "11151.00000", "2007-03-31": "11830.00000", "2006-12-31": "11423.00000", "2006-09-30": "9214.00000", "2006-06-30": "9270.00000", "2006-03-31": "9034.00000", "2005-12-31": "8270.00000", "2005-09-30": "8803.00000", "2005-06-30": "8734.00000", "2005-03-31": "7731.00000"}, "Other Non-Current Liabilities": {"2020-12-31": "371822.00000", "2020-09-30": "348227.00000", "2020-06-30": "343330.00000", "2020-03-31": "312120.00000", "2019-12-31": "355239.00000", "2019-09-30": "341738.00000", "2019-06-30": "342732.00000", "2019-03-31": "334676.00000", "2018-12-31": "314098.00000", "2018-09-30": "338911.00000", "2018-06-30": "334798.00000", "2018-03-31": "337619.00000", "2017-12-31": "343919.00000", "2017-09-30": "337865.00000", "2017-06-30": "334654.00000", "2017-03-31": "328754.00000", "2016-12-31": "322175.00000", "2016-09-30": "329095.00000", "2016-06-30": "320844.00000", "2016-03-31": "316552.00000", "2015-12-31": "324640.00000", "2015-09-30": "321111.00000", "2015-06-30": "335130.00000", "2015-03-31": "342949.00000", "2014-12-31": "336839.00000", "2014-09-30": "331155.00000", "2014-06-30": "334170.00000", "2014-03-31": "325643.00000", "2013-12-31": "320740.00000", "2013-09-30": "309557.00000", "2013-06-30": "297542.00000", "2013-03-31": "298442.00000", "2012-12-31": "283935.00000", "2012-09-30": "277747.00000", "2012-06-30": "264150.00000", "2012-03-31": "265107.00000", "2011-12-31": "246658.00000", "2011-09-30": "234580.00000", "2011-06-30": "253229.00000", "2011-03-31": "246776.00000", "2010-12-31": "234623.00000", "2010-09-30": "221931.00000", "2010-06-30": "204555.00000", "2010-03-31": "208195.00000", "2009-12-31": "198928.00000", "2009-09-30": "196451.00000", "2009-06-30": "177969.00000", "2009-03-31": "166223.00000", "2008-12-31": "178377.00000", "2008-09-30": "196768.00000", "2008-06-30": "212334.00000", "2008-03-31": "214133.00000", "2007-12-31": "233315.00000", "2007-09-30": "236132.00000", "2007-06-30": "222543.00000", "2007-03-31": "217000.00000", "2006-12-31": "215246.00000", "2006-09-30": "212505.00000", "2006-06-30": "209383.00000", "2006-03-31": "206262.00000", "2005-12-31": "188413.00000", "2005-09-30": "189154.00000", "2005-06-30": "184302.00000", "2005-03-31": "180367.00000"}, "Total Long Term Liabilities": {"2020-12-31": "403562.00000", "2020-09-30": "380507.00000", "2020-06-30": "376753.00000", "2020-03-31": "343386.00000", "2019-12-31": "385263.00000", "2019-09-30": "373553.00000", "2019-06-30": "372058.00000", "2019-03-31": "363016.00000", "2018-12-31": "339412.00000", "2018-09-30": "363346.00000", "2018-06-30": "359418.00000", "2018-03-31": "365058.00000", "2017-12-31": "370739.00000", "2017-09-30": "367527.00000", "2017-06-30": "363911.00000", "2017-03-31": "357245.00000", "2016-12-31": "350628.00000", "2016-09-30": "363179.00000", "2016-06-30": "354970.00000", "2016-03-31": "348288.00000", "2015-12-31": "352948.00000", "2015-09-30": "351084.00000", "2015-06-30": "364633.00000", "2015-03-31": "374042.00000", "2014-12-31": "366551.00000", "2014-09-30": "362386.00000", "2014-06-30": "366162.00000", "2014-03-31": "355068.00000", "2013-12-31": "349715.00000", "2013-09-30": "338142.00000", "2013-06-30": "326290.00000", "2013-03-31": "331969.00000", "2012-12-31": "317176.00000", "2012-09-30": "310488.00000", "2012-06-30": "297015.00000", "2012-03-31": "297038.00000", "2011-12-31": "277838.00000", "2011-09-30": "266819.00000", "2011-06-30": "284349.00000", "2011-03-31": "276411.00000", "2010-12-31": "264629.00000", "2010-09-30": "251326.00000", "2010-06-30": "232265.00000", "2010-03-31": "233895.00000", "2009-12-31": "223979.00000", "2009-09-30": "222617.00000", "2009-06-30": "199727.00000", "2009-03-31": "187658.00000", "2008-12-31": "199126.00000", "2008-09-30": "215988.00000", "2008-06-30": "232136.00000", "2008-03-31": "232760.00000", "2007-12-31": "250969.00000", "2007-09-30": "250621.00000", "2007-06-30": "236616.00000", "2007-03-31": "232042.00000", "2006-12-31": "229777.00000", "2006-09-30": "224673.00000", "2006-06-30": "220777.00000", "2006-03-31": "217893.00000", "2005-12-31": "198897.00000", "2005-09-30": "200466.00000", "2005-06-30": "196226.00000", "2005-03-31": "190740.00000"}, "Total Liabilities": {"2020-12-31": "872512.00000", "2020-09-30": "844699.00000", "2020-06-30": "848879.00000", "2020-03-31": "812640.00000", "2019-12-31": "832833.00000", "2019-09-30": "819312.00000", "2019-06-30": "811672.00000", "2019-03-31": "793874.00000", "2018-12-31": "766047.00000", "2018-09-30": "775666.00000", "2018-06-30": "771268.00000", "2018-03-31": "777502.00000", "2017-12-31": "777625.00000", "2017-09-30": "770566.00000", "2017-06-30": "763950.00000", "2017-03-31": "750391.00000", "2016-12-31": "737874.00000", "2016-09-30": "762891.00000", "2016-06-30": "741312.00000", "2016-03-31": "723730.00000", "2015-12-31": "715332.00000", "2015-09-30": "711757.00000", "2015-06-30": "720439.00000", "2015-03-31": "733038.00000", "2014-12-31": "724306.00000", "2014-09-30": "721795.00000", "2014-06-30": "723730.00000", "2014-03-31": "707871.00000", "2013-12-31": "695900.00000", "2013-09-30": "688010.00000", "2013-06-30": "669707.00000", "2013-03-31": "683431.00000", "2012-12-31": "670123.00000", "2012-09-30": "632332.00000", "2012-06-30": "608833.00000", "2012-03-31": "602199.00000", "2011-12-31": "585403.00000", "2011-09-30": "573669.00000", "2011-06-30": "577741.00000", "2011-03-31": "565762.00000", "2010-12-31": "506926.00000", "2010-09-30": "492856.00000", "2010-06-30": "465719.00000", "2010-03-31": "464355.00000", "2009-12-31": "454474.00000", "2009-09-30": "450620.00000", "2009-06-30": "426041.00000", "2009-03-31": "414023.00000", "2008-12-31": "431225.00000", "2008-09-30": "441699.00000", "2008-06-30": "453042.00000", "2008-03-31": "455623.00000", "2007-12-31": "462357.00000", "2007-09-30": "457437.00000", "2007-06-30": "438870.00000", "2007-03-31": "435372.00000", "2006-12-31": "431374.00000", "2006-09-30": "423703.00000", "2006-06-30": "419181.00000", "2006-03-31": "411283.00000", "2005-12-31": "390611.00000", "2005-09-30": "389927.00000", "2005-06-30": "385925.00000", "2005-03-31": "380749.00000"}, "Common Stock Net": {"2020-12-31": "", "2020-09-30": "6.00000", "2020-06-30": "6.00000", "2020-03-31": "6.00000", "2019-12-31": "6.00000", "2019-09-30": "6.00000", "2019-06-30": "6.00000", "2019-03-31": "6.00000", "2018-12-31": "6.00000", "2018-09-30": "6.00000", "2018-06-30": "6.00000", "2018-03-31": "6.00000", "2017-12-31": "6.00000", "2017-09-30": "6.00000", "2017-06-30": "6.00000", "2017-03-31": "6.00000", "2016-12-31": "6.00000", "2016-09-30": "6.00000", "2016-06-30": "6.00000", "2016-03-31": "6.00000", "2015-12-31": "6.00000", "2015-09-30": "6.00000", "2015-06-30": "6.00000", "2015-03-31": "6.00000", "2014-12-31": "6.00000", "2014-09-30": "6.00000", "2014-06-30": "6.00000", "2014-03-31": "6.00000", "2013-12-31": "6.00000", "2013-09-30": "6.00000", "2013-06-30": "6.00000", "2013-03-31": "6.00000", "2012-12-31": "6.00000", "2012-09-30": "6.00000", "2012-06-30": "6.00000", "2012-03-31": "6.00000", "2011-12-31": "6.00000", "2011-09-30": "6.00000", "2011-06-30": "6.00000", "2011-03-31": "6.00000", "2010-12-31": "6.00000", "2010-09-30": "6.00000", "2010-06-30": "6.00000", "2010-03-31": "6.00000", "2009-12-31": "6.00000", "2009-09-30": "6.00000", "2009-06-30": "6.00000", "2009-03-31": "6.00000", "2008-12-31": "6.00000", "2008-09-30": "6.00000", "2008-06-30": "6.00000", "2008-03-31": "6.00000", "2007-12-31": "6.00000", "2007-09-30": "6.00000", "2007-06-30": "6.00000", "2007-03-31": "6.00000", "2006-12-31": "6.00000", "2006-09-30": "6.00000", "2006-06-30": "6.00000", "2006-03-31": "6.00000", "2005-12-31": "6.00000", "2005-09-30": "6.00000", "2005-06-30": "6.00000", "2005-03-31": "6.00000"}, "Retained Earnings (Accumulated Deficit)": {"2020-12-31": "", "2020-09-30": "30372.00000", "2020-06-30": "29326.00000", "2020-03-31": "32176.00000", "2019-12-31": "32991.00000", "2019-09-30": "32269.00000", "2019-06-30": "31263.00000", "2019-03-31": "30966.00000", "2018-12-31": "30470.00000", "2018-09-30": "30005.00000", "2018-06-30": "28713.00000", "2018-03-31": "28898.00000", "2017-12-31": "28671.00000", "2017-09-30": "25060.00000", "2017-06-30": "23146.00000", "2017-03-31": "22983.00000", "2016-12-31": "21946.00000", "2016-09-30": "21969.00000", "2016-06-30": "20451.00000", "2016-03-31": "19843.00000", "2015-12-31": "18931.00000", "2015-09-30": "18515.00000", "2015-06-30": "17314.00000", "2015-03-31": "16173.00000", "2014-12-31": "14888.00000", "2014-09-30": "16616.00000", "2014-06-30": "16357.00000", "2014-03-31": "15517.00000", "2013-12-31": "14531.00000", "2013-09-30": "15335.00000", "2013-06-30": "14486.00000", "2013-03-31": "15203.00000", "2012-12-31": "16066.00000", "2012-09-30": "16896.00000", "2012-06-30": "17524.00000", "2012-03-31": "15339.00000", "2011-12-31": "16629.00000", "2011-09-30": "19332.00000", "2011-06-30": "17811.00000", "2011-03-31": "16978.00000", "2010-12-31": "16381.00000", "2010-09-30": "16794.00000", "2010-06-30": "15555.00000", "2010-03-31": "14478.00000", "2009-12-31": "13787.00000", "2009-09-30": "12287.00000", "2009-06-30": "11238.00000", "2009-03-31": "11117.00000", "2008-12-31": "10426.00000", "2008-09-30": "12316.00000", "2008-06-30": "12490.00000", "2008-03-31": "11904.00000", "2007-12-31": "11841.00000", "2007-09-30": "11511.00000", "2007-06-30": "10644.00000", "2007-03-31": "9894.00000", "2006-12-31": "8844.00000", "2006-09-30": "8303.00000", "2006-06-30": "7110.00000", "2006-03-31": "6652.00000", "2005-12-31": "5947.00000", "2005-09-30": "6007.00000", "2005-06-30": "4649.00000", "2005-03-31": "3773.00000"}, "Comprehensive Income": {"2020-12-31": "30738.00000", "2020-09-30": "30001.00000", "2020-06-30": "30837.00000", "2020-03-31": "22600.00000", "2019-12-31": "24039.00000", "2019-09-30": "27558.00000", "2019-06-30": "23982.00000", "2019-03-31": "17218.00000", "2018-12-31": "10906.00000", "2018-09-30": "9150.00000", "2018-06-30": "11655.00000", "2018-03-31": "14761.00000", "2017-12-31": "17074.00000", "2017-09-30": "16598.00000", "2017-06-30": "16362.00000", "2017-03-31": "14643.00000", "2016-12-31": "14621.00000", "2016-09-30": "24925.00000", "2016-06-30": "24667.00000", "2016-03-31": "19066.00000", "2015-12-31": "12285.00000", "2015-09-30": "13463.00000", "2015-06-30": "13404.00000", "2015-03-31": "17752.00000", "2014-12-31": "16050.00000", "2014-09-30": "13501.00000", "2014-06-30": "13077.00000", "2014-03-31": "10798.00000", "2013-12-31": "8681.00000", "2013-09-30": "6899.00000", "2013-06-30": "8449.00000", "2013-03-31": "12418.00000", "2012-12-31": "10214.00000", "2012-09-30": "9650.00000", "2012-06-30": "8290.00000", "2012-03-31": "7226.00000", "2011-12-31": "5245.00000", "2011-09-30": "5292.00000", "2011-06-30": "4014.00000", "2011-03-31": "2564.00000", "2010-12-31": "2978.00000", "2010-09-30": "4729.00000", "2010-06-30": "2200.00000", "2010-03-31": "620.00000", "2009-12-31": "-443.00000", "2009-09-30": "99.00000", "2009-06-30": "-5002.00000", "2009-03-31": "-8575.00000", "2008-12-31": "-7343.00000", "2008-09-30": "-3828.00000", "2008-06-30": "-1445.00000", "2008-03-31": "-539.00000", "2007-12-31": "447.00000", "2007-09-30": "-324.00000", "2007-06-30": "-148.00000", "2007-03-31": "692.00000", "2006-12-31": "519.00000", "2006-09-30": "894.00000", "2006-06-30": "-145.00000", "2006-03-31": "595.00000", "2005-12-31": "1234.00000", "2005-09-30": "1540.00000", "2005-06-30": "2274.00000", "2005-03-31": "1610.00000"}, "Other Share Holders Equity": {"2020-12-31": "36687.00000", "2020-09-30": "", "2020-06-30": "", "2020-03-31": "", "2019-12-31": "", "2019-09-30": "", "2019-06-30": "", "2019-03-31": "", "2018-12-31": "", "2018-09-30": "", "2018-06-30": "", "2018-03-31": "", "2017-12-31": "", "2017-09-30": "", "2017-06-30": "", "2017-03-31": "", "2016-12-31": "", "2016-09-30": "", "2016-06-30": "", "2016-03-31": "", "2015-12-31": "", "2015-09-30": "", "2015-06-30": "", "2015-03-31": "", "2014-12-31": "", "2014-09-30": "", "2014-06-30": "", "2014-03-31": "", "2013-12-31": "", "2013-09-30": "", "2013-06-30": "", "2013-03-31": "", "2012-12-31": "", "2012-09-30": "", "2012-06-30": "", "2012-03-31": "", "2011-12-31": "", "2011-09-30": "", "2011-06-30": "", "2011-03-31": "", "2010-12-31": "", "2010-09-30": "", "2010-06-30": "", "2010-03-31": "", "2009-12-31": "", "2009-09-30": "", "2009-06-30": "", "2009-03-31": "", "2008-12-31": "", "2008-09-30": "", "2008-06-30": "", "2008-03-31": "", "2007-12-31": "", "2007-09-30": "", "2007-06-30": "", "2007-03-31": "", "2006-12-31": "", "2006-09-30": "", "2006-06-30": "", "2006-03-31": "", "2005-12-31": "", "2005-09-30": "", "2005-06-30": "", "2005-03-31": ""}, "Share Holder Equity": {"2020-12-31": "68210.00000", "2020-09-30": "66890.00000", "2020-06-30": "66508.00000", "2020-03-31": "61072.00000", "2019-12-31": "63719.00000", "2019-09-30": "66314.00000", "2019-06-30": "62153.00000", "2019-03-31": "55450.00000", "2018-12-31": "49031.00000", "2018-09-30": "47082.00000", "2018-06-30": "48592.00000", "2018-03-31": "52175.00000", "2017-12-31": "54511.00000", "2017-09-30": "50565.00000", "2017-06-30": "48640.00000", "2017-03-31": "46974.00000", "2016-12-31": "46088.00000", "2016-09-30": "56974.00000", "2016-06-30": "55178.00000", "2016-03-31": "49265.00000", "2015-12-31": "41923.00000", "2015-09-30": "42770.00000", "2015-06-30": "42292.00000", "2015-03-31": "45574.00000", "2014-12-31": "42349.00000", "2014-09-30": "42352.00000", "2014-06-30": "41807.00000", "2014-03-31": "38864.00000", "2013-12-31": "35881.00000", "2013-09-30": "35116.00000", "2013-06-30": "35908.00000", "2013-03-31": "40666.00000", "2012-12-31": "39112.00000", "2012-09-30": "39366.00000", "2012-06-30": "38630.00000", "2012-03-31": "35538.00000", "2011-12-31": "34841.00000", "2011-09-30": "37804.00000", "2011-06-30": "35636.00000", "2011-03-31": "33246.00000", "2010-12-31": "32928.00000", "2010-09-30": "34068.00000", "2010-06-30": "30269.00000", "2010-03-31": "27506.00000", "2009-12-31": "25729.00000", "2009-09-30": "24847.00000", "2009-06-30": "18675.00000", "2009-03-31": "13506.00000", "2008-12-31": "13786.00000", "2008-09-30": "18699.00000", "2008-06-30": "21569.00000", "2008-03-31": "22697.00000", "2007-12-31": "23457.00000", "2007-09-30": "22977.00000", "2007-06-30": "22943.00000", "2007-03-31": "23536.00000", "2006-12-31": "22892.00000", "2006-09-30": "23198.00000", "2006-06-30": "21494.00000", "2006-03-31": "22334.00000", "2005-12-31": "22763.00000", "2005-09-30": "23655.00000", "2005-06-30": "23574.00000", "2005-03-31": "22419.00000"}, "Total Liabilities And Share Holders Equity": {"2020-12-31": "940722.00000", "2020-09-30": "911589.00000", "2020-06-30": "915387.00000", "2020-03-31": "873712.00000", "2019-12-31": "896552.00000", "2019-09-30": "885626.00000", "2019-06-30": "873825.00000", "2019-03-31": "849324.00000", "2018-12-31": "815078.00000", "2018-09-30": "822748.00000", "2018-06-30": "819860.00000", "2018-03-31": "829677.00000", "2017-12-31": "832136.00000", "2017-09-30": "821131.00000", "2017-06-30": "812590.00000", "2017-03-31": "797365.00000", "2016-12-31": "783962.00000", "2016-09-30": "819865.00000", "2016-06-30": "796490.00000", "2016-03-31": "772995.00000", "2015-12-31": "757255.00000", "2015-09-30": "754527.00000", "2015-06-30": "762731.00000", "2015-03-31": "778612.00000", "2014-12-31": "766655.00000", "2014-09-30": "764147.00000", "2014-06-30": "765537.00000", "2014-03-31": "746735.00000", "2013-12-31": "731781.00000", "2013-09-30": "723126.00000", "2013-06-30": "705615.00000", "2013-03-31": "724097.00000", "2012-12-31": "709235.00000", "2012-09-30": "671698.00000", "2012-06-30": "647463.00000", "2012-03-31": "637737.00000", "2011-12-31": "620244.00000", "2011-09-30": "611473.00000", "2011-06-30": "613377.00000", "2011-03-31": "599008.00000", "2010-12-31": "539854.00000", "2010-09-30": "526924.00000", "2010-06-30": "495988.00000", "2010-03-31": "491861.00000", "2009-12-31": "480203.00000", "2009-09-30": "475467.00000", "2009-06-30": "444716.00000", "2009-03-31": "427529.00000", "2008-12-31": "445011.00000", "2008-09-30": "460398.00000", "2008-06-30": "474611.00000", "2008-03-31": "478320.00000", "2007-12-31": "485814.00000", "2007-09-30": "480414.00000", "2007-06-30": "461813.00000", "2007-03-31": "458908.00000", "2006-12-31": "454266.00000", "2006-09-30": "446901.00000", "2006-06-30": "440675.00000", "2006-03-31": "433617.00000", "2005-12-31": "413374.00000", "2005-09-30": "413582.00000", "2005-06-30": "409499.00000", "2005-03-31": "403168.00000"}}, "cash flow statement": {"Net Income/Loss": {"2020-12-31": "0.00000", "2019-12-31": "4238.00000", "2018-12-31": "4088.00000", "2017-12-31": "7974.00000", "2016-12-31": "4419.00000", "2015-12-31": "5712.00000", "2014-12-31": "1438.00000", "2013-12-31": "-560.00000", "2012-12-31": "570.00000", "2011-12-31": "3666.00000", "2010-12-31": "3012.00000", "2009-12-31": "3090.00000", "2008-12-31": "-1081.00000", "2007-12-31": "3729.00000", "2006-12-31": "3428.00000", "2005-12-31": "3540.00000"}, "Total Depreciation And Amortization - Cash Flow": {"2020-12-31": "", "2019-12-31": "460.00000", "2018-12-31": "161.00000", "2017-12-31": "222.00000", "2016-12-31": "318.00000", "2015-12-31": "113.00000", "2014-12-31": "631.00000", "2013-12-31": "411.00000", "2012-12-31": "302.00000", "2011-12-31": "290.00000", "2010-12-31": "-104.00000", "2009-12-31": "175.00000", "2008-12-31": "717.00000", "2007-12-31": "339.00000", "2006-12-31": "350.00000", "2005-12-31": "501.00000"}, "Other Non-Cash Items": {"2020-12-31": "", "2019-12-31": "1752.00000", "2018-12-31": "-166.00000", "2017-12-31": "578.00000", "2016-12-31": "-323.00000", "2015-12-31": "-2429.00000", "2014-12-31": "132.00000", "2013-12-31": "6918.00000", "2012-12-31": "3650.00000", "2011-12-31": "271.00000", "2010-12-31": "1680.00000", "2009-12-31": "2381.00000", "2008-12-31": "5455.00000", "2007-12-31": "1694.00000", "2006-12-31": "1417.00000", "2005-12-31": "469.00000"}, "Total Non-Cash Items": {"2020-12-31": "", "2019-12-31": "2212.00000", "2018-12-31": "-5.00000", "2017-12-31": "800.00000", "2016-12-31": "-5.00000", "2015-12-31": "-2316.00000", "2014-12-31": "763.00000", "2013-12-31": "7329.00000", "2012-12-31": "3952.00000", "2011-12-31": "561.00000", "2010-12-31": "1576.00000", "2009-12-31": "2556.00000", "2008-12-31": "6172.00000", "2007-12-31": "2033.00000", "2006-12-31": "1767.00000", "2005-12-31": "970.00000"}, "Change In Accounts Receivable": {"2020-12-31": "", "2019-12-31": "", "2018-12-31": "", "2017-12-31": "", "2016-12-31": "", "2015-12-31": "", "2014-12-31": "", "2013-12-31": "", "2012-12-31": "", "2011-12-31": "", "2010-12-31": "", "2009-12-31": "", "2008-12-31": "", "2007-12-31": "", "2006-12-31": "", "2005-12-31": ""}, "Change In Inventories": {"2020-12-31": "", "2019-12-31": "", "2018-12-31": "", "2017-12-31": "", "2016-12-31": "", "2015-12-31": "524.00000", "2014-12-31": "44.00000", "2013-12-31": "-33.00000", "2012-12-31": "-33.00000", "2011-12-31": "329.00000", "2010-12-31": "-644.00000", "2009-12-31": "45.00000", "2008-12-31": "1388.00000", "2007-12-31": "-1649.00000", "2006-12-31": "-1245.00000", "2005-12-31": "-931.00000"}, "Change In Accounts Payable": {"2020-12-31": "", "2019-12-31": "10992.00000", "2018-12-31": "16481.00000", "2017-12-31": "10940.00000", "2016-12-31": "10584.00000", "2015-12-31": "8311.00000", "2014-12-31": "11276.00000", "2013-12-31": "8379.00000", "2012-12-31": "17784.00000", "2011-12-31": "6799.00000", "2010-12-31": "4497.00000", "2009-12-31": "2524.00000", "2008-12-31": "2749.00000", "2007-12-31": "2941.00000", "2006-12-31": "2782.00000", "2005-12-31": "3140.00000"}, "Change In Assets/Liabilities": {"2020-12-31": "", "2019-12-31": "851.00000", "2018-12-31": "371.00000", "2017-12-31": "-3508.00000", "2016-12-31": "99.00000", "2015-12-31": "772.00000", "2014-12-31": "4268.00000", "2013-12-31": "-6408.00000", "2012-12-31": "-2061.00000", "2011-12-31": "-376.00000", "2010-12-31": "-1376.00000", "2009-12-31": "-1277.00000", "2008-12-31": "-879.00000", "2007-12-31": "-1253.00000", "2006-12-31": "-1294.00000", "2005-12-31": "-792.00000"}, "Total Change In Assets/Liabilities": {"2020-12-31": "", "2019-12-31": "11504.00000", "2018-12-31": "16901.00000", "2017-12-31": "5813.00000", "2016-12-31": "11301.00000", "2015-12-31": "10824.00000", "2014-12-31": "15886.00000", "2013-12-31": "595.00000", "2012-12-31": "16217.00000", "2011-12-31": "6669.00000", "2010-12-31": "1344.00000", "2009-12-31": "2393.00000", "2008-12-31": "2721.00000", "2007-12-31": "144.00000", "2006-12-31": "836.00000", "2005-12-31": "842.00000"}, "Cash Flow From Operating Activities": {"2020-12-31": "", "2019-12-31": "19625.00000", "2018-12-31": "21664.00000", "2017-12-31": "13460.00000", "2016-12-31": "14876.00000", "2015-12-31": "13942.00000", "2014-12-31": "19396.00000", "2013-12-31": "8445.00000", "2012-12-31": "20909.00000", "2011-12-31": "12377.00000", "2010-12-31": "6542.00000", "2009-12-31": "5840.00000", "2008-12-31": "10855.00000", "2007-12-31": "5992.00000", "2006-12-31": "4375.00000", "2005-12-31": "4032.00000"}, "Net Change In Property, Plant, And Equipment": {"2020-12-31": "", "2019-12-31": "", "2018-12-31": "", "2017-12-31": "", "2016-12-31": "", "2015-12-31": "", "2014-12-31": "", "2013-12-31": "", "2012-12-31": "", "2011-12-31": "", "2010-12-31": "", "2009-12-31": "", "2008-12-31": "", "2007-12-31": "", "2006-12-31": "", "2005-12-31": ""}, "Net Change In Intangible Assets": {"2020-12-31": "", "2019-12-31": "", "2018-12-31": "", "2017-12-31": "", "2016-12-31": "", "2015-12-31": "", "2014-12-31": "", "2013-12-31": "", "2012-12-31": "", "2011-12-31": "", "2010-12-31": "", "2009-12-31": "", "2008-12-31": "", "2007-12-31": "", "2006-12-31": "", "2005-12-31": ""}, "Net Acquisitions/Divestitures": {"2020-12-31": "", "2019-12-31": "-1755.00000", "2018-12-31": "", "2017-12-31": "-64.00000", "2016-12-31": "-532.00000", "2015-12-31": "", "2014-12-31": "-23.00000", "2013-12-31": "-488.00000", "2012-12-31": "", "2011-12-31": "-2321.00000", "2010-12-31": "", "2009-12-31": "", "2008-12-31": "", "2007-12-31": "", "2006-12-31": "724.00000", "2005-12-31": ""}, "Net Change In Short-term Investments": {"2020-12-31": "", "2019-12-31": "809.00000", "2018-12-31": "510.00000", "2017-12-31": "923.00000", "2016-12-31": "330.00000", "2015-12-31": "399.00000", "2014-12-31": "-472.00000", "2013-12-31": "-1032.00000", "2012-12-31": "-200.00000", "2011-12-31": "136.00000", "2010-12-31": "974.00000", "2009-12-31": "-971.00000", "2008-12-31": "-564.00000", "2007-12-31": "-88.00000", "2006-12-31": "-939.00000", "2005-12-31": "244.00000"}, "Net Change In Long-Term Investments": {"2020-12-31": "", "2019-12-31": "-16692.00000", "2018-12-31": "-21976.00000", "2017-12-31": "-11702.00000", "2016-12-31": "-21450.00000", "2015-12-31": "-8304.00000", "2014-12-31": "-16265.00000", "2013-12-31": "-13511.00000", "2012-12-31": "-15363.00000", "2011-12-31": "-11292.00000", "2010-12-31": "-9918.00000", "2009-12-31": "3593.00000", "2008-12-31": "-9790.00000", "2007-12-31": "-4709.00000", "2006-12-31": "-9731.00000", "2005-12-31": "-11948.00000"}, "Net Change In Investments - Total": {"2020-12-31": "", "2019-12-31": "-15883.00000", "2018-12-31": "-21466.00000", "2017-12-31": "-10779.00000", "2016-12-31": "-21120.00000", "2015-12-31": "-7905.00000", "2014-12-31": "-16737.00000", "2013-12-31": "-14543.00000", "2012-12-31": "-15563.00000", "2011-12-31": "-11156.00000", "2010-12-31": "-8944.00000", "2009-12-31": "2622.00000", "2008-12-31": "-10354.00000", "2007-12-31": "-4797.00000", "2006-12-31": "-10670.00000", "2005-12-31": "-11704.00000"}, "Investing Activities - Other": {"2020-12-31": "", "2019-12-31": "610.00000", "2018-12-31": "-162.00000", "2017-12-31": "-1114.00000", "2016-12-31": "-42.00000", "2015-12-31": "159.00000", "2014-12-31": "-328.00000", "2013-12-31": "-1303.00000", "2012-12-31": "143.00000", "2011-12-31": "182.00000", "2010-12-31": "422.00000", "2009-12-31": "-193.00000", "2008-12-31": "-351.00000", "2007-12-31": "-261.00000", "2006-12-31": "-201.00000", "2005-12-31": "431.00000"}, "Cash Flow From Investing Activities": {"2020-12-31": "", "2019-12-31": "-17028.00000", "2018-12-31": "-21628.00000", "2017-12-31": "-11957.00000", "2016-12-31": "-21694.00000", "2015-12-31": "-7746.00000", "2014-12-31": "-17088.00000", "2013-12-31": "-16334.00000", "2012-12-31": "-15420.00000", "2011-12-31": "-13295.00000", "2010-12-31": "-8522.00000", "2009-12-31": "2429.00000", "2008-12-31": "-10705.00000", "2007-12-31": "-5058.00000", "2006-12-31": "-10147.00000", "2005-12-31": "-11273.00000"}, "Net Long-Term Debt": {"2020-12-31": "", "2019-12-31": "1897.00000", "2018-12-31": "1124.00000", "2017-12-31": "-602.00000", "2016-12-31": "-11.00000", "2015-12-31": "209.00000", "2014-12-31": "571.00000", "2013-12-31": "721.00000", "2012-12-31": "2673.00000", "2011-12-31": "527.00000", "2010-12-31": "823.00000", "2009-12-31": "-1816.00000", "2008-12-31": "3906.00000", "2007-12-31": "5305.00000", "2006-12-31": "5792.00000", "2005-12-31": "2885.00000"}, "Net Current Debt": {"2020-12-31": "", "2019-12-31": "-165.00000", "2018-12-31": "1324.00000", "2017-12-31": "853.00000", "2016-12-31": "853.00000", "2015-12-31": "-2202.00000", "2014-12-31": "683.00000", "2013-12-31": "3296.00000", "2012-12-31": "1.00000", "2011-12-31": "1230.00000", "2010-12-31": "-179.00000", "2009-12-31": "-7243.00000", "2008-12-31": "-8757.00000", "2007-12-31": "-1194.00000", "2006-12-31": "1656.00000", "2005-12-31": "6958.00000"}, "Debt Issuance/Retirement Net - Total": {"2020-12-31": "", "2019-12-31": "1732.00000", "2018-12-31": "2448.00000", "2017-12-31": "251.00000", "2016-12-31": "842.00000", "2015-12-31": "-1993.00000", "2014-12-31": "1254.00000", "2013-12-31": "4017.00000", "2012-12-31": "2674.00000", "2011-12-31": "1757.00000", "2010-12-31": "644.00000", "2009-12-31": "-9059.00000", "2008-12-31": "-4851.00000", "2007-12-31": "4111.00000", "2006-12-31": "7448.00000", "2005-12-31": "9843.00000"}, "Net Common Equity Issued/Repurchased": {"2020-12-31": "", "2019-12-31": "-2367.00000", "2018-12-31": "-1368.00000", "2017-12-31": "-1004.00000", "2016-12-31": "-1693.00000", "2015-12-31": "-1455.00000", "2014-12-31": "-731.00000", "2013-12-31": "-390.00000", "2012-12-31": "-1268.00000", "2011-12-31": "-877.00000", "2010-12-31": "1068.00000", "2009-12-31": "1455.00000", "2008-12-31": "-2056.00000", "2007-12-31": "-2779.00000", "2006-12-31": "-2346.00000", "2005-12-31": "-1926.00000"}, "Net Total Equity Issued/Repurchased": {"2020-12-31": "", "2019-12-31": "-2367.00000", "2018-12-31": "-1368.00000", "2017-12-31": "-1004.00000", "2016-12-31": "-1693.00000", "2015-12-31": "-1455.00000", "2014-12-31": "-731.00000", "2013-12-31": "-390.00000", "2012-12-31": "-1268.00000", "2011-12-31": "-877.00000", "2010-12-31": "1068.00000", "2009-12-31": "1455.00000", "2008-12-31": "-2056.00000", "2007-12-31": "-2779.00000", "2006-12-31": "-2346.00000", "2005-12-31": "-1926.00000"}, "Total Common And Preferred Stock Dividends Paid": {"2020-12-31": "", "2019-12-31": "-1641.00000", "2018-12-31": "-1521.00000", "2017-12-31": "-1296.00000", "2016-12-31": "-1300.00000", "2015-12-31": "-1117.00000", "2014-12-31": "-1027.00000", "2013-12-31": "-847.00000", "2012-12-31": "", "2011-12-31": "-704.00000", "2010-12-31": "-575.00000", "2009-12-31": "-347.00000", "2008-12-31": "-317.00000", "2007-12-31": "-533.00000", "2006-12-31": "-440.00000", "2005-12-31": "-394.00000"}, "Financial Activities - Other": {"2020-12-31": "", "2019-12-31": "642.00000", "2018-12-31": "1222.00000", "2017-12-31": "791.00000", "2016-12-31": "5352.00000", "2015-12-31": "994.00000", "2014-12-31": "2133.00000", "2013-12-31": "-538.00000", "2012-12-31": "-2711.00000", "2011-12-31": "1923.00000", "2010-12-31": "476.00000", "2009-12-31": "-2470.00000", "2008-12-31": "10945.00000", "2007-12-31": "768.00000", "2006-12-31": "1860.00000", "2005-12-31": "-375.00000"}, "Cash Flow From Financial Activities": {"2020-12-31": "", "2019-12-31": "-1634.00000", "2018-12-31": "781.00000", "2017-12-31": "-1258.00000", "2016-12-31": "3201.00000", "2015-12-31": "-3571.00000", "2014-12-31": "1629.00000", "2013-12-31": "2242.00000", "2012-12-31": "-1305.00000", "2011-12-31": "2099.00000", "2010-12-31": "1613.00000", "2009-12-31": "-10421.00000", "2008-12-31": "3721.00000", "2007-12-31": "1567.00000", "2006-12-31": "6522.00000", "2005-12-31": "7148.00000"}, "Net Cash Flow": {"2020-12-31": "", "2019-12-31": "979.00000", "2018-12-31": "959.00000", "2017-12-31": "355.00000", "2016-12-31": "-3567.00000", "2015-12-31": "2694.00000", "2014-12-31": "3479.00000", "2013-12-31": "-6661.00000", "2012-12-31": "3849.00000", "2011-12-31": "1336.00000", "2010-12-31": "-249.00000", "2009-12-31": "-1864.00000", "2008-12-31": "3968.00000", "2007-12-31": "2471.00000", "2006-12-31": "790.00000", "2005-12-31": "-273.00000"}, "Stock-Based Compensation": {"2020-12-31": "", "2019-12-31": "", "2018-12-31": "", "2017-12-31": "", "2016-12-31": "", "2015-12-31": "", "2014-12-31": "", "2013-12-31": "", "2012-12-31": "", "2011-12-31": "", "2010-12-31": "", "2009-12-31": "", "2008-12-31": "", "2007-12-31": "", "2006-12-31": "", "2005-12-31": ""}, "Common Stock Dividends Paid": {"2020-12-31": "", "2019-12-31": "-1641.00000", "2018-12-31": "-1521.00000", "2017-12-31": "-1296.00000", "2016-12-31": "-1300.00000", "2015-12-31": "-1117.00000", "2014-12-31": "-1027.00000", "2013-12-31": "-847.00000", "2012-12-31": "", "2011-12-31": "-704.00000", "2010-12-31": "-575.00000", "2009-12-31": "-347.00000", "2008-12-31": "-317.00000", "2007-12-31": "-533.00000", "2006-12-31": "-440.00000", "2005-12-31": "-394.00000"}}, "cash flow statement, quarterly": {"Net Income/Loss": {"2020-12-31": 1168, "2020-09-30": 1507, "2020-06-30": -2405, "2020-03-31": "-270.00000", "2019-12-31": 1138, "2019-09-30": 1425, "2019-06-30": 738, "2019-03-31": "937.00000", "2018-12-31": 849, "2018-09-30": 1675, "2018-06-30": 200, "2018-03-31": "1364.00000", "2017-12-31": 3865, "2017-09-30": 2241, "2017-06-30": 496, "2017-03-31": "1372.00000", "2016-12-31": 293, "2016-09-30": 1832, "2016-06-30": 925, "2016-03-31": "1369.00000", "2015-12-31": 740, "2015-09-30": 1467, "2015-06-30": 1459, "2015-03-31": "2046.00000", "2014-12-31": -1447, "2014-09-30": 523, "2014-06-30": 1113, "2014-03-31": "1249.00000", "2013-12-31": -428, "2013-09-30": 1040, "2013-06-30": -487, "2013-03-31": "-685.00000", "2012-12-31": -182, "2012-09-30": -559, "2012-06-30": 2239, "2012-03-31": "-928.00000", "2011-12-31": 658, "2011-09-30": 1604, "2011-06-30": 818, "2011-03-31": "586.00000", "2010-12-31": -5, "2010-09-30": 1242, "2010-06-30": 1104, "2010-03-31": "671.00000", "2009-12-31": 1875, "2009-09-30": 1032, "2009-06-30": 180, "2009-03-31": "3.00000", "2008-12-31": -1583, "2008-09-30": -171, "2008-06-30": 589, "2008-03-31": "84.00000", "2007-12-31": 896, "2007-09-30": 867, "2007-06-30": 846, "2007-03-31": "1120.00000", "2006-12-31": 1037, "2006-09-30": 1205, "2006-06-30": 453, "2006-03-31": "733.00000", "2005-12-31": 364, "2005-09-30": 1364, "2005-06-30": 883, "2005-03-31": "929.00000"}, "Total Depreciation And Amortization - Cash Flow": {"2020-12-31": -448, "2020-09-30": 65, "2020-06-30": 54, "2020-03-31": "329.00000", "2019-12-31": 108, "2019-09-30": 441, "2019-06-30": -109, "2019-03-31": "20.00000", "2018-12-31": 116, "2018-09-30": -3, "2018-06-30": 70, "2018-03-31": "-22.00000", "2017-12-31": -49, "2017-09-30": 164, "2017-06-30": 157, "2017-03-31": "-50.00000", "2016-12-31": -84, "2016-09-30": -22, "2016-06-30": 257, "2016-03-31": "167.00000", "2015-12-31": -13, "2015-09-30": 174, "2015-06-30": -218, "2015-03-31": "170.00000", "2014-12-31": 177, "2014-09-30": 275, "2014-06-30": 138, "2014-03-31": "41.00000", "2013-12-31": 73, "2013-09-30": 177, "2013-06-30": 52, "2013-03-31": "109.00000", "2012-12-31": 72, "2012-09-30": 27, "2012-06-30": 98, "2012-03-31": "105.00000", "2011-12-31": 88, "2011-09-30": 35, "2011-06-30": 186, "2011-03-31": "-19.00000", "2010-12-31": -48, "2010-09-30": -17, "2010-06-30": -8, "2010-03-31": "-31.00000", "2009-12-31": 17, "2009-09-30": -34, "2009-06-30": 50, "2009-03-31": "142.00000", "2008-12-31": 344, "2008-09-30": 165, "2008-06-30": 102, "2008-03-31": "106.00000", "2007-12-31": 180, "2007-09-30": 62, "2007-06-30": 35, "2007-03-31": "62.00000", "2006-12-31": 78, "2006-09-30": 136, "2006-06-30": 52, "2006-03-31": "84.00000", "2005-12-31": 54, "2005-09-30": 190, "2005-06-30": 138, "2005-03-31": "119.00000"}, "Other Non-Cash Items": {"2020-12-31": -3151, "2020-09-30": 350, "2020-06-30": 3939, "2020-03-31": "-1138.00000", "2019-12-31": 723, "2019-09-30": -472, "2019-06-30": 445, "2019-03-31": "1056.00000", "2018-12-31": -323, "2018-09-30": 285, "2018-06-30": -96, "2018-03-31": "-32.00000", "2017-12-31": 809, "2017-09-30": -1275, "2017-06-30": 1072, "2017-03-31": "-28.00000", "2016-12-31": 2414, "2016-09-30": -549, "2016-06-30": -748, "2016-03-31": "-1440.00000", "2015-12-31": 29, "2015-09-30": -1254, "2015-06-30": 585, "2015-03-31": "-1789.00000", "2014-12-31": -337, "2014-09-30": 449, "2014-06-30": -177, "2014-03-31": "197.00000", "2013-12-31": 1775, "2013-09-30": 2430, "2013-06-30": 1547, "2013-03-31": "1166.00000", "2012-12-31": 898, "2012-09-30": 1813, "2012-06-30": -851, "2012-03-31": "1790.00000", "2011-12-31": 745, "2011-09-30": -1288, "2011-06-30": 218, "2011-03-31": "596.00000", "2010-12-31": 1670, "2010-09-30": 604, "2010-06-30": -910, "2010-03-31": "316.00000", "2009-12-31": -1404, "2009-09-30": 1010, "2009-06-30": 2342, "2009-03-31": "433.00000", "2008-12-31": 1303, "2008-09-30": 1122, "2008-06-30": 1758, "2008-03-31": "1272.00000", "2007-12-31": 423, "2007-09-30": 713, "2007-06-30": 383, "2007-03-31": "175.00000", "2006-12-31": 51, "2006-09-30": 455, "2006-06-30": 679, "2006-03-31": "232.00000", "2005-12-31": 314, "2005-09-30": 222, "2005-06-30": 88, "2005-03-31": "-155.00000"}, "Total Non-Cash Items": {"2020-12-31": -3599, "2020-09-30": 415, "2020-06-30": 3993, "2020-03-31": "-809.00000", "2019-12-31": 831, "2019-09-30": -31, "2019-06-30": 336, "2019-03-31": "1076.00000", "2018-12-31": -207, "2018-09-30": 282, "2018-06-30": -26, "2018-03-31": "-54.00000", "2017-12-31": 760, "2017-09-30": -1111, "2017-06-30": 1229, "2017-03-31": "-78.00000", "2016-12-31": 2330, "2016-09-30": -571, "2016-06-30": -491, "2016-03-31": "-1273.00000", "2015-12-31": 16, "2015-09-30": -1080, "2015-06-30": 367, "2015-03-31": "-1619.00000", "2014-12-31": -160, "2014-09-30": 724, "2014-06-30": -39, "2014-03-31": "238.00000", "2013-12-31": 1848, "2013-09-30": 2607, "2013-06-30": 1599, "2013-03-31": "1275.00000", "2012-12-31": 970, "2012-09-30": 1840, "2012-06-30": -753, "2012-03-31": "1895.00000", "2011-12-31": 833, "2011-09-30": -1253, "2011-06-30": 404, "2011-03-31": "577.00000", "2010-12-31": 1622, "2010-09-30": 587, "2010-06-30": -918, "2010-03-31": "285.00000", "2009-12-31": -1387, "2009-09-30": 976, "2009-06-30": 2392, "2009-03-31": "575.00000", "2008-12-31": 1647, "2008-09-30": 1287, "2008-06-30": 1860, "2008-03-31": "1378.00000", "2007-12-31": 603, "2007-09-30": 775, "2007-06-30": 418, "2007-03-31": "237.00000", "2006-12-31": 129, "2006-09-30": 591, "2006-06-30": 731, "2006-03-31": "316.00000", "2005-12-31": 368, "2005-09-30": 412, "2005-06-30": 226, "2005-03-31": "-36.00000"}, "Change In Accounts Receivable": {"2020-12-31": 0, "2020-09-30": 0, "2020-06-30": 0, "2020-03-31": "", "2019-12-31": 0, "2019-09-30": 0, "2019-06-30": 0, "2019-03-31": "", "2018-12-31": 0, "2018-09-30": 0, "2018-06-30": 0, "2018-03-31": "", "2017-12-31": 0, "2017-09-30": 0, "2017-06-30": 0, "2017-03-31": "", "2016-12-31": 0, "2016-09-30": 0, "2016-06-30": 0, "2016-03-31": "", "2015-12-31": 0, "2015-09-30": 0, "2015-06-30": 0, "2015-03-31": "", "2014-12-31": 0, "2014-09-30": 0, "2014-06-30": 0, "2014-03-31": "", "2013-12-31": 0, "2013-09-30": 0, "2013-06-30": 0, "2013-03-31": "", "2012-12-31": 0, "2012-09-30": 0, "2012-06-30": 0, "2012-03-31": "", "2011-12-31": 0, "2011-09-30": 0, "2011-06-30": 0, "2011-03-31": "", "2010-12-31": 0, "2010-09-30": 0, "2010-06-30": 0, "2010-03-31": "", "2009-12-31": 0, "2009-09-30": 0, "2009-06-30": 0, "2009-03-31": "", "2008-12-31": 0, "2008-09-30": 0, "2008-06-30": 0, "2008-03-31": "", "2007-12-31": 0, "2007-09-30": 0, "2007-06-30": 0, "2007-03-31": "", "2006-12-31": 0, "2006-09-30": 0, "2006-06-30": 0, "2006-03-31": "", "2005-12-31": 0, "2005-09-30": 0, "2005-06-30": 0, "2005-03-31": ""}, "Change In Inventories": {"2020-12-31": 0, "2020-09-30": 0, "2020-06-30": 0, "2020-03-31": "", "2019-12-31": 0, "2019-09-30": 0, "2019-06-30": 0, "2019-03-31": "", "2018-12-31": 0, "2018-09-30": 0, "2018-06-30": 0, "2018-03-31": "", "2017-12-31": 0, "2017-09-30": 0, "2017-06-30": 43, "2017-03-31": "-43.00000", "2016-12-31": 0, "2016-09-30": 0, "2016-06-30": -96, "2016-03-31": "96.00000", "2015-12-31": 406, "2015-09-30": 180, "2015-06-30": -51, "2015-03-31": "-11.00000", "2014-12-31": -66, "2014-09-30": 111, "2014-06-30": 13, "2014-03-31": "-14.00000", "2013-12-31": 1, "2013-09-30": 5, "2013-06-30": -29, "2013-03-31": "-10.00000", "2012-12-31": -37, "2012-09-30": 14, "2012-06-30": 38, "2012-03-31": "-48.00000", "2011-12-31": -11, "2011-09-30": 50, "2011-06-30": 230, "2011-03-31": "60.00000", "2010-12-31": 25, "2010-09-30": -179, "2010-06-30": -192, "2010-03-31": "-298.00000", "2009-12-31": -125, "2009-09-30": -1807, "2009-06-30": 1438, "2009-03-31": "539.00000", "2008-12-31": 1359, "2008-09-30": -273, "2008-06-30": 389, "2008-03-31": "-87.00000", "2007-12-31": -77, "2007-09-30": -1556, "2007-06-30": 36, "2007-03-31": "-52.00000", "2006-12-31": -128, "2006-09-30": -52, "2006-06-30": -167, "2006-03-31": "-898.00000", "2005-12-31": 322, "2005-09-30": -461, "2005-06-30": -772, "2005-03-31": "-20.00000"}, "Change In Accounts Payable": {"2020-12-31": -7656, "2020-09-30": 2470, "2020-06-30": 2361, "2020-03-31": "2825.00000", "2019-12-31": 3274, "2019-09-30": 2115, "2019-06-30": 3099, "2019-03-31": "2504.00000", "2018-12-31": 6968, "2018-09-30": 3751, "2018-06-30": 3903, "2018-03-31": "1859.00000", "2017-12-31": 4475, "2017-09-30": 2516, "2017-06-30": 2100, "2017-03-31": "1849.00000", "2016-12-31": 2916, "2016-09-30": 3401, "2016-06-30": 2526, "2016-03-31": "1741.00000", "2015-12-31": 3656, "2015-09-30": 1498, "2015-06-30": 1608, "2015-03-31": "1549.00000", "2014-12-31": 5686, "2014-09-30": 2339, "2014-06-30": 1683, "2014-03-31": "1568.00000", "2013-12-31": 2168, "2013-09-30": 1437, "2013-06-30": 2229, "2013-03-31": "2545.00000", "2012-12-31": 6448, "2012-09-30": 5705, "2012-06-30": 2942, "2012-03-31": "2689.00000", "2011-12-31": 2012, "2011-09-30": 1648, "2011-06-30": 1429, "2011-03-31": "1710.00000", "2010-12-31": 1382, "2010-09-30": 936, "2010-06-30": 1249, "2010-03-31": "930.00000", "2009-12-31": 657, "2009-09-30": 168, "2009-06-30": 326, "2009-03-31": "1373.00000", "2008-12-31": 262, "2008-09-30": 736, "2008-06-30": 694, "2008-03-31": "1057.00000", "2007-12-31": 999, "2007-09-30": 657, "2007-06-30": 573, "2007-03-31": "712.00000", "2006-12-31": 865, "2006-09-30": 668, "2006-06-30": 609, "2006-03-31": "640.00000", "2005-12-31": 1223, "2005-09-30": 344, "2005-06-30": 850, "2005-03-31": "723.00000"}, "Change In Assets/Liabilities": {"2020-12-31": -6271, "2020-09-30": -4238, "2020-06-30": -5096, "2020-03-31": "15605.00000", "2019-12-31": -3960, "2019-09-30": 3059, "2019-06-30": 2237, "2019-03-31": "-485.00000", "2018-12-31": 3311, "2018-09-30": -1696, "2018-06-30": 189, "2018-03-31": "-1433.00000", "2017-12-31": -466, "2017-09-30": -595, "2017-06-30": -1378, "2017-03-31": "-1069.00000", "2016-12-31": -6953, "2016-09-30": -2532, "2016-06-30": 4527, "2016-03-31": "5057.00000", "2015-12-31": -2161, "2015-09-30": 5239, "2015-06-30": -5709, "2015-03-31": "3403.00000", "2014-12-31": 3492, "2014-09-30": 903, "2014-06-30": 84, "2014-03-31": "-211.00000", "2013-12-31": -4178, "2013-09-30": -1099, "2013-06-30": -486, "2013-03-31": "-645.00000", "2012-12-31": -623, "2012-09-30": -704, "2012-06-30": 313, "2012-03-31": "-1047.00000", "2011-12-31": -451, "2011-09-30": 722, "2011-06-30": -258, "2011-03-31": "-389.00000", "2010-12-31": -547, "2010-09-30": -785, "2010-06-30": 250, "2010-03-31": "-294.00000", "2009-12-31": -453, "2009-09-30": -691, "2009-06-30": -757, "2009-03-31": "624.00000", "2008-12-31": -39, "2008-09-30": -327, "2008-06-30": -259, "2008-03-31": "-254.00000", "2007-12-31": -298, "2007-09-30": -437, "2007-06-30": -271, "2007-03-31": "-247.00000", "2006-12-31": -283, "2006-09-30": -556, "2006-06-30": -220, "2006-03-31": "-235.00000", "2005-12-31": -250, "2005-09-30": -149, "2005-06-30": -241, "2005-03-31": "-152.00000"}, "Total Change In Assets/Liabilities": {"2020-12-31": -13596, "2020-09-30": -2095, "2020-06-30": -2624, "2020-03-31": "18315.00000", "2019-12-31": -780, "2019-09-30": 5311, "2019-06-30": 4802, "2019-03-31": "2171.00000", "2018-12-31": 10455, "2018-09-30": 2024, "2018-06-30": 3575, "2018-03-31": "847.00000", "2017-12-31": 1042, "2017-09-30": 2710, "2017-06-30": 953, "2017-03-31": "1108.00000", "2016-12-31": -4168, "2016-09-30": 1335, "2016-06-30": 7172, "2016-03-31": "6962.00000", "2015-12-31": 1823, "2015-09-30": 7174, "2015-06-30": -3758, "2015-03-31": "5585.00000", "2014-12-31": 8749, "2014-09-30": 3116, "2014-06-30": 2290, "2014-03-31": "1731.00000", "2013-12-31": -1390, "2013-09-30": 1062, "2013-06-30": 686, "2013-03-31": "237.00000", "2012-12-31": 5436, "2012-09-30": 5559, "2012-06-30": 3347, "2012-03-31": "1875.00000", "2011-12-31": 1108, "2011-09-30": 2589, "2011-06-30": 1425, "2011-03-31": "1547.00000", "2010-12-31": 1266, "2010-09-30": -294, "2010-06-30": 1272, "2010-03-31": "-900.00000", "2009-12-31": 1782, "2009-09-30": -2780, "2009-06-30": 533, "2009-03-31": "2858.00000", "2008-12-31": 1872, "2008-09-30": -226, "2008-06-30": 761, "2008-03-31": "314.00000", "2007-12-31": 811, "2007-09-30": -1452, "2007-06-30": 394, "2007-03-31": "391.00000", "2006-12-31": 349, "2006-09-30": 297, "2006-06-30": 52, "2006-03-31": "138.00000", "2005-12-31": 316, "2005-09-30": -4, "2005-06-30": -84, "2005-03-31": "614.00000"}, "Cash Flow From Operating Activities": {"2020-12-31": -12881, "2020-09-30": -598, "2020-06-30": -1287, "2020-03-31": "14766.00000", "2019-12-31": 3985, "2019-09-30": 7316, "2019-06-30": 5239, "2019-03-31": "3085.00000", "2018-12-31": 11396, "2018-09-30": 3593, "2018-06-30": 4374, "2018-03-31": "2301.00000", "2017-12-31": 4674, "2017-09-30": 4075, "2017-06-30": 3063, "2017-03-31": "1648.00000", "2016-12-31": -2198, "2016-09-30": 3550, "2016-06-30": 7197, "2016-03-31": "6327.00000", "2015-12-31": 2112, "2015-09-30": 8355, "2015-06-30": -2053, "2015-03-31": "5528.00000", "2014-12-31": 7974, "2014-09-30": 5867, "2014-06-30": 3576, "2014-03-31": "1979.00000", "2013-12-31": 2962, "2013-09-30": 3097, "2013-06-30": 2199, "2013-03-31": "187.00000", "2012-12-31": 9160, "2012-09-30": 5713, "2012-06-30": 5269, "2012-03-31": "767.00000", "2011-12-31": 1556, "2011-09-30": 5647, "2011-06-30": 2943, "2011-03-31": "2231.00000", "2010-12-31": 1938, "2010-09-30": 2053, "2010-06-30": 2602, "2010-03-31": "-51.00000", "2009-12-31": 1137, "2009-09-30": 944, "2009-06-30": 1223, "2009-03-31": "2536.00000", "2008-12-31": 4523, "2008-09-30": 2710, "2008-06-30": 2254, "2008-03-31": "1368.00000", "2007-12-31": 1891, "2007-09-30": 1321, "2007-06-30": 2089, "2007-03-31": "691.00000", "2006-12-31": 2354, "2006-09-30": 2082, "2006-06-30": -507, "2006-03-31": "446.00000", "2005-12-31": 93, "2005-09-30": 1379, "2005-06-30": 2021, "2005-03-31": "539.00000"}, "Net Change In Property, Plant, And Equipment": {"2020-12-31": 0, "2020-09-30": 0, "2020-06-30": 0, "2020-03-31": "", "2019-12-31": 0, "2019-09-30": 0, "2019-06-30": 0, "2019-03-31": "", "2018-12-31": 0, "2018-09-30": 0, "2018-06-30": 0, "2018-03-31": "", "2017-12-31": 0, "2017-09-30": 0, "2017-06-30": 0, "2017-03-31": "", "2016-12-31": 0, "2016-09-30": 0, "2016-06-30": 0, "2016-03-31": "", "2015-12-31": 0, "2015-09-30": 0, "2015-06-30": 0, "2015-03-31": "", "2014-12-31": 0, "2014-09-30": 0, "2014-06-30": 0, "2014-03-31": "", "2013-12-31": 0, "2013-09-30": 0, "2013-06-30": 0, "2013-03-31": "", "2012-12-31": 0, "2012-09-30": 0, "2012-06-30": 0, "2012-03-31": "", "2011-12-31": 0, "2011-09-30": 0, "2011-06-30": 0, "2011-03-31": "", "2010-12-31": 0, "2010-09-30": 0, "2010-06-30": 0, "2010-03-31": "", "2009-12-31": 0, "2009-09-30": 0, "2009-06-30": 0, "2009-03-31": "", "2008-12-31": 0, "2008-09-30": 0, "2008-06-30": 0, "2008-03-31": "", "2007-12-31": 0, "2007-09-30": 0, "2007-06-30": 0, "2007-03-31": "", "2006-12-31": 0, "2006-09-30": 0, "2006-06-30": 0, "2006-03-31": "", "2005-12-31": 0, "2005-09-30": 0, "2005-06-30": 0, "2005-03-31": ""}, "Net Change In Intangible Assets": {"2020-12-31": 0, "2020-09-30": 0, "2020-06-30": 0, "2020-03-31": "", "2019-12-31": 0, "2019-09-30": 0, "2019-06-30": 0, "2019-03-31": "", "2018-12-31": 0, "2018-09-30": 0, "2018-06-30": 0, "2018-03-31": "", "2017-12-31": 0, "2017-09-30": 0, "2017-06-30": 0, "2017-03-31": "", "2016-12-31": 0, "2016-09-30": 0, "2016-06-30": 0, "2016-03-31": "", "2015-12-31": 0, "2015-09-30": 0, "2015-06-30": 0, "2015-03-31": "", "2014-12-31": 0, "2014-09-30": 0, "2014-06-30": 0, "2014-03-31": "", "2013-12-31": 0, "2013-09-30": 0, "2013-06-30": 0, "2013-03-31": "", "2012-12-31": 0, "2012-09-30": 0, "2012-06-30": 0, "2012-03-31": "", "2011-12-31": 0, "2011-09-30": 0, "2011-06-30": 0, "2011-03-31": "", "2010-12-31": 0, "2010-09-30": 0, "2010-06-30": 0, "2010-03-31": "", "2009-12-31": 0, "2009-09-30": 0, "2009-06-30": 0, "2009-03-31": "", "2008-12-31": 0, "2008-09-30": 0, "2008-06-30": 0, "2008-03-31": "", "2007-12-31": 0, "2007-09-30": 0, "2007-06-30": 0, "2007-03-31": "", "2006-12-31": 0, "2006-09-30": 0, "2006-06-30": 0, "2006-03-31": "", "2005-12-31": 0, "2005-09-30": 0, "2005-06-30": 0, "2005-03-31": ""}, "Net Acquisitions/Divestitures": {"2020-12-31": -1454, "2020-09-30": 1454, "2020-06-30": 0, "2020-03-31": "", "2019-12-31": -1755, "2019-09-30": 0, "2019-06-30": 0, "2019-03-31": "", "2018-12-31": 0, "2018-09-30": 0, "2018-06-30": 0, "2018-03-31": "", "2017-12-31": 0, "2017-09-30": 0, "2017-06-30": -64, "2017-03-31": "", "2016-12-31": 0, "2016-09-30": 0, "2016-06-30": 0, "2016-03-31": "-532.00000", "2015-12-31": 0, "2015-09-30": 0, "2015-06-30": 0, "2015-03-31": "", "2014-12-31": 0, "2014-09-30": 0, "2014-06-30": 0, "2014-03-31": "-23.00000", "2013-12-31": 0, "2013-09-30": 0, "2013-06-30": 0, "2013-03-31": "-488.00000", "2012-12-31": 0, "2012-09-30": 0, "2012-06-30": 0, "2012-03-31": "", "2011-12-31": 0, "2011-09-30": 0, "2011-06-30": 0, "2011-03-31": "-2321.00000", "2010-12-31": 0, "2010-09-30": 0, "2010-06-30": 0, "2010-03-31": "", "2009-12-31": 0, "2009-09-30": 0, "2009-06-30": 0, "2009-03-31": "", "2008-12-31": 0, "2008-09-30": 0, "2008-06-30": 0, "2008-03-31": "", "2007-12-31": 0, "2007-09-30": 0, "2007-06-30": 0, "2007-03-31": "", "2006-12-31": 0, "2006-09-30": 0, "2006-06-30": 724, "2006-03-31": "", "2005-12-31": 0, "2005-09-30": 0, "2005-06-30": 0, "2005-03-31": ""}, "Net Change In Short-term Investments": {"2020-12-31": 4608, "2020-09-30": 1361, "2020-06-30": -3551, "2020-03-31": "-2418.00000", "2019-12-31": 1838, "2019-09-30": -1433, "2019-06-30": 1039, "2019-03-31": "-635.00000", "2018-12-31": -529, "2018-09-30": -13, "2018-06-30": 19, "2018-03-31": "1033.00000", "2017-12-31": -1020, "2017-09-30": -2038, "2017-06-30": 1651, "2017-03-31": "2330.00000", "2016-12-31": -2202, "2016-09-30": -306, "2016-06-30": -1471, "2016-03-31": "4309.00000", "2015-12-31": 60, "2015-09-30": -2286, "2015-06-30": 295, "2015-03-31": "2330.00000", "2014-12-31": -2519, "2014-09-30": 99, "2014-06-30": 396, "2014-03-31": "1552.00000", "2013-12-31": 956, "2013-09-30": -794, "2013-06-30": -1452, "2013-03-31": "258.00000", "2012-12-31": -280, "2012-09-30": -834, "2012-06-30": 777, "2012-03-31": "137.00000", "2011-12-31": 195, "2011-09-30": 249, "2011-06-30": -177, "2011-03-31": "-131.00000", "2010-12-31": -112, "2010-09-30": 746, "2010-06-30": 699, "2010-03-31": "-359.00000", "2009-12-31": 1458, "2009-09-30": -1021, "2009-06-30": -2172, "2009-03-31": "764.00000", "2008-12-31": 2444, "2008-09-30": -1360, "2008-06-30": -945, "2008-03-31": "-703.00000", "2007-12-31": -1167, "2007-09-30": 2928, "2007-06-30": -1681, "2007-03-31": "-168.00000", "2006-12-31": -599, "2006-09-30": -582, "2006-06-30": 336, "2006-03-31": "-94.00000", "2005-12-31": -113, "2005-09-30": 542, "2005-06-30": 273, "2005-03-31": "-458.00000"}, "Net Change In Long-Term Investments": {"2020-12-31": 10794, "2020-09-30": -2680, "2020-06-30": -3664, "2020-03-31": "-4450.00000", "2019-12-31": -3774, "2019-09-30": -4061, "2019-06-30": -3949, "2019-03-31": "-4908.00000", "2018-12-31": -8464, "2018-09-30": -6376, "2018-06-30": -4235, "2018-03-31": "-2901.00000", "2017-12-31": -2314, "2017-09-30": -2877, "2017-06-30": -1277, "2017-03-31": "-5234.00000", "2016-12-31": -5420, "2016-09-30": -5489, "2016-06-30": -3848, "2016-03-31": "-6693.00000", "2015-12-31": -3157, "2015-09-30": -3124, "2015-06-30": -1802, "2015-03-31": "-221.00000", "2014-12-31": -4519, "2014-09-30": -2183, "2014-06-30": -4988, "2014-03-31": "-4575.00000", "2013-12-31": -4002, "2013-09-30": -3559, "2013-06-30": -2756, "2013-03-31": "-3194.00000", "2012-12-31": -3704, "2012-09-30": -5054, "2012-06-30": -4228, "2012-03-31": "-2377.00000", "2011-12-31": -2569, "2011-09-30": -5246, "2011-06-30": -2279, "2011-03-31": "-1198.00000", "2010-12-31": -2288, "2010-09-30": -2971, "2010-06-30": -1211, "2010-03-31": "-3448.00000", "2009-12-31": 2351, "2009-09-30": -199, "2009-06-30": 3170, "2009-03-31": "-1729.00000", "2008-12-31": -1629, "2008-09-30": -4898, "2008-06-30": 686, "2008-03-31": "-3949.00000", "2007-12-31": 28, "2007-09-30": -5181, "2007-06-30": 903, "2007-03-31": "-459.00000", "2006-12-31": -5272, "2006-09-30": -327, "2006-06-30": -4096, "2006-03-31": "-36.00000", "2005-12-31": -4799, "2005-09-30": -952, "2005-06-30": -280, "2005-03-31": "-5917.00000"}, "Net Change In Investments - Total": {"2020-12-31": 15402, "2020-09-30": -1319, "2020-06-30": -7215, "2020-03-31": "-6868.00000", "2019-12-31": -1936, "2019-09-30": -5494, "2019-06-30": -2910, "2019-03-31": "-5543.00000", "2018-12-31": -8993, "2018-09-30": -6389, "2018-06-30": -4216, "2018-03-31": "-1868.00000", "2017-12-31": -3334, "2017-09-30": -4915, "2017-06-30": 374, "2017-03-31": "-2904.00000", "2016-12-31": -7622, "2016-09-30": -5795, "2016-06-30": -5319, "2016-03-31": "-2384.00000", "2015-12-31": -3097, "2015-09-30": -5410, "2015-06-30": -1507, "2015-03-31": "2109.00000", "2014-12-31": -7038, "2014-09-30": -2084, "2014-06-30": -4592, "2014-03-31": "-3023.00000", "2013-12-31": -3046, "2013-09-30": -4353, "2013-06-30": -4208, "2013-03-31": "-2936.00000", "2012-12-31": -3984, "2012-09-30": -5888, "2012-06-30": -3451, "2012-03-31": "-2240.00000", "2011-12-31": -2374, "2011-09-30": -4997, "2011-06-30": -2456, "2011-03-31": "-1329.00000", "2010-12-31": -2400, "2010-09-30": -2225, "2010-06-30": -512, "2010-03-31": "-3807.00000", "2009-12-31": 3809, "2009-09-30": -1220, "2009-06-30": 998, "2009-03-31": "-965.00000", "2008-12-31": 815, "2008-09-30": -6258, "2008-06-30": -259, "2008-03-31": "-4652.00000", "2007-12-31": -1139, "2007-09-30": -2253, "2007-06-30": -778, "2007-03-31": "-627.00000", "2006-12-31": -5871, "2006-09-30": -909, "2006-06-30": -3760, "2006-03-31": "-130.00000", "2005-12-31": -4912, "2005-09-30": -410, "2005-06-30": -7, "2005-03-31": "-6375.00000"}, "Investing Activities - Other": {"2020-12-31": -209, "2020-09-30": -525, "2020-06-30": -354, "2020-03-31": "1088.00000", "2019-12-31": -221, "2019-09-30": 415, "2019-06-30": 172, "2019-03-31": "244.00000", "2018-12-31": 306, "2018-09-30": -63, "2018-06-30": 0, "2018-03-31": "-405.00000", "2017-12-31": -401, "2017-09-30": -660, "2017-06-30": 62, "2017-03-31": "-115.00000", "2016-12-31": -988, "2016-09-30": 500, "2016-06-30": 278, "2016-03-31": "168.00000", "2015-12-31": 514, "2015-09-30": -467, "2015-06-30": 573, "2015-03-31": "-461.00000", "2014-12-31": -373, "2014-09-30": -68, "2014-06-30": 36, "2014-03-31": "77.00000", "2013-12-31": -1012, "2013-09-30": -70, "2013-06-30": 7, "2013-03-31": "-228.00000", "2012-12-31": -24, "2012-09-30": -15, "2012-06-30": 166, "2012-03-31": "16.00000", "2011-12-31": 63, "2011-09-30": 320, "2011-06-30": 81, "2011-03-31": "-282.00000", "2010-12-31": 8, "2010-09-30": 53, "2010-06-30": 224, "2010-03-31": "137.00000", "2009-12-31": 16, "2009-09-30": -367, "2009-06-30": 224, "2009-03-31": "-66.00000", "2008-12-31": -382, "2008-09-30": 115, "2008-06-30": -190, "2008-03-31": "106.00000", "2007-12-31": -413, "2007-09-30": 244, "2007-06-30": -293, "2007-03-31": "201.00000", "2006-12-31": -312, "2006-09-30": 280, "2006-06-30": -417, "2006-03-31": "248.00000", "2005-12-31": 581, "2005-09-30": -554, "2005-06-30": -317, "2005-03-31": "721.00000"}, "Cash Flow From Investing Activities": {"2020-12-31": 13739, "2020-09-30": -390, "2020-06-30": -7569, "2020-03-31": "-5780.00000", "2019-12-31": -3912, "2019-09-30": -5079, "2019-06-30": -2738, "2019-03-31": "-5299.00000", "2018-12-31": -8687, "2018-09-30": -6452, "2018-06-30": -4216, "2018-03-31": "-2273.00000", "2017-12-31": -3735, "2017-09-30": -5575, "2017-06-30": 372, "2017-03-31": "-3019.00000", "2016-12-31": -8610, "2016-09-30": -5295, "2016-06-30": -5041, "2016-03-31": "-2748.00000", "2015-12-31": -2583, "2015-09-30": -5877, "2015-06-30": -934, "2015-03-31": "1648.00000", "2014-12-31": -7411, "2014-09-30": -2152, "2014-06-30": -4556, "2014-03-31": "-2969.00000", "2013-12-31": -4058, "2013-09-30": -4423, "2013-06-30": -4201, "2013-03-31": "-3652.00000", "2012-12-31": -4008, "2012-09-30": -5903, "2012-06-30": -3285, "2012-03-31": "-2224.00000", "2011-12-31": -2311, "2011-09-30": -4677, "2011-06-30": -2375, "2011-03-31": "-3932.00000", "2010-12-31": -2392, "2010-09-30": -2172, "2010-06-30": -288, "2010-03-31": "-3670.00000", "2009-12-31": 3825, "2009-09-30": -1587, "2009-06-30": 1222, "2009-03-31": "-1031.00000", "2008-12-31": 433, "2008-09-30": -6143, "2008-06-30": -449, "2008-03-31": "-4546.00000", "2007-12-31": -1552, "2007-09-30": -2009, "2007-06-30": -1071, "2007-03-31": "-426.00000", "2006-12-31": -6183, "2006-09-30": -629, "2006-06-30": -3453, "2006-03-31": "118.00000", "2005-12-31": -4331, "2005-09-30": -964, "2005-06-30": -324, "2005-03-31": "-5654.00000"}, "Net Long-Term Debt": {"2020-12-31": -816, "2020-09-30": 62, "2020-06-30": -779, "2020-03-31": "1533.00000", "2019-12-31": 25, "2019-09-30": 1070, "2019-06-30": -535, "2019-03-31": "1337.00000", "2018-12-31": 39, "2018-09-30": 739, "2018-06-30": -706, "2018-03-31": "1052.00000", "2017-12-31": 258, "2017-09-30": -965, "2017-06-30": -26, "2017-03-31": "131.00000", "2016-12-31": -8, "2016-09-30": 1182, "2016-06-30": -898, "2016-03-31": "-287.00000", "2015-12-31": -446, "2015-09-30": -527, "2015-06-30": 1323, "2015-03-31": "-141.00000", "2014-12-31": -2112, "2014-09-30": 837, "2014-06-30": 925, "2014-03-31": "921.00000", "2013-12-31": 530, "2013-09-30": 948, "2013-06-30": -1110, "2013-03-31": "353.00000", "2012-12-31": 2661, "2012-09-30": -697, "2012-06-30": -230, "2012-03-31": "939.00000", "2011-12-31": 189, "2011-09-30": -133, "2011-06-30": 661, "2011-03-31": "-190.00000", "2010-12-31": 744, "2010-09-30": 96, "2010-06-30": -404, "2010-03-31": "387.00000", "2009-12-31": -732, "2009-09-30": 1542, "2009-06-30": -1333, "2009-03-31": "-1293.00000", "2008-12-31": 895, "2008-09-30": 667, "2008-06-30": 1244, "2008-03-31": "1100.00000", "2007-12-31": 5230, "2007-09-30": 667, "2007-06-30": -1316, "2007-03-31": "724.00000", "2006-12-31": 4493, "2006-09-30": 261, "2006-06-30": 129, "2006-03-31": "909.00000", "2005-12-31": 1791, "2005-09-30": 348, "2005-06-30": 968, "2005-03-31": "-222.00000"}, "Net Current Debt": {"2020-12-31": 6, "2020-09-30": -353, "2020-06-30": -342, "2020-03-31": "689.00000", "2019-12-31": -221, "2019-09-30": -207, "2019-06-30": 90, "2019-03-31": "173.00000", "2018-12-31": 57, "2018-09-30": 276, "2018-06-30": 890, "2018-03-31": "101.00000", "2017-12-31": -81, "2017-09-30": -26, "2017-06-30": 144, "2017-03-31": "816.00000", "2016-12-31": -151, "2016-09-30": 364, "2016-06-30": -413, "2016-03-31": "1053.00000", "2015-12-31": -1136, "2015-09-30": 419, "2015-06-30": -175, "2015-03-31": "-1310.00000", "2014-12-31": -338, "2014-09-30": -39, "2014-06-30": -103, "2014-03-31": "1163.00000", "2013-12-31": -344, "2013-09-30": 230, "2013-06-30": 2475, "2013-03-31": "935.00000", "2012-12-31": -2147, "2012-09-30": 301, "2012-06-30": 732, "2012-03-31": "1115.00000", "2011-12-31": -333, "2011-09-30": -88, "2011-06-30": 1120, "2011-03-31": "531.00000", "2010-12-31": -218, "2010-09-30": 59, "2010-06-30": -273, "2010-03-31": "253.00000", "2009-12-31": -1666, "2009-09-30": -1217, "2009-06-30": -2044, "2009-03-31": "-2316.00000", "2008-12-31": -3024, "2008-09-30": 349, "2008-06-30": -2975, "2008-03-31": "-3107.00000", "2007-12-31": -3543, "2007-09-30": 4180, "2007-06-30": -9, "2007-03-31": "-1822.00000", "2006-12-31": -132, "2006-09-30": -1274, "2006-06-30": 2867, "2006-03-31": "195.00000", "2005-12-31": 3763, "2005-09-30": 242, "2005-06-30": -2673, "2005-03-31": "5626.00000"}, "Debt Issuance/Retirement Net - Total": {"2020-12-31": -810, "2020-09-30": -291, "2020-06-30": -1121, "2020-03-31": "2222.00000", "2019-12-31": -196, "2019-09-30": 863, "2019-06-30": -445, "2019-03-31": "1510.00000", "2018-12-31": 96, "2018-09-30": 1015, "2018-06-30": 184, "2018-03-31": "1153.00000", "2017-12-31": 177, "2017-09-30": -991, "2017-06-30": 118, "2017-03-31": "947.00000", "2016-12-31": -159, "2016-09-30": 1546, "2016-06-30": -1311, "2016-03-31": "766.00000", "2015-12-31": -1582, "2015-09-30": -108, "2015-06-30": 1148, "2015-03-31": "-1451.00000", "2014-12-31": -2450, "2014-09-30": 798, "2014-06-30": 822, "2014-03-31": "2084.00000", "2013-12-31": 186, "2013-09-30": 1178, "2013-06-30": 1365, "2013-03-31": "1288.00000", "2012-12-31": 514, "2012-09-30": -396, "2012-06-30": 502, "2012-03-31": "2054.00000", "2011-12-31": -144, "2011-09-30": -221, "2011-06-30": 1781, "2011-03-31": "341.00000", "2010-12-31": 526, "2010-09-30": 155, "2010-06-30": -677, "2010-03-31": "640.00000", "2009-12-31": -2398, "2009-09-30": 325, "2009-06-30": -3377, "2009-03-31": "-3609.00000", "2008-12-31": -2129, "2008-09-30": 1016, "2008-06-30": -1731, "2008-03-31": "-2007.00000", "2007-12-31": 1687, "2007-09-30": 4847, "2007-06-30": -1325, "2007-03-31": "-1098.00000", "2006-12-31": 4361, "2006-09-30": -1013, "2006-06-30": 2996, "2006-03-31": "1104.00000", "2005-12-31": 5554, "2005-09-30": 590, "2005-06-30": -1705, "2005-03-31": "5404.00000"}, "Net Common Equity Issued/Repurchased": {"2020-12-31": 394, "2020-09-30": 33, "2020-06-30": 13, "2020-03-31": "-440.00000", "2019-12-31": -534, "2019-09-30": -925, "2019-06-30": -460, "2019-03-31": "-448.00000", "2018-12-31": -363, "2018-09-30": -340, "2018-06-30": -347, "2018-03-31": "-318.00000", "2017-12-31": -1474, "2017-09-30": 921, "2017-06-30": -276, "2017-03-31": "-175.00000", "2016-12-31": -347, "2016-09-30": -548, "2016-06-30": -345, "2016-03-31": "-453.00000", "2015-12-31": -218, "2015-09-30": -209, "2015-06-30": -166, "2015-03-31": "-862.00000", "2014-12-31": -211, "2014-09-30": -158, "2014-06-30": -189, "2014-03-31": "-173.00000", "2013-12-31": -129, "2013-09-30": -140, "2013-06-30": -167, "2013-03-31": "46.00000", "2012-12-31": -735, "2012-09-30": -127, "2012-06-30": -244, "2012-03-31": "-162.00000", "2011-12-31": -271, "2011-09-30": -675, "2011-06-30": 22, "2011-03-31": "47.00000", "2010-12-31": 990, "2010-09-30": 18, "2010-06-30": 30, "2010-03-31": "30.00000", "2009-12-31": 25, "2009-09-30": 17, "2009-06-30": 1404, "2009-03-31": "9.00000", "2008-12-31": -39, "2008-09-30": -356, "2008-06-30": -821, "2008-03-31": "-840.00000", "2007-12-31": -704, "2007-09-30": -761, "2007-06-30": -685, "2007-03-31": "-629.00000", "2006-12-31": -608, "2006-09-30": -586, "2006-06-30": -598, "2006-03-31": "-554.00000", "2005-12-31": -605, "2005-09-30": -585, "2005-06-30": -419, "2005-03-31": "-317.00000"}, "Net Total Equity Issued/Repurchased": {"2020-12-31": 394, "2020-09-30": 33, "2020-06-30": 13, "2020-03-31": "-440.00000", "2019-12-31": -534, "2019-09-30": -925, "2019-06-30": -460, "2019-03-31": "-448.00000", "2018-12-31": -363, "2018-09-30": -340, "2018-06-30": -347, "2018-03-31": "-318.00000", "2017-12-31": -1474, "2017-09-30": 921, "2017-06-30": -276, "2017-03-31": "-175.00000", "2016-12-31": -347, "2016-09-30": -548, "2016-06-30": -345, "2016-03-31": "-453.00000", "2015-12-31": -218, "2015-09-30": -209, "2015-06-30": -166, "2015-03-31": "-862.00000", "2014-12-31": -211, "2014-09-30": -158, "2014-06-30": -189, "2014-03-31": "-173.00000", "2013-12-31": -129, "2013-09-30": -140, "2013-06-30": -167, "2013-03-31": "46.00000", "2012-12-31": -735, "2012-09-30": -127, "2012-06-30": -244, "2012-03-31": "-162.00000", "2011-12-31": -271, "2011-09-30": -675, "2011-06-30": 22, "2011-03-31": "47.00000", "2010-12-31": 990, "2010-09-30": 18, "2010-06-30": 30, "2010-03-31": "30.00000", "2009-12-31": 25, "2009-09-30": 17, "2009-06-30": 1404, "2009-03-31": "9.00000", "2008-12-31": -39, "2008-09-30": -356, "2008-06-30": -821, "2008-03-31": "-840.00000", "2007-12-31": -704, "2007-09-30": -761, "2007-06-30": -685, "2007-03-31": "-629.00000", "2006-12-31": -608, "2006-09-30": -586, "2006-06-30": -598, "2006-03-31": "-554.00000", "2005-12-31": -605, "2005-09-30": -585, "2005-06-30": -419, "2005-03-31": "-317.00000"}, "Total Common And Preferred Stock Dividends Paid": {"2020-12-31": 1325, "2020-09-30": -439, "2020-06-30": -438, "2020-03-31": "-448.00000", "2019-12-31": -404, "2019-09-30": -410, "2019-06-30": -407, "2019-03-31": "-420.00000", "2018-12-31": -374, "2018-09-30": -378, "2018-06-30": -381, "2018-03-31": "-388.00000", "2017-12-31": -320, "2017-09-30": -323, "2017-06-30": -324, "2017-03-31": "-329.00000", "2016-12-31": -361, "2016-09-30": -308, "2016-06-30": -313, "2016-03-31": "-318.00000", "2015-12-31": -316, "2015-09-30": -264, "2015-06-30": -269, "2015-03-31": "-268.00000", "2014-12-31": -272, "2014-09-30": -250, "2014-06-30": -253, "2014-03-31": "-252.00000", "2013-12-31": -248, "2013-09-30": -192, "2013-06-30": -196, "2013-03-31": "-211.00000", "2012-12-31": 53, "2012-09-30": -3, "2012-06-30": -6, "2012-03-31": "-44.00000", "2011-12-31": -653, "2011-09-30": -2, "2011-06-30": -8, "2011-03-31": "-41.00000", "2010-12-31": -533, "2010-09-30": -2, "2010-06-30": -6, "2010-03-31": "-34.00000", "2009-12-31": -308, "2009-09-30": -2, "2009-06-30": -6, "2009-03-31": "-31.00000", "2008-12-31": -231, "2008-09-30": -3, "2008-06-30": -8, "2008-03-31": "-75.00000", "2007-12-31": -450, "2007-09-30": -3, "2007-06-30": -8, "2007-03-31": "-72.00000", "2006-12-31": -387, "2006-09-30": -2, "2006-06-30": -7, "2006-03-31": "-44.00000", "2005-12-31": -350, "2005-09-30": -1, "2005-06-30": -6, "2005-03-31": "-37.00000"}, "Financial Activities - Other": {"2020-12-31": -5975, "2020-09-30": 1076, "2020-06-30": -126, "2020-03-31": "5025.00000", "2019-12-31": -858, "2019-09-30": 1069, "2019-06-30": -493, "2019-03-31": "924.00000", "2018-12-31": 613, "2018-09-30": 103, "2018-06-30": 64, "2018-03-31": "442.00000", "2017-12-31": 662, "2017-09-30": -362, "2017-06-30": 504, "2017-03-31": "-13.00000", "2016-12-31": 1302, "2016-09-30": 1492, "2016-06-30": 1407, "2016-03-31": "1151.00000", "2015-12-31": -21, "2015-09-30": 1256, "2015-06-30": 264, "2015-03-31": "-505.00000", "2014-12-31": 444, "2014-09-30": 1111, "2014-06-30": 240, "2014-03-31": "338.00000", "2013-12-31": 281, "2013-09-30": 41, "2013-06-30": -86, "2013-03-31": "-774.00000", "2012-12-31": -468, "2012-09-30": 351, "2012-06-30": -2265, "2012-03-31": "-329.00000", "2011-12-31": 574, "2011-09-30": 1443, "2011-06-30": 424, "2011-03-31": "-518.00000", "2010-12-31": 372, "2010-09-30": 352, "2010-06-30": 103, "2010-03-31": "-351.00000", "2009-12-31": -1293, "2009-09-30": -1353, "2009-06-30": -1280, "2009-03-31": "1456.00000", "2008-12-31": 1000, "2008-09-30": 4224, "2008-06-30": 1300, "2008-03-31": "4421.00000", "2007-12-31": 286, "2007-09-30": 41, "2007-06-30": 689, "2007-03-31": "-248.00000", "2006-12-31": -548, "2006-09-30": 1376, "2006-06-30": 1300, "2006-03-31": "-268.00000", "2005-12-31": -838, "2005-09-30": -255, "2005-06-30": 281, "2005-03-31": "437.00000"}, "Cash Flow From Financial Activities": {"2020-12-31": -5066, "2020-09-30": 379, "2020-06-30": -1672, "2020-03-31": "6359.00000", "2019-12-31": -1992, "2019-09-30": 597, "2019-06-30": -1805, "2019-03-31": "1566.00000", "2018-12-31": -28, "2018-09-30": 400, "2018-06-30": -480, "2018-03-31": "889.00000", "2017-12-31": -955, "2017-09-30": -755, "2017-06-30": 22, "2017-03-31": "430.00000", "2016-12-31": 435, "2016-09-30": 2182, "2016-06-30": -562, "2016-03-31": "1146.00000", "2015-12-31": -2137, "2015-09-30": 675, "2015-06-30": 977, "2015-03-31": "-3086.00000", "2014-12-31": -2489, "2014-09-30": 1501, "2014-06-30": 620, "2014-03-31": "1997.00000", "2013-12-31": 90, "2013-09-30": 887, "2013-06-30": 916, "2013-03-31": "349.00000", "2012-12-31": -636, "2012-09-30": -175, "2012-06-30": -2013, "2012-03-31": "1519.00000", "2011-12-31": -494, "2011-09-30": 545, "2011-06-30": 2219, "2011-03-31": "-171.00000", "2010-12-31": 1355, "2010-09-30": 523, "2010-06-30": -550, "2010-03-31": "285.00000", "2009-12-31": -3974, "2009-09-30": -1013, "2009-06-30": -3259, "2009-03-31": "-2175.00000", "2008-12-31": -1399, "2008-09-30": 4881, "2008-06-30": -1260, "2008-03-31": "1499.00000", "2007-12-31": 819, "2007-09-30": 4124, "2007-06-30": -1329, "2007-03-31": "-2047.00000", "2006-12-31": 2818, "2006-09-30": -225, "2006-06-30": 3691, "2006-03-31": "238.00000", "2005-12-31": 3761, "2005-09-30": -251, "2005-06-30": -1849, "2005-03-31": "5487.00000"}, "Net Cash Flow": {"2020-12-31": -4330, "2020-09-30": -493, "2020-06-30": -10500, "2020-03-31": "15323.00000", "2019-12-31": -1959, "2019-09-30": 2863, "2019-06-30": 725, "2019-03-31": "-650.00000", "2018-12-31": 2891, "2018-09-30": -2456, "2018-06-30": -697, "2018-03-31": "1221.00000", "2017-12-31": -51, "2017-09-30": -2220, "2017-06-30": 3451, "2017-03-31": "-825.00000", "2016-12-31": -10683, "2016-09-30": 586, "2016-06-30": 1650, "2016-03-31": "4880.00000", "2015-12-31": -2595, "2015-09-30": 3169, "2015-06-30": -2081, "2015-03-31": "4201.00000", "2014-12-31": -2304, "2014-09-30": 5062, "2014-06-30": -312, "2014-03-31": "1033.00000", "2013-12-31": -1211, "2013-09-30": -395, "2013-06-30": -1432, "2013-03-31": "-3623.00000", "2012-12-31": 4194, "2012-09-30": -336, "2012-06-30": 41, "2012-03-31": "-50.00000", "2011-12-31": -1275, "2011-09-30": 1617, "2011-06-30": 2914, "2011-03-31": "-1920.00000", "2010-12-31": 942, "2010-09-30": 621, "2010-06-30": 1726, "2010-03-31": "-3538.00000", "2009-12-31": 1193, "2009-09-30": -1520, "2009-06-30": -845, "2009-03-31": "-692.00000", "2008-12-31": 3667, "2008-09-30": 1418, "2008-06-30": 183, "2008-03-31": "-1300.00000", "2007-12-31": 1155, "2007-09-30": 3434, "2007-06-30": -337, "2007-03-31": "-1781.00000", "2006-12-31": -978, "2006-09-30": 1156, "2006-06-30": -187, "2006-03-31": "799.00000", "2005-12-31": -577, "2005-09-30": 91, "2005-06-30": -212, "2005-03-31": "425.00000"}, "Stock-Based Compensation": {"2020-12-31": 0, "2020-09-30": 0, "2020-06-30": 0, "2020-03-31": "", "2019-12-31": 0, "2019-09-30": 0, "2019-06-30": 0, "2019-03-31": "", "2018-12-31": 0, "2018-09-30": 0, "2018-06-30": 0, "2018-03-31": "", "2017-12-31": 0, "2017-09-30": 0, "2017-06-30": 0, "2017-03-31": "", "2016-12-31": 0, "2016-09-30": 0, "2016-06-30": 0, "2016-03-31": "", "2015-12-31": 0, "2015-09-30": 0, "2015-06-30": 0, "2015-03-31": "", "2014-12-31": 0, "2014-09-30": 0, "2014-06-30": 0, "2014-03-31": "", "2013-12-31": 0, "2013-09-30": 0, "2013-06-30": 0, "2013-03-31": "", "2012-12-31": 0, "2012-09-30": 0, "2012-06-30": 0, "2012-03-31": "", "2011-12-31": 0, "2011-09-30": 0, "2011-06-30": 0, "2011-03-31": "", "2010-12-31": 0, "2010-09-30": 0, "2010-06-30": 0, "2010-03-31": "", "2009-12-31": 0, "2009-09-30": 0, "2009-06-30": 0, "2009-03-31": "", "2008-12-31": 0, "2008-09-30": 0, "2008-06-30": 0, "2008-03-31": "", "2007-12-31": 0, "2007-09-30": 0, "2007-06-30": 0, "2007-03-31": "", "2006-12-31": 0, "2006-09-30": 0, "2006-06-30": 0, "2006-03-31": "", "2005-12-31": 0, "2005-09-30": 0, "2005-06-30": 0, "2005-03-31": ""}, "Common Stock Dividends Paid": {"2020-12-31": 1325, "2020-09-30": -439, "2020-06-30": -438, "2020-03-31": "-448.00000", "2019-12-31": -404, "2019-09-30": -410, "2019-06-30": -407, "2019-03-31": "-420.00000", "2018-12-31": -374, "2018-09-30": -378, "2018-06-30": -381, "2018-03-31": "-388.00000", "2017-12-31": -320, "2017-09-30": -323, "2017-06-30": -324, "2017-03-31": "-329.00000", "2016-12-31": -361, "2016-09-30": -308, "2016-06-30": -313, "2016-03-31": "-318.00000", "2015-12-31": -316, "2015-09-30": -264, "2015-06-30": -269, "2015-03-31": "-268.00000", "2014-12-31": -272, "2014-09-30": -250, "2014-06-30": -253, "2014-03-31": "-252.00000", "2013-12-31": -248, "2013-09-30": -192, "2013-06-30": -196, "2013-03-31": "-211.00000", "2012-12-31": 53, "2012-09-30": -3, "2012-06-30": -6, "2012-03-31": "-44.00000", "2011-12-31": -653, "2011-09-30": -2, "2011-06-30": -8, "2011-03-31": "-41.00000", "2010-12-31": -533, "2010-09-30": -2, "2010-06-30": -6, "2010-03-31": "-34.00000", "2009-12-31": -308, "2009-09-30": -2, "2009-06-30": -6, "2009-03-31": "-31.00000", "2008-12-31": -231, "2008-09-30": -3, "2008-06-30": -8, "2008-03-31": "-75.00000", "2007-12-31": -450, "2007-09-30": -3, "2007-06-30": -8, "2007-03-31": "-72.00000", "2006-12-31": -387, "2006-09-30": -2, "2006-06-30": -7, "2006-03-31": "-44.00000", "2005-12-31": -350, "2005-09-30": -1, "2005-06-30": -6, "2005-03-31": "-37.00000"}}, "financial ratios": {"Current Ratio": {"2019-12-31": "", "2018-12-31": "", "2017-12-31": "", "2016-12-31": "", "2015-12-31": "", "2014-12-31": "", "2013-12-31": "", "2012-12-31": "", "2011-12-31": "", "2010-12-31": "", "2009-12-31": "", "2008-12-31": "", "2007-12-31": "", "2006-12-31": "", "2005-12-31": ""}, "Long-term Debt / Capital": {"2019-12-31": "0.22640", "2018-12-31": "0.26170", "2017-12-31": "0.23960", "2016-12-31": "0.28130", "2015-12-31": "0.31850", "2014-12-31": "0.31890", "2013-12-31": "0.39630", "2012-12-31": "0.38740", "2011-12-31": "0.41410", "2010-12-31": "0.41800", "2009-12-31": "0.44980", "2008-12-31": "0.59540", "2007-12-31": "0.37540", "2006-12-31": "0.33290", "2005-12-31": "0.26650"}, "Debt/Equity Ratio": {"2019-12-31": "0.32300", "2018-12-31": "0.40440", "2017-12-31": "0.34030", "2016-12-31": "0.41600", "2015-12-31": "0.49640", "2014-12-31": "0.55890", "2013-12-31": "0.73080", "2012-12-31": "0.69580", "2011-12-31": "0.77370", "2010-12-31": "0.77850", "2009-12-31": "0.93900", "2008-12-31": "2.23600", "2007-12-31": "1.26860", "2006-12-31": "1.04660", "2005-12-31": "0.85160"}, "Gross Margin": {"2019-12-31": "", "2018-12-31": "", "2017-12-31": "", "2016-12-31": "", "2015-12-31": "", "2014-12-31": "", "2013-12-31": "", "2012-12-31": "", "2011-12-31": "", "2010-12-31": "", "2009-12-31": "", "2008-12-31": "", "2007-12-31": "", "2006-12-31": "", "2005-12-31": ""}, "Operating Margin": {"2019-12-31": "7.84640", "2018-12-31": "7.67400", "2017-12-31": "10.86800", "2016-12-31": "9.70580", "2015-12-31": "13.60140", "2014-12-31": "3.25110", "2013-12-31": "-4.06160", "2012-12-31": "0.83440", "2011-12-31": "10.11310", "2010-12-31": "10.83290", "2009-12-31": "4.70660", "2008-12-31": "-4.22900", "2007-12-31": "13.62250", "2006-12-31": "13.61720", "2005-12-31": "13.63450"}, "EBIT Margin": {"2019-12-31": "7.84640", "2018-12-31": "7.67400", "2017-12-31": "10.86800", "2016-12-31": "9.70580", "2015-12-31": "13.60140", "2014-12-31": "3.25110", "2013-12-31": "-4.06160", "2012-12-31": "0.83440", "2011-12-31": "10.11310", "2010-12-31": "10.83290", "2009-12-31": "4.70660", "2008-12-31": "-4.22900", "2007-12-31": "13.62250", "2006-12-31": "13.61720", "2005-12-31": "13.63450"}, "EBITDA Margin": {"2019-12-31": "8.55620", "2018-12-31": "7.92960", "2017-12-31": "11.23990", "2016-12-31": "10.24690", "2015-12-31": "13.79930", "2014-12-31": "4.41730", "2013-12-31": "-3.07040", "2012-12-31": "1.19040", "2011-12-31": "10.70390", "2010-12-31": "10.56080", "2009-12-31": "5.24710", "2008-12-31": "-1.75580", "2007-12-31": "14.60860", "2006-12-31": "14.70190", "2005-12-31": "15.23270"}, "Pre-Tax Profit Margin": {"2019-12-31": "7.84640", "2018-12-31": "7.67400", "2017-12-31": "10.86800", "2016-12-31": "9.70580", "2015-12-31": "13.60140", "2014-12-31": "3.25110", "2013-12-31": "-4.06160", "2012-12-31": "0.83440", "2011-12-31": "10.11310", "2010-12-31": "10.83290", "2009-12-31": "4.70660", "2008-12-31": "-4.22900", "2007-12-31": "13.62250", "2006-12-31": "13.61720", "2005-12-31": "13.63450"}, "Net Profit Margin": {"2019-12-31": "6.45920", "2018-12-31": "6.46750", "2017-12-31": "13.17330", "2016-12-31": "7.43120", "2015-12-31": "9.87760", "2014-12-31": "2.55240", "2013-12-31": "-1.60870", "2012-12-31": "0.61290", "2011-12-31": "7.39940", "2010-12-31": "7.85250", "2009-12-31": "9.64790", "2008-12-31": "-3.85310", "2007-12-31": "10.65250", "2006-12-31": "10.62350", "2005-12-31": "11.29300"}, "Asset Turnover": {"2019-12-31": "0.07230", "2018-12-31": "0.07730", "2017-12-31": "0.07170", "2016-12-31": "0.07500", "2015-12-31": "0.07540", "2014-12-31": "0.07060", "2013-12-31": "0.05670", "2012-12-31": "0.11960", "2011-12-31": "0.07910", "2010-12-31": "0.07080", "2009-12-31": "0.06740", "2008-12-31": "0.06510", "2007-12-31": "0.07080", "2006-12-31": "0.07100", "2005-12-31": "0.07580"}, "Inventory Turnover Ratio": {"2019-12-31": "", "2018-12-31": "", "2017-12-31": "", "2016-12-31": "", "2015-12-31": "", "2014-12-31": "", "2013-12-31": "", "2012-12-31": "", "2011-12-31": "", "2010-12-31": "", "2009-12-31": "", "2008-12-31": "", "2007-12-31": "", "2006-12-31": "", "2005-12-31": ""}, "Receiveable Turnover": {"2019-12-31": "", "2018-12-31": "", "2017-12-31": "", "2016-12-31": "", "2015-12-31": "", "2014-12-31": "", "2013-12-31": "", "2012-12-31": "", "2011-12-31": "", "2010-12-31": "", "2009-12-31": "", "2008-12-31": "", "2007-12-31": "", "2006-12-31": "", "2005-12-31": ""}, "Days Sales In Receivables": {"2019-12-31": "", "2018-12-31": "", "2017-12-31": "", "2016-12-31": "", "2015-12-31": "", "2014-12-31": "", "2013-12-31": "", "2012-12-31": "", "2011-12-31": "", "2010-12-31": "", "2009-12-31": "", "2008-12-31": "", "2007-12-31": "", "2006-12-31": "", "2005-12-31": ""}, "ROE - Return On Equity": {"2019-12-31": "6.65110", "2018-12-31": "8.33760", "2017-12-31": "14.62820", "2016-12-31": "9.58820", "2015-12-31": "13.62500", "2014-12-31": "3.36730", "2013-12-31": "-1.58020", "2012-12-31": "1.41900", "2011-12-31": "10.42160", "2010-12-31": "9.04700", "2009-12-31": "12.08360", "2008-12-31": "-8.38530", "2007-12-31": "15.81190", "2006-12-31": "14.66450", "2005-12-31": "15.87230"}, "Return On Tangible Equity": {"2019-12-31": "6.65110", "2018-12-31": "8.33760", "2017-12-31": "14.62820", "2016-12-31": "9.58820", "2015-12-31": "13.62500", "2014-12-31": "3.36730", "2013-12-31": "-1.58020", "2012-12-31": "1.41900", "2011-12-31": "10.42160", "2010-12-31": "9.04700", "2009-12-31": "12.08360", "2008-12-31": "-8.38530", "2007-12-31": "15.81190", "2006-12-31": "14.66450", "2005-12-31": "15.87230"}, "ROA - Return On Assets": {"2019-12-31": "0.47270", "2018-12-31": "0.50150", "2017-12-31": "0.95830", "2016-12-31": "0.56370", "2015-12-31": "0.75430", "2014-12-31": "0.18600", "2013-12-31": "-0.07750", "2012-12-31": "0.07830", "2011-12-31": "0.58540", "2010-12-31": "0.55180", "2009-12-31": "0.64740", "2008-12-31": "-0.25980", "2007-12-31": "0.76350", "2006-12-31": "0.73900", "2005-12-31": "0.87400"}, "ROI - Return On Investment": {"2019-12-31": "5.14540", "2018-12-31": "6.15580", "2017-12-31": "11.12400", "2016-12-31": "6.89080", "2015-12-31": "9.28520", "2014-12-31": "2.29330", "2013-12-31": "-0.95400", "2012-12-31": "0.86930", "2011-12-31": "6.10630", "2010-12-31": "5.26500", "2009-12-31": "6.64800", "2008-12-31": "-3.39240", "2007-12-31": "9.87540", "2006-12-31": "9.78290", "2005-12-31": "11.64240"}, "Book Value Per Share": {"2019-12-31": "159.76400", "2018-12-31": "119.38050", "2017-12-31": "129.00420", "2016-12-31": "107.28770", "2015-12-31": "93.76630", "2014-12-31": "93.10890", "2013-12-31": "77.82370", "2012-12-31": "84.10590", "2011-12-31": "74.12360", "2010-12-31": "67.78110", "2009-12-31": "55.43720", "2008-12-31": "32.56640", "2007-12-31": "52.20010", "2006-12-31": "48.38670", "2005-12-31": "45.57210"}, "Operating Cash Flow Per Share": {"2019-12-31": -3.0696, "2018-12-31": 19.959, "2017-12-31": -2.4379, "2016-12-31": 3.0271, "2015-12-31": -11.1886, "2014-12-31": 23.2352, "2013-12-31": -26.432, "2012-12-31": 19.3414, "2011-12-31": 11.5654, "2010-12-31": 0.7311, "2009-12-31": -12.2319, "2008-12-31": 12.4089, "2007-12-31": 3.9966, "2006-12-31": 1.1159, "2005-12-31": 7.7404}, "Free Cash Flow Per Share": {"2019-12-31": -3.0696, "2018-12-31": 19.959, "2017-12-31": -2.4379, "2016-12-31": 3.0271, "2015-12-31": -11.1886, "2014-12-31": 23.2352, "2013-12-31": -26.432, "2012-12-31": 19.3414, "2011-12-31": 11.5654, "2010-12-31": 0.7311, "2009-12-31": -12.2319, "2008-12-31": 12.4089, "2007-12-31": 3.9966, "2006-12-31": 1.1159, "2005-12-31": 7.7404}}, "financial ratios, quarterly": {"Current Ratio": {"2020-09-30": "", "2020-06-30": "", "2020-03-31": "", "2019-12-31": "", "2019-09-30": "", "2019-06-30": "", "2019-03-31": "", "2018-12-31": "", "2018-09-30": "", "2018-06-30": "", "2018-03-31": "", "2017-12-31": "", "2017-09-30": "", "2017-06-30": "", "2017-03-31": "", "2016-12-31": "", "2016-09-30": "", "2016-06-30": "", "2016-03-31": "", "2015-12-31": "", "2015-09-30": "", "2015-06-30": "", "2015-03-31": "", "2014-12-31": "", "2014-09-30": "", "2014-06-30": "", "2014-03-31": "", "2013-12-31": "", "2013-09-30": "", "2013-06-30": "", "2013-03-31": "", "2012-12-31": "", "2012-09-30": "", "2012-06-30": "", "2012-03-31": "", "2011-12-31": "", "2011-09-30": "", "2011-06-30": "", "2011-03-31": "", "2010-12-31": "", "2010-09-30": "", "2010-06-30": "", "2010-03-31": "", "2009-12-31": "", "2009-09-30": "", "2009-06-30": "", "2009-03-31": "", "2008-12-31": "", "2008-09-30": "", "2008-06-30": "", "2008-03-31": "", "2007-12-31": "", "2007-09-30": "", "2007-06-30": "", "2007-03-31": "", "2006-12-31": "", "2006-09-30": "", "2006-06-30": "", "2006-03-31": "", "2005-12-31": "", "2005-09-30": "", "2005-06-30": "", "2005-03-31": ""}, "Long-term Debt / Capital": {"2020-09-30": "0.23170", "2020-06-30": "0.23260", "2020-03-31": "0.24810", "2019-12-31": "0.22640", "2019-09-30": "0.22410", "2019-06-30": "0.22300", "2019-03-31": "0.24820", "2018-12-31": "0.26170", "2018-09-30": "0.27010", "2018-06-30": "0.25610", "2018-03-31": "0.25800", "2017-12-31": "0.23960", "2017-09-30": "0.25330", "2017-06-30": "0.26600", "2017-03-31": "0.27580", "2016-12-31": "0.28130", "2016-09-30": "0.24770", "2016-06-30": "0.25600", "2016-03-31": "0.28470", "2015-12-31": "0.31850", "2015-09-30": "0.32220", "2015-06-30": "0.32390", "2015-03-31": "0.30180", "2014-12-31": "0.31890", "2014-09-30": "0.34790", "2014-06-30": "0.35970", "2014-03-31": "0.36730", "2013-12-31": "0.39630", "2013-09-30": "0.40240", "2013-06-30": "0.39700", "2013-03-31": "0.38530", "2012-12-31": "0.38740", "2012-09-30": "0.37720", "2012-06-30": "0.38610", "2012-03-31": "0.40690", "2011-12-31": "0.41410", "2011-09-30": "0.38750", "2011-06-30": "0.40820", "2011-03-31": "0.41960", "2010-12-31": "0.41800", "2010-09-30": "0.39600", "2010-06-30": "0.42530", "2010-03-31": "0.44030", "2009-12-31": "0.44980", "2009-09-30": "0.47810", "2009-06-30": "0.52910", "2009-03-31": "0.60470", "2008-12-31": "0.59540", "2008-09-30": "0.48870", "2008-06-30": "0.44080", "2008-03-31": "0.39870", "2007-12-31": "0.37540", "2007-09-30": "0.33400", "2007-06-30": "0.32710", "2007-03-31": "0.33450", "2006-12-31": "0.33290", "2006-09-30": "0.28430", "2006-06-30": "0.30130", "2006-03-31": "0.28800", "2005-12-31": "0.26650", "2005-09-30": "0.27120", "2005-06-30": "0.27030", "2005-03-31": "0.25640"}, "Debt/Equity Ratio": {"2020-09-30": "0.31820", "2020-06-30": "0.32010", "2020-03-31": "0.37150", "2019-12-31": "0.32300", "2019-09-30": "0.31130", "2019-06-30": "0.32980", "2019-03-31": "0.37620", "2018-12-31": "0.40440", "2018-09-30": "0.42080", "2018-06-30": "0.38660", "2018-03-31": "0.37420", "2017-12-31": "0.34030", "2017-09-30": "0.38590", "2017-06-30": "0.39900", "2017-03-31": "0.41100", "2016-12-31": "0.41600", "2016-09-30": "0.34520", "2016-06-30": "0.35630", "2016-03-31": "0.41770", "2015-12-31": "0.49640", "2015-09-30": "0.51820", "2015-06-30": "0.56480", "2015-03-31": "0.49840", "2014-12-31": "0.55890", "2014-09-30": "0.63810", "2014-06-30": "0.65280", "2014-03-31": "0.68400", "2013-12-31": "0.73080", "2013-09-30": "0.76200", "2013-06-30": "0.73140", "2013-03-31": "0.68160", "2012-12-31": "0.69580", "2012-09-30": "0.68230", "2012-06-30": "0.71250", "2012-03-31": "0.78880", "2011-12-31": "0.77370", "2011-09-30": "0.70940", "2011-06-30": "0.75010", "2011-03-31": "0.79600", "2010-12-31": "0.77850", "2010-09-30": "0.73120", "2010-06-30": "0.81330", "2010-03-31": "0.89820", "2009-12-31": "0.93900", "2009-09-30": "1.00380", "2009-06-30": "1.31860", "2009-03-31": "2.02230", "2008-12-31": "2.23600", "2008-09-30": "1.73320", "2008-06-30": "1.42700", "2008-03-31": "1.37800", "2007-12-31": "1.26860", "2007-09-30": "1.08830", "2007-06-30": "1.05030", "2007-03-31": "1.09470", "2006-12-31": "1.04660", "2006-09-30": "0.86120", "2006-06-30": "0.96450", "2006-03-31": "0.91300", "2005-12-31": "0.85160", "2005-09-30": "0.65500", "2005-06-30": "0.63490", "2005-03-31": "0.65750"}, "Gross Margin": {"2020-09-30": "", "2020-06-30": "", "2020-03-31": "", "2019-12-31": "", "2019-09-30": "", "2019-06-30": "", "2019-03-31": "", "2018-12-31": "", "2018-09-30": "", "2018-06-30": "", "2018-03-31": "", "2017-12-31": "", "2017-09-30": "", "2017-06-30": "", "2017-03-31": "", "2016-12-31": "", "2016-09-30": "", "2016-06-30": "", "2016-03-31": "", "2015-12-31": "", "2015-09-30": "", "2015-06-30": "", "2015-03-31": "", "2014-12-31": "", "2014-09-30": "", "2014-06-30": "", "2014-03-31": "", "2013-12-31": "", "2013-09-30": "", "2013-06-30": "", "2013-03-31": "", "2012-12-31": "", "2012-09-30": "", "2012-06-30": "", "2012-03-31": "", "2011-12-31": "", "2011-09-30": "", "2011-06-30": "", "2011-03-31": "", "2010-12-31": "", "2010-09-30": "", "2010-06-30": "", "2010-03-31": "", "2009-12-31": "", "2009-09-30": "", "2009-06-30": "", "2009-03-31": "", "2008-12-31": "", "2008-09-30": "", "2008-06-30": "", "2008-03-31": "", "2007-12-31": "", "2007-09-30": "", "2007-06-30": "", "2007-03-31": "", "2006-12-31": "", "2006-09-30": "", "2006-06-30": "", "2006-03-31": "", "2005-12-31": "", "2005-09-30": "", "2005-06-30": "", "2005-03-31": ""}, "Operating Margin": {"2020-09-30": "9.38090", "2020-06-30": "-19.24890", "2020-03-31": "-2.51040", "2019-12-31": "6.99160", "2019-09-30": "11.42010", "2019-06-30": "5.69270", "2019-03-31": "7.55420", "2018-12-31": "5.71290", "2018-09-30": "11.38220", "2018-06-30": "1.70590", "2018-03-31": "12.30650", "2017-12-31": "6.86140", "2017-09-30": "18.51900", "2017-06-30": "4.52350", "2017-03-31": "12.74320", "2016-12-31": "2.42910", "2016-09-30": "13.64900", "2016-06-30": "9.28730", "2016-03-31": "12.08740", "2015-12-31": "5.91330", "2015-09-30": "15.06730", "2015-06-30": "15.52660", "2015-03-31": "17.66980", "2014-12-31": "-11.12880", "2014-09-30": "2.29400", "2014-06-30": "11.46360", "2014-03-31": "13.36550", "2013-12-31": "-8.87410", "2013-09-30": "13.49250", "2013-06-30": "-7.65860", "2013-03-31": "-15.32790", "2012-12-31": "-1.23630", "2012-09-30": "-7.07550", "2012-06-30": "18.39990", "2012-03-31": "-7.92890", "2011-12-31": "7.20610", "2011-09-30": "16.11410", "2011-06-30": "8.85330", "2011-03-31": "6.17500", "2010-12-31": "-1.54970", "2010-09-30": "17.64650", "2010-06-30": "13.70710", "2010-03-31": "10.91170", "2009-12-31": "8.09910", "2009-09-30": "9.92630", "2009-06-30": "-0.14540", "2009-03-31": "0.03520", "2008-12-31": "-25.71340", "2008-09-30": "-2.78810", "2008-06-30": "8.15270", "2008-03-31": "0.83290", "2007-12-31": "11.30460", "2007-09-30": "13.34450", "2007-06-30": "13.56680", "2007-03-31": "16.26210", "2006-12-31": "15.67930", "2006-09-30": "17.61750", "2006-06-30": "7.97210", "2006-03-31": "12.31850", "2005-12-31": "6.95260", "2005-09-30": "14.34990", "2005-06-30": "15.78880", "2005-03-31": "17.08800"}, "EBIT Margin": {"2020-09-30": "9.38090", "2020-06-30": "-19.24890", "2020-03-31": "-2.51040", "2019-12-31": "6.99160", "2019-09-30": "11.42010", "2019-06-30": "5.69270", "2019-03-31": "7.55420", "2018-12-31": "5.71290", "2018-09-30": "11.38220", "2018-06-30": "1.70590", "2018-03-31": "12.30650", "2017-12-31": "6.86140", "2017-09-30": "18.51900", "2017-06-30": "4.52350", "2017-03-31": "12.74320", "2016-12-31": "2.42910", "2016-09-30": "13.64900", "2016-06-30": "9.28730", "2016-03-31": "12.08740", "2015-12-31": "5.91330", "2015-09-30": "15.06730", "2015-06-30": "15.52660", "2015-03-31": "17.66980", "2014-12-31": "-11.12880", "2014-09-30": "2.29400", "2014-06-30": "11.46360", "2014-03-31": "13.36550", "2013-12-31": "-8.87410", "2013-09-30": "13.49250", "2013-06-30": "-7.65860", "2013-03-31": "-15.32790", "2012-12-31": "-1.23630", "2012-09-30": "-7.07550", "2012-06-30": "18.39990", "2012-03-31": "-7.92890", "2011-12-31": "7.20610", "2011-09-30": "16.11410", "2011-06-30": "8.85330", "2011-03-31": "6.17500", "2010-12-31": "-1.54970", "2010-09-30": "17.64650", "2010-06-30": "13.70710", "2010-03-31": "10.91170", "2009-12-31": "8.09910", "2009-09-30": "9.92630", "2009-06-30": "-0.14540", "2009-03-31": "0.03520", "2008-12-31": "-25.71340", "2008-09-30": "-2.78810", "2008-06-30": "8.15270", "2008-03-31": "0.83290", "2007-12-31": "11.30460", "2007-09-30": "13.34450", "2007-06-30": "13.56680", "2007-03-31": "16.26210", "2006-12-31": "15.67930", "2006-09-30": "17.61750", "2006-06-30": "7.97210", "2006-03-31": "12.31850", "2005-12-31": "6.95260", "2005-09-30": "14.34990", "2005-06-30": "15.78880", "2005-03-31": "17.08800"}, "EBITDA Margin": {"2020-09-30": "", "2020-06-30": "", "2020-03-31": "", "2019-12-31": "", "2019-09-30": "", "2019-06-30": "", "2019-03-31": "", "2018-12-31": "", "2018-09-30": "", "2018-06-30": "", "2018-03-31": "", "2017-12-31": "", "2017-09-30": "", "2017-06-30": "", "2017-03-31": "", "2016-12-31": "", "2016-09-30": "", "2016-06-30": "", "2016-03-31": "", "2015-12-31": "", "2015-09-30": "", "2015-06-30": "", "2015-03-31": "", "2014-12-31": "", "2014-09-30": "", "2014-06-30": "", "2014-03-31": "", "2013-12-31": "", "2013-09-30": "", "2013-06-30": "", "2013-03-31": "", "2012-12-31": "", "2012-09-30": "", "2012-06-30": "", "2012-03-31": "", "2011-12-31": "", "2011-09-30": "", "2011-06-30": "", "2011-03-31": "", "2010-12-31": "", "2010-09-30": "", "2010-06-30": "", "2010-03-31": "", "2009-12-31": "", "2009-09-30": "", "2009-06-30": "", "2009-03-31": "", "2008-12-31": "", "2008-09-30": "", "2008-06-30": "", "2008-03-31": "", "2007-12-31": "", "2007-09-30": "", "2007-06-30": "", "2007-03-31": "", "2006-12-31": "", "2006-09-30": "", "2006-06-30": "", "2006-03-31": "", "2005-12-31": "", "2005-09-30": "", "2005-06-30": "", "2005-03-31": ""}, "Pre-Tax Profit Margin": {"2020-09-30": "9.38090", "2020-06-30": "-19.24890", "2020-03-31": "-2.51040", "2019-12-31": "6.99160", "2019-09-30": "11.42010", "2019-06-30": "5.69270", "2019-03-31": "7.55420", "2018-12-31": "5.71290", "2018-09-30": "11.38220", "2018-06-30": "1.70590", "2018-03-31": "12.30650", "2017-12-31": "6.86140", "2017-09-30": "18.51900", "2017-06-30": "4.52350", "2017-03-31": "12.74320", "2016-12-31": "2.42910", "2016-09-30": "13.64900", "2016-06-30": "9.28730", "2016-03-31": "12.08740", "2015-12-31": "5.91330", "2015-09-30": "15.06730", "2015-06-30": "15.52660", "2015-03-31": "17.66980", "2014-12-31": "-11.12880", "2014-09-30": "2.29400", "2014-06-30": "11.46360", "2014-03-31": "13.36550", "2013-12-31": "-8.87410", "2013-09-30": "13.49250", "2013-06-30": "-7.65860", "2013-03-31": "-15.32790", "2012-12-31": "-1.23630", "2012-09-30": "-7.07550", "2012-06-30": "18.39990", "2012-03-31": "-7.92890", "2011-12-31": "7.20610", "2011-09-30": "16.11410", "2011-06-30": "8.85330", "2011-03-31": "6.17500", "2010-12-31": "-1.54970", "2010-09-30": "17.64650", "2010-06-30": "13.70710", "2010-03-31": "10.91170", "2009-12-31": "8.09910", "2009-09-30": "9.92630", "2009-06-30": "-0.14540", "2009-03-31": "0.03520", "2008-12-31": "-25.71340", "2008-09-30": "-2.78810", "2008-06-30": "8.15270", "2008-03-31": "0.83290", "2007-12-31": "11.30460", "2007-09-30": "13.34450", "2007-06-30": "13.56680", "2007-03-31": "16.26210", "2006-12-31": "15.67930", "2006-09-30": "17.61750", "2006-06-30": "7.97210", "2006-03-31": "12.31850", "2005-12-31": "6.95260", "2005-09-30": "14.34990", "2005-06-30": "15.78880", "2005-03-31": "17.08800"}, "Net Profit Margin": {"2020-09-30": "9.64020", "2020-06-30": "-19.88440", "2020-03-31": "-2.01280", "2019-12-31": "5.86800", "2019-09-30": "9.38760", "2019-06-30": "4.60100", "2019-03-31": "6.17590", "2018-12-31": "4.56810", "2018-09-30": "10.35420", "2018-06-30": "1.34430", "2018-03-31": "9.90770", "2017-12-31": "23.14790", "2017-09-30": "13.71910", "2017-06-30": "3.65300", "2017-03-31": "10.01460", "2016-12-31": "2.17620", "2016-09-30": "10.77180", "2016-06-30": "6.37860", "2016-03-31": "9.32370", "2015-12-31": "5.15570", "2015-09-30": "10.77290", "2015-06-30": "10.25380", "2015-03-31": "13.09160", "2014-12-31": "-9.27820", "2014-09-30": "4.13570", "2014-06-30": "8.29150", "2014-03-31": "9.63120", "2013-12-31": "-4.62820", "2013-09-30": "9.08050", "2013-06-30": "-5.11900", "2013-03-31": "-7.07900", "2012-12-31": "-0.39400", "2012-09-30": "-4.44310", "2012-06-30": "13.78290", "2012-03-31": "-9.75790", "2011-12-31": "5.86030", "2011-09-30": "10.67580", "2011-06-30": "6.44400", "2011-03-31": "5.51620", "2010-12-31": "-0.21080", "2010-09-30": "12.54410", "2010-06-30": "9.80250", "2010-03-31": "7.53760", "2009-12-31": "22.11550", "2009-09-30": "12.66530", "2009-06-30": "2.36950", "2009-03-31": "0.16420", "2008-12-31": "-23.63660", "2008-09-30": "-2.50360", "2008-06-30": "7.54250", "2008-03-31": "0.79320", "2007-12-31": "9.43760", "2007-09-30": "10.33000", "2007-06-30": "10.04150", "2007-03-31": "12.76350", "2006-12-31": "11.85960", "2006-09-30": "14.41220", "2006-06-30": "6.19440", "2006-03-31": "9.33760", "2005-12-31": "4.84820", "2005-09-30": "17.50740", "2005-06-30": "10.59390", "2005-03-31": "12.04460"}, "Asset Turnover": {"2020-09-30": "0.01690", "2020-06-30": "0.01320", "2020-03-31": "0.01540", "2019-12-31": "0.02140", "2019-09-30": "0.01710", "2019-06-30": "0.01760", "2019-03-31": "0.01780", "2018-12-31": "0.02260", "2018-09-30": "0.01960", "2018-06-30": "0.01790", "2018-03-31": "0.01660", "2017-12-31": "0.01950", "2017-09-30": "0.01990", "2017-06-30": "0.01650", "2017-03-31": "0.01710", "2016-12-31": "0.01660", "2016-09-30": "0.02070", "2016-06-30": "0.01810", "2016-03-31": "0.01850", "2015-12-31": "0.01880", "2015-09-30": "0.01800", "2015-06-30": "0.01800", "2015-03-31": "0.02000", "2014-12-31": "0.02050", "2014-09-30": "0.01620", "2014-06-30": "0.01720", "2014-03-31": "0.01720", "2013-12-31": "0.01360", "2013-09-30": "0.01560", "2013-06-30": "0.01420", "2013-03-31": "0.01400", "2012-12-31": "0.06480", "2012-09-30": "0.01960", "2012-06-30": "0.02490", "2012-03-31": "0.01510", "2011-12-31": "0.01890", "2011-09-30": "0.02440", "2011-06-30": "0.02000", "2011-03-31": "0.01700", "2010-12-31": "0.01490", "2010-09-30": "0.01880", "2010-06-30": "0.02220", "2010-03-31": "0.01880", "2009-12-31": "0.01760", "2009-09-30": "0.01800", "2009-06-30": "0.01550", "2009-03-31": "0.01990", "2008-12-31": "0.01500", "2008-09-30": "0.01530", "2008-06-30": "0.01620", "2008-03-31": "0.01580", "2007-12-31": "0.01810", "2007-09-30": "0.01750", "2007-06-30": "0.01820", "2007-03-31": "0.01910", "2006-12-31": "0.01920", "2006-09-30": "0.01870", "2006-06-30": "0.01660", "2006-03-31": "0.01810", "2005-12-31": "0.01820", "2005-09-30": "0.01880", "2005-06-30": "0.02040", "2005-03-31": "0.01910"}, "Inventory Turnover Ratio": {"2020-09-30": "", "2020-06-30": "", "2020-03-31": "", "2019-12-31": "", "2019-09-30": "", "2019-06-30": "", "2019-03-31": "", "2018-12-31": "", "2018-09-30": "", "2018-06-30": "", "2018-03-31": "", "2017-12-31": "", "2017-09-30": "", "2017-06-30": "", "2017-03-31": "", "2016-12-31": "", "2016-09-30": "", "2016-06-30": "", "2016-03-31": "", "2015-12-31": "", "2015-09-30": "", "2015-06-30": "", "2015-03-31": "", "2014-12-31": "", "2014-09-30": "", "2014-06-30": "", "2014-03-31": "", "2013-12-31": "", "2013-09-30": "", "2013-06-30": "", "2013-03-31": "", "2012-12-31": "", "2012-09-30": "", "2012-06-30": "", "2012-03-31": "", "2011-12-31": "", "2011-09-30": "", "2011-06-30": "", "2011-03-31": "", "2010-12-31": "", "2010-09-30": "", "2010-06-30": "", "2010-03-31": "", "2009-12-31": "", "2009-09-30": "", "2009-06-30": "", "2009-03-31": "", "2008-12-31": "", "2008-09-30": "", "2008-06-30": "", "2008-03-31": "", "2007-12-31": "", "2007-09-30": "", "2007-06-30": "", "2007-03-31": "", "2006-12-31": "", "2006-09-30": "", "2006-06-30": "", "2006-03-31": "", "2005-12-31": "", "2005-09-30": "", "2005-06-30": "", "2005-03-31": ""}, "Receiveable Turnover": {"2020-09-30": "", "2020-06-30": "", "2020-03-31": "", "2019-12-31": "", "2019-09-30": "", "2019-06-30": "", "2019-03-31": "", "2018-12-31": "", "2018-09-30": "", "2018-06-30": "", "2018-03-31": "", "2017-12-31": "", "2017-09-30": "", "2017-06-30": "", "2017-03-31": "", "2016-12-31": "", "2016-09-30": "", "2016-06-30": "", "2016-03-31": "", "2015-12-31": "", "2015-09-30": "", "2015-06-30": "", "2015-03-31": "", "2014-12-31": "", "2014-09-30": "", "2014-06-30": "", "2014-03-31": "", "2013-12-31": "", "2013-09-30": "", "2013-06-30": "", "2013-03-31": "", "2012-12-31": "", "2012-09-30": "", "2012-06-30": "", "2012-03-31": "", "2011-12-31": "", "2011-09-30": "", "2011-06-30": "", "2011-03-31": "", "2010-12-31": "", "2010-09-30": "", "2010-06-30": "", "2010-03-31": "", "2009-12-31": "", "2009-09-30": "", "2009-06-30": "", "2009-03-31": "", "2008-12-31": "", "2008-09-30": "", "2008-06-30": "", "2008-03-31": "", "2007-12-31": "", "2007-09-30": "", "2007-06-30": "", "2007-03-31": "", "2006-12-31": "", "2006-09-30": "", "2006-06-30": "", "2006-03-31": "", "2005-12-31": "", "2005-09-30": "", "2005-06-30": "", "2005-03-31": ""}, "Days Sales In Receivables": {"2020-09-30": "", "2020-06-30": "", "2020-03-31": "", "2019-12-31": "", "2019-09-30": "", "2019-06-30": "", "2019-03-31": "", "2018-12-31": "", "2018-09-30": "", "2018-06-30": "", "2018-03-31": "", "2017-12-31": "", "2017-09-30": "", "2017-06-30": "", "2017-03-31": "", "2016-12-31": "", "2016-09-30": "", "2016-06-30": "", "2016-03-31": "", "2015-12-31": "", "2015-09-30": "", "2015-06-30": "", "2015-03-31": "", "2014-12-31": "", "2014-09-30": "", "2014-06-30": "", "2014-03-31": "", "2013-12-31": "", "2013-09-30": "", "2013-06-30": "", "2013-03-31": "", "2012-12-31": "", "2012-09-30": "", "2012-06-30": "", "2012-03-31": "", "2011-12-31": "", "2011-09-30": "", "2011-06-30": "", "2011-03-31": "", "2010-12-31": "", "2010-09-30": "", "2010-06-30": "", "2010-03-31": "", "2009-12-31": "", "2009-09-30": "", "2009-06-30": "", "2009-03-31": "", "2008-12-31": "", "2008-09-30": "", "2008-06-30": "", "2008-03-31": "", "2007-12-31": "", "2007-09-30": "", "2007-06-30": "", "2007-03-31": "", "2006-12-31": "", "2006-09-30": "", "2006-06-30": "", "2006-03-31": "", "2005-12-31": "", "2005-09-30": "", "2005-06-30": "", "2005-03-31": ""}, "ROE - Return On Equity": {"2020-09-30": "2.25300", "2020-06-30": "-3.61610", "2020-03-31": "-0.44210", "2019-12-31": "1.78600", "2019-09-30": "2.14890", "2019-06-30": "1.18740", "2019-03-31": "1.68980", "2018-12-31": "1.73160", "2018-09-30": "3.55760", "2018-06-30": "0.41160", "2018-03-31": "2.61430", "2017-12-31": "7.09030", "2017-09-30": "4.43190", "2017-06-30": "1.01970", "2017-03-31": "2.92080", "2016-12-31": "0.63570", "2016-09-30": "3.21550", "2016-06-30": "1.67640", "2016-03-31": "2.77880", "2015-12-31": "1.76510", "2015-09-30": "3.43000", "2015-06-30": "3.44980", "2015-03-31": "4.48940", "2014-12-31": "-3.42630", "2014-09-30": "1.23490", "2014-06-30": "2.65270", "2014-03-31": "3.20350", "2013-12-31": "-1.18170", "2013-09-30": "2.93880", "2013-06-30": "-1.36180", "2013-03-31": "-1.68690", "2012-12-31": "-0.47300", "2012-09-30": "-1.41490", "2012-06-30": "5.77790", "2012-03-31": "-2.63100", "2011-12-31": "1.84840", "2011-09-30": "4.26670", "2011-06-30": "2.25050", "2011-03-31": "1.72050", "2010-12-31": "-0.05470", "2010-09-30": "3.63980", "2010-06-30": "3.59770", "2010-03-31": "2.42860", "2009-12-31": "7.46240", "2009-09-30": "4.15340", "2009-06-30": "0.84610", "2009-03-31": "-0.00740", "2008-12-31": "-12.00490", "2008-09-30": "-0.94120", "2008-06-30": "2.74470", "2008-03-31": "0.36570", "2007-12-31": "3.76010", "2007-09-30": "3.79070", "2007-06-30": "3.81380", "2007-03-31": "4.59300", "2006-12-31": "4.43820", "2006-09-30": "4.90990", "2006-06-30": "2.15410", "2006-03-31": "3.30890", "2005-12-31": "1.65620", "2005-09-30": "5.82960", "2005-06-30": "3.93230", "2005-03-31": "4.14830"}, "Return On Tangible Equity": {"2020-09-30": "2.25300", "2020-06-30": "-3.61610", "2020-03-31": "-0.44210", "2019-12-31": "1.78600", "2019-09-30": "2.14890", "2019-06-30": "1.18740", "2019-03-31": "1.68980", "2018-12-31": "1.73160", "2018-09-30": "3.55760", "2018-06-30": "0.41160", "2018-03-31": "2.61430", "2017-12-31": "7.09030", "2017-09-30": "4.43190", "2017-06-30": "1.01970", "2017-03-31": "2.92080", "2016-12-31": "0.63570", "2016-09-30": "3.21550", "2016-06-30": "1.67640", "2016-03-31": "2.77880", "2015-12-31": "1.76510", "2015-09-30": "3.43000", "2015-06-30": "3.44980", "2015-03-31": "4.48940", "2014-12-31": "-3.42630", "2014-09-30": "1.23490", "2014-06-30": "2.65270", "2014-03-31": "3.20350", "2013-12-31": "-1.18170", "2013-09-30": "2.93880", "2013-06-30": "-1.36180", "2013-03-31": "-1.68690", "2012-12-31": "-0.47300", "2012-09-30": "-1.41490", "2012-06-30": "5.77790", "2012-03-31": "-2.63100", "2011-12-31": "1.84840", "2011-09-30": "4.26670", "2011-06-30": "2.25050", "2011-03-31": "1.72050", "2010-12-31": "-0.05470", "2010-09-30": "3.63980", "2010-06-30": "3.59770", "2010-03-31": "2.42860", "2009-12-31": "7.46240", "2009-09-30": "4.15340", "2009-06-30": "0.84610", "2009-03-31": "-0.00740", "2008-12-31": "-12.00490", "2008-09-30": "-0.94120", "2008-06-30": "2.74470", "2008-03-31": "0.36570", "2007-12-31": "3.76010", "2007-09-30": "3.79070", "2007-06-30": "3.81380", "2007-03-31": "4.59300", "2006-12-31": "4.43820", "2006-09-30": "4.90990", "2006-06-30": "2.15410", "2006-03-31": "3.30890", "2005-12-31": "1.65620", "2005-09-30": "5.82960", "2005-06-30": "3.93230", "2005-03-31": "4.14830"}, "ROA - Return On Assets": {"2020-09-30": "0.16530", "2020-06-30": "-0.26270", "2020-03-31": "-0.03090", "2019-12-31": "0.12690", "2019-09-30": "0.16090", "2019-06-30": "0.08450", "2019-03-31": "0.11030", "2018-12-31": "0.10420", "2018-09-30": "0.20360", "2018-06-30": "0.02440", "2018-03-31": "0.16440", "2017-12-31": "0.46450", "2017-09-30": "0.27290", "2017-06-30": "0.06100", "2017-03-31": "0.17210", "2016-12-31": "0.03740", "2016-09-30": "0.22350", "2016-06-30": "0.11610", "2016-03-31": "0.17710", "2015-12-31": "0.09770", "2015-09-30": "0.19440", "2015-06-30": "0.19130", "2015-03-31": "0.26280", "2014-12-31": "-0.18930", "2014-09-30": "0.06840", "2014-06-30": "0.14490", "2014-03-31": "0.16670", "2013-12-31": "-0.05790", "2013-09-30": "0.14270", "2013-06-30": "-0.06930", "2013-03-31": "-0.09470", "2012-12-31": "-0.02610", "2012-09-30": "-0.08290", "2012-06-30": "0.34470", "2012-03-31": "-0.14660", "2011-12-31": "0.10380", "2011-09-30": "0.26380", "2011-06-30": "0.13080", "2011-03-31": "0.09550", "2010-12-31": "-0.00330", "2010-09-30": "0.23530", "2010-06-30": "0.21960", "2010-03-31": "0.13580", "2009-12-31": "0.39980", "2009-09-30": "0.21700", "2009-06-30": "0.03550", "2009-03-31": "-0.00020", "2008-12-31": "-0.37190", "2008-09-30": "-0.03820", "2008-06-30": "0.12470", "2008-03-31": "0.01740", "2007-12-31": "0.18160", "2007-09-30": "0.18130", "2007-06-30": "0.18950", "2007-03-31": "0.23560", "2006-12-31": "0.22370", "2006-09-30": "0.25490", "2006-06-30": "0.10510", "2006-03-31": "0.17040", "2005-12-31": "0.09120", "2005-09-30": "0.33340", "2005-06-30": "0.22640", "2005-03-31": "0.23070"}, "ROI - Return On Investment": {"2020-09-30": "1.73100", "2020-06-30": "-2.77490", "2020-03-31": "-0.33240", "2019-12-31": "1.38170", "2019-09-30": "1.66730", "2019-06-30": "0.92260", "2019-03-31": "1.27040", "2018-12-31": "1.27840", "2018-09-30": "2.59680", "2018-06-30": "0.30620", "2018-03-31": "1.93980", "2017-12-31": "5.39180", "2017-09-30": "3.30930", "2017-06-30": "0.74850", "2017-03-31": "2.11510", "2016-12-31": "0.45690", "2016-09-30": "2.41910", "2016-06-30": "1.24720", "2016-03-31": "1.98770", "2015-12-31": "1.20290", "2015-09-30": "2.32490", "2015-06-30": "2.33230", "2015-03-31": "3.13430", "2014-12-31": "-2.33350", "2014-09-30": "0.80520", "2014-06-30": "1.69840", "2014-03-31": "2.02670", "2013-12-31": "-0.71340", "2013-09-30": "1.75640", "2013-06-30": "-0.82120", "2013-03-31": "-1.03700", "2012-12-31": "-0.28980", "2012-09-30": "-0.88120", "2012-06-30": "3.54690", "2012-03-31": "-1.56050", "2011-12-31": "1.08300", "2011-09-30": "2.61320", "2011-06-30": "1.33190", "2011-03-31": "0.99860", "2010-12-31": "-0.03180", "2010-09-30": "2.19840", "2010-06-30": "2.06770", "2010-03-31": "1.35920", "2009-12-31": "4.10550", "2009-09-30": "2.16780", "2009-06-30": "0.39840", "2009-03-31": "-0.00290", "2008-12-31": "-4.85680", "2008-09-30": "-0.48130", "2008-06-30": "1.53480", "2008-03-31": "0.21990", "2007-12-31": "2.34840", "2007-09-30": "2.52480", "2007-06-30": "2.56640", "2007-03-31": "3.05660", "2006-12-31": "2.96080", "2006-09-30": "3.51410", "2006-06-30": "1.50500", "2006-03-31": "2.35590", "2005-12-31": "1.21480", "2005-09-30": "4.24860", "2005-06-30": "2.86930", "2005-03-31": "3.08460"}, "Book Value Per Share": {"2020-09-30": "169.15680", "2020-06-30": "168.54070", "2020-03-31": "155.06450", "2019-12-31": "159.76360", "2019-09-30": "166.49800", "2019-06-30": "154.23310", "2019-03-31": "136.12370", "2018-12-31": "119.38050", "2018-09-30": "113.61730", "2018-06-30": "116.32920", "2018-03-31": "123.92430", "2017-12-31": "129.00420", "2017-09-30": "119.05130", "2017-06-30": "113.89930", "2017-03-31": "109.42100", "2016-12-31": "107.28770", "2016-09-30": "131.97470", "2016-06-30": "125.76500", "2016-03-31": "111.17100", "2015-12-31": "93.76630", "2015-09-30": "95.16200", "2015-06-30": "93.58460", "2015-03-31": "100.48910", "2014-12-31": "93.10890", "2014-09-30": "92.25130", "2014-06-30": "90.80500", "2014-03-31": "84.04350", "2013-12-31": "77.82370", "2013-09-30": "75.69950", "2013-06-30": "77.22880", "2013-03-31": "87.01700", "2012-12-31": "84.10590", "2012-09-30": "84.83630", "2012-06-30": "82.89200", "2012-03-31": "75.60710", "2011-12-31": "74.12360", "2011-09-30": "79.89180", "2011-06-30": "73.00660", "2011-03-31": "68.18980", "2010-12-31": "67.78110", "2010-09-30": "72.95860", "2010-06-30": "64.89060", "2010-03-31": "59.07510", "2009-12-31": "55.43720", "2009-09-30": "53.63010", "2009-06-30": "40.37990", "2009-03-31": "31.79210", "2008-12-31": "32.56640", "2008-09-30": "44.13340", "2008-06-30": "50.36430", "2008-03-31": "51.64910", "2007-12-31": "52.20010", "2007-09-30": "50.37950", "2007-06-30": "49.49160", "2007-03-31": "50.33390", "2006-12-31": "48.38670", "2006-09-30": "48.39940", "2006-06-30": "44.17480", "2006-03-31": "45.22320", "2005-12-31": "45.57210", "2005-09-30": "46.65690", "2005-06-30": "45.74260", "2005-03-31": "42.76050"}, "Operating Cash Flow Per Share": {"2020-09-30": -1.7209, "2020-06-30": -3.0354, "2020-03-31": "37.19400", "2019-12-31": 9.4746, "2019-09-30": 18.1753, "2019-06-30": 12.7236, "2019-03-31": "7.38750", "2018-12-31": 26.6535, "2018-09-30": 8.5813, "2018-06-30": 10.2558, "2018-03-31": "5.34000", "2017-12-31": 10.6739, "2017-09-30": 9.4223, "2017-06-30": 7.0223, "2017-03-31": "3.75310", "2016-12-31": -5.1195, "2016-09-30": 8.3288, "2016-06-30": 16.1395, "2016-03-31": "13.96070", "2015-12-31": 4.5482, "2015-09-30": 18.2028, "2015-06-30": -4.4081, "2015-03-31": "11.93950", "2014-12-31": 17.0232, "2014-09-30": 12.5908, "2014-06-30": 7.649, "2014-03-31": "4.20800", "2013-12-31": 6.6193, "2013-09-30": 6.4754, "2013-06-30": 4.7383, "2013-03-31": "0.40280", "2012-12-31": 19.3685, "2012-09-30": 12.5517, "2012-06-30": 11.1129, "2012-03-31": "1.63470", "2011-12-31": 3.2111, "2011-09-30": 11.6585, "2011-06-30": 5.9397, "2011-03-31": "4.51710", "2010-12-31": 4.0315, "2010-09-30": 4.3397, "2010-06-30": 5.498, "2010-03-31": "-0.10820", "2009-12-31": 2.9072, "2009-09-30": 1.4674, "2009-06-30": 2.6629, "2009-03-31": "5.99240", "2008-12-31": 10.3208, "2008-09-30": 6.6337, "2008-06-30": 5.2462, "2008-03-31": "3.06110", "2007-12-31": 4.0316, "2007-09-30": 2.9674, "2007-06-30": 4.4059, "2007-03-31": "1.44800", "2006-12-31": 4.736, "2006-09-30": 4.243, "2006-06-30": -1.0074, "2006-03-31": "0.88470", "2005-12-31": 0.1406, "2005-09-30": 2.7255, "2005-06-30": 3.8573, "2005-03-31": "1.01700"}, "Free Cash Flow Per Share": {"2020-09-30": -1.7209, "2020-06-30": -3.0354, "2020-03-31": "37.19400", "2019-12-31": 9.4746, "2019-09-30": 18.1753, "2019-06-30": 12.7236, "2019-03-31": "7.38750", "2018-12-31": 26.6535, "2018-09-30": 8.5813, "2018-06-30": 10.2558, "2018-03-31": "5.34000", "2017-12-31": 10.6739, "2017-09-30": 9.4223, "2017-06-30": 7.0223, "2017-03-31": "3.75310", "2016-12-31": -5.1195, "2016-09-30": 8.3288, "2016-06-30": 16.1395, "2016-03-31": "13.96070", "2015-12-31": 4.5482, "2015-09-30": 18.2028, "2015-06-30": -4.4081, "2015-03-31": "11.93950", "2014-12-31": 17.0232, "2014-09-30": 12.5908, "2014-06-30": 7.649, "2014-03-31": "4.20800", "2013-12-31": 6.6193, "2013-09-30": 6.4754, "2013-06-30": 4.7383, "2013-03-31": "0.40280", "2012-12-31": 19.3685, "2012-09-30": 12.5517, "2012-06-30": 11.1129, "2012-03-31": "1.63470", "2011-12-31": 3.2111, "2011-09-30": 11.6585, "2011-06-30": 5.9397, "2011-03-31": "4.51710", "2010-12-31": 4.0315, "2010-09-30": 4.3397, "2010-06-30": 5.498, "2010-03-31": "-0.10820", "2009-12-31": 2.9072, "2009-09-30": 1.4674, "2009-06-30": 2.6629, "2009-03-31": "5.99240", "2008-12-31": 10.3208, "2008-09-30": 6.6337, "2008-06-30": 5.2462, "2008-03-31": "3.06110", "2007-12-31": 4.0316, "2007-09-30": 2.9674, "2007-06-30": 4.4059, "2007-03-31": "1.44800", "2006-12-31": 4.736, "2006-09-30": 4.243, "2006-06-30": -1.0074, "2006-03-31": "0.88470", "2005-12-31": 0.1406, "2005-09-30": 2.7255, "2005-06-30": 3.8573, "2005-03-31": "1.01700"}}, "revenue": {"Prudential Financial Annual Revenue (Millions of US $)": {"2020": "$54,149", "2019": "$64,807", "2018": "$62,992", "2017": "$59,689", "2016": "$58,779", "2015": "$57,119", "2014": "$54,105", "2013": "$41,461", "2012": "$84,847", "2011": "$49,085", "2010": "$38,217", "2009": "$32,380", "2008": "$28,990", "2007": "$34,377", "2006": "$32,268", "2005": "$31,347"}, "Prudential Financial Quarterly Revenue (Millions of US $)": {"2020-12-31": "$15,076", "2020-09-30": "$15,425", "2020-06-30": "$12,115", "2020-03-31": "$13,464", "2019-12-31": "$19,223", "2019-09-30": "$15,105", "2019-06-30": "$15,388", "2019-03-31": "$15,091", "2018-12-31": "$18,432", "2018-09-30": "$16,148", "2018-06-30": "$14,655", "2018-03-31": "$13,757", "2017-12-31": "$16,265", "2017-09-30": "$16,313", "2017-06-30": "$13,441", "2017-03-31": "$13,670", "2016-12-31": "$13,050", "2016-09-30": "$16,961", "2016-06-30": "$14,439", "2016-03-31": "$14,329", "2015-12-31": "$14,256", "2015-09-30": "$13,599", "2015-06-30": "$13,712", "2015-03-31": "$15,552", "2014-12-31": "$15,725", "2014-09-30": "$12,380", "2014-06-30": "$13,146", "2014-03-31": "$12,854", "2013-12-31": "$9,939", "2013-09-30": "$11,310", "2013-06-30": "$10,041", "2013-03-31": "$10,171", "2012-12-31": "$45,944", "2012-09-30": "$13,144", "2012-06-30": "$16,136", "2012-03-31": "$9,623", "2011-12-31": "$11,740", "2011-09-30": "$14,931", "2011-06-30": "$12,244", "2011-03-31": "$10,170", "2010-12-31": "$8,066", "2010-09-30": "$9,917", "2010-06-30": "$10,987", "2010-03-31": "$9,247", "2009-12-31": "$8,433", "2009-09-30": "$8,543", "2009-06-30": "$6,879", "2009-03-31": "$8,525", "2008-12-31": "$6,693", "2008-09-30": "$7,030", "2008-06-30": "$7,703", "2008-03-31": "$7,564", "2007-12-31": "$8,784", "2007-09-30": "$8,393", "2007-06-30": "$8,425", "2007-03-31": "$8,775", "2006-12-31": "$8,744", "2006-09-30": "$8,361", "2006-06-30": "$7,313", "2006-03-31": "$7,850", "2005-12-31": "$7,508", "2005-09-30": "$7,791", "2005-06-30": "$8,335", "2005-03-31": "$7,713"}}, "gross-profit": {"Prudential Financial Annual Gross Profit (Millions of US $)": {"2020": "$20,436", "2019": "$20,833", "2018": "$19,056", "2017": "$19,982", "2016": "$19,361", "2015": "$20,801", "2014": "$15,539", "2013": "$9,567", "2012": "$13,306", "2011": "$18,264", "2010": "$13,534", "2009": "$10,252", "2008": "$7,906", "2007": "$13,503", "2006": "$12,446", "2005": "$11,915"}, "Prudential Financial Quarterly Gross Profit (Millions of US $)": {"2020-12-31": "$5,847", "2020-09-30": "$5,408", "2020-06-30": "$1,302", "2020-03-31": "$4,143", "2019-12-31": "$5,696", "2019-09-30": "$5,610", "2019-06-30": "$4,796", "2019-03-31": "$4,731", "2018-12-31": "$4,782", "2018-09-30": "$5,361", "2018-06-30": "$3,709", "2018-03-31": "$5,204", "2017-12-31": "$4,632", "2017-09-30": "$6,585", "2017-06-30": "$3,675", "2017-03-31": "$5,090", "2016-12-31": "$3,408", "2016-09-30": "$5,413", "2016-06-30": "$4,794", "2016-03-31": "$5,746", "2015-12-31": "$4,011", "2015-09-30": "$5,744", "2015-06-30": "$4,747", "2015-03-31": "$6,299", "2014-12-31": "$2,476", "2014-09-30": "$3,419", "2014-06-30": "$4,791", "2014-03-31": "$4,853", "2013-12-31": "$2,315", "2013-09-30": "$3,732", "2013-06-30": "$2,178", "2013-03-31": "$1,342", "2012-12-31": "$2,682", "2012-09-30": "$1,994", "2012-06-30": "$6,858", "2012-03-31": "$1,772", "2011-12-31": "$4,033", "2011-09-30": "$6,581", "2011-06-30": "$4,284", "2011-03-31": "$3,366", "2010-12-31": "$2,238", "2010-09-30": "$3,693", "2010-06-30": "$4,351", "2010-03-31": "$3,252", "2009-12-31": "$2,884", "2009-09-30": "$2,735", "2009-06-30": "$1,617", "2009-03-31": "$3,016", "2008-12-31": "$983", "2008-09-30": "$1,801", "2008-06-30": "$2,789", "2008-03-31": "$2,333", "2007-12-31": "$3,340", "2007-09-30": "$3,265", "2007-06-30": "$3,362", "2007-03-31": "$3,536", "2006-12-31": "$3,553", "2006-09-30": "$3,198", "2006-06-30": "$2,570", "2006-03-31": "$3,125", "2005-12-31": "$2,484", "2005-09-30": "$3,073", "2005-06-30": "$3,244", "2005-03-31": "$3,114"}}, "operating-income": {"Prudential Financial Annual Operating Income (Millions of US $)": {"2020": "$6,714", "2019": "$5,085", "2018": "$4,834", "2017": "$6,487", "2016": "$5,705", "2015": "$7,769", "2014": "$1,759", "2013": "$-1,684", "2012": "$708", "2011": "$4,964", "2010": "$4,140", "2009": "$1,524", "2008": "$-1,226", "2007": "$4,683", "2006": "$4,394", "2005": "$4,274"}, "Prudential Financial Quarterly Operating Income (Millions of US $)": {"2020-12-31": "$1,919", "2020-09-30": "$1,447", "2020-06-30": "$-2,332", "2020-03-31": "$-338", "2019-12-31": "$1,344", "2019-09-30": "$1,725", "2019-06-30": "$876", "2019-03-31": "$1,140", "2018-12-31": "$1,053", "2018-09-30": "$1,838", "2018-06-30": "$250", "2018-03-31": "$1,693", "2017-12-31": "$1,116", "2017-09-30": "$3,021", "2017-06-30": "$608", "2017-03-31": "$1,742", "2016-12-31": "$317", "2016-09-30": "$2,315", "2016-06-30": "$1,341", "2016-03-31": "$1,732", "2015-12-31": "$843", "2015-09-30": "$2,049", "2015-06-30": "$2,129", "2015-03-31": "$2,748", "2014-12-31": "$-1,750", "2014-09-30": "$284", "2014-06-30": "$1,507", "2014-03-31": "$1,718", "2013-12-31": "$-882", "2013-09-30": "$1,526", "2013-06-30": "$-769", "2013-03-31": "$-1,559", "2012-12-31": "$-568", "2012-09-30": "$-930", "2012-06-30": "$2,969", "2012-03-31": "$-763", "2011-12-31": "$846", "2011-09-30": "$2,406", "2011-06-30": "$1,084", "2011-03-31": "$628", "2010-12-31": "$-125", "2010-09-30": "$1,750", "2010-06-30": "$1,506", "2010-03-31": "$1,009", "2009-12-31": "$683", "2009-09-30": "$848", "2009-06-30": "$-10", "2009-03-31": "$3", "2008-12-31": "$-1,721", "2008-09-30": "$-196", "2008-06-30": "$628", "2008-03-31": "$63", "2007-12-31": "$993", "2007-09-30": "$1,120", "2007-06-30": "$1,143", "2007-03-31": "$1,427", "2006-12-31": "$1,371", "2006-09-30": "$1,473", "2006-06-30": "$583", "2006-03-31": "$967", "2005-12-31": "$522", "2005-09-30": "$1,118", "2005-06-30": "$1,316", "2005-03-31": "$1,318"}}, "ebitda": {"Prudential Financial Annual EBITDA (Millions of US $)": {"2019": "$5,545", "2018": "$4,995", "2017": "$6,709", "2016": "$6,023", "2015": "$7,882", "2014": "$2,390", "2013": "$-1,273", "2012": "$1,010", "2011": "$5,254", "2010": "$4,036", "2009": "$1,699", "2008": "$-509", "2007": "$5,022", "2006": "$4,744", "2005": "$4,775"}, "Prudential Financial Quarterly EBITDA (Millions of US $)": {"2020-09-30": "$1,512", "2020-06-30": "$-2,278", "2020-03-31": "$-9", "2019-12-31": "$1,452", "2019-09-30": "$2,166", "2019-06-30": "$767", "2019-03-31": "$1,160", "2018-12-31": "$1,169", "2018-09-30": "$1,835", "2018-06-30": "$320", "2018-03-31": "$1,671", "2017-12-31": "$1,067", "2017-09-30": "$3,185", "2017-06-30": "$765", "2017-03-31": "$1,692", "2016-12-31": "$233", "2016-09-30": "$2,293", "2016-06-30": "$1,598", "2016-03-31": "$1,899", "2015-12-31": "$830", "2015-09-30": "$2,223", "2015-06-30": "$1,911", "2015-03-31": "$2,918", "2014-12-31": "$-1,573", "2014-09-30": "$559", "2014-06-30": "$1,645", "2014-03-31": "$1,759", "2013-12-31": "$-809", "2013-09-30": "$1,703", "2013-06-30": "$-717", "2013-03-31": "$-1,450", "2012-12-31": "$-496", "2012-09-30": "$-903", "2012-06-30": "$3,067", "2012-03-31": "$-658", "2011-12-31": "$934", "2011-09-30": "$2,441", "2011-06-30": "$1,270", "2011-03-31": "$609", "2010-12-31": "$-173", "2010-09-30": "$1,733", "2010-06-30": "$1,498", "2010-03-31": "$978", "2009-12-31": "$700", "2009-09-30": "$814", "2009-06-30": "$40", "2009-03-31": "$145", "2008-12-31": "$-1,377", "2008-09-30": "$-31", "2008-06-30": "$730", "2008-03-31": "$169", "2007-12-31": "$1,173", "2007-09-30": "$1,182", "2007-06-30": "$1,178", "2007-03-31": "$1,489", "2006-12-31": "$1,449", "2006-09-30": "$1,609", "2006-06-30": "$635", "2006-03-31": "$1,051", "2005-12-31": "$576", "2005-09-30": "$1,308", "2005-06-30": "$1,454", "2005-03-31": "$1,437"}}, "net-income": {"Prudential Financial Annual Net Income (Millions of US $)": {"2020": "$-374", "2019": "$4,186", "2018": "$4,074", "2017": "$7,863", "2016": "$4,368", "2015": "$5,642", "2014": "$1,381", "2013": "$-667", "2012": "$520", "2011": "$3,632", "2010": "$3,001", "2009": "$3,124", "2008": "$-1,117", "2007": "$3,662", "2006": "$3,428", "2005": "$3,540"}, "Prudential Financial Quarterly Net Income (Millions of US $)": {"2020-12-31": "$819", "2020-09-30": "$1,487", "2020-06-30": "$-2,409", "2020-03-31": "$-271", "2019-12-31": "$1,128", "2019-09-30": "$1,418", "2019-06-30": "$708", "2019-03-31": "$932", "2018-12-31": "$842", "2018-09-30": "$1,672", "2018-06-30": "$197", "2018-03-31": "$1,363", "2017-12-31": "$3,765", "2017-09-30": "$2,238", "2017-06-30": "$491", "2017-03-31": "$1,369", "2016-12-31": "$284", "2016-09-30": "$1,827", "2016-06-30": "$921", "2016-03-31": "$1,336", "2015-12-31": "$735", "2015-09-30": "$1,465", "2015-06-30": "$1,406", "2015-03-31": "$2,036", "2014-12-31": "$-1,459", "2014-09-30": "$512", "2014-06-30": "$1,090", "2014-03-31": "$1,238", "2013-12-31": "$-460", "2013-09-30": "$1,027", "2013-06-30": "$-514", "2013-03-31": "$-720", "2012-12-31": "$-181", "2012-09-30": "$-584", "2012-06-30": "$2,224", "2012-03-31": "$-939", "2011-12-31": "$688", "2011-09-30": "$1,594", "2011-06-30": "$789", "2011-03-31": "$561", "2010-12-31": "$-17", "2010-09-30": "$1,244", "2010-06-30": "$1,077", "2010-03-31": "$697", "2009-12-31": "$1,865", "2009-09-30": "$1,082", "2009-06-30": "$163", "2009-03-31": "$14", "2008-12-31": "$-1,582", "2008-09-30": "$-176", "2008-06-30": "$581", "2008-03-31": "$60", "2007-12-31": "$829", "2007-09-30": "$867", "2007-06-30": "$846", "2007-03-31": "$1,120", "2006-12-31": "$1,037", "2006-09-30": "$1,205", "2006-06-30": "$453", "2006-03-31": "$733", "2005-12-31": "$364", "2005-09-30": "$1,364", "2005-06-30": "$883", "2005-03-31": "$929"}}, "eps-earnings-per-share-diluted": {"Prudential Financial Annual EPS": {"2020": "$-1.00", "2019": "$10.11", "2018": "$9.50", "2017": "$17.86", "2016": "$9.71", "2015": "$12.17", "2014": "$3.23", "2013": "$-1.55", "2012": "$1.05", "2011": "$7.12", "2010": "$5.32", "2009": "$7.63", "2008": "$-2.53", "2007": "$7.51", "2006": "$6.50", "2005": "$6.34"}, "Prudential Financial Quarterly EPS": {"2020-12-31": "$2.03", "2020-09-30": "$3.70", "2020-06-30": "$-6.12", "2020-03-31": "$-0.70", "2019-12-31": "$2.74", "2019-09-30": "$3.44", "2019-06-30": "$1.71", "2019-03-31": "$2.22", "2018-12-31": "$2.00", "2018-09-30": "$3.90", "2018-06-30": "$0.46", "2018-03-31": "$3.14", "2017-12-31": "$8.56", "2017-09-30": "$5.09", "2017-06-30": "$1.12", "2017-03-31": "$3.09", "2016-12-31": "$0.67", "2016-09-30": "$4.07", "2016-06-30": "$2.04", "2016-03-31": "$2.93", "2015-12-31": "$1.61", "2015-09-30": "$3.16", "2015-06-30": "$3.03", "2015-03-31": "$4.37", "2014-12-31": "$-2.57", "2014-09-30": "$0.99", "2014-06-30": "$2.22", "2014-03-31": "$2.59", "2013-12-31": "$-0.89", "2013-09-30": "$2.04", "2013-06-30": "$-1.12", "2013-03-31": "$-1.58", "2012-12-31": "$-0.27", "2012-09-30": "$-1.34", "2012-06-30": "$4.69", "2012-03-31": "$-2.03", "2011-12-31": "$1.26", "2011-09-30": "$3.18", "2011-06-30": "$1.58", "2011-03-31": "$1.10", "2010-12-31": "$0.01", "2010-09-30": "$2.46", "2010-06-30": "$1.70", "2010-03-31": "$1.15", "2009-12-31": "$4.02", "2009-09-30": "$2.35", "2009-06-30": "$1.25", "2009-03-31": "$0.01", "2008-12-31": "$-3.78", "2008-09-30": "$-0.25", "2008-06-30": "$1.32", "2008-03-31": "$0.18", "2007-12-31": "$1.65", "2007-09-30": "$1.88", "2007-06-30": "$1.80", "2007-03-31": "$2.18", "2006-12-31": "$1.85", "2006-09-30": "$2.38", "2006-06-30": "$0.89", "2006-03-31": "$1.38", "2005-12-31": "$0.78", "2005-09-30": "$2.59", "2005-06-30": "$1.48", "2005-03-31": "$1.49"}}, "shares-outstanding": {"Prudential Financial Annual Shares Outstanding (Millions of Shares)": {"2020": "398", "2019": "411", "2018": "426", "2017": "436", "2016": "447", "2015": "460", "2014": "468", "2013": "463", "2012": "468", "2011": "489", "2010": "475", "2009": "448", "2008": "430", "2007": "466", "2006": "494", "2005": "521"}, "Prudential Financial Quarterly Shares Outstanding (Millions of Shares)": {"2020-12-31": "398", "2020-09-30": "397", "2020-06-30": "395", "2020-03-31": "397", "2019-12-31": "411", "2019-09-30": "409", "2019-06-30": "414", "2019-03-31": "418", "2018-12-31": "426", "2018-09-30": "425", "2018-06-30": "428", "2018-03-31": "431", "2017-12-31": "436", "2017-09-30": "435", "2017-06-30": "437", "2017-03-31": "439", "2016-12-31": "447", "2016-09-30": "444", "2016-06-30": "449", "2016-03-31": "453", "2015-12-31": "460", "2015-09-30": "460", "2015-06-30": "461", "2015-03-31": "463", "2014-12-31": "468", "2014-09-30": "467", "2014-06-30": "469", "2014-03-31": "470", "2013-12-31": "463", "2013-09-30": "472", "2013-06-30": "464", "2013-03-31": "464", "2012-12-31": "468", "2012-09-30": "464", "2012-06-30": "474", "2012-03-31": "469", "2011-12-31": "489", "2011-09-30": "489", "2011-06-30": "495", "2011-03-31": "494", "2010-12-31": "475", "2010-09-30": "473", "2010-06-30": "473", "2010-03-31": "472", "2009-12-31": "448", "2009-09-30": "465", "2009-06-30": "434", "2009-03-31": "423", "2008-12-31": "430", "2008-09-30": "424", "2008-06-30": "436", "2008-03-31": "447", "2007-12-31": "466", "2007-09-30": "465", "2007-06-30": "475", "2007-03-31": "477", "2006-12-31": "494", "2006-09-30": "491", "2006-06-30": "497", "2006-03-31": "504", "2005-12-31": "521", "2005-09-30": "518", "2005-06-30": "525", "2005-03-31": "530"}}, "total-assets": {"Prudential Financial Annual Total Assets (Millions of US $)": {"2019": "$896,552", "2018": "$815,078", "2017": "$832,136", "2016": "$783,962", "2015": "$757,255", "2014": "$766,655", "2013": "$731,781", "2012": "$709,235", "2011": "$620,244", "2010": "$539,854", "2009": "$480,203", "2008": "$445,011", "2007": "$485,814", "2006": "$454,266", "2005": "$413,374"}, "Prudential Financial Quarterly Total Assets (Millions of US $)": {"2020-09-30": "$911,589", "2020-06-30": "$915,387", "2020-03-31": "$873,712", "2019-12-31": "$896,552", "2019-09-30": "$885,626", "2019-06-30": "$873,825", "2019-03-31": "$849,324", "2018-12-31": "$815,078", "2018-09-30": "$822,748", "2018-06-30": "$819,860", "2018-03-31": "$829,677", "2017-12-31": "$832,136", "2017-09-30": "$821,131", "2017-06-30": "$812,590", "2017-03-31": "$797,365", "2016-12-31": "$783,962", "2016-09-30": "$819,865", "2016-06-30": "$796,490", "2016-03-31": "$772,995", "2015-12-31": "$757,255", "2015-09-30": "$754,527", "2015-06-30": "$762,731", "2015-03-31": "$778,612", "2014-12-31": "$766,655", "2014-09-30": "$764,147", "2014-06-30": "$765,537", "2014-03-31": "$746,735", "2013-12-31": "$731,781", "2013-09-30": "$723,126", "2013-06-30": "$705,615", "2013-03-31": "$724,097", "2012-12-31": "$709,235", "2012-09-30": "$671,698", "2012-06-30": "$647,463", "2012-03-31": "$637,737", "2011-12-31": "$620,244", "2011-09-30": "$611,473", "2011-06-30": "$613,377", "2011-03-31": "$599,008", "2010-12-31": "$539,854", "2010-09-30": "$526,924", "2010-06-30": "$495,988", "2010-03-31": "$491,861", "2009-12-31": "$480,203", "2009-09-30": "$475,467", "2009-06-30": "$444,716", "2009-03-31": "$427,529", "2008-12-31": "$445,011", "2008-09-30": "$460,398", "2008-06-30": "$474,611", "2008-03-31": "$478,320", "2007-12-31": "$485,814", "2007-09-30": "$480,414", "2007-06-30": "$461,813", "2007-03-31": "$458,908", "2006-12-31": "$454,266", "2006-09-30": "$446,901", "2006-06-30": "$440,675", "2006-03-31": "$433,617", "2005-12-31": "$413,374", "2005-09-30": "$413,582", "2005-06-30": "$409,499", "2005-03-31": "$403,168"}}, "cash-on-hand": {"Prudential Financial Annual Cash on Hand (Millions of US $)": {"2019": "$16,327", "2018": "$15,353", "2017": "$14,490", "2016": "$14,127", "2015": "$17,612", "2014": "$14,918", "2013": "$11,439", "2012": "$18,100", "2011": "$14,251", "2010": "$12,915", "2009": "$13,164", "2008": "$15,028", "2007": "$11,060", "2006": "$8,589", "2005": "$7,799"}, "Prudential Financial Quarterly Cash on Hand (Millions of US $)": {"2020-09-30": "$20,658", "2020-06-30": "$21,149", "2020-03-31": "$31,646", "2019-12-31": "$16,327", "2019-09-30": "$18,289", "2019-06-30": "$15,421", "2019-03-31": "$14,699", "2018-12-31": "$15,353", "2018-09-30": "$12,466", "2018-06-30": "$14,918", "2018-03-31": "$15,676", "2017-12-31": "$14,490", "2017-09-30": "$14,541", "2017-06-30": "$16,605", "2017-03-31": "$13,308", "2016-12-31": "$14,127", "2016-09-30": "$24,728", "2016-06-30": "$24,142", "2016-03-31": "$22,492", "2015-12-31": "$17,612", "2015-09-30": "$20,207", "2015-06-30": "$17,038", "2015-03-31": "$19,119", "2014-12-31": "$14,918", "2014-09-30": "$17,222", "2014-06-30": "$12,160", "2014-03-31": "$12,472", "2013-12-31": "$11,439", "2013-09-30": "$12,650", "2013-06-30": "$13,045", "2013-03-31": "$14,477", "2012-12-31": "$18,100", "2012-09-30": "$13,906", "2012-06-30": "$14,242", "2012-03-31": "$14,201", "2011-12-31": "$14,251", "2011-09-30": "$15,526", "2011-06-30": "$13,909", "2011-03-31": "$10,995", "2010-12-31": "$12,915", "2010-09-30": "$11,973", "2010-06-30": "$11,352", "2010-03-31": "$9,626", "2009-12-31": "$13,164", "2009-09-30": "$11,971", "2009-06-30": "$13,491", "2009-03-31": "$14,336", "2008-12-31": "$15,028", "2008-09-30": "$11,361", "2008-06-30": "$9,943", "2008-03-31": "$9,760", "2007-12-31": "$11,060", "2007-09-30": "$9,905", "2007-06-30": "$6,471", "2007-03-31": "$6,808", "2006-12-31": "$8,589", "2006-09-30": "$9,567", "2006-06-30": "$8,411", "2006-03-31": "$8,598", "2005-12-31": "$7,799", "2005-09-30": "$8,376", "2005-06-30": "$8,285", "2005-03-31": "$8,497"}}, "long-term-debt": {"Prudential Financial Annual Long Term Debt (Millions of US $)": {"2019": "$18,646", "2018": "$17,378", "2017": "$17,172", "2016": "$18,041", "2015": "$19,594", "2014": "$19,831", "2013": "$23,553", "2012": "$24,729", "2011": "$24,622", "2010": "$23,653", "2009": "$21,037", "2008": "$20,290", "2007": "$14,101", "2006": "$11,423", "2005": "$8,270"}, "Prudential Financial Quarterly Long Term Debt (Millions of US $)": {"2020-09-30": "$20,169", "2020-06-30": "$20,162", "2020-03-31": "$20,149", "2019-12-31": "$18,646", "2019-09-30": "$19,151", "2019-06-30": "$17,841", "2019-03-31": "$18,309", "2018-12-31": "$17,378", "2018-09-30": "$17,421", "2018-06-30": "$16,732", "2018-03-31": "$18,143", "2017-12-31": "$17,172", "2017-09-30": "$17,153", "2017-06-30": "$17,626", "2017-03-31": "$17,893", "2016-12-31": "$18,041", "2016-09-30": "$18,758", "2016-06-30": "$18,986", "2016-03-31": "$19,608", "2015-12-31": "$19,594", "2015-09-30": "$20,329", "2015-06-30": "$20,264", "2015-03-31": "$19,703", "2014-12-31": "$19,831", "2014-09-30": "$22,597", "2014-06-30": "$23,488", "2014-03-31": "$22,565", "2013-12-31": "$23,553", "2013-09-30": "$23,642", "2013-06-30": "$23,642", "2013-03-31": "$25,488", "2012-12-31": "$24,729", "2012-09-30": "$23,845", "2012-06-30": "$24,299", "2012-03-31": "$24,379", "2011-12-31": "$24,622", "2011-09-30": "$23,920", "2011-06-30": "$24,578", "2011-03-31": "$24,033", "2010-12-31": "$23,653", "2010-09-30": "$22,337", "2010-06-30": "$22,399", "2010-03-31": "$21,641", "2009-12-31": "$21,037", "2009-09-30": "$22,759", "2009-06-30": "$20,981", "2009-03-31": "$20,662", "2008-12-31": "$20,290", "2008-09-30": "$17,870", "2008-06-30": "$17,004", "2008-03-31": "$15,052", "2007-12-31": "$14,101", "2007-09-30": "$11,521", "2007-06-30": "$11,151", "2007-03-31": "$11,830", "2006-12-31": "$11,423", "2006-09-30": "$9,214", "2006-06-30": "$9,270", "2006-03-31": "$9,034", "2005-12-31": "$8,270", "2005-09-30": "$8,803", "2005-06-30": "$8,734", "2005-03-31": "$7,731"}}, "total-liabilities": {"Prudential Financial Annual Total Liabilities (Millions of US $)": {"2019": "$832,833", "2018": "$766,047", "2017": "$777,625", "2016": "$737,874", "2015": "$715,332", "2014": "$724,306", "2013": "$695,900", "2012": "$670,123", "2011": "$585,403", "2010": "$506,926", "2009": "$454,474", "2008": "$431,225", "2007": "$462,357", "2006": "$431,374", "2005": "$390,611"}, "Prudential Financial Quarterly Total Liabilities (Millions of US $)": {"2020-09-30": "$844,699", "2020-06-30": "$848,879", "2020-03-31": "$812,640", "2019-12-31": "$832,833", "2019-09-30": "$819,312", "2019-06-30": "$811,672", "2019-03-31": "$793,874", "2018-12-31": "$766,047", "2018-09-30": "$775,666", "2018-06-30": "$771,268", "2018-03-31": "$777,502", "2017-12-31": "$777,625", "2017-09-30": "$770,566", "2017-06-30": "$763,950", "2017-03-31": "$750,391", "2016-12-31": "$737,874", "2016-09-30": "$762,891", "2016-06-30": "$741,312", "2016-03-31": "$723,730", "2015-12-31": "$715,332", "2015-09-30": "$711,757", "2015-06-30": "$720,439", "2015-03-31": "$733,038", "2014-12-31": "$724,306", "2014-09-30": "$721,795", "2014-06-30": "$723,730", "2014-03-31": "$707,871", "2013-12-31": "$695,900", "2013-09-30": "$688,010", "2013-06-30": "$669,707", "2013-03-31": "$683,431", "2012-12-31": "$670,123", "2012-09-30": "$632,332", "2012-06-30": "$608,833", "2012-03-31": "$602,199", "2011-12-31": "$585,403", "2011-09-30": "$573,669", "2011-06-30": "$577,741", "2011-03-31": "$565,762", "2010-12-31": "$506,926", "2010-09-30": "$492,856", "2010-06-30": "$465,719", "2010-03-31": "$464,355", "2009-12-31": "$454,474", "2009-09-30": "$450,620", "2009-06-30": "$426,041", "2009-03-31": "$414,023", "2008-12-31": "$431,225", "2008-09-30": "$441,699", "2008-06-30": "$453,042", "2008-03-31": "$455,623", "2007-12-31": "$462,357", "2007-09-30": "$457,437", "2007-06-30": "$438,870", "2007-03-31": "$435,372", "2006-12-31": "$431,374", "2006-09-30": "$423,703", "2006-06-30": "$419,181", "2006-03-31": "$411,283", "2005-12-31": "$390,611", "2005-09-30": "$389,927", "2005-06-30": "$385,925", "2005-03-31": "$380,749"}}, "total-share-holder-equity": {"Prudential Financial Annual Share Holder Equity (Millions of US $)": {"2019": "$63,719", "2018": "$49,031", "2017": "$54,511", "2016": "$46,088", "2015": "$41,923", "2014": "$42,349", "2013": "$35,881", "2012": "$39,112", "2011": "$34,841", "2010": "$32,928", "2009": "$25,729", "2008": "$13,786", "2007": "$23,457", "2006": "$22,892", "2005": "$22,763"}, "Prudential Financial Quarterly Share Holder Equity (Millions of US $)": {"2020-09-30": "$66,890", "2020-06-30": "$66,508", "2020-03-31": "$61,072", "2019-12-31": "$63,719", "2019-09-30": "$66,314", "2019-06-30": "$62,153", "2019-03-31": "$55,450", "2018-12-31": "$49,031", "2018-09-30": "$47,082", "2018-06-30": "$48,592", "2018-03-31": "$52,175", "2017-12-31": "$54,511", "2017-09-30": "$50,565", "2017-06-30": "$48,640", "2017-03-31": "$46,974", "2016-12-31": "$46,088", "2016-09-30": "$56,974", "2016-06-30": "$55,178", "2016-03-31": "$49,265", "2015-12-31": "$41,923", "2015-09-30": "$42,770", "2015-06-30": "$42,292", "2015-03-31": "$45,574", "2014-12-31": "$42,349", "2014-09-30": "$42,352", "2014-06-30": "$41,807", "2014-03-31": "$38,864", "2013-12-31": "$35,881", "2013-09-30": "$35,116", "2013-06-30": "$35,908", "2013-03-31": "$40,666", "2012-12-31": "$39,112", "2012-09-30": "$39,366", "2012-06-30": "$38,630", "2012-03-31": "$35,538", "2011-12-31": "$34,841", "2011-09-30": "$37,804", "2011-06-30": "$35,636", "2011-03-31": "$33,246", "2010-12-31": "$32,928", "2010-09-30": "$34,068", "2010-06-30": "$30,269", "2010-03-31": "$27,506", "2009-12-31": "$25,729", "2009-09-30": "$24,847", "2009-06-30": "$18,675", "2009-03-31": "$13,506", "2008-12-31": "$13,786", "2008-09-30": "$18,699", "2008-06-30": "$21,569", "2008-03-31": "$22,697", "2007-12-31": "$23,457", "2007-09-30": "$22,977", "2007-06-30": "$22,943", "2007-03-31": "$23,536", "2006-12-31": "$22,892", "2006-09-30": "$23,198", "2006-06-30": "$21,494", "2006-03-31": "$22,334", "2005-12-31": "$22,763", "2005-09-30": "$23,655", "2005-06-30": "$23,574", "2005-03-31": "$22,419"}}, "profit-margins": {"current": "-0.69%"}, "gross margin": {"2020-12-31": "29.78%", "2020-09-30": "27.48%", "2020-06-30": "27.96%", "2020-03-31": "32.04%", "2019-12-31": "32.15%", "2019-09-30": "31.12%", "2019-06-30": "30.23%", "2019-03-31": "28.89%", "2018-12-31": "30.25%", "2018-09-30": "31.08%", "2018-06-30": "33.01%", "2018-03-31": "33.62%", "2017-12-31": "33.48%", "2017-09-30": "33.22%", "2017-06-30": "30.79%", "2017-03-31": "32.18%", "2016-12-31": "32.94%", "2016-09-30": "33.28%", "2016-06-30": "35.84%", "2016-03-31": "36.22%", "2015-12-31": "36.42%", "2015-09-30": "32.88%", "2015-06-30": "29.53%", "2015-03-31": "29.90%", "2014-12-31": "28.72%", "2014-09-30": "31.83%", "2014-06-30": "33.21%", "2014-03-31": "29.63%", "2013-12-31": "23.07%", "2013-09-30": "12.82%", "2013-06-30": "10.34%", "2013-03-31": "15.08%", "2012-12-31": "15.68%", "2012-09-30": "28.94%", "2012-06-30": "36.70%", "2012-03-31": "34.34%", "2011-12-31": "37.21%", "2011-09-30": "36.27%", "2011-06-30": "33.62%", "2011-03-31": "34.87%", "2010-12-31": "35.41%", "2010-09-30": "36.75%", "2010-06-30": "35.53%", "2010-03-31": "31.68%", "2009-12-31": "31.66%", "2009-09-30": "27.26%", "2009-06-30": "25.46%", "2009-03-31": "28.68%", "2008-12-31": "27.27%", "2008-09-30": "33.02%", "2008-06-30": "36.15%", "2008-03-31": "37.09%", "2007-12-31": "39.28%", "2007-09-30": "39.95%", "2007-06-30": "39.79%", "2007-03-31": "38.73%", "2006-12-31": "38.57%", "2006-09-30": "36.66%", "2006-06-30": "36.94%", "2006-03-31": "37.88%", "2005-12-31": "38.01%"}, "operating margin": {"2020-12-31": "1.24%", "2020-09-30": "0.20%", "2020-06-30": "0.67%", "2020-03-31": "5.71%", "2019-12-31": "7.85%", "2019-09-30": "7.49%", "2019-06-30": "7.54%", "2019-03-31": "6.66%", "2018-12-31": "7.67%", "2018-09-30": "8.05%", "2018-06-30": "9.97%", "2018-03-31": "10.77%", "2017-12-31": "10.87%", "2017-09-30": "10.07%", "2017-06-30": "8.72%", "2017-03-31": "9.83%", "2016-12-31": "9.71%", "2016-09-30": "10.39%", "2016-06-30": "10.53%", "2016-03-31": "12.08%", "2015-12-31": "13.60%", "2015-09-30": "8.83%", "2015-06-30": "5.95%", "2015-03-31": "4.91%", "2014-12-31": "3.25%", "2014-09-30": "5.44%", "2014-06-30": "8.19%", "2014-03-31": "3.61%", "2013-12-31": "-4.06%", "2013-09-30": "-1.77%", "2013-06-30": "-4.82%", "2013-03-31": "-0.10%", "2012-12-31": "0.83%", "2012-09-30": "4.19%", "2012-06-30": "10.41%", "2012-03-31": "7.36%", "2011-12-31": "10.11%", "2011-09-30": "8.79%", "2011-06-30": "8.26%", "2011-03-31": "9.60%", "2010-12-31": "10.83%", "2010-09-30": "12.82%", "2010-06-30": "10.87%", "2010-03-31": "7.64%", "2009-12-31": "4.71%", "2009-09-30": "-2.87%", "2009-06-30": "-6.61%", "2009-03-31": "-4.29%", "2008-12-31": "-4.23%", "2008-09-30": "4.79%", "2008-06-30": "8.64%", "2008-03-31": "10.01%", "2007-12-31": "13.62%", "2007-09-30": "14.74%", "2007-06-30": "15.78%", "2007-03-31": "14.62%", "2006-12-31": "13.62%", "2006-09-30": "11.42%", "2006-06-30": "10.47%", "2006-03-31": "12.46%", "2005-12-31": "13.63%"}, "ebitda margin": {"2020-09-30": "1.12%", "2020-06-30": "2.22%", "2020-03-31": "6.93%", "2019-12-31": "8.56%", "2019-09-30": "8.22%", "2019-06-30": "7.58%", "2019-03-31": "6.97%", "2018-12-31": "7.93%", "2018-09-30": "8.04%", "2018-06-30": "10.24%", "2018-03-31": "11.19%", "2017-12-31": "11.24%", "2017-09-30": "10.40%", "2017-06-30": "8.72%", "2017-03-31": "10.01%", "2016-12-31": "10.25%", "2016-09-30": "11.04%", "2016-06-30": "11.57%", "2016-03-31": "12.28%", "2015-12-31": "13.80%", "2015-09-30": "9.35%", "2015-06-30": "6.65%", "2015-03-31": "6.25%", "2014-12-31": "4.42%", "2014-09-30": "6.53%", "2014-06-30": "9.10%", "2014-03-31": "4.39%", "2013-12-31": "-3.07%", "2013-09-30": "-1.24%", "2013-06-30": "-4.50%", "2013-03-31": "0.26%", "2012-12-31": "1.19%", "2012-09-30": "4.82%", "2012-06-30": "11.03%", "2012-03-31": "8.21%", "2011-12-31": "10.70%", "2011-09-30": "9.13%", "2011-06-30": "8.51%", "2011-03-31": "9.37%", "2010-12-31": "10.56%", "2010-09-30": "12.72%", "2010-06-30": "10.72%", "2010-03-31": "7.65%", "2009-12-31": "5.25%", "2009-09-30": "-1.23%", "2009-06-30": "-4.20%", "2009-03-31": "-1.78%", "2008-12-31": "-1.76%", "2008-09-30": "6.57%", "2008-06-30": "10.03%", "2008-03-31": "11.16%", "2007-12-31": "14.61%", "2007-09-30": "15.43%", "2007-06-30": "16.69%", "2007-03-31": "15.61%", "2006-12-31": "14.70%", "2006-09-30": "12.47%", "2006-06-30": "11.72%", "2006-03-31": "13.94%", "2005-12-31": "15.23%"}, "pre tax profit margin": {"2020-12-31": "0.52%", "2020-09-30": "0.20%", "2020-06-30": "0.67%", "2020-03-31": "5.71%", "2019-12-31": "7.85%", "2019-09-30": "7.49%", "2019-06-30": "7.54%", "2019-03-31": "6.66%", "2018-12-31": "7.67%", "2018-09-30": "8.05%", "2018-06-30": "9.97%", "2018-03-31": "10.77%", "2017-12-31": "10.87%", "2017-09-30": "10.07%", "2017-06-30": "8.72%", "2017-03-31": "9.83%", "2016-12-31": "9.71%", "2016-09-30": "10.39%", "2016-06-30": "10.53%", "2016-03-31": "12.08%", "2015-12-31": "13.60%", "2015-09-30": "8.83%", "2015-06-30": "5.95%", "2015-03-31": "4.91%", "2014-12-31": "3.25%", "2014-09-30": "5.44%", "2014-06-30": "8.19%", "2014-03-31": "3.61%", "2013-12-31": "-4.06%", "2013-09-30": "-1.77%", "2013-06-30": "-4.82%", "2013-03-31": "-0.10%", "2012-12-31": "0.83%", "2012-09-30": "4.19%", "2012-06-30": "10.41%", "2012-03-31": "7.36%", "2011-12-31": "10.11%", "2011-09-30": "8.79%", "2011-06-30": "8.26%", "2011-03-31": "9.60%", "2010-12-31": "10.83%", "2010-09-30": "12.82%", "2010-06-30": "10.87%", "2010-03-31": "7.64%", "2009-12-31": "4.71%", "2009-09-30": "-2.87%", "2009-06-30": "-6.61%", "2009-03-31": "-4.29%", "2008-12-31": "-4.23%", "2008-09-30": "4.79%", "2008-06-30": "8.64%", "2008-03-31": "10.01%", "2007-12-31": "13.62%", "2007-09-30": "14.74%", "2007-06-30": "15.78%", "2007-03-31": "14.62%", "2006-12-31": "13.62%", "2006-09-30": "11.42%", "2006-06-30": "10.47%", "2006-03-31": "12.46%", "2005-12-31": "13.63%"}, "net profit margin": {"2020-12-31": "-0.67%", "2020-09-30": "-0.11%", "2020-06-30": "-0.22%", "2020-03-31": "4.72%", "2019-12-31": "6.46%", "2019-09-30": "6.09%", "2019-06-30": "6.38%", "2019-03-31": "5.66%", "2018-12-31": "6.47%", "2018-09-30": "11.50%", "2018-06-30": "12.40%", "2018-03-31": "13.14%", "2017-12-31": "13.17%", "2017-09-30": "7.76%", "2017-06-30": "6.95%", "2017-03-31": "7.57%", "2016-12-31": "7.43%", "2016-09-30": "8.03%", "2016-06-30": "7.87%", "2016-03-31": "8.84%", "2015-12-31": "9.88%", "2015-09-30": "5.89%", "2015-06-30": "4.35%", "2015-03-31": "3.84%", "2014-12-31": "2.55%", "2014-09-30": "4.93%", "2014-06-30": "6.13%", "2014-03-31": "2.92%", "2013-12-31": "-1.61%", "2013-09-30": "-0.50%", "2013-06-30": "-2.52%", "2013-03-31": "0.87%", "2012-12-31": "0.61%", "2012-09-30": "2.74%", "2012-06-30": "6.80%", "2012-03-31": "4.39%", "2011-12-31": "7.40%", "2011-09-30": "6.45%", "2011-06-30": "6.38%", "2011-03-31": "7.32%", "2010-12-31": "7.85%", "2010-09-30": "12.66%", "2010-06-30": "12.69%", "2010-03-31": "11.50%", "2009-12-31": "9.65%", "2009-09-30": "-1.05%", "2009-06-30": "-5.43%", "2009-03-31": "-3.88%", "2008-12-31": "-3.85%", "2008-09-30": "4.16%", "2008-06-30": "7.20%", "2008-03-31": "7.85%", "2007-12-31": "10.65%", "2007-09-30": "11.27%", "2007-06-30": "12.27%", "2007-03-31": "11.49%", "2006-12-31": "10.62%", "2006-09-30": "8.88%", "2006-06-30": "9.57%", "2006-03-31": "10.62%", "2005-12-31": "11.29%"}, "pe ratio": {"current": "7.77", "2021-02-05": "0.00", "2020-12-31": "0.00", "2020-09-30": "0.00", "2020-06-30": "0.00", "2020-03-31": "6.88", "2019-12-31": "8.71", "2019-09-30": "8.95", "2019-06-30": "9.46", "2019-03-31": "9.76", "2018-12-31": "7.74", "2018-09-30": "5.61", "2018-06-30": "4.78", "2018-03-31": "5.05", "2017-12-31": "5.58", "2017-09-30": "9.23", "2017-06-30": "10.38", "2017-03-31": "9.21", "2016-12-31": "9.07", "2016-09-30": "6.43", "2016-06-30": "6.09", "2016-03-31": "5.55", "2015-12-31": "5.46", "2015-09-30": "7.83", "2015-06-30": "12.33", "2015-03-31": "13.09", "2014-12-31": "23.03", "2014-09-30": "14.23", "2014-06-30": "11.68", "2014-03-31": "25.38", "2013-12-31": "0.00", "2013-09-30": "0.00", "2013-06-30": "0.00", "2013-03-31": "36.69", "2012-12-31": "59.08", "2012-09-30": "16.57", "2012-06-30": "5.14", "2012-03-31": "11.82", "2011-12-31": "5.08", "2011-09-30": "5.21", "2011-06-30": "7.79", "2011-03-31": "7.53", "2010-12-31": "7.24", "2010-09-30": "4.13", "2010-06-30": "4.14", "2010-03-31": "4.91", "2009-12-31": "4.67", "2009-09-30": "0.00", "2009-06-30": "0.00", "2009-03-31": "0.00", "2008-12-31": "0.00", "2008-09-30": "15.38", "2008-06-30": "7.61", "2008-03-31": "9.16", "2007-12-31": "8.05", "2007-09-30": "8.20", "2007-06-30": "7.64", "2007-03-31": "7.97", "2006-12-31": "8.51"}, "price sales": {"2021-02-05": "0.57", "2020-12-31": "0.55", "2020-09-30": "0.42", "2020-06-30": "0.40", "2020-03-31": "0.32", "2019-12-31": "0.56", "2019-09-30": "0.55", "2019-06-30": "0.60", "2019-03-31": "0.55", "2018-12-31": "0.50", "2018-09-30": "0.64", "2018-06-30": "0.59", "2018-03-31": "0.66", "2017-12-31": "0.73", "2017-09-30": "0.71", "2017-06-30": "0.72", "2017-03-31": "0.69", "2016-12-31": "0.67", "2016-09-30": "0.52", "2016-06-30": "0.48", "2016-03-31": "0.49", "2015-12-31": "0.54", "2015-09-30": "0.49", "2015-06-30": "0.57", "2015-03-31": "0.53", "2014-12-31": "0.62", "2014-09-30": "0.67", "2014-06-30": "0.69", "2014-03-31": "0.70", "2013-12-31": "0.80", "2013-09-30": "0.36", "2013-06-30": "0.33", "2013-03-31": "0.25", "2012-12-31": "0.22", "2012-09-30": "0.37", "2012-06-30": "0.32", "2012-03-31": "0.46", "2011-12-31": "0.37", "2011-09-30": "0.36", "2011-06-30": "0.54", "2011-03-31": "0.53", "2010-12-31": "0.51", "2010-09-30": "0.45", "2010-06-30": "0.46", "2010-03-31": "0.58", "2009-12-31": "0.47", "2009-09-30": "0.49", "2009-06-30": "0.37", "2009-03-31": "0.19", "2008-12-31": "0.31", "2008-09-30": "0.67", "2008-06-30": "0.55", "2008-03-31": "0.72", "2007-12-31": "0.84", "2007-09-30": "0.88", "2007-06-30": "0.89", "2007-03-31": "0.86", "2006-12-31": "0.86"}, "price book": {"current": "0.47", "2021-02-05": "0.47", "2020-09-30": "0.37", "2020-06-30": "0.35", "2020-03-31": "0.32", "2019-12-31": "0.55", "2019-09-30": "0.50", "2019-06-30": "0.60", "2019-03-31": "0.61", "2018-12-31": "0.62", "2018-09-30": "0.80", "2018-06-30": "0.71", "2018-03-31": "0.73", "2017-12-31": "0.77", "2017-09-30": "0.77", "2017-06-30": "0.81", "2017-03-31": "0.83", "2016-12-31": "0.82", "2016-09-30": "0.52", "2016-06-30": "0.47", "2016-03-31": "0.54", "2015-12-31": "0.71", "2015-09-30": "0.65", "2015-06-30": "0.75", "2015-03-31": "0.64", "2014-12-31": "0.77", "2014-09-30": "0.75", "2014-06-30": "0.76", "2014-03-31": "0.78", "2013-12-31": "0.91", "2013-09-30": "0.79", "2013-06-30": "0.72", "2013-03-31": "0.51", "2012-12-31": "0.48", "2012-09-30": "0.47", "2012-06-30": "0.43", "2012-03-31": "0.61", "2011-12-31": "0.49", "2011-09-30": "0.42", "2011-06-30": "0.62", "2011-03-31": "0.64", "2010-12-31": "0.61", "2010-09-30": "0.51", "2010-06-30": "0.57", "2010-03-31": "0.71", "2009-12-31": "0.62", "2009-09-30": "0.64", "2009-06-30": "0.63", "2009-03-31": "0.41", "2008-12-31": "0.63", "2008-09-30": "1.07", "2008-06-30": "0.78", "2008-03-31": "0.99", "2007-12-31": "1.17", "2007-09-30": "1.25", "2007-06-30": "1.27", "2007-03-31": "1.16", "2006-12-31": "1.15", "2006-09-30": "1.01", "2006-06-30": "1.13", "2006-03-31": "1.07"}, "price fcf": {"2021-02-05": "", "2020-09-30": "$41.91", "2020-06-30": "$61.81", "2020-03-31": "$77.57", "2019-12-31": "$47.76", "2019-09-30": "$64.94", "2019-06-30": "$55.35", "2019-03-31": "$52.88", "2018-12-31": "$50.83", "2018-09-30": "$34.85", "2018-06-30": "$35.69", "2018-03-31": "$32.46", "2017-12-31": "$30.87", "2017-09-30": "$15.08", "2017-06-30": "$13.98", "2017-03-31": "$23.10", "2016-12-31": "$33.31", "2016-09-30": "$42.98", "2016-06-30": "$52.85", "2016-03-31": "$32.30", "2015-12-31": "$30.28", "2015-09-30": "$42.76", "2015-06-30": "$37.15", "2015-03-31": "$49.20", "2014-12-31": "$41.47", "2014-09-30": "$31.07", "2014-06-30": "$24.95", "2014-03-31": "$22.04", "2013-12-31": "$18.24", "2013-09-30": "$30.99", "2013-06-30": "$37.06", "2013-03-31": "$43.44", "2012-12-31": "$44.67", "2012-09-30": "$28.51", "2012-06-30": "$27.62", "2012-03-31": "$22.44", "2011-12-31": "$25.33", "2011-09-30": "$26.15", "2011-06-30": "$18.83", "2011-03-31": "$18.39", "2010-12-31": "$13.76", "2010-09-30": "$12.64", "2010-06-30": "$9.76", "2010-03-31": "$6.93", "2009-12-31": "$13.03", "2009-09-30": "$20.44", "2009-06-30": "$25.61", "2009-03-31": "$28.19", "2008-12-31": "$25.26", "2008-09-30": "$18.97", "2008-06-30": "$15.31", "2008-03-31": "$14.47", "2007-12-31": "$12.85", "2007-09-30": "$13.56", "2007-06-30": "$14.83", "2007-03-31": "$9.42", "2006-12-31": "$8.86"}, "net worth": {"value": "$31.74B"}, "current ratio": {"2020-12-31": "0.03", "2020-09-30": "0.05", "2020-06-30": "0.05", "2020-03-31": "0.07", "2019-12-31": "0.04", "2019-09-30": "0.04", "2019-06-30": "0.04", "2019-03-31": "0.03", "2018-12-31": "0.04", "2018-09-30": "0.03", "2018-06-30": "0.04", "2018-03-31": "0.04", "2017-12-31": "0.04", "2017-09-30": "0.04", "2017-06-30": "0.04", "2017-03-31": "0.03", "2016-12-31": "0.04", "2016-09-30": "0.06", "2016-06-30": "0.06", "2016-03-31": "0.06", "2015-12-31": "0.05", "2015-09-30": "0.06", "2015-06-30": "0.05", "2015-03-31": "0.05", "2014-12-31": "0.04", "2014-09-30": "0.05", "2014-06-30": "0.03", "2014-03-31": "0.04", "2013-12-31": "0.03", "2013-09-30": "0.04", "2013-06-30": "0.04", "2013-03-31": "0.04", "2012-12-31": "0.05", "2012-09-30": "0.04", "2012-06-30": "0.05", "2012-03-31": "0.05", "2011-12-31": "0.05", "2011-09-30": "0.05", "2011-06-30": "0.05", "2011-03-31": "0.04", "2010-12-31": "0.05", "2010-09-30": "0.05", "2010-06-30": "0.05", "2010-03-31": "0.04", "2009-12-31": "0.06", "2009-09-30": "0.05", "2009-06-30": "0.06", "2009-03-31": "0.06", "2008-12-31": "0.07", "2008-09-30": "0.06", "2008-06-30": "0.05", "2008-03-31": "0.05", "2007-12-31": "0.05", "2007-09-30": "0.06", "2007-06-30": "0.04", "2007-03-31": "0.04", "2006-12-31": "0.05", "2006-09-30": "0.06", "2006-06-30": "0.05", "2006-03-31": "0.06", "2005-12-31": "0.06", "2005-09-30": "0.06", "2005-06-30": "0.06", "2005-03-31": "0.07"}, "quick ratio": {"2020-12-31": "0.00", "2020-09-30": "0.00", "2020-06-30": "0.00", "2020-03-31": "0.00", "2019-12-31": "0.00", "2019-09-30": "0.00", "2019-06-30": "0.00", "2019-03-31": "0.00", "2018-12-31": "0.00", "2018-09-30": "0.00", "2018-06-30": "0.00", "2018-03-31": "0.00", "2017-12-31": "0.00", "2017-09-30": "0.00", "2017-06-30": "0.00", "2017-03-31": "0.00", "2016-12-31": "0.00", "2016-09-30": "0.00", "2016-06-30": "0.00", "2016-03-31": "0.00", "2015-12-31": "0.00", "2015-09-30": "0.00", "2015-06-30": "0.00", "2015-03-31": "0.00", "2014-12-31": "0.00", "2014-09-30": "0.00", "2014-06-30": "0.00", "2014-03-31": "0.00", "2013-12-31": "0.00", "2013-09-30": "0.00", "2013-06-30": "0.00", "2013-03-31": "0.00", "2012-12-31": "0.00", "2012-09-30": "0.00", "2012-06-30": "0.00", "2012-03-31": "0.00", "2011-12-31": "0.00", "2011-09-30": "0.00", "2011-06-30": "0.00", "2011-03-31": "0.00", "2010-12-31": "0.00", "2010-09-30": "0.00", "2010-06-30": "0.00", "2010-03-31": "0.00", "2009-12-31": "0.00", "2009-09-30": "0.00", "2009-06-30": "0.00", "2009-03-31": "0.00", "2008-12-31": "0.00", "2008-09-30": "0.00", "2008-06-30": "0.00", "2008-03-31": "0.00", "2007-12-31": "0.00", "2007-09-30": "0.00", "2007-06-30": "0.00", "2007-03-31": "0.00", "2006-12-31": "0.00", "2006-09-30": "0.00", "2006-06-30": "0.00", "2006-03-31": "0.00", "2005-12-31": "0.00", "2005-09-30": "0.00", "2005-06-30": "0.00", "2005-03-31": "0.00"}, "debt equity ratio": {"current": "0.30", "2020-12-31": "12.79", "2020-09-30": "12.63", "2020-06-30": "12.76", "2020-03-31": "13.31", "2019-12-31": "13.07", "2019-09-30": "12.36", "2019-06-30": "13.06", "2019-03-31": "14.32", "2018-12-31": "15.62", "2018-09-30": "16.48", "2018-06-30": "15.87", "2018-03-31": "14.90", "2017-12-31": "14.27", "2017-09-30": "15.24", "2017-06-30": "15.71", "2017-03-31": "15.98", "2016-12-31": "16.01", "2016-09-30": "13.39", "2016-06-30": "13.44", "2016-03-31": "14.69", "2015-12-31": "17.06", "2015-09-30": "16.64", "2015-06-30": "17.04", "2015-03-31": "16.09", "2014-12-31": "17.10", "2014-09-30": "17.04", "2014-06-30": "17.31", "2014-03-31": "18.21", "2013-12-31": "19.40", "2013-09-30": "19.59", "2013-06-30": "18.65", "2013-03-31": "16.81", "2012-12-31": "17.13", "2012-09-30": "16.06", "2012-06-30": "15.76", "2012-03-31": "16.95", "2011-12-31": "16.80", "2011-09-30": "15.18", "2011-06-30": "16.21", "2011-03-31": "17.02", "2010-12-31": "15.40", "2010-09-30": "14.47", "2010-06-30": "15.39", "2010-03-31": "16.88", "2009-12-31": "17.66", "2009-09-30": "18.14", "2009-06-30": "22.81", "2009-03-31": "30.66", "2008-12-31": "31.28", "2008-09-30": "23.62", "2008-06-30": "21.00", "2008-03-31": "20.07", "2007-12-31": "19.71", "2007-09-30": "19.91", "2007-06-30": "19.13", "2007-03-31": "18.50", "2006-12-31": "18.84", "2006-09-30": "18.27", "2006-06-30": "19.50", "2006-03-31": "18.42", "2005-12-31": "17.16", "2005-09-30": "16.48", "2005-06-30": "16.37", "2005-03-31": "16.98"}, "return on equity": {"2020-12-31": "-0.57%", "2020-09-30": "-0.10%", "2020-06-30": "-0.21%", "2020-03-31": "4.71%", "2019-12-31": "6.76%", "2019-09-30": "6.70%", "2019-06-30": "7.77%", "2019-03-31": "7.28%", "2018-12-31": "8.28%", "2018-09-30": "13.83%", "2018-06-30": "14.70%", "2018-03-31": "15.26%", "2017-12-31": "15.67%", "2017-09-30": "9.12%", "2017-06-30": "7.99%", "2017-03-31": "8.58%", "2016-12-31": "8.42%", "2016-09-30": "9.48%", "2016-06-30": "9.43%", "2016-03-31": "11.22%", "2015-12-31": "13.08%", "2015-09-30": "7.97%", "2015-06-30": "5.78%", "2015-03-31": "5.07%", "2014-12-31": "3.34%", "2014-09-30": "5.99%", "2014-06-30": "7.64%", "2014-03-31": "3.54%", "2013-12-31": "-1.81%", "2013-09-30": "-1.03%", "2013-06-30": "-5.16%", "2013-03-31": "1.87%", "2012-12-31": "1.36%", "2012-09-30": "3.74%", "2012-06-30": "9.72%", "2012-03-31": "5.93%", "2011-12-31": "10.27%", "2011-09-30": "8.39%", "2011-06-30": "7.59%", "2011-03-31": "8.78%", "2010-12-31": "9.62%", "2010-09-30": "16.61%", "2010-06-30": "17.43%", "2010-03-31": "15.74%", "2009-12-31": "15.10%", "2009-09-30": "-1.82%", "2009-06-30": "-9.78%", "2009-03-31": "-6.89%", "2008-12-31": "-5.82%", "2008-09-30": "5.99%", "2008-06-30": "10.31%", "2008-03-31": "11.30%", "2007-12-31": "15.77%", "2007-09-30": "16.76%", "2007-06-30": "18.18%", "2007-03-31": "16.75%", "2006-12-31": "15.25%", "2006-09-30": "12.27%", "2006-06-30": "12.92%", "2006-03-31": "14.49%", "2005-12-31": "15.32%"}, "return on assets": {"2020-12-31": "-0.04%", "2020-09-30": "-0.01%", "2020-06-30": "-0.02%", "2020-03-31": "0.34%", "2019-12-31": "0.48%", "2019-09-30": "0.46%", "2019-06-30": "0.49%", "2019-03-31": "0.44%", "2018-12-31": "0.50%", "2018-09-30": "0.85%", "2018-06-30": "0.92%", "2018-03-31": "0.95%", "2017-12-31": "0.96%", "2017-09-30": "0.55%", "2017-06-30": "0.49%", "2017-03-31": "0.55%", "2016-12-31": "0.55%", "2016-09-30": "0.61%", "2016-06-30": "0.58%", "2016-03-31": "0.65%", "2015-12-31": "0.74%", "2015-09-30": "0.45%", "2015-06-30": "0.32%", "2015-03-31": "0.28%", "2014-12-31": "0.18%", "2014-09-30": "0.32%", "2014-06-30": "0.39%", "2014-03-31": "0.18%", "2013-12-31": "-0.09%", "2013-09-30": "-0.05%", "2013-06-30": "-0.28%", "2013-03-31": "0.11%", "2012-12-31": "0.08%", "2012-09-30": "0.22%", "2012-06-30": "0.57%", "2012-03-31": "0.34%", "2011-12-31": "0.59%", "2011-09-30": "0.50%", "2011-06-30": "0.45%", "2011-03-31": "0.53%", "2010-12-31": "0.58%", "2010-09-30": "0.98%", "2010-06-30": "0.97%", "2010-03-31": "0.80%", "2009-12-31": "0.68%", "2009-09-30": "-0.07%", "2009-06-30": "-0.36%", "2009-03-31": "-0.26%", "2008-12-31": "-0.24%", "2008-09-30": "0.27%", "2008-06-30": "0.49%", "2008-03-31": "0.55%", "2007-12-31": "0.78%", "2007-09-30": "0.83%", "2007-06-30": "0.92%", "2007-03-31": "0.85%", "2006-12-31": "0.77%", "2006-09-30": "0.64%", "2006-06-30": "0.69%", "2006-03-31": "0.80%", "2005-12-31": "0.86%"}, "return on investments": {"2020-12-31": "0.81%", "2020-09-30": "0.14%", "2020-06-30": "0.48%", "2020-03-31": "4.38%", "2019-12-31": "6.32%", "2019-09-30": "6.27%", "2019-06-30": "6.90%", "2019-03-31": "6.34%", "2018-12-31": "7.25%", "2018-09-30": "7.21%", "2018-06-30": "8.84%", "2018-03-31": "9.33%", "2017-12-31": "9.59%", "2017-09-30": "8.65%", "2017-06-30": "7.35%", "2017-03-31": "8.20%", "2016-12-31": "8.07%", "2016-09-30": "8.89%", "2016-06-30": "8.91%", "2016-03-31": "10.55%", "2015-12-31": "12.31%", "2015-09-30": "8.18%", "2015-06-30": "5.35%", "2015-03-31": "4.33%", "2014-12-31": "2.77%", "2014-09-30": "4.18%", "2014-06-30": "6.32%", "2014-03-31": "2.66%", "2013-12-31": "-2.76%", "2013-09-30": "-2.21%", "2013-06-30": "-6.05%", "2013-03-31": "-0.14%", "2012-12-31": "1.13%", "2012-09-30": "3.46%", "2012-06-30": "8.95%", "2012-03-31": "5.92%", "2011-12-31": "8.32%", "2011-09-30": "6.77%", "2011-06-30": "5.79%", "2011-03-31": "6.74%", "2010-12-31": "7.71%", "2010-09-30": "9.66%", "2010-06-30": "8.25%", "2010-03-31": "5.52%", "2009-12-31": "3.62%", "2009-09-30": "-2.26%", "2009-06-30": "-5.33%", "2009-03-31": "-3.59%", "2008-12-31": "-3.34%", "2008-09-30": "3.96%", "2008-06-30": "7.56%", "2008-03-31": "9.23%", "2007-12-31": "13.24%", "2007-09-30": "14.64%", "2007-06-30": "15.90%", "2007-03-31": "14.61%", "2006-12-31": "13.64%", "2006-09-30": "11.29%", "2006-06-30": "10.16%", "2006-03-31": "12.34%", "2005-12-31": "13.57%"}, "return on tangible equity": {"2020-09-30": "-0.10%", "2020-06-30": "-0.21%", "2020-03-31": "4.71%", "2019-12-31": "6.76%", "2019-09-30": "6.70%", "2019-06-30": "7.77%", "2019-03-31": "7.28%", "2018-12-31": "8.28%", "2018-09-30": "13.83%", "2018-06-30": "14.70%", "2018-03-31": "15.26%", "2017-12-31": "15.67%", "2017-09-30": "9.12%", "2017-06-30": "7.99%", "2017-03-31": "8.58%", "2016-12-31": "8.42%", "2016-09-30": "9.48%", "2016-06-30": "9.43%", "2016-03-31": "11.22%", "2015-12-31": "13.08%", "2015-09-30": "7.97%", "2015-06-30": "5.78%", "2015-03-31": "5.07%", "2014-12-31": "3.34%", "2014-09-30": "5.99%", "2014-06-30": "7.64%", "2014-03-31": "3.54%", "2013-12-31": "-1.81%", "2013-09-30": "-1.03%", "2013-06-30": "-5.16%", "2013-03-31": "1.87%", "2012-12-31": "1.36%", "2012-09-30": "3.74%", "2012-06-30": "9.72%", "2012-03-31": "5.93%", "2011-12-31": "10.27%", "2011-09-30": "8.39%", "2011-06-30": "7.59%", "2011-03-31": "8.78%", "2010-12-31": "9.62%", "2010-09-30": "16.61%", "2010-06-30": "17.43%", "2010-03-31": "15.74%", "2009-12-31": "15.10%", "2009-09-30": "-1.82%", "2009-06-30": "-9.78%", "2009-03-31": "-6.89%", "2008-12-31": "-5.82%", "2008-09-30": "5.99%", "2008-06-30": "10.31%", "2008-03-31": "11.30%", "2007-12-31": "15.77%", "2007-09-30": "16.76%", "2007-06-30": "18.18%", "2007-03-31": "16.75%", "2006-12-31": "15.25%", "2006-09-30": "12.27%", "2006-06-30": "12.92%", "2006-03-31": "14.49%", "2005-12-31": "15.32%"}, "dividend yield history": {"last payout": "$4.40", "last yield": "5.49%"}}