{"ticker": "PSA", "price": {"title": "Public Storage Historical Annual Stock Price Data", "value": 233.07, "historical": {"2021": {"Average Stock Price": "225.8246", "Year Open": "220.2000", "Year High": "236.3700", "Year Low": "213.8200", "Year Close": "233.0700", "Annual % Change": "0.93%"}, "2020": {"Average Stock Price": "210.2153", "Year Open": "211.4200", "Year High": "236.2300", "Year Low": "160.6100", "Year Close": "230.9300", "Annual % Change": "8.44%"}, "2019": {"Average Stock Price": "228.1138", "Year Open": "195.0600", "Year High": "264.7400", "Year Low": "195.0600", "Year Close": "212.9600", "Annual % Change": "5.21%"}, "2018": {"Average Stock Price": "205.8392", "Year Open": "206.3200", "Year High": "232.7100", "Year Low": "180.4900", "Year Close": "202.4100", "Annual % Change": "-3.15%"}, "2017": {"Average Stock Price": "213.6164", "Year Open": "223.5200", "Year High": "231.1900", "Year Low": "196.2900", "Year Close": "209.0000", "Annual % Change": "-6.49%"}, "2016": {"Average Stock Price": "238.7569", "Year Open": "244.3700", "Year High": "276.2700", "Year Low": "201.9300", "Year Close": "223.5000", "Annual % Change": "-9.77%"}, "2015": {"Average Stock Price": "207.0971", "Year Open": "187.2300", "Year High": "252.2100", "Year Low": "182.9800", "Year Close": "247.7000", "Annual % Change": "34.00%"}, "2014": {"Average Stock Price": "171.6665", "Year Open": "148.9500", "Year High": "189.3500", "Year Low": "148.9500", "Year Close": "184.8500", "Annual % Change": "22.81%"}, "2013": {"Average Stock Price": "156.8174", "Year Open": "146.0900", "Year High": "174.2600", "Year Low": "144.9600", "Year Close": "150.5200", "Annual % Change": "3.84%"}, "2012": {"Average Stock Price": "139.9632", "Year Open": "135.1900", "Year High": "149.9100", "Year Low": "129.3400", "Year Close": "144.9600", "Annual % Change": "7.81%"}, "2011": {"Average Stock Price": "116.0413", "Year Open": "103.5300", "Year High": "135.7100", "Year Low": "100.7500", "Year Close": "134.4600", "Annual % Change": "32.58%"}, "2010": {"Average Stock Price": "93.7209", "Year Open": "80.1300", "Year High": "104.9000", "Year Low": "75.8100", "Year Close": "101.4200", "Annual % Change": "24.52%"}, "2009": {"Average Stock Price": "67.9758", "Year Open": "75.5800", "Year High": "84.1300", "Year Low": "48.0500", "Year Close": "81.4500", "Annual % Change": "2.45%"}, "2008": {"Average Stock Price": "81.8342", "Year Open": "74.0400", "Year High": "100.7700", "Year Low": "53.8200", "Year Close": "79.5000", "Annual % Change": "8.30%"}, "2007": {"Average Stock Price": "85.8333", "Year Open": "99.1800", "Year High": "115.2900", "Year Low": "69.2400", "Year Close": "73.4100", "Annual % Change": "-24.71%"}, "2006": {"Average Stock Price": "81.4710", "Year Open": "69.9600", "Year High": "97.7300", "Year Low": "69.9600", "Year Close": "97.5000", "Annual % Change": "43.98%"}, "2005": {"Average Stock Price": "62.3659", "Year Open": "55.3000", "Year High": "71.5400", "Year Low": "52.5100", "Year Close": "67.7200", "Annual % Change": "21.47%"}, "2004": {"Average Stock Price": "48.6644", "Year Open": "44.0000", "Year High": "57.3800", "Year Low": "40.3500", "Year Close": "55.7500", "Annual % Change": "28.49%"}, "2003": {"Average Stock Price": "36.2337", "Year Open": "32.5900", "Year High": "45.7500", "Year Low": "28.9800", "Year Close": "43.3900", "Annual % Change": "34.29%"}, "2002": {"Average Stock Price": "34.4014", "Year Open": "33.8300", "Year High": "39.0500", "Year Low": "28.9600", "Year Close": "32.3100", "Annual % Change": "-3.26%"}, "2001": {"Average Stock Price": "29.7469", "Year Open": "24.1900", "Year High": "35.1500", "Year Low": "24.1900", "Year Close": "33.4000", "Annual % Change": "37.39%"}, "2000": {"Average Stock Price": "23.1466", "Year Open": "22.7500", "Year High": "26.8800", "Year Low": "21.0000", "Year Close": "24.3100", "Annual % Change": "7.14%"}, "1999": {"Average Stock Price": "25.7493", "Year Open": "27.3800", "Year High": "29.3100", "Year Low": "21.1300", "Year Close": "22.6900", "Annual % Change": "-16.15%"}, "1998": {"Average Stock Price": "28.4051", "Year Open": "28.8800", "Year High": "33.5600", "Year Low": "23.0000", "Year Close": "27.0600", "Annual % Change": "-7.90%"}, "1997": {"Average Stock Price": "28.3700", "Year Open": "29.3800", "Year High": "30.6900", "Year Low": "26.2500", "Year Close": "29.3800", "Annual % Change": "-5.23%"}, "1996": {"Average Stock Price": "21.7784", "Year Open": "19.7500", "Year High": "31.0000", "Year Low": "19.3750", "Year Close": "31.0000", "Annual % Change": "63.16%"}, "1995": {"Average Stock Price": "16.7719", "Year Open": "14.1200", "Year High": "19.7500", "Year Low": "13.6200", "Year Close": "19.0000", "Annual % Change": "32.13%"}, "1994": {"Average Stock Price": "14.7433", "Year Open": "14.1200", "Year High": "16.5000", "Year Low": "13.1200", "Year Close": "14.3800", "Annual % Change": "0.91%"}, "1993": {"Average Stock Price": "12.4487", "Year Open": "9.3800", "Year High": "15.0000", "Year Low": "9.1200", "Year Close": "14.2500", "Annual % Change": "60.47%"}, "1992": {"Average Stock Price": "9.1797", "Year Open": "8.2500", "Year High": "10.0000", "Year Low": "8.1200", "Year Close": "8.8800", "Annual % Change": "7.64%"}, "1991": {"Average Stock Price": "8.0206", "Year Open": "6.5000", "Year High": "8.8800", "Year Low": "6.5000", "Year Close": "8.2500", "Annual % Change": "24.62%"}, "1990": {"Average Stock Price": "7.9447", "Year Open": "11.0000", "Year High": "11.3800", "Year Low": "6.2500", "Year Close": "6.6200", "Annual % Change": "-39.15%"}, "1989": {"Average Stock Price": "12.6350", "Year Open": "11.1200", "Year High": "14.5000", "Year Low": "10.7500", "Year Close": "10.8800", "Annual % Change": "-3.29%"}, "1988": {"Average Stock Price": "11.5991", "Year Open": "11.0000", "Year High": "13.0000", "Year Low": "10.6200", "Year Close": "11.2500", "Annual % Change": "4.65%"}, "1987": {"Average Stock Price": "13.8034", "Year Open": "15.5000", "Year High": "15.7500", "Year Low": "10.2500", "Year Close": "10.7500", "Annual % Change": "-28.90%"}, "1986": {"Average Stock Price": "16.9084", "Year Open": "18.3800", "Year High": "20.2500", "Year Low": "14.0000", "Year Close": "15.1200", "Annual % Change": "-17.15%"}, "1985": {"Average Stock Price": "19.7468", "Year Open": "17.8800", "Year High": "21.6200", "Year Low": "17.5000", "Year Close": "18.2500", "Annual % Change": "2.07%"}, "1984": {"Average Stock Price": "16.7764", "Year Open": "16.5000", "Year High": "18.6200", "Year Low": "15.1200", "Year Close": "17.8800", "Annual % Change": "5.92%"}, "1983": {"Average Stock Price": "16.7396", "Year Open": "15.8800", "Year High": "19.5000", "Year Low": "15.0000", "Year Close": "16.8800", "Annual % Change": "2.30%"}, "1982": {"Average Stock Price": "13.0825", "Year Open": "11.7500", "Year High": "16.5000", "Year Low": "11.2500", "Year Close": "16.5000", "Annual % Change": "40.43%"}, "1981": {"Average Stock Price": "12.0834", "Year Open": "12.7500", "Year High": "14.0000", "Year Low": "10.2500", "Year Close": "11.7500", "Annual % Change": "-4.08%"}}}, "market cap": {"value": "$41.32B"}, "income statement": {"Revenue": {"2019-12-31": "2846.82300", "2018-12-31": "2754.28000", "2017-12-31": "2668.52800", "2016-12-31": "2560.54900", "2015-12-31": "2381.69600", "2014-12-31": "2177.29600", "2013-12-31": "1964.94200", "2012-12-31": "1842.50400", "2011-12-31": "1735.88800", "2010-12-31": "1613.77700", "2009-12-31": "1622.92000", "2008-12-31": "1720.48800", "2007-12-31": "1787.20200", "2006-12-31": "1379.06600", "2005-12-31": "1059.83800"}, "Cost Of Goods Sold": {"2019-12-31": "796.78300", "2018-12-31": "739.72200", "2017-12-31": "707.97800", "2016-12-31": "669.08300", "2015-12-31": "635.50200", "2014-12-31": "613.32400", "2013-12-31": "559.75900", "2012-12-31": "555.90400", "2011-12-31": "560.50900", "2010-12-31": "528.40400", "2009-12-31": "520.91200", "2008-12-31": "554.28000", "2007-12-31": "631.15400", "2006-12-31": "496.25700", "2005-12-31": "378.25800"}, "Gross Profit": {"2019-12-31": "2050.04000", "2018-12-31": "2014.55800", "2017-12-31": "1960.55000", "2016-12-31": "1891.46600", "2015-12-31": "1746.19400", "2014-12-31": "1563.97200", "2013-12-31": "1405.18300", "2012-12-31": "1286.60000", "2011-12-31": "1175.37900", "2010-12-31": "1085.37300", "2009-12-31": "1102.00800", "2008-12-31": "1166.20800", "2007-12-31": "1156.04800", "2006-12-31": "882.80900", "2005-12-31": "681.58000"}, "Research And Development Expenses": {"2019-12-31": "", "2018-12-31": "", "2017-12-31": "", "2016-12-31": "", "2015-12-31": "", "2014-12-31": "", "2013-12-31": "", "2012-12-31": "", "2011-12-31": "", "2010-12-31": "", "2009-12-31": "", "2008-12-31": "", "2007-12-31": "", "2006-12-31": "", "2005-12-31": ""}, "SG&A Expenses": {"2019-12-31": "71.98300", "2018-12-31": "118.72000", "2017-12-31": "82.88200", "2016-12-31": "83.65600", "2015-12-31": "88.17700", "2014-12-31": "71.45900", "2013-12-31": "66.67900", "2012-12-31": "56.83700", "2011-12-31": "52.41000", "2010-12-31": "38.48700", "2009-12-31": "35.73500", "2008-12-31": "62.80900", "2007-12-31": "59.74900", "2006-12-31": "84.66100", "2005-12-31": "21.11500"}, "Other Operating Income Or Expenses": {"2019-12-31": "", "2018-12-31": "", "2017-12-31": "", "2016-12-31": "", "2015-12-31": "", "2014-12-31": "", "2013-12-31": "", "2012-12-31": "", "2011-12-31": "-2.18600", "2010-12-31": "-0.99400", "2009-12-31": "", "2008-12-31": "", "2007-12-31": "", "2006-12-31": "", "2005-12-31": ""}, "Operating Expenses": {"2019-12-31": "1381.68400", "2018-12-31": "1342.08800", "2017-12-31": "1245.38600", "2016-12-31": "1186.05300", "2015-12-31": "1149.68700", "2014-12-31": "1121.89700", "2013-12-31": "1013.84000", "2012-12-31": "970.52200", "2011-12-31": "973.07390", "2010-12-31": "921.13000", "2009-12-31": "896.09200", "2008-12-31": "1026.07200", "2007-12-31": "1310.50100", "2006-12-31": "1018.47300", "2005-12-31": "595.52600"}, "Operating Income": {"2019-12-31": "1465.13900", "2018-12-31": "1412.19200", "2017-12-31": "1423.14200", "2016-12-31": "1374.49600", "2015-12-31": "1232.00900", "2014-12-31": "1055.39900", "2013-12-31": "951.10200", "2012-12-31": "871.98210", "2011-12-31": "762.81400", "2010-12-31": "692.64700", "2009-12-31": "726.82810", "2008-12-31": "694.41600", "2007-12-31": "476.70100", "2006-12-31": "360.59300", "2005-12-31": "464.31200"}, "Total Non-Operating Income/Expense": {"2019-12-31": "-17.20500", "2018-12-31": "-6.10000", "2017-12-31": "6.08100", "2016-12-31": "10.92800", "2015-12-31": "15.93400", "2014-12-31": "13.33600", "2013-12-31": "31.76800", "2012-12-31": "3.71700", "2011-12-31": "18.91200", "2010-12-31": "-0.38100", "2009-12-31": "-29.91600", "2008-12-31": "-44.46900", "2007-12-31": "-63.67100", "2006-12-31": "-33.06200", "2005-12-31": "-8.21600"}, "Pre-Tax Income": {"2019-12-31": "1447.93400", "2018-12-31": "1406.09200", "2017-12-31": "1429.22300", "2016-12-31": "1385.42400", "2015-12-31": "1247.94300", "2014-12-31": "1068.73500", "2013-12-31": "982.87000", "2012-12-31": "875.69900", "2011-12-31": "781.72600", "2010-12-31": "692.26600", "2009-12-31": "696.91200", "2008-12-31": "649.94700", "2007-12-31": "413.03000", "2006-12-31": "327.53100", "2005-12-31": "456.09600"}, "Income Taxes": {"2019-12-31": "", "2018-12-31": "", "2017-12-31": "", "2016-12-31": "", "2015-12-31": "", "2014-12-31": "", "2013-12-31": "", "2012-12-31": "", "2011-12-31": "", "2010-12-31": "", "2009-12-31": "", "2008-12-31": "", "2007-12-31": "", "2006-12-31": "", "2005-12-31": ""}, "Income After Taxes": {"2019-12-31": "1447.93400", "2018-12-31": "1406.09200", "2017-12-31": "1429.22300", "2016-12-31": "1385.42400", "2015-12-31": "1247.94300", "2014-12-31": "1068.73500", "2013-12-31": "982.87000", "2012-12-31": "875.69900", "2011-12-31": "781.72600", "2010-12-31": "692.26600", "2009-12-31": "696.91200", "2008-12-31": "649.94700", "2007-12-31": "413.03000", "2006-12-31": "327.53100", "2005-12-31": "456.09600"}, "Other Income": {"2019-12-31": "8.17000", "2018-12-31": "56.02000", "2017-12-31": "-56.41300", "2016-12-31": "18.25900", "2015-12-31": "18.80900", "2014-12-31": "-7.04700", "2013-12-31": "17.08200", "2012-12-31": "8.87600", "2011-12-31": "-7.28700", "2010-12-31": "-42.26400", "2009-12-31": "47.20200", "2008-12-31": "-25.36200", "2007-12-31": "61.10900", "2006-12-31": "4.26200", "2005-12-31": "-1.91700"}, "Income From Continuous Operations": {"2019-12-31": "1525.65100", "2018-12-31": "1717.22300", "2017-12-31": "1448.46500", "2016-12-31": "1460.43900", "2015-12-31": "1317.68900", "2014-12-31": "1149.95500", "2013-12-31": "1057.53100", "2012-12-31": "930.16100", "2011-12-31": "833.14300", "2010-12-31": "688.35400", "2009-12-31": "797.35800", "2008-12-31": "981.52100", "2007-12-31": "489.42400", "2006-12-31": "313.98200", "2005-12-31": "449.51000"}, "Income From Discontinued Operations": {"2019-12-31": "", "2018-12-31": "", "2017-12-31": "", "2016-12-31": "", "2015-12-31": "", "2014-12-31": "", "2013-12-31": "", "2012-12-31": "12.87400", "2011-12-31": "3.31600", "2010-12-31": "7.76000", "2009-12-31": "-6.90200", "2008-12-31": "-7.64900", "2007-12-31": "-2.34600", "2006-12-31": "-0.53400", "2005-12-31": "6.88300"}, "Net Income": {"2019-12-31": "1272.76700", "2018-12-31": "1488.90000", "2017-12-31": "1171.60900", "2016-12-31": "1183.87900", "2015-12-31": "1053.05000", "2014-12-31": "908.17600", "2013-12-31": "844.73100", "2012-12-31": "669.69400", "2011-12-31": "561.74700", "2010-12-31": "399.17800", "2009-12-31": "585.96600", "2008-12-31": "705.80300", "2007-12-31": "198.97800", "2006-12-31": "46.89100", "2005-12-31": "254.39500"}, "EBITDA": {"2019-12-31": "1978.05700", "2018-12-31": "1895.83800", "2017-12-31": "1877.66800", "2016-12-31": "1807.81000", "2015-12-31": "1658.01700", "2014-12-31": "1492.51300", "2013-12-31": "1338.50400", "2012-12-31": "1230.08500", "2011-12-31": "1121.33900", "2010-12-31": "1047.03300", "2009-12-31": "1068.95500", "2008-12-31": "1108.61700", "2007-12-31": "1099.59500", "2006-12-31": "798.81100", "2005-12-31": "659.43900"}, "EBIT": {"2019-12-31": "1465.13900", "2018-12-31": "1412.19200", "2017-12-31": "1423.14200", "2016-12-31": "1374.49600", "2015-12-31": "1232.00900", "2014-12-31": "1055.39900", "2013-12-31": "951.10200", "2012-12-31": "871.98210", "2011-12-31": "762.81400", "2010-12-31": "692.64700", "2009-12-31": "726.82810", "2008-12-31": "694.41600", "2007-12-31": "476.70100", "2006-12-31": "360.59300", "2005-12-31": "464.31200"}, "Basic Shares Outstanding": {"2019-12-31": "174.28700", "2018-12-31": "173.96900", "2017-12-31": "173.61300", "2016-12-31": "173.09100", "2015-12-31": "172.69900", "2014-12-31": "172.25100", "2013-12-31": "171.64000", "2012-12-31": "170.56200", "2011-12-31": "169.65700", "2010-12-31": "168.87700", "2009-12-31": "168.35800", "2008-12-31": "168.25000", "2007-12-31": "169.34200", "2006-12-31": "142.76000", "2005-12-31": "128.15900"}, "Shares Outstanding": {"2019-12-31": "174.53000", "2018-12-31": "174.29700", "2017-12-31": "174.15100", "2016-12-31": "173.87800", "2015-12-31": "173.51000", "2014-12-31": "173.13800", "2013-12-31": "172.68800", "2012-12-31": "171.66400", "2011-12-31": "170.75000", "2010-12-31": "169.77200", "2009-12-31": "168.76800", "2008-12-31": "168.67500", "2007-12-31": "169.85000", "2006-12-31": "143.71500", "2005-12-31": "128.81900"}, "Basic EPS": {"2019-12-31": "7.30000", "2018-12-31": "8.56000", "2017-12-31": "6.75000", "2016-12-31": "6.84000", "2015-12-31": "6.10000", "2014-12-31": "5.27000", "2013-12-31": "4.92000", "2012-12-31": "3.93000", "2011-12-31": "3.31000", "2010-12-31": "2.36000", "2009-12-31": "3.48000", "2008-12-31": "4.19000", "2007-12-31": "1.18000", "2006-12-31": "0.33000", "2005-12-31": "1.98000"}, "EPS - Earnings Per Share": {"2019-12-31": "7.29000", "2018-12-31": "8.54000", "2017-12-31": "6.73000", "2016-12-31": "6.81000", "2015-12-31": "6.07000", "2014-12-31": "5.25000", "2013-12-31": "4.89000", "2012-12-31": "3.90000", "2011-12-31": "3.29000", "2010-12-31": "2.35000", "2009-12-31": "3.47000", "2008-12-31": "4.18000", "2007-12-31": "1.17000", "2006-12-31": "0.33000", "2005-12-31": "1.97000"}}, "income statement, quarterly": {"Revenue": {"2020-09-30": "730.65700", "2020-06-30": "709.28500", "2020-03-31": "716.08200", "2019-12-31": "717.49910", "2019-09-30": "729.33600", "2019-06-30": "710.95000", "2019-03-31": "689.03800", "2018-12-31": "692.46000", "2018-09-30": "706.36800", "2018-06-30": "685.52800", "2018-03-31": "669.92400", "2017-12-31": "672.30800", "2017-09-30": "686.36100", "2017-06-30": "664.31200", "2017-03-31": "645.54700", "2016-12-31": "651.42710", "2016-09-30": "663.14800", "2016-06-30": "634.18800", "2016-03-31": "611.78600", "2015-12-31": "609.33000", "2015-09-30": "618.87200", "2015-06-30": "588.61500", "2015-03-31": "564.87900", "2014-12-31": "552.54480", "2014-09-30": "567.09000", "2014-06-30": "538.03700", "2014-03-31": "519.62400", "2013-12-31": "496.70700", "2013-09-30": "511.95700", "2013-06-30": "485.37800", "2013-03-31": "470.90000", "2012-12-31": "469.69410", "2012-09-30": "477.18200", "2012-06-30": "455.79300", "2012-03-31": "439.83500", "2011-12-31": "436.21490", "2011-09-30": "445.56300", "2011-06-30": "434.41900", "2011-03-31": "419.69100", "2010-12-31": "386.38990", "2010-09-30": "422.29500", "2010-06-30": "407.64500", "2010-03-31": "397.44700", "2009-12-31": "400.11800", "2009-09-30": "412.08700", "2009-06-30": "406.47500", "2009-03-31": "404.24000", "2008-12-31": "413.33810", "2008-09-30": "431.16900", "2008-06-30": "418.49400", "2008-03-31": "457.48700", "2007-12-31": "437.23510", "2007-09-30": "468.22000", "2007-06-30": "448.18900", "2007-03-31": "433.55800", "2006-12-31": "431.42710", "2006-09-30": "371.26000", "2006-06-30": "297.86100", "2006-03-31": "278.51800", "2005-12-31": "272.73000", "2005-09-30": "273.40400", "2005-06-30": "262.76200", "2005-03-31": "250.94200"}, "Cost Of Goods Sold": {"2020-09-30": "217.46100", "2020-06-30": "225.60700", "2020-03-31": "218.87000", "2019-12-31": "172.58390", "2019-09-30": "212.26200", "2019-06-30": "207.73600", "2019-03-31": "204.20100", "2018-12-31": "160.37400", "2018-09-30": "195.54400", "2018-06-30": "190.97700", "2018-03-31": "192.82700", "2017-12-31": "151.87900", "2017-09-30": "190.61900", "2017-06-30": "182.57800", "2017-03-31": "182.90200", "2016-12-31": "145.16600", "2016-09-30": "178.62700", "2016-06-30": "172.00400", "2016-03-31": "173.28600", "2015-12-31": "137.70700", "2015-09-30": "164.68600", "2015-06-30": "161.09700", "2015-03-31": "172.01200", "2014-12-31": "129.68300", "2014-09-30": "158.56800", "2014-06-30": "150.55400", "2014-03-31": "174.51900", "2013-12-31": "118.99600", "2013-09-30": "147.80300", "2013-06-30": "142.57100", "2013-03-31": "150.38900", "2012-12-31": "119.83500", "2012-09-30": "141.47500", "2012-06-30": "142.88300", "2012-03-31": "151.71100", "2011-12-31": "138.45900", "2011-09-30": "138.58000", "2011-06-30": "139.22900", "2011-03-31": "144.24100", "2010-12-31": "115.88700", "2010-09-30": "134.51400", "2010-06-30": "137.23300", "2010-03-31": "140.77000", "2009-12-31": "114.98800", "2009-09-30": "128.46800", "2009-06-30": "134.53800", "2009-03-31": "142.91800", "2008-12-31": "120.63800", "2008-09-30": "125.33500", "2008-06-30": "140.18800", "2008-03-31": "168.11900", "2007-12-31": "128.14400", "2007-09-30": "165.52000", "2007-06-30": "169.48900", "2007-03-31": "168.00100", "2006-12-31": "159.11500", "2006-09-30": "127.62000", "2006-06-30": "106.54500", "2006-03-31": "102.97700", "2005-12-31": "90.78500", "2005-09-30": "96.68400", "2005-06-30": "94.85900", "2005-03-31": "95.93000"}, "Gross Profit": {"2020-09-30": "513.19600", "2020-06-30": "483.67800", "2020-03-31": "497.21200", "2019-12-31": "544.91520", "2019-09-30": "517.07400", "2019-06-30": "503.21400", "2019-03-31": "484.83700", "2018-12-31": "532.08610", "2018-09-30": "510.82400", "2018-06-30": "494.55100", "2018-03-31": "477.09700", "2017-12-31": "520.42900", "2017-09-30": "495.74200", "2017-06-30": "481.73400", "2017-03-31": "462.64500", "2016-12-31": "506.26110", "2016-09-30": "484.52100", "2016-06-30": "462.18400", "2016-03-31": "438.50000", "2015-12-31": "471.62300", "2015-09-30": "454.18600", "2015-06-30": "427.51800", "2015-03-31": "392.86700", "2014-12-31": "422.86180", "2014-09-30": "408.52200", "2014-06-30": "387.48300", "2014-03-31": "345.10500", "2013-12-31": "377.71100", "2013-09-30": "364.15400", "2013-06-30": "342.80700", "2013-03-31": "320.51100", "2012-12-31": "349.85900", "2012-09-30": "335.70700", "2012-06-30": "312.91000", "2012-03-31": "288.12400", "2011-12-31": "297.75600", "2011-09-30": "306.98300", "2011-06-30": "295.19000", "2011-03-31": "275.45000", "2010-12-31": "270.50290", "2010-09-30": "287.78100", "2010-06-30": "270.41200", "2010-03-31": "256.67700", "2009-12-31": "285.13010", "2009-09-30": "283.61900", "2009-06-30": "271.93700", "2009-03-31": "261.32200", "2008-12-31": "292.70010", "2008-09-30": "305.83400", "2008-06-30": "278.30600", "2008-03-31": "289.36800", "2007-12-31": "309.09110", "2007-09-30": "302.70000", "2007-06-30": "278.70000", "2007-03-31": "265.55700", "2006-12-31": "272.31200", "2006-09-30": "243.64000", "2006-06-30": "191.31600", "2006-03-31": "175.54100", "2005-12-31": "181.94500", "2005-09-30": "176.72000", "2005-06-30": "167.90300", "2005-03-31": "155.01200"}, "Research And Development Expenses": {"2020-09-30": "", "2020-06-30": "", "2020-03-31": "", "2019-12-31": "", "2019-09-30": "", "2019-06-30": "", "2019-03-31": "", "2018-12-31": "", "2018-09-30": "", "2018-06-30": "", "2018-03-31": "", "2017-12-31": "", "2017-09-30": "", "2017-06-30": "", "2017-03-31": "", "2016-12-31": "", "2016-09-30": "", "2016-06-30": "", "2016-03-31": "", "2015-12-31": "", "2015-09-30": "", "2015-06-30": "", "2015-03-31": "", "2014-12-31": "", "2014-09-30": "", "2014-06-30": "", "2014-03-31": "", "2013-12-31": "", "2013-09-30": "", "2013-06-30": "", "2013-03-31": "", "2012-12-31": "", "2012-09-30": "", "2012-06-30": "", "2012-03-31": "", "2011-12-31": "", "2011-09-30": "", "2011-06-30": "", "2011-03-31": "", "2010-12-31": "", "2010-09-30": "", "2010-06-30": "", "2010-03-31": "", "2009-12-31": "", "2009-09-30": "", "2009-06-30": "", "2009-03-31": "", "2008-12-31": "", "2008-09-30": "", "2008-06-30": "", "2008-03-31": "", "2007-12-31": "", "2007-09-30": "", "2007-06-30": "", "2007-03-31": "", "2006-12-31": "", "2006-09-30": "", "2006-06-30": "", "2006-03-31": "", "2005-12-31": "", "2005-09-30": "", "2005-06-30": "", "2005-03-31": ""}, "SG&A Expenses": {"2020-09-30": "21.28800", "2020-06-30": "20.29400", "2020-03-31": "21.06400", "2019-12-31": "20.30800", "2019-09-30": "16.90800", "2019-06-30": "15.26400", "2019-03-31": "19.50300", "2018-12-31": "28.44200", "2018-09-30": "27.42900", "2018-06-30": "31.32900", "2018-03-31": "31.52000", "2017-12-31": "20.55100", "2017-09-30": "22.31100", "2017-06-30": "14.99200", "2017-03-31": "25.02800", "2016-12-31": "20.14800", "2016-09-30": "22.14000", "2016-06-30": "18.32100", "2016-03-31": "23.04700", "2015-12-31": "19.45600", "2015-09-30": "23.57300", "2015-06-30": "20.98800", "2015-03-31": "24.16000", "2014-12-31": "19.21900", "2014-09-30": "17.87400", "2014-06-30": "15.37700", "2014-03-31": "18.98900", "2013-12-31": "16.69100", "2013-09-30": "17.65000", "2013-06-30": "14.08500", "2013-03-31": "18.25300", "2012-12-31": "12.72000", "2012-09-30": "15.29800", "2012-06-30": "12.41400", "2012-03-31": "16.40500", "2011-12-31": "11.46600", "2011-09-30": "14.11600", "2011-06-30": "12.59300", "2011-03-31": "14.23500", "2010-12-31": "9.41900", "2010-09-30": "8.91000", "2010-06-30": "10.08100", "2010-03-31": "10.07700", "2009-12-31": "9.20300", "2009-09-30": "8.65400", "2009-06-30": "8.19900", "2009-03-31": "9.67900", "2008-12-31": "5.84100", "2008-09-30": "8.87900", "2008-06-30": "33.17300", "2008-03-31": "14.91600", "2007-12-31": "10.35200", "2007-09-30": "11.41600", "2007-06-30": "21.46500", "2007-03-31": "16.51600", "2006-12-31": "34.66500", "2006-09-30": "36.24200", "2006-06-30": "6.97500", "2006-03-31": "6.77900", "2005-12-31": "4.22500", "2005-09-30": "5.62100", "2005-06-30": "6.12800", "2005-03-31": "5.14100"}, "Other Operating Income Or Expenses": {"2020-09-30": "", "2020-06-30": "", "2020-03-31": "", "2019-12-31": "", "2019-09-30": "", "2019-06-30": "", "2019-03-31": "", "2018-12-31": "", "2018-09-30": "", "2018-06-30": "", "2018-03-31": "", "2017-12-31": "", "2017-09-30": "", "2017-06-30": "", "2017-03-31": "", "2016-12-31": "", "2016-09-30": "", "2016-06-30": "", "2016-03-31": "", "2015-12-31": "", "2015-09-30": "", "2015-06-30": "", "2015-03-31": "", "2014-12-31": "", "2014-09-30": "", "2014-06-30": "", "2014-03-31": "", "2013-12-31": "", "2013-09-30": "", "2013-06-30": "", "2013-03-31": "", "2012-12-31": "", "2012-09-30": "", "2012-06-30": "", "2012-03-31": "", "2011-12-31": "", "2011-09-30": "-2.18600", "2011-06-30": "", "2011-03-31": "", "2010-12-31": "", "2010-09-30": "", "2010-06-30": "", "2010-03-31": "", "2009-12-31": "", "2009-09-30": "", "2009-06-30": "", "2009-03-31": "", "2008-12-31": "", "2008-09-30": "", "2008-06-30": "", "2008-03-31": "", "2007-12-31": "", "2007-09-30": "", "2007-06-30": "", "2007-03-31": "", "2006-12-31": "", "2006-09-30": "", "2006-06-30": "", "2006-03-31": "", "2005-12-31": "", "2005-09-30": "", "2005-06-30": "", "2005-03-31": ""}, "Operating Expenses": {"2020-09-30": "377.08200", "2020-06-30": "383.51900", "2020-03-31": "375.83400", "2019-12-31": "327.77700", "2019-09-30": "358.40300", "2019-06-30": "349.85900", "2019-03-31": "345.64500", "2018-12-31": "310.19000", "2018-09-30": "347.48900", "2018-06-30": "342.08300", "2018-03-31": "342.32600", "2017-12-31": "292.53000", "2017-09-30": "326.25000", "2017-06-30": "307.74700", "2017-03-31": "318.85900", "2016-12-31": "277.05500", "2016-09-30": "310.19900", "2016-06-30": "297.33800", "2016-03-31": "301.46100", "2015-12-31": "263.46990", "2015-09-30": "294.34100", "2015-06-30": "288.55800", "2015-03-31": "303.31800", "2014-12-31": "259.47490", "2014-09-30": "287.51900", "2014-06-30": "272.37400", "2014-03-31": "302.52900", "2013-12-31": "244.61400", "2013-09-30": "261.99000", "2013-06-30": "247.59300", "2013-03-31": "259.64300", "2012-12-31": "225.14100", "2012-09-30": "246.67000", "2012-06-30": "243.77100", "2012-03-31": "254.94000", "2011-12-31": "239.46390", "2011-09-30": "245.70300", "2011-06-30": "240.92000", "2011-03-31": "246.98700", "2010-12-31": "217.36610", "2010-09-30": "236.00700", "2010-06-30": "232.19300", "2010-03-31": "235.56400", "2009-12-31": "209.83500", "2009-09-30": "222.79200", "2009-06-30": "226.37600", "2009-03-31": "237.08900", "2008-12-31": "227.10800", "2008-09-30": "225.29800", "2008-06-30": "268.19000", "2008-03-31": "305.47600", "2007-12-31": "266.47700", "2007-09-30": "324.67700", "2007-06-30": "358.46400", "2007-03-31": "360.88300", "2006-12-31": "419.26400", "2006-09-30": "277.32500", "2006-06-30": "162.10000", "2006-03-31": "159.78400", "2005-12-31": "147.08900", "2005-09-30": "150.20100", "2005-06-30": "149.22700", "2005-03-31": "149.00900"}, "Operating Income": {"2020-09-30": "353.57500", "2020-06-30": "325.76600", "2020-03-31": "340.24800", "2019-12-31": "389.72210", "2019-09-30": "370.93300", "2019-06-30": "361.09100", "2019-03-31": "343.39300", "2018-12-31": "382.27000", "2018-09-30": "358.87900", "2018-06-30": "343.44500", "2018-03-31": "327.59800", "2017-12-31": "379.77800", "2017-09-30": "360.11100", "2017-06-30": "356.56500", "2017-03-31": "326.68800", "2016-12-31": "374.37210", "2016-09-30": "352.94900", "2016-06-30": "336.85000", "2016-03-31": "310.32500", "2015-12-31": "345.86000", "2015-09-30": "324.53100", "2015-06-30": "300.05700", "2015-03-31": "261.56100", "2014-12-31": "293.06990", "2014-09-30": "279.57100", "2014-06-30": "265.66300", "2014-03-31": "217.09500", "2013-12-31": "252.09300", "2013-09-30": "249.96700", "2013-06-30": "237.78500", "2013-03-31": "211.25700", "2012-12-31": "244.55310", "2012-09-30": "230.51200", "2012-06-30": "212.02200", "2012-03-31": "184.89500", "2011-12-31": "196.75100", "2011-09-30": "199.86000", "2011-06-30": "193.49900", "2011-03-31": "172.70400", "2010-12-31": "169.02390", "2010-09-30": "186.28800", "2010-06-30": "175.45200", "2010-03-31": "161.88300", "2009-12-31": "190.28310", "2009-09-30": "189.29500", "2009-06-30": "180.09900", "2009-03-31": "167.15100", "2008-12-31": "186.23000", "2008-09-30": "205.87100", "2008-06-30": "150.30400", "2008-03-31": "152.01100", "2007-12-31": "170.75810", "2007-09-30": "143.54300", "2007-06-30": "89.72500", "2007-03-31": "72.67500", "2006-12-31": "12.16310", "2006-09-30": "93.93500", "2006-06-30": "135.76100", "2006-03-31": "118.73400", "2005-12-31": "125.64100", "2005-09-30": "123.20300", "2005-06-30": "113.53500", "2005-03-31": "101.93300"}, "Total Non-Operating Income/Expense": {"2020-09-30": "-7.06800", "2020-06-30": "-8.31400", "2020-03-31": "-7.14200", "2019-12-31": "-6.22300", "2019-09-30": "-6.13200", "2019-06-30": "-3.67200", "2019-03-31": "-1.17800", "2018-12-31": "-0.40300", "2018-09-30": "-1.07400", "2018-06-30": "-2.06000", "2018-03-31": "-2.56300", "2017-12-31": "-2.08800", "2017-09-30": "2.18000", "2017-06-30": "3.03900", "2017-03-31": "2.95000", "2016-12-31": "1.93500", "2016-09-30": "2.52900", "2016-06-30": "2.65000", "2016-03-31": "3.81400", "2015-12-31": "2.60800", "2015-09-30": "4.00200", "2015-06-30": "3.81500", "2015-03-31": "5.50900", "2014-12-31": "10.40600", "2014-09-30": "3.85200", "2014-06-30": "0.15600", "2014-03-31": "-1.07800", "2013-12-31": "19.51700", "2013-09-30": "5.29800", "2013-06-30": "4.86900", "2013-03-31": "2.08400", "2012-12-31": "0.94900", "2012-09-30": "0.71100", "2012-06-30": "1.73600", "2012-03-31": "0.32100", "2011-12-31": "25.63500", "2011-09-30": "5.99600", "2011-06-30": "-5.93300", "2011-03-31": "-6.78600", "2010-12-31": "23.69000", "2010-09-30": "-7.83800", "2010-06-30": "-8.61600", "2010-03-31": "-7.61700", "2009-12-31": "-14.04700", "2009-09-30": "-7.28900", "2009-06-30": "-7.28800", "2009-03-31": "-1.29200", "2008-12-31": "-9.28200", "2008-09-30": "-9.09900", "2008-06-30": "-9.60100", "2008-03-31": "-16.48700", "2007-12-31": "-14.89900", "2007-09-30": "-15.25700", "2007-06-30": "-16.70700", "2007-03-31": "-16.80800", "2006-12-31": "-20.31000", "2006-09-30": "-9.32300", "2006-06-30": "-1.87200", "2006-03-31": "-1.55700", "2005-12-31": "-2.28800", "2005-09-30": "-2.47100", "2005-06-30": "-1.79400", "2005-03-31": "-1.66300"}, "Pre-Tax Income": {"2020-09-30": "346.50700", "2020-06-30": "317.45200", "2020-03-31": "333.10600", "2019-12-31": "383.49900", "2019-09-30": "364.80100", "2019-06-30": "357.41900", "2019-03-31": "342.21500", "2018-12-31": "381.86710", "2018-09-30": "357.80500", "2018-06-30": "341.38500", "2018-03-31": "325.03500", "2017-12-31": "377.69010", "2017-09-30": "362.29100", "2017-06-30": "359.60400", "2017-03-31": "329.63800", "2016-12-31": "376.30700", "2016-09-30": "355.47800", "2016-06-30": "339.50000", "2016-03-31": "314.13900", "2015-12-31": "348.46800", "2015-09-30": "328.53300", "2015-06-30": "303.87200", "2015-03-31": "267.07000", "2014-12-31": "303.47600", "2014-09-30": "283.42300", "2014-06-30": "265.81900", "2014-03-31": "216.01700", "2013-12-31": "271.61000", "2013-09-30": "255.26500", "2013-06-30": "242.65400", "2013-03-31": "213.34100", "2012-12-31": "245.50200", "2012-09-30": "231.22300", "2012-06-30": "213.75800", "2012-03-31": "185.21600", "2011-12-31": "222.38600", "2011-09-30": "205.85600", "2011-06-30": "187.56600", "2011-03-31": "165.91800", "2010-12-31": "192.71400", "2010-09-30": "178.45000", "2010-06-30": "166.83600", "2010-03-31": "154.26600", "2009-12-31": "176.23600", "2009-09-30": "182.00600", "2009-06-30": "172.81100", "2009-03-31": "165.85900", "2008-12-31": "176.94800", "2008-09-30": "196.77200", "2008-06-30": "140.70300", "2008-03-31": "135.52400", "2007-12-31": "155.85900", "2007-09-30": "128.28600", "2007-06-30": "73.01800", "2007-03-31": "55.86700", "2006-12-31": "-8.14700", "2006-09-30": "84.61200", "2006-06-30": "133.88900", "2006-03-31": "117.17700", "2005-12-31": "123.35300", "2005-09-30": "120.73200", "2005-06-30": "111.74100", "2005-03-31": "100.27000"}, "Income Taxes": {"2020-09-30": "", "2020-06-30": "", "2020-03-31": "", "2019-12-31": "", "2019-09-30": "", "2019-06-30": "", "2019-03-31": "", "2018-12-31": "", "2018-09-30": "", "2018-06-30": "", "2018-03-31": "", "2017-12-31": "", "2017-09-30": "", "2017-06-30": "", "2017-03-31": "", "2016-12-31": "", "2016-09-30": "", "2016-06-30": "", "2016-03-31": "", "2015-12-31": "", "2015-09-30": "", "2015-06-30": "", "2015-03-31": "", "2014-12-31": "", "2014-09-30": "", "2014-06-30": "", "2014-03-31": "", "2013-12-31": "", "2013-09-30": "", "2013-06-30": "", "2013-03-31": "", "2012-12-31": "", "2012-09-30": "", "2012-06-30": "", "2012-03-31": "", "2011-12-31": "", "2011-09-30": "", "2011-06-30": "", "2011-03-31": "", "2010-12-31": "", "2010-09-30": "", "2010-06-30": "", "2010-03-31": "", "2009-12-31": "", "2009-09-30": "", "2009-06-30": "", "2009-03-31": "", "2008-12-31": "", "2008-09-30": "", "2008-06-30": "", "2008-03-31": "", "2007-12-31": "", "2007-09-30": "", "2007-06-30": "", "2007-03-31": "", "2006-12-31": "", "2006-09-30": "", "2006-06-30": "", "2006-03-31": "", "2005-12-31": "", "2005-09-30": "", "2005-06-30": "", "2005-03-31": ""}, "Income After Taxes": {"2020-09-30": "346.50700", "2020-06-30": "317.45200", "2020-03-31": "333.10600", "2019-12-31": "383.49900", "2019-09-30": "364.80100", "2019-06-30": "357.41900", "2019-03-31": "342.21500", "2018-12-31": "381.86710", "2018-09-30": "357.80500", "2018-06-30": "341.38500", "2018-03-31": "325.03500", "2017-12-31": "377.69010", "2017-09-30": "362.29100", "2017-06-30": "359.60400", "2017-03-31": "329.63800", "2016-12-31": "376.30700", "2016-09-30": "355.47800", "2016-06-30": "339.50000", "2016-03-31": "314.13900", "2015-12-31": "348.46800", "2015-09-30": "328.53300", "2015-06-30": "303.87200", "2015-03-31": "267.07000", "2014-12-31": "303.47600", "2014-09-30": "283.42300", "2014-06-30": "265.81900", "2014-03-31": "216.01700", "2013-12-31": "271.61000", "2013-09-30": "255.26500", "2013-06-30": "242.65400", "2013-03-31": "213.34100", "2012-12-31": "245.50200", "2012-09-30": "231.22300", "2012-06-30": "213.75800", "2012-03-31": "185.21600", "2011-12-31": "222.38600", "2011-09-30": "205.85600", "2011-06-30": "187.56600", "2011-03-31": "165.91800", "2010-12-31": "192.71400", "2010-09-30": "178.45000", "2010-06-30": "166.83600", "2010-03-31": "154.26600", "2009-12-31": "176.23600", "2009-09-30": "182.00600", "2009-06-30": "172.81100", "2009-03-31": "165.85900", "2008-12-31": "176.94800", "2008-09-30": "196.77200", "2008-06-30": "140.70300", "2008-03-31": "135.52400", "2007-12-31": "155.85900", "2007-09-30": "128.28600", "2007-06-30": "73.01800", "2007-03-31": "55.86700", "2006-12-31": "-8.14700", "2006-09-30": "84.61200", "2006-06-30": "133.88900", "2006-03-31": "117.17700", "2005-12-31": "123.35300", "2005-09-30": "120.73200", "2005-06-30": "111.74100", "2005-03-31": "100.27000"}, "Other Income": {"2020-09-30": "-41.90000", "2020-06-30": "-19.29500", "2020-03-31": "8.94500", "2019-12-31": "-10.31800", "2019-09-30": "15.57400", "2019-06-30": "-4.87700", "2019-03-31": "7.79100", "2018-12-31": "41.45700", "2018-09-30": "4.01300", "2018-06-30": "21.94400", "2018-03-31": "-11.39400", "2017-12-31": "-5.14700", "2017-09-30": "-21.23500", "2017-06-30": "-24.46500", "2017-03-31": "-5.56600", "2016-12-31": "24.24600", "2016-09-30": "-3.66500", "2016-06-30": "8.63200", "2016-03-31": "-10.95400", "2015-12-31": "2.12100", "2015-09-30": "", "2015-06-30": "16.68800", "2015-03-31": "", "2014-12-31": "-0.01200", "2014-09-30": "-3.01200", "2014-06-30": "-1.67500", "2014-03-31": "-2.34800", "2013-12-31": "7.80100", "2013-09-30": "16.09400", "2013-06-30": "5.92400", "2013-03-31": "-12.73700", "2012-12-31": "11.35700", "2012-09-30": "9.01900", "2012-06-30": "-23.65700", "2012-03-31": "12.15700", "2011-12-31": "-20.71200", "2011-09-30": "-28.25300", "2011-06-30": "10.42600", "2011-03-31": "31.25200", "2010-12-31": "-14.01800", "2010-09-30": "55.45500", "2010-06-30": "-48.85800", "2010-03-31": "-34.84300", "2009-12-31": "27.30100", "2009-09-30": "21.42900", "2009-06-30": "33.20500", "2009-03-31": "-34.73300", "2008-12-31": "-12.63400", "2008-09-30": "-53.69700", "2008-06-30": "-0.00200", "2008-03-31": "40.97100", "2007-12-31": "16.34100", "2007-09-30": "30.50100", "2007-06-30": "7.32400", "2007-03-31": "6.94300", "2006-12-31": "4.40200", "2006-09-30": "-0.14000", "2006-06-30": "", "2006-03-31": "", "2005-12-31": "-1.72100", "2005-09-30": "-0.19600", "2005-06-30": "", "2005-03-31": ""}, "Income From Continuous Operations": {"2020-09-30": "325.84700", "2020-06-30": "315.81200", "2020-03-31": "366.01900", "2019-12-31": "387.09710", "2019-09-30": "399.42000", "2019-06-30": "371.45600", "2019-03-31": "367.67800", "2018-12-31": "587.90600", "2018-09-30": "379.58900", "2018-06-30": "405.29200", "2018-03-31": "344.43600", "2017-12-31": "390.96310", "2017-09-30": "358.27400", "2017-06-30": "355.20700", "2017-03-31": "344.02100", "2016-12-31": "415.68110", "2016-09-30": "369.05000", "2016-06-30": "358.35890", "2016-03-31": "317.34900", "2015-12-31": "365.25900", "2015-09-30": "341.13600", "2015-06-30": "328.04000", "2015-03-31": "283.25400", "2014-12-31": "348.42590", "2014-09-30": "294.97700", "2014-06-30": "278.27900", "2014-03-31": "228.27300", "2013-12-31": "297.97700", "2013-09-30": "285.62800", "2013-06-30": "261.67900", "2013-03-31": "212.24700", "2012-12-31": "272.09190", "2012-09-30": "252.88400", "2012-06-30": "198.69700", "2012-03-31": "206.48800", "2011-12-31": "218.62300", "2011-09-30": "192.87200", "2011-06-30": "210.76200", "2011-03-31": "210.88600", "2010-12-31": "189.25600", "2010-09-30": "242.94800", "2010-06-30": "126.76600", "2010-03-31": "129.38400", "2009-12-31": "187.17500", "2009-09-30": "242.83200", "2009-06-30": "213.41400", "2009-03-31": "153.93700", "2008-12-31": "164.77400", "2008-09-30": "150.41700", "2008-06-30": "145.24100", "2008-03-31": "521.08900", "2007-12-31": "196.58300", "2007-09-30": "153.99900", "2007-06-30": "77.83800", "2007-03-31": "61.00400", "2006-12-31": "-7.50900", "2006-09-30": "79.25600", "2006-06-30": "128.75100", "2006-03-31": "113.48400", "2005-12-31": "123.07800", "2005-09-30": "123.00400", "2005-06-30": "108.12400", "2005-03-31": "95.30400"}, "Income From Discontinued Operations": {"2020-09-30": "", "2020-06-30": "", "2020-03-31": "", "2019-12-31": "", "2019-09-30": "", "2019-06-30": "", "2019-03-31": "", "2018-12-31": "", "2018-09-30": "", "2018-06-30": "", "2018-03-31": "", "2017-12-31": "", "2017-09-30": "", "2017-06-30": "", "2017-03-31": "", "2016-12-31": "", "2016-09-30": "", "2016-06-30": "", "2016-03-31": "", "2015-12-31": "", "2015-09-30": "", "2015-06-30": "", "2015-03-31": "", "2014-12-31": "", "2014-09-30": "", "2014-06-30": "", "2014-03-31": "", "2013-12-31": "", "2013-09-30": "", "2013-06-30": "", "2013-03-31": "", "2012-12-31": "0.47100", "2012-09-30": "11.93500", "2012-06-30": "0.23400", "2012-03-31": "0.23400", "2011-12-31": "1.81400", "2011-09-30": "1.64100", "2011-06-30": "0.17900", "2011-03-31": "-0.31800", "2010-12-31": "-0.04600", "2010-09-30": "2.86300", "2010-06-30": "4.41000", "2010-03-31": "0.53300", "2009-12-31": "0.51400", "2009-09-30": "1.11900", "2009-06-30": "-8.02700", "2009-03-31": "-0.50800", "2008-12-31": "-2.74000", "2008-09-30": "-2.47500", "2008-06-30": "-1.28600", "2008-03-31": "-1.14800", "2007-12-31": "0.84700", "2007-09-30": "-1.23300", "2007-06-30": "-0.73400", "2007-03-31": "-1.22600", "2006-12-31": "-2.72400", "2006-09-30": "1.92500", "2006-06-30": "0.11100", "2006-03-31": "0.15400", "2005-12-31": "0.34700", "2005-09-30": "5.34000", "2005-06-30": "0.08900", "2005-03-31": "1.10700"}, "Net Income": {"2020-09-30": "246.91600", "2020-06-30": "246.11900", "2020-03-31": "313.13400", "2019-12-31": "327.25090", "2019-09-30": "337.36200", "2019-06-30": "306.41100", "2019-03-31": "301.74300", "2018-12-31": "530.10210", "2018-09-30": "322.67900", "2018-06-30": "348.30000", "2018-03-31": "287.81900", "2017-12-31": "334.07990", "2017-09-30": "279.71700", "2017-06-30": "276.68100", "2017-03-31": "281.13100", "2016-12-31": "352.81200", "2016-09-30": "308.95700", "2016-06-30": "280.77500", "2016-03-31": "241.33500", "2015-12-31": "303.00310", "2015-09-30": "273.50800", "2015-06-30": "263.92600", "2015-03-31": "212.61300", "2014-12-31": "283.95700", "2014-09-30": "231.81500", "2014-06-30": "218.35200", "2014-03-31": "174.05200", "2013-12-31": "243.74900", "2013-09-30": "231.36100", "2013-06-30": "207.68500", "2013-03-31": "161.93600", "2012-12-31": "209.54300", "2012-09-30": "202.46500", "2012-06-30": "132.34300", "2012-03-31": "125.34300", "2011-12-31": "164.22300", "2011-09-30": "117.95000", "2011-06-30": "131.51500", "2011-03-31": "148.05900", "2010-12-31": "121.39700", "2010-09-30": "182.20600", "2010-06-30": "60.83700", "2010-03-31": "34.73800", "2009-12-31": "117.49100", "2009-09-30": "173.49300", "2009-06-30": "135.48700", "2009-03-31": "159.49500", "2008-12-31": "121.53800", "2008-09-30": "71.45900", "2008-06-30": "67.97800", "2008-03-31": "444.82800", "2007-12-31": "101.82200", "2007-09-30": "87.07700", "2007-06-30": "14.43300", "2007-03-31": "-4.35400", "2006-12-31": "-80.40100", "2006-09-30": "-6.08300", "2006-06-30": "71.13000", "2006-03-31": "62.24500", "2005-12-31": "65.65100", "2005-09-30": "79.26200", "2005-06-30": "60.76300", "2005-03-31": "48.71900"}, "EBITDA": {"2020-09-30": "491.90800", "2020-06-30": "463.38400", "2020-03-31": "476.14800", "2019-12-31": "524.60710", "2019-09-30": "500.16600", "2019-06-30": "487.95000", "2019-03-31": "465.33400", "2018-12-31": "503.64400", "2018-09-30": "483.39500", "2018-06-30": "463.22200", "2018-03-31": "445.57700", "2017-12-31": "499.87800", "2017-09-30": "473.43100", "2017-06-30": "466.74200", "2017-03-31": "437.61700", "2016-12-31": "486.11310", "2016-09-30": "462.38100", "2016-06-30": "443.86300", "2016-03-31": "415.45300", "2015-12-31": "452.16700", "2015-09-30": "430.61300", "2015-06-30": "406.53000", "2015-03-31": "368.70700", "2014-12-31": "403.64290", "2014-09-30": "390.64800", "2014-06-30": "372.10600", "2014-03-31": "326.11600", "2013-12-31": "361.02000", "2013-09-30": "346.50400", "2013-06-30": "328.72200", "2013-03-31": "302.25800", "2012-12-31": "244.55310", "2012-09-30": "230.51200", "2012-06-30": "300.61000", "2012-03-31": "271.83300", "2011-12-31": "286.58100", "2011-09-30": "290.81600", "2011-06-30": "282.68500", "2011-03-31": "261.25700", "2010-12-31": "260.67080", "2010-09-30": "278.93600", "2010-06-30": "260.65700", "2010-03-31": "246.76900", "2009-12-31": "239.63210", "2009-09-30": "312.58900", "2009-06-30": "264.38300", "2009-03-31": "252.35100", "2008-12-31": "290.20600", "2008-09-30": "515.72500", "2008-06-30": "174.36900", "2008-03-31": "128.31700", "2007-12-31": "305.21410", "2007-09-30": "634.31000", "2007-06-30": "-87.88600", "2007-03-31": "247.95700", "2006-12-31": "239.16210", "2006-09-30": "207.02000", "2006-06-30": "184.10300", "2006-03-31": "168.52600", "2005-12-31": "177.25600", "2005-09-30": "171.05200", "2005-06-30": "161.58700", "2005-03-31": "149.54400"}, "EBIT": {"2020-09-30": "353.57500", "2020-06-30": "325.76600", "2020-03-31": "340.24800", "2019-12-31": "389.72200", "2019-09-30": "370.93300", "2019-06-30": "361.09100", "2019-03-31": "343.39300", "2018-12-31": "382.27000", "2018-09-30": "358.87900", "2018-06-30": "343.44500", "2018-03-31": "327.59800", "2017-12-31": "379.77800", "2017-09-30": "360.11100", "2017-06-30": "356.56500", "2017-03-31": "326.68800", "2016-12-31": "374.37210", "2016-09-30": "352.94900", "2016-06-30": "336.85000", "2016-03-31": "310.32500", "2015-12-31": "345.86000", "2015-09-30": "324.53100", "2015-06-30": "300.05700", "2015-03-31": "261.56100", "2014-12-31": "293.06990", "2014-09-30": "279.57100", "2014-06-30": "265.66300", "2014-03-31": "217.09500", "2013-12-31": "252.09300", "2013-09-30": "249.96700", "2013-06-30": "237.78500", "2013-03-31": "211.25700", "2012-12-31": "244.55310", "2012-09-30": "230.51200", "2012-06-30": "212.02200", "2012-03-31": "184.89500", "2011-12-31": "196.75100", "2011-09-30": "199.86000", "2011-06-30": "193.49900", "2011-03-31": "172.70400", "2010-12-31": "169.02400", "2010-09-30": "186.28800", "2010-06-30": "175.45200", "2010-03-31": "161.88300", "2009-12-31": "190.28310", "2009-09-30": "189.29500", "2009-06-30": "180.09900", "2009-03-31": "167.15100", "2008-12-31": "186.23000", "2008-09-30": "205.87100", "2008-06-30": "150.30400", "2008-03-31": "152.01100", "2007-12-31": "170.75800", "2007-09-30": "143.54300", "2007-06-30": "89.72500", "2007-03-31": "72.67500", "2006-12-31": "12.16300", "2006-09-30": "93.93500", "2006-06-30": "135.76100", "2006-03-31": "118.73400", "2005-12-31": "125.64100", "2005-09-30": "123.20300", "2005-06-30": "113.53500", "2005-03-31": "101.93300"}, "Basic Shares Outstanding": {"2020-09-30": "174.50300", "2020-06-30": "174.49300", "2020-03-31": "174.44600", "2019-12-31": "174.28700", "2019-09-30": "174.33400", "2019-06-30": "174.25300", "2019-03-31": "174.17700", "2018-12-31": "173.96900", "2018-09-30": "173.97500", "2018-06-30": "173.93200", "2018-03-31": "173.89200", "2017-12-31": "173.61300", "2017-09-30": "173.71500", "2017-06-30": "173.60200", "2017-03-31": "173.36400", "2016-12-31": "173.09100", "2016-09-30": "173.10800", "2016-06-30": "173.08700", "2016-03-31": "172.97700", "2015-12-31": "172.69900", "2015-09-30": "172.77100", "2015-06-30": "172.62900", "2015-03-31": "172.52000", "2014-12-31": "172.25100", "2014-09-30": "172.37800", "2014-06-30": "172.28200", "2014-03-31": "171.91000", "2013-12-31": "171.64000", "2013-09-30": "171.72100", "2013-06-30": "171.62500", "2013-03-31": "171.44600", "2012-12-31": "170.56200", "2012-09-30": "170.57600", "2012-06-30": "170.49600", "2012-03-31": "170.30900", "2011-12-31": "169.65700", "2011-09-30": "169.72800", "2011-06-30": "169.49200", "2011-03-31": "169.31500", "2010-12-31": "168.87700", "2010-09-30": "169.01400", "2010-06-30": "168.80400", "2010-03-31": "168.47700", "2009-12-31": "168.35800", "2009-09-30": "168.37300", "2009-06-30": "168.34800", "2009-03-31": "168.31200", "2008-12-31": "168.25000", "2008-09-30": "168.13300", "2008-06-30": "168.02800", "2008-03-31": "168.58600", "2007-12-31": "169.34200", "2007-09-30": "169.37400", "2007-06-30": "169.34600", "2007-03-31": "169.22900", "2006-12-31": "142.76000", "2006-09-30": "145.38700", "2006-06-30": "128.18000", "2006-03-31": "128.12200", "2005-12-31": "128.15900", "2005-09-30": "128.00600", "2005-06-30": "127.98600", "2005-03-31": "128.58600"}, "Shares Outstanding": {"2020-09-30": "174.62600", "2020-06-30": "174.57500", "2020-03-31": "174.61600", "2019-12-31": "174.53000", "2019-09-30": "174.61100", "2019-06-30": "174.54200", "2019-03-31": "174.37600", "2018-12-31": "174.29700", "2018-09-30": "174.34800", "2018-06-30": "174.22400", "2018-03-31": "174.14800", "2017-12-31": "174.15100", "2017-09-30": "174.24000", "2017-06-30": "174.07500", "2017-03-31": "174.06900", "2016-12-31": "173.87800", "2016-09-30": "173.84800", "2016-06-30": "174.00000", "2016-03-31": "173.85000", "2015-12-31": "173.51000", "2015-09-30": "173.52900", "2015-06-30": "173.38700", "2015-03-31": "173.36600", "2014-12-31": "173.13800", "2014-09-30": "173.30400", "2014-06-30": "173.18100", "2014-03-31": "172.80900", "2013-12-31": "172.68800", "2013-09-30": "172.79300", "2013-06-30": "172.64700", "2013-03-31": "172.51400", "2012-12-31": "171.66400", "2012-09-30": "171.70000", "2012-06-30": "171.56000", "2012-03-31": "171.41500", "2011-12-31": "170.75000", "2011-09-30": "170.83000", "2011-06-30": "170.40100", "2011-03-31": "170.38200", "2010-12-31": "169.77200", "2010-09-30": "169.97700", "2010-06-30": "169.62900", "2010-03-31": "169.31000", "2009-12-31": "168.76800", "2009-09-30": "169.04300", "2009-06-30": "168.52800", "2009-03-31": "168.47300", "2008-12-31": "168.67500", "2008-09-30": "168.56000", "2008-06-30": "168.47900", "2008-03-31": "168.98200", "2007-12-31": "169.85000", "2007-09-30": "170.08500", "2007-06-30": "170.21300", "2007-03-31": "169.22900", "2006-12-31": "143.71500", "2006-09-30": "145.38700", "2006-06-30": "129.06200", "2006-03-31": "129.00900", "2005-12-31": "128.81900", "2005-09-30": "128.74200", "2005-06-30": "128.61800", "2005-03-31": "129.17500"}, "Basic EPS": {"2020-09-30": "1.41000", "2020-06-30": "1.41000", "2020-03-31": "1.80000", "2019-12-31": "1.87000", "2019-09-30": "1.94000", "2019-06-30": "1.76000", "2019-03-31": "1.73000", "2018-12-31": "3.05000", "2018-09-30": "1.85000", "2018-06-30": "2.00000", "2018-03-31": "1.66000", "2017-12-31": "1.93000", "2017-09-30": "1.61000", "2017-06-30": "1.59000", "2017-03-31": "1.62000", "2016-12-31": "2.04000", "2016-09-30": "1.78000", "2016-06-30": "1.62000", "2016-03-31": "1.40000", "2015-12-31": "1.76000", "2015-09-30": "1.58000", "2015-06-30": "1.53000", "2015-03-31": "1.23000", "2014-12-31": "1.65000", "2014-09-30": "1.34000", "2014-06-30": "1.27000", "2014-03-31": "1.01000", "2013-12-31": "1.42000", "2013-09-30": "1.35000", "2013-06-30": "1.21000", "2013-03-31": "0.94000", "2012-12-31": "1.22000", "2012-09-30": "1.19000", "2012-06-30": "0.78000", "2012-03-31": "0.74000", "2011-12-31": "0.97000", "2011-09-30": "0.69000", "2011-06-30": "0.78000", "2011-03-31": "0.87000", "2010-12-31": "0.71000", "2010-09-30": "1.08000", "2010-06-30": "0.36000", "2010-03-31": "0.21000", "2009-12-31": "0.70000", "2009-09-30": "1.03000", "2009-06-30": "0.80000", "2009-03-31": "0.95000", "2008-12-31": "0.72000", "2008-09-30": "0.43000", "2008-06-30": "0.40000", "2008-03-31": "2.64000", "2007-12-31": "0.61000", "2007-09-30": "0.51000", "2007-06-30": "0.09000", "2007-03-31": "-0.03000", "2006-12-31": "-0.67000", "2006-09-30": "-0.04000", "2006-06-30": "0.55000", "2006-03-31": "0.49000", "2005-12-31": "0.51000", "2005-09-30": "0.62000", "2005-06-30": "0.47000", "2005-03-31": "0.38000"}, "EPS - Earnings Per Share": {"2020-09-30": "1.41000", "2020-06-30": "1.41000", "2020-03-31": "1.79000", "2019-12-31": "1.87000", "2019-09-30": "1.93000", "2019-06-30": "1.76000", "2019-03-31": "1.73000", "2018-12-31": "3.04000", "2018-09-30": "1.85000", "2018-06-30": "2.00000", "2018-03-31": "1.65000", "2017-12-31": "1.91000", "2017-09-30": "1.61000", "2017-06-30": "1.59000", "2017-03-31": "1.62000", "2016-12-31": "2.03000", "2016-09-30": "1.78000", "2016-06-30": "1.61000", "2016-03-31": "1.39000", "2015-12-31": "1.74000", "2015-09-30": "1.58000", "2015-06-30": "1.52000", "2015-03-31": "1.23000", "2014-12-31": "1.64000", "2014-09-30": "1.34000", "2014-06-30": "1.26000", "2014-03-31": "1.01000", "2013-12-31": "1.41000", "2013-09-30": "1.34000", "2013-06-30": "1.20000", "2013-03-31": "0.94000", "2012-12-31": "1.22000", "2012-09-30": "1.18000", "2012-06-30": "0.77000", "2012-03-31": "0.73000", "2011-12-31": "0.96000", "2011-09-30": "0.69000", "2011-06-30": "0.77000", "2011-03-31": "0.87000", "2010-12-31": "0.71000", "2010-09-30": "1.07000", "2010-06-30": "0.36000", "2010-03-31": "0.21000", "2009-12-31": "0.69000", "2009-09-30": "1.03000", "2009-06-30": "0.80000", "2009-03-31": "0.95000", "2008-12-31": "0.73000", "2008-09-30": "0.42000", "2008-06-30": "0.40000", "2008-03-31": "2.63000", "2007-12-31": "0.61000", "2007-09-30": "0.51000", "2007-06-30": "0.08000", "2007-03-31": "-0.03000", "2006-12-31": "-0.66000", "2006-09-30": "-0.04000", "2006-06-30": "0.55000", "2006-03-31": "0.48000", "2005-12-31": "0.50000", "2005-09-30": "0.62000", "2005-06-30": "0.47000", "2005-03-31": "0.38000"}}, "balance sheet": {"Cash On Hand": {"2019-12-31": "409.74300", "2018-12-31": "361.21800", "2017-12-31": "433.37600", "2016-12-31": "183.68800", "2015-12-31": "104.28500", "2014-12-31": "187.71200", "2013-12-31": "19.16900", "2012-12-31": "17.23900", "2011-12-31": "139.00800", "2010-12-31": "558.53100", "2009-12-31": "763.78900", "2008-12-31": "680.70100", "2007-12-31": "245.44400", "2006-12-31": "555.58400", "2005-12-31": "493.50100"}, "Receivables": {"2019-12-31": "", "2018-12-31": "", "2017-12-31": "", "2016-12-31": "", "2015-12-31": "", "2014-12-31": "", "2013-12-31": "428.13900", "2012-12-31": "", "2011-12-31": "", "2010-12-31": "495.22900", "2009-12-31": "561.70300", "2008-12-31": "552.36100", "2007-12-31": "", "2006-12-31": "", "2005-12-31": ""}, "Inventory": {"2019-12-31": "", "2018-12-31": "", "2017-12-31": "", "2016-12-31": "", "2015-12-31": "", "2014-12-31": "", "2013-12-31": "", "2012-12-31": "", "2011-12-31": "", "2010-12-31": "", "2009-12-31": "", "2008-12-31": "", "2007-12-31": "", "2006-12-31": "", "2005-12-31": ""}, "Pre-Paid Expenses": {"2019-12-31": "", "2018-12-31": "", "2017-12-31": "", "2016-12-31": "", "2015-12-31": "", "2014-12-31": "", "2013-12-31": "", "2012-12-31": "", "2011-12-31": "", "2010-12-31": "", "2009-12-31": "", "2008-12-31": "", "2007-12-31": "", "2006-12-31": "", "2005-12-31": ""}, "Other Current Assets": {"2019-12-31": "", "2018-12-31": "", "2017-12-31": "", "2016-12-31": "", "2015-12-31": "", "2014-12-31": "", "2013-12-31": "", "2012-12-31": "", "2011-12-31": "", "2010-12-31": "", "2009-12-31": "", "2008-12-31": "", "2007-12-31": "", "2006-12-31": "", "2005-12-31": ""}, "Total Current Assets": {"2019-12-31": "409.74300", "2018-12-31": "361.21800", "2017-12-31": "433.37600", "2016-12-31": "183.68800", "2015-12-31": "104.28500", "2014-12-31": "187.71200", "2013-12-31": "447.30800", "2012-12-31": "428.23400", "2011-12-31": "541.70100", "2010-12-31": "1053.76000", "2009-12-31": "1325.49200", "2008-12-31": "1233.06200", "2007-12-31": "245.44400", "2006-12-31": "555.58400", "2005-12-31": "493.50100"}, "Property, Plant, And Equipment": {"2019-12-31": "9807.60500", "2018-12-31": "9442.11100", "2017-12-31": "9230.09900", "2016-12-31": "8922.57600", "2015-12-31": "8557.71300", "2014-12-31": "8485.28800", "2013-12-31": "8239.77800", "2012-12-31": "7331.93200", "2011-12-31": "7379.19700", "2010-12-31": "7532.81600", "2009-12-31": "7562.03300", "2008-12-31": "7821.88900", "2007-12-31": "9582.55400", "2006-12-31": "9597.54100", "2005-12-31": "4484.82800"}, "Long-Term Investments": {"2019-12-31": "", "2018-12-31": "", "2017-12-31": "", "2016-12-31": "", "2015-12-31": "", "2014-12-31": "", "2013-12-31": "", "2012-12-31": "", "2011-12-31": "", "2010-12-31": "", "2009-12-31": "", "2008-12-31": "", "2007-12-31": "", "2006-12-31": "", "2005-12-31": ""}, "Goodwill And Intangible Assets": {"2019-12-31": "205.93600", "2018-12-31": "209.85600", "2017-12-31": "214.95700", "2016-12-31": "212.71900", "2015-12-31": "211.45800", "2014-12-31": "228.63200", "2013-12-31": "246.85400", "2012-12-31": "209.37400", "2011-12-31": "209.83300", "2010-12-31": "216.72500", "2009-12-31": "212.90400", "2008-12-31": "226.63900", "2007-12-31": "348.37900", "2006-12-31": "589.23600", "2005-12-31": "176.28500"}, "Other Long-Term Assets": {"2019-12-31": "942.16000", "2018-12-31": "915.08500", "2017-12-31": "854.46000", "2016-12-31": "811.35500", "2015-12-31": "904.77600", "2014-12-31": "917.04400", "2013-12-31": "942.32600", "2012-12-31": "823.86300", "2011-12-31": "801.83100", "2010-12-31": "692.03200", "2009-12-31": "705.21600", "2008-12-31": "654.45500", "2007-12-31": "466.72500", "2006-12-31": "456.11200", "2005-12-31": "397.87200"}, "Total Long-Term Assets": {"2019-12-31": "10955.70000", "2018-12-31": "10567.05000", "2017-12-31": "10299.52000", "2016-12-31": "9946.65000", "2015-12-31": "9673.94700", "2014-12-31": "9630.96400", "2013-12-31": "9428.95900", "2012-12-31": "8365.16900", "2011-12-31": "8390.86000", "2010-12-31": "8441.57300", "2009-12-31": "8480.15300", "2008-12-31": "8702.98300", "2007-12-31": "10397.66000", "2006-12-31": "10642.89000", "2005-12-31": "5058.98500"}, "Total Assets": {"2019-12-31": "11365.44000", "2018-12-31": "10928.27000", "2017-12-31": "10732.89000", "2016-12-31": "10130.34000", "2015-12-31": "9778.23200", "2014-12-31": "9818.67600", "2013-12-31": "9876.26600", "2012-12-31": "8793.40300", "2011-12-31": "8932.56200", "2010-12-31": "9495.33300", "2009-12-31": "9805.64500", "2008-12-31": "9936.04500", "2007-12-31": "10643.10000", "2006-12-31": "11198.47000", "2005-12-31": "5552.48600"}, "Total Current Liabilities": {"2019-12-31": "383.28400", "2018-12-31": "371.25900", "2017-12-31": "337.20100", "2016-12-31": "297.93500", "2015-12-31": "261.57800", "2014-12-31": "247.14100", "2013-12-31": "918.35800", "2012-12-31": "201.71100", "2011-12-31": "210.96600", "2010-12-31": "205.76900", "2009-12-31": "212.25300", "2008-12-31": "212.35300", "2007-12-31": "303.35700", "2006-12-31": "333.70600", "2005-12-31": "159.36000"}, "Long Term Debt": {"2019-12-31": "1902.49300", "2018-12-31": "1412.28300", "2017-12-31": "1431.32200", "2016-12-31": "390.74900", "2015-12-31": "319.01600", "2014-12-31": "64.36400", "2013-12-31": "139.05300", "2012-12-31": "468.82800", "2011-12-31": "398.31400", "2010-12-31": "568.41700", "2009-12-31": "518.88900", "2008-12-31": "643.81100", "2007-12-31": "1069.92800", "2006-12-31": "1848.54200", "2005-12-31": "149.64700"}, "Other Non-Current Liabilities": {"2019-12-31": "", "2018-12-31": "", "2017-12-31": "", "2016-12-31": "", "2015-12-31": "", "2014-12-31": "", "2013-12-31": "", "2012-12-31": "", "2011-12-31": "", "2010-12-31": "", "2009-12-31": "", "2008-12-31": "", "2007-12-31": "", "2006-12-31": "", "2005-12-31": ""}, "Total Long Term Liabilities": {"2019-12-31": "1902.49300", "2018-12-31": "1412.28300", "2017-12-31": "1431.32200", "2016-12-31": "390.74900", "2015-12-31": "319.01600", "2014-12-31": "64.36400", "2013-12-31": "139.05300", "2012-12-31": "468.82800", "2011-12-31": "410.66900", "2010-12-31": "580.63000", "2009-12-31": "532.01100", "2008-12-31": "656.58800", "2007-12-31": "1576.61600", "2006-12-31": "2354.57200", "2005-12-31": "403.61700"}, "Total Liabilities": {"2019-12-31": "2285.77700", "2018-12-31": "1783.54200", "2017-12-31": "1768.52300", "2016-12-31": "688.68400", "2015-12-31": "580.59400", "2014-12-31": "311.50500", "2013-12-31": "1057.41100", "2012-12-31": "670.53900", "2011-12-31": "621.63500", "2010-12-31": "786.39900", "2009-12-31": "744.26400", "2008-12-31": "868.94100", "2007-12-31": "1879.97300", "2006-12-31": "2688.27800", "2005-12-31": "562.97700"}, "Common Stock Net": {"2019-12-31": "17.44200", "2018-12-31": "17.41300", "2017-12-31": "17.38500", "2016-12-31": "17.32900", "2015-12-31": "17.29300", "2014-12-31": "17.24500", "2013-12-31": "17.17800", "2012-12-31": "17.13900", "2011-12-31": "17.02400", "2010-12-31": "16.92700", "2009-12-31": "16.84200", "2008-12-31": "16.82900", "2007-12-31": "16.94300", "2006-12-31": "16.91500", "2005-12-31": "12.80900"}, "Retained Earnings (Accumulated Deficit)": {"2019-12-31": "-665.57500", "2018-12-31": "-577.36000", "2017-12-31": "-675.71100", "2016-12-31": "-487.58100", "2015-12-31": "-434.61000", "2014-12-31": "-374.82300", "2013-12-31": "-318.48200", "2012-12-31": "-279.47400", "2011-12-31": "-259.57800", "2010-12-31": "-236.41000", "2009-12-31": "-153.75900", "2008-12-31": "-290.32300", "2007-12-31": "-485.35420", "2006-12-31": "-344.70610", "2005-12-31": "-124.87080"}, "Comprehensive Income": {"2019-12-31": "-64.89000", "2018-12-31": "-64.06000", "2017-12-31": "-75.06400", "2016-12-31": "-95.10600", "2015-12-31": "-68.54800", "2014-12-31": "-48.15600", "2013-12-31": "-0.50000", "2012-12-31": "-1.00500", "2011-12-31": "-23.01400", "2010-12-31": "-15.77300", "2009-12-31": "-15.00200", "2008-12-31": "-31.93100", "2007-12-31": "50.06500", "2006-12-31": "19.32900", "2005-12-31": ""}, "Other Share Holders Equity": {"2019-12-31": "", "2018-12-31": "", "2017-12-31": "", "2016-12-31": "", "2015-12-31": "", "2014-12-31": "", "2013-12-31": "", "2012-12-31": "", "2011-12-31": "", "2010-12-31": "", "2009-12-31": "", "2008-12-31": "", "2007-12-31": "", "2006-12-31": "", "2005-12-31": ""}, "Share Holder Equity": {"2019-12-31": "9079.66700", "2018-12-31": "9144.72800", "2017-12-31": "8964.36900", "2016-12-31": "9441.65400", "2015-12-31": "9197.63800", "2014-12-31": "9507.17100", "2013-12-31": "8818.85500", "2012-12-31": "8122.86400", "2011-12-31": "8310.92700", "2010-12-31": "8708.93400", "2009-12-31": "9061.38100", "2008-12-31": "9067.10400", "2007-12-31": "8763.12900", "2006-12-31": "8510.19500", "2005-12-31": "4989.50900"}, "Total Liabilities And Share Holders Equity": {"2019-12-31": "11365.44000", "2018-12-31": "10928.27000", "2017-12-31": "10732.89000", "2016-12-31": "10130.34000", "2015-12-31": "9778.23200", "2014-12-31": "9818.67600", "2013-12-31": "9876.26600", "2012-12-31": "8793.40300", "2011-12-31": "8932.56200", "2010-12-31": "9495.33300", "2009-12-31": "9805.64500", "2008-12-31": "9936.04500", "2007-12-31": "10643.10000", "2006-12-31": "11198.47000", "2005-12-31": "5552.48600"}}, "balance sheet, quarterly": {"Cash On Hand": {"2020-09-30": "293.95500", "2020-06-30": "1268.47500", "2020-03-31": "718.42700", "2019-12-31": "409.74300", "2019-09-30": "541.35700", "2019-06-30": "360.33100", "2019-03-31": "217.97300", "2018-12-31": "361.21800", "2018-09-30": "432.52500", "2018-06-30": "338.41900", "2018-03-31": "363.03000", "2017-12-31": "433.37600", "2017-09-30": "694.23300", "2017-06-30": "358.26600", "2017-03-31": "120.85900", "2016-12-31": "183.68800", "2016-09-30": "57.21300", "2016-06-30": "260.12400", "2016-03-31": "305.70500", "2015-12-31": "104.28500", "2015-09-30": "35.66800", "2015-06-30": "20.25600", "2015-03-31": "152.79700", "2014-12-31": "187.71200", "2014-09-30": "98.25200", "2014-06-30": "387.98300", "2014-03-31": "101.11200", "2013-12-31": "19.16900", "2013-09-30": "56.96500", "2013-06-30": "410.91000", "2013-03-31": "398.25200", "2012-12-31": "17.23900", "2012-09-30": "535.75200", "2012-06-30": "438.47500", "2012-03-31": "620.07900", "2011-12-31": "139.00800", "2011-09-30": "160.73300", "2011-06-30": "144.48700", "2011-03-31": "145.10500", "2010-12-31": "558.53100", "2010-09-30": "615.61000", "2010-06-30": "569.22400", "2010-03-31": "815.17300", "2009-12-31": "763.78900", "2009-09-30": "670.92800", "2009-06-30": "584.86000", "2009-03-31": "493.40000", "2008-12-31": "680.70100", "2008-09-30": "807.90800", "2008-06-30": "793.60400", "2008-03-31": "745.53400", "2007-12-31": "245.44400", "2007-09-30": "189.43000", "2007-06-30": "66.94900", "2007-03-31": "90.70000", "2006-12-31": "555.58400", "2006-09-30": "124.11900", "2006-06-30": "983.63000", "2006-03-31": "382.32900", "2005-12-31": "493.50100", "2005-09-30": "531.77400", "2005-06-30": "390.43100", "2005-03-31": "354.43300"}, "Receivables": {"2020-09-30": "", "2020-06-30": "", "2020-03-31": "", "2019-12-31": "", "2019-09-30": "", "2019-06-30": "", "2019-03-31": "", "2018-12-31": "", "2018-09-30": "", "2018-06-30": "", "2018-03-31": "", "2017-12-31": "", "2017-09-30": "", "2017-06-30": "", "2017-03-31": "", "2016-12-31": "", "2016-09-30": "", "2016-06-30": "", "2016-03-31": "", "2015-12-31": "", "2015-09-30": "", "2015-06-30": "", "2015-03-31": "", "2014-12-31": "", "2014-09-30": "", "2014-06-30": "207.92800", "2014-03-31": "209.55700", "2013-12-31": "428.13900", "2013-09-30": "", "2013-06-30": "", "2013-03-31": "", "2012-12-31": "", "2012-09-30": "399.79400", "2012-06-30": "391.14600", "2012-03-31": "414.83300", "2011-12-31": "", "2011-09-30": "466.34900", "2011-06-30": "630.60600", "2011-03-31": "871.77700", "2010-12-31": "495.22900", "2010-09-30": "515.37900", "2010-06-30": "477.03100", "2010-03-31": "527.24300", "2009-12-31": "561.70300", "2009-09-30": "571.78300", "2009-06-30": "550.49900", "2009-03-31": "517.49700", "2008-12-31": "552.36100", "2008-09-30": "", "2008-06-30": "", "2008-03-31": "", "2007-12-31": "", "2007-09-30": "", "2007-06-30": "", "2007-03-31": "", "2006-12-31": "", "2006-09-30": "", "2006-06-30": "", "2006-03-31": "", "2005-12-31": "", "2005-09-30": "", "2005-06-30": "", "2005-03-31": ""}, "Inventory": {"2020-09-30": "", "2020-06-30": "", "2020-03-31": "", "2019-12-31": "", "2019-09-30": "", "2019-06-30": "", "2019-03-31": "", "2018-12-31": "", "2018-09-30": "", "2018-06-30": "", "2018-03-31": "", "2017-12-31": "", "2017-09-30": "", "2017-06-30": "", "2017-03-31": "", "2016-12-31": "", "2016-09-30": "", "2016-06-30": "", "2016-03-31": "", "2015-12-31": "", "2015-09-30": "", "2015-06-30": "", "2015-03-31": "", "2014-12-31": "", "2014-09-30": "", "2014-06-30": "", "2014-03-31": "", "2013-12-31": "", "2013-09-30": "", "2013-06-30": "", "2013-03-31": "", "2012-12-31": "", "2012-09-30": "", "2012-06-30": "", "2012-03-31": "", "2011-12-31": "", "2011-09-30": "", "2011-06-30": "", "2011-03-31": "", "2010-12-31": "", "2010-09-30": "", "2010-06-30": "", "2010-03-31": "", "2009-12-31": "", "2009-09-30": "", "2009-06-30": "", "2009-03-31": "", "2008-12-31": "", "2008-09-30": "", "2008-06-30": "", "2008-03-31": "", "2007-12-31": "", "2007-09-30": "", "2007-06-30": "", "2007-03-31": "", "2006-12-31": "", "2006-09-30": "", "2006-06-30": "", "2006-03-31": "", "2005-12-31": "", "2005-09-30": "", "2005-06-30": "", "2005-03-31": ""}, "Pre-Paid Expenses": {"2020-09-30": "", "2020-06-30": "", "2020-03-31": "", "2019-12-31": "", "2019-09-30": "", "2019-06-30": "", "2019-03-31": "", "2018-12-31": "", "2018-09-30": "", "2018-06-30": "", "2018-03-31": "", "2017-12-31": "", "2017-09-30": "", "2017-06-30": "", "2017-03-31": "", "2016-12-31": "", "2016-09-30": "", "2016-06-30": "", "2016-03-31": "", "2015-12-31": "", "2015-09-30": "", "2015-06-30": "", "2015-03-31": "", "2014-12-31": "", "2014-09-30": "", "2014-06-30": "", "2014-03-31": "", "2013-12-31": "", "2013-09-30": "", "2013-06-30": "", "2013-03-31": "", "2012-12-31": "", "2012-09-30": "", "2012-06-30": "", "2012-03-31": "", "2011-12-31": "", "2011-09-30": "", "2011-06-30": "", "2011-03-31": "", "2010-12-31": "", "2010-09-30": "", "2010-06-30": "", "2010-03-31": "", "2009-12-31": "", "2009-09-30": "", "2009-06-30": "", "2009-03-31": "", "2008-12-31": "", "2008-09-30": "", "2008-06-30": "", "2008-03-31": "", "2007-12-31": "", "2007-09-30": "", "2007-06-30": "", "2007-03-31": "", "2006-12-31": "", "2006-09-30": "", "2006-06-30": "", "2006-03-31": "", "2005-12-31": "", "2005-09-30": "", "2005-06-30": "", "2005-03-31": ""}, "Other Current Assets": {"2020-09-30": "", "2020-06-30": "", "2020-03-31": "", "2019-12-31": "", "2019-09-30": "", "2019-06-30": "", "2019-03-31": "", "2018-12-31": "", "2018-09-30": "", "2018-06-30": "", "2018-03-31": "", "2017-12-31": "", "2017-09-30": "", "2017-06-30": "", "2017-03-31": "", "2016-12-31": "", "2016-09-30": "", "2016-06-30": "", "2016-03-31": "", "2015-12-31": "", "2015-09-30": "", "2015-06-30": "", "2015-03-31": "", "2014-12-31": "", "2014-09-30": "", "2014-06-30": "", "2014-03-31": "", "2013-12-31": "", "2013-09-30": "", "2013-06-30": "", "2013-03-31": "", "2012-12-31": "", "2012-09-30": "", "2012-06-30": "", "2012-03-31": "", "2011-12-31": "", "2011-09-30": "", "2011-06-30": "", "2011-03-31": "", "2010-12-31": "", "2010-09-30": "", "2010-06-30": "", "2010-03-31": "", "2009-12-31": "", "2009-09-30": "", "2009-06-30": "", "2009-03-31": "", "2008-12-31": "", "2008-09-30": "", "2008-06-30": "", "2008-03-31": "", "2007-12-31": "", "2007-09-30": "", "2007-06-30": "", "2007-03-31": "", "2006-12-31": "", "2006-09-30": "", "2006-06-30": "", "2006-03-31": "", "2005-12-31": "", "2005-09-30": "", "2005-06-30": "", "2005-03-31": ""}, "Total Current Assets": {"2020-09-30": "293.95500", "2020-06-30": "1268.47500", "2020-03-31": "718.42700", "2019-12-31": "409.74300", "2019-09-30": "541.35700", "2019-06-30": "360.33100", "2019-03-31": "217.97300", "2018-12-31": "361.21800", "2018-09-30": "432.52500", "2018-06-30": "338.41900", "2018-03-31": "363.03000", "2017-12-31": "433.37600", "2017-09-30": "694.23300", "2017-06-30": "358.26600", "2017-03-31": "120.85900", "2016-12-31": "183.68800", "2016-09-30": "57.21300", "2016-06-30": "260.12400", "2016-03-31": "305.70500", "2015-12-31": "104.28500", "2015-09-30": "35.66800", "2015-06-30": "20.25600", "2015-03-31": "152.79700", "2014-12-31": "187.71200", "2014-09-30": "98.25200", "2014-06-30": "595.91100", "2014-03-31": "310.66900", "2013-12-31": "447.30800", "2013-09-30": "477.40600", "2013-06-30": "815.43600", "2013-03-31": "796.81700", "2012-12-31": "428.23400", "2012-09-30": "935.54600", "2012-06-30": "829.62100", "2012-03-31": "1034.91200", "2011-12-31": "541.70100", "2011-09-30": "627.08200", "2011-06-30": "775.09300", "2011-03-31": "1016.88200", "2010-12-31": "1053.76000", "2010-09-30": "1130.98900", "2010-06-30": "1046.25500", "2010-03-31": "1342.41600", "2009-12-31": "1325.49200", "2009-09-30": "1242.71100", "2009-06-30": "1135.35900", "2009-03-31": "1010.89700", "2008-12-31": "1233.06200", "2008-09-30": "1373.99200", "2008-06-30": "1412.32800", "2008-03-31": "1364.35600", "2007-12-31": "245.44400", "2007-09-30": "189.43000", "2007-06-30": "66.94900", "2007-03-31": "90.70000", "2006-12-31": "555.58400", "2006-09-30": "124.11900", "2006-06-30": "983.63000", "2006-03-31": "382.32900", "2005-12-31": "493.50100", "2005-09-30": "531.77400", "2005-06-30": "390.43100", "2005-03-31": "354.43300"}, "Property, Plant, And Equipment": {"2020-09-30": "9947.32200", "2020-06-30": "9969.87000", "2020-03-31": "9959.53000", "2019-12-31": "9807.60500", "2019-09-30": "9718.51600", "2019-06-30": "9598.48700", "2019-03-31": "9495.67000", "2018-12-31": "9442.11100", "2018-09-30": "9348.35000", "2018-06-30": "9254.98900", "2018-03-31": "9235.02200", "2017-12-31": "9230.09900", "2017-09-30": "9006.04800", "2017-06-30": "8959.64200", "2017-03-31": "8929.69700", "2016-12-31": "8922.57600", "2016-09-30": "8780.73200", "2016-06-30": "8734.34000", "2016-03-31": "8642.90000", "2015-12-31": "8557.71300", "2015-09-30": "8500.38100", "2015-06-30": "8496.97200", "2015-03-31": "8481.39800", "2014-12-31": "8485.28800", "2014-09-30": "8352.59500", "2014-06-30": "8167.04300", "2014-03-31": "8184.92800", "2013-12-31": "8239.77800", "2013-09-30": "7574.69200", "2013-06-30": "7267.12200", "2013-03-31": "7292.33900", "2012-12-31": "7331.93200", "2012-09-30": "7330.70600", "2012-06-30": "7343.77500", "2012-03-31": "7349.10900", "2011-12-31": "7379.19700", "2011-09-30": "7437.31300", "2011-06-30": "7464.01900", "2011-03-31": "7493.64700", "2010-12-31": "7532.81600", "2010-09-30": "7592.06000", "2010-06-30": "7618.39600", "2010-03-31": "7487.53900", "2009-12-31": "7562.03300", "2009-09-30": "7633.97200", "2009-06-30": "7695.14100", "2009-03-31": "7747.58200", "2008-12-31": "7821.88900", "2008-09-30": "7901.31000", "2008-06-30": "7909.45100", "2008-03-31": "7921.51100", "2007-12-31": "9582.55400", "2007-09-30": "9576.99500", "2007-06-30": "9498.03400", "2007-03-31": "9571.25700", "2006-12-31": "9597.54100", "2006-09-30": "9651.01700", "2006-06-30": "4572.46100", "2006-03-31": "4538.38300", "2005-12-31": "4484.82800", "2005-09-30": "4357.28400", "2005-06-30": "4291.99800", "2005-03-31": "4243.66600"}, "Long-Term Investments": {"2020-09-30": "", "2020-06-30": "", "2020-03-31": "", "2019-12-31": "", "2019-09-30": "", "2019-06-30": "", "2019-03-31": "", "2018-12-31": "", "2018-09-30": "", "2018-06-30": "", "2018-03-31": "", "2017-12-31": "", "2017-09-30": "", "2017-06-30": "", "2017-03-31": "", "2016-12-31": "", "2016-09-30": "", "2016-06-30": "", "2016-03-31": "", "2015-12-31": "", "2015-09-30": "", "2015-06-30": "", "2015-03-31": "", "2014-12-31": "", "2014-09-30": "", "2014-06-30": "", "2014-03-31": "", "2013-12-31": "", "2013-09-30": "", "2013-06-30": "", "2013-03-31": "", "2012-12-31": "", "2012-09-30": "", "2012-06-30": "", "2012-03-31": "", "2011-12-31": "", "2011-09-30": "", "2011-06-30": "", "2011-03-31": "", "2010-12-31": "", "2010-09-30": "", "2010-06-30": "", "2010-03-31": "", "2009-12-31": "", "2009-09-30": "", "2009-06-30": "", "2009-03-31": "", "2008-12-31": "", "2008-09-30": "", "2008-06-30": "", "2008-03-31": "", "2007-12-31": "", "2007-09-30": "", "2007-06-30": "", "2007-03-31": "", "2006-12-31": "", "2006-09-30": "", "2006-06-30": "", "2006-03-31": "", "2005-12-31": "", "2005-09-30": "", "2005-06-30": "", "2005-03-31": ""}, "Goodwill And Intangible Assets": {"2020-09-30": "204.70000", "2020-06-30": "206.92200", "2020-03-31": "209.44000", "2019-12-31": "205.93600", "2019-09-30": "211.47600", "2019-06-30": "210.17800", "2019-03-31": "210.45900", "2018-12-31": "209.85600", "2018-09-30": "209.31700", "2018-06-30": "207.39000", "2018-03-31": "210.73300", "2017-12-31": "214.95700", "2017-09-30": "205.86800", "2017-06-30": "207.20300", "2017-03-31": "209.59300", "2016-12-31": "212.71900", "2016-09-30": "212.54800", "2016-06-30": "213.39600", "2016-03-31": "212.50600", "2015-12-31": "211.45800", "2015-09-30": "212.97600", "2015-06-30": "216.31200", "2015-03-31": "221.33000", "2014-12-31": "228.63200", "2014-09-30": "229.98400", "2014-06-30": "225.09700", "2014-03-31": "232.27300", "2013-12-31": "246.85400", "2013-09-30": "217.02300", "2013-06-30": "205.22800", "2013-03-31": "207.00400", "2012-12-31": "209.37400", "2012-09-30": "210.14800", "2012-06-30": "212.41900", "2012-03-31": "211.27800", "2011-12-31": "209.83300", "2011-09-30": "211.42500", "2011-06-30": "208.59200", "2011-03-31": "210.50000", "2010-12-31": "216.72500", "2010-09-30": "220.43800", "2010-06-30": "224.69600", "2010-03-31": "211.99800", "2009-12-31": "212.90400", "2009-09-30": "214.00000", "2009-06-30": "215.14500", "2009-03-31": "224.38200", "2008-12-31": "226.63900", "2008-09-30": "229.97800", "2008-06-30": "236.33200", "2008-03-31": "246.36200", "2007-12-31": "348.37900", "2007-09-30": "396.80200", "2007-06-30": "434.64900", "2007-03-31": "504.00600", "2006-12-31": "589.23600", "2006-09-30": "607.11500", "2006-06-30": "174.63400", "2006-03-31": "174.63400", "2005-12-31": "176.28500", "2005-09-30": "177.93600", "2005-06-30": "179.58700", "2005-03-31": "181.23800"}, "Other Long-Term Assets": {"2020-09-30": "939.17100", "2020-06-30": "912.78800", "2020-03-31": "938.52400", "2019-12-31": "942.16000", "2019-09-30": "942.51200", "2019-06-30": "944.29500", "2019-03-31": "950.91410", "2018-12-31": "915.08500", "2018-09-30": "757.74800", "2018-06-30": "892.16400", "2018-03-31": "876.73500", "2017-12-31": "854.46000", "2017-09-30": "859.54500", "2017-06-30": "840.61600", "2017-03-31": "823.76200", "2016-12-31": "811.35500", "2016-09-30": "815.27600", "2016-06-30": "789.27700", "2016-03-31": "903.23600", "2015-12-31": "904.77600", "2015-09-30": "905.79000", "2015-06-30": "901.21800", "2015-03-31": "916.49200", "2014-12-31": "917.04400", "2014-09-30": "943.63700", "2014-06-30": "958.40600", "2014-03-31": "954.71200", "2013-12-31": "942.32600", "2013-09-30": "880.81900", "2013-06-30": "806.81200", "2013-03-31": "805.39100", "2012-12-31": "823.86300", "2012-09-30": "811.72000", "2012-06-30": "793.13200", "2012-03-31": "811.01300", "2011-12-31": "801.83100", "2011-09-30": "809.72300", "2011-06-30": "824.63200", "2011-03-31": "714.49200", "2010-12-31": "692.03200", "2010-09-30": "707.92300", "2010-06-30": "680.16600", "2010-03-31": "702.51800", "2009-12-31": "705.21600", "2009-09-30": "718.69200", "2009-06-30": "658.19100", "2009-03-31": "643.63600", "2008-12-31": "654.45500", "2008-09-30": "689.96300", "2008-06-30": "694.63500", "2008-03-31": "715.53600", "2007-12-31": "466.72500", "2007-09-30": "466.39600", "2007-06-30": "477.47600", "2007-03-31": "453.18400", "2006-12-31": "456.11200", "2006-09-30": "472.60500", "2006-06-30": "369.41100", "2006-03-31": "375.25800", "2005-12-31": "397.87200", "2005-09-30": "404.63400", "2005-06-30": "394.62700", "2005-03-31": "399.02800"}, "Total Long-Term Assets": {"2020-09-30": "11091.19000", "2020-06-30": "11089.58000", "2020-03-31": "11107.50000", "2019-12-31": "10955.70000", "2019-09-30": "10872.50000", "2019-06-30": "10752.96000", "2019-03-31": "10657.04000", "2018-12-31": "10567.05000", "2018-09-30": "10315.42000", "2018-06-30": "10354.54000", "2018-03-31": "10322.49000", "2017-12-31": "10299.52000", "2017-09-30": "10071.46000", "2017-06-30": "10007.46000", "2017-03-31": "9963.05200", "2016-12-31": "9946.65000", "2016-09-30": "9808.55700", "2016-06-30": "9737.01400", "2016-03-31": "9758.64300", "2015-12-31": "9673.94700", "2015-09-30": "9619.14600", "2015-06-30": "9614.50100", "2015-03-31": "9619.22100", "2014-12-31": "9630.96400", "2014-09-30": "9526.21600", "2014-06-30": "9350.54600", "2014-03-31": "9371.91300", "2013-12-31": "9428.95900", "2013-09-30": "8672.53400", "2013-06-30": "8279.16200", "2013-03-31": "8304.73300", "2012-12-31": "8365.16900", "2012-09-30": "8352.57400", "2012-06-30": "8349.32600", "2012-03-31": "8371.39900", "2011-12-31": "8390.86000", "2011-09-30": "8458.46100", "2011-06-30": "8497.24300", "2011-03-31": "8418.63900", "2010-12-31": "8441.57300", "2010-09-30": "8520.42100", "2010-06-30": "8523.25800", "2010-03-31": "8402.05500", "2009-12-31": "8480.15300", "2009-09-30": "8566.66400", "2009-06-30": "8568.47800", "2009-03-31": "8615.60000", "2008-12-31": "8702.98300", "2008-09-30": "8821.25100", "2008-06-30": "8840.41800", "2008-03-31": "8883.40900", "2007-12-31": "10397.66000", "2007-09-30": "10440.19000", "2007-06-30": "10410.16000", "2007-03-31": "10528.45000", "2006-12-31": "10642.89000", "2006-09-30": "10730.74000", "2006-06-30": "5116.50600", "2006-03-31": "5088.27400", "2005-12-31": "5058.98500", "2005-09-30": "4939.85400", "2005-06-30": "4866.21200", "2005-03-31": "4823.93200"}, "Total Assets": {"2020-09-30": "11385.15000", "2020-06-30": "12358.05000", "2020-03-31": "11825.92000", "2019-12-31": "11365.44000", "2019-09-30": "11413.86000", "2019-06-30": "11113.29000", "2019-03-31": "10875.02000", "2018-12-31": "10928.27000", "2018-09-30": "10747.94000", "2018-06-30": "10692.96000", "2018-03-31": "10685.52000", "2017-12-31": "10732.89000", "2017-09-30": "10765.69000", "2017-06-30": "10365.73000", "2017-03-31": "10083.91000", "2016-12-31": "10130.34000", "2016-09-30": "9865.76900", "2016-06-30": "9997.13700", "2016-03-31": "10064.35000", "2015-12-31": "9778.23200", "2015-09-30": "9654.81500", "2015-06-30": "9634.75800", "2015-03-31": "9772.01700", "2014-12-31": "9818.67600", "2014-09-30": "9624.46800", "2014-06-30": "9946.45700", "2014-03-31": "9682.58200", "2013-12-31": "9876.26600", "2013-09-30": "9149.94000", "2013-06-30": "9094.59800", "2013-03-31": "9101.55100", "2012-12-31": "8793.40300", "2012-09-30": "9288.12000", "2012-06-30": "9178.94700", "2012-03-31": "9406.31200", "2011-12-31": "8932.56200", "2011-09-30": "9085.54300", "2011-06-30": "9272.33600", "2011-03-31": "9435.52100", "2010-12-31": "9495.33300", "2010-09-30": "9651.41000", "2010-06-30": "9569.51300", "2010-03-31": "9744.47100", "2009-12-31": "9805.64500", "2009-09-30": "9809.37500", "2009-06-30": "9703.83600", "2009-03-31": "9626.49700", "2008-12-31": "9936.04500", "2008-09-30": "10195.24000", "2008-06-30": "10252.75000", "2008-03-31": "10247.76000", "2007-12-31": "10643.10000", "2007-09-30": "10629.62000", "2007-06-30": "10477.11000", "2007-03-31": "10619.15000", "2006-12-31": "11198.47000", "2006-09-30": "10854.86000", "2006-06-30": "6100.13600", "2006-03-31": "5470.60400", "2005-12-31": "5552.48600", "2005-09-30": "5471.62800", "2005-06-30": "5256.64300", "2005-03-31": "5178.36500"}, "Total Current Liabilities": {"2020-09-30": "433.52400", "2020-06-30": "394.98600", "2020-03-31": "357.04500", "2019-12-31": "383.28400", "2019-09-30": "444.96200", "2019-06-30": "410.67100", "2019-03-31": "374.24500", "2018-12-31": "371.25900", "2018-09-30": "409.97300", "2018-06-30": "351.33600", "2018-03-31": "326.81900", "2017-12-31": "337.20100", "2017-09-30": "380.42000", "2017-06-30": "322.92300", "2017-03-31": "294.54200", "2016-12-31": "297.93500", "2016-09-30": "345.73400", "2016-06-30": "305.76900", "2016-03-31": "275.17000", "2015-12-31": "261.57800", "2015-09-30": "295.48200", "2015-06-30": "270.41400", "2015-03-31": "264.43900", "2014-12-31": "247.14100", "2014-09-30": "260.46100", "2014-06-30": "559.98500", "2014-03-31": "594.60800", "2013-12-31": "918.35800", "2013-09-30": "243.03300", "2013-06-30": "218.70300", "2013-03-31": "205.12900", "2012-12-31": "201.71100", "2012-09-30": "242.70600", "2012-06-30": "226.82500", "2012-03-31": "212.76600", "2011-12-31": "210.96600", "2011-09-30": "244.46200", "2011-06-30": "227.86900", "2011-03-31": "210.76900", "2010-12-31": "205.76900", "2010-09-30": "243.62900", "2010-06-30": "231.75900", "2010-03-31": "201.41600", "2009-12-31": "212.25300", "2009-09-30": "236.46100", "2009-06-30": "219.69700", "2009-03-31": "210.57300", "2008-12-31": "212.35300", "2008-09-30": "255.33700", "2008-06-30": "223.19700", "2008-03-31": "206.60700", "2007-12-31": "303.35700", "2007-09-30": "323.09100", "2007-06-30": "326.98500", "2007-03-31": "296.38300", "2006-12-31": "333.70600", "2006-09-30": "344.16800", "2006-06-30": "171.77300", "2006-03-31": "153.15900", "2005-12-31": "159.36000", "2005-09-30": "162.40100", "2005-06-30": "152.16300", "2005-03-31": "139.44900"}, "Long Term Debt": {"2020-09-30": "2499.57000", "2020-06-30": "2457.87100", "2020-03-31": "2438.66800", "2019-12-31": "1902.49300", "2019-09-30": "1892.43500", "2019-06-30": "1908.11000", "2019-03-31": "1406.15000", "2018-12-31": "1412.28300", "2018-09-30": "1417.94500", "2018-06-30": "1420.83400", "2018-03-31": "1442.91100", "2017-12-31": "1431.32200", "2017-09-30": "1425.85400", "2017-06-30": "420.77800", "2017-03-31": "395.86200", "2016-12-31": "390.74900", "2016-09-30": "430.89200", "2016-06-30": "436.83500", "2016-03-31": "336.66400", "2015-12-31": "319.01600", "2015-09-30": "55.72500", "2015-06-30": "58.68300", "2015-03-31": "58.65700", "2014-12-31": "64.36400", "2014-09-30": "71.63200", "2014-06-30": "74.98700", "2014-03-31": "88.15000", "2013-12-31": "139.05300", "2013-09-30": "100.11800", "2013-06-30": "111.68800", "2013-03-31": "142.41900", "2012-12-31": "468.82800", "2012-09-30": "347.94300", "2012-06-30": "368.72800", "2012-03-31": "372.97900", "2011-12-31": "398.31400", "2011-09-30": "418.85100", "2011-06-30": "449.51900", "2011-03-31": "461.88200", "2010-12-31": "568.41700", "2010-09-30": "589.51800", "2010-06-30": "593.27500", "2010-03-31": "516.13200", "2009-12-31": "518.88900", "2009-09-30": "521.66200", "2009-06-30": "524.44000", "2009-03-31": "527.23500", "2008-12-31": "643.81100", "2008-09-30": "646.05900", "2008-06-30": "690.33900", "2008-03-31": "682.91600", "2007-12-31": "1069.92800", "2007-09-30": "1041.90200", "2007-06-30": "1088.36800", "2007-03-31": "1201.36000", "2006-12-31": "1848.54200", "2006-09-30": "1463.74700", "2006-06-30": "140.83700", "2006-03-31": "141.94000", "2005-12-31": "149.64700", "2005-09-30": "215.22700", "2005-06-30": "151.75700", "2005-03-31": "152.73500"}, "Other Non-Current Liabilities": {"2020-09-30": "", "2020-06-30": "", "2020-03-31": "", "2019-12-31": "", "2019-09-30": "", "2019-06-30": "", "2019-03-31": "", "2018-12-31": "", "2018-09-30": "", "2018-06-30": "", "2018-03-31": "", "2017-12-31": "", "2017-09-30": "", "2017-06-30": "", "2017-03-31": "", "2016-12-31": "", "2016-09-30": "", "2016-06-30": "", "2016-03-31": "", "2015-12-31": "", "2015-09-30": "", "2015-06-30": "", "2015-03-31": "", "2014-12-31": "", "2014-09-30": "", "2014-06-30": "", "2014-03-31": "", "2013-12-31": "", "2013-09-30": "", "2013-06-30": "", "2013-03-31": "", "2012-12-31": "", "2012-09-30": "", "2012-06-30": "", "2012-03-31": "", "2011-12-31": "", "2011-09-30": "", "2011-06-30": "", "2011-03-31": "", "2010-12-31": "", "2010-09-30": "", "2010-06-30": "", "2010-03-31": "205.36600", "2009-12-31": "", "2009-09-30": "", "2009-06-30": "", "2009-03-31": "", "2008-12-31": "", "2008-09-30": "", "2008-06-30": "", "2008-03-31": "", "2007-12-31": "", "2007-09-30": "", "2007-06-30": "", "2007-03-31": "", "2006-12-31": "", "2006-09-30": "", "2006-06-30": "", "2006-03-31": "", "2005-12-31": "", "2005-09-30": "", "2005-06-30": "", "2005-03-31": ""}, "Total Long Term Liabilities": {"2020-09-30": "2499.57000", "2020-06-30": "2952.87100", "2020-03-31": "2438.66800", "2019-12-31": "1902.49300", "2019-09-30": "2179.93500", "2019-06-30": "1908.11000", "2019-03-31": "1406.15000", "2018-12-31": "1412.28300", "2018-09-30": "1417.94500", "2018-06-30": "1420.83400", "2018-03-31": "1442.91100", "2017-12-31": "1431.32200", "2017-09-30": "1425.85400", "2017-06-30": "420.77800", "2017-03-31": "395.86200", "2016-12-31": "390.74900", "2016-09-30": "430.89200", "2016-06-30": "436.83500", "2016-03-31": "336.66400", "2015-12-31": "319.01600", "2015-09-30": "55.72500", "2015-06-30": "58.68300", "2015-03-31": "58.65700", "2014-12-31": "64.36400", "2014-09-30": "71.63200", "2014-06-30": "74.98700", "2014-03-31": "88.15000", "2013-12-31": "139.05300", "2013-09-30": "100.11800", "2013-06-30": "111.68800", "2013-03-31": "142.41900", "2012-12-31": "468.82800", "2012-09-30": "347.94300", "2012-06-30": "368.72800", "2012-03-31": "372.97900", "2011-12-31": "410.66900", "2011-09-30": "431.16700", "2011-06-30": "461.84400", "2011-03-31": "474.17400", "2010-12-31": "580.63000", "2010-09-30": "602.64500", "2010-06-30": "606.42600", "2010-03-31": "734.60400", "2009-12-31": "532.01100", "2009-09-30": "534.47200", "2009-06-30": "537.31200", "2009-03-31": "540.03300", "2008-12-31": "656.58800", "2008-09-30": "1010.51100", "2008-06-30": "1053.71500", "2008-03-31": "1045.62700", "2007-12-31": "1576.61600", "2007-09-30": "1548.67400", "2007-06-30": "1591.49200", "2007-03-31": "1703.46900", "2006-12-31": "2354.57200", "2006-09-30": "1963.45100", "2006-06-30": "499.06000", "2006-03-31": "399.72900", "2005-12-31": "403.61700", "2005-09-30": "472.23400", "2005-06-30": "477.51300", "2005-03-31": "494.18900"}, "Total Liabilities": {"2020-09-30": "2933.09400", "2020-06-30": "3347.85700", "2020-03-31": "2795.71300", "2019-12-31": "2285.77700", "2019-09-30": "2624.89700", "2019-06-30": "2318.78100", "2019-03-31": "1780.39500", "2018-12-31": "1783.54200", "2018-09-30": "1827.91800", "2018-06-30": "1772.17000", "2018-03-31": "1769.73000", "2017-12-31": "1768.52300", "2017-09-30": "1806.27400", "2017-06-30": "743.70100", "2017-03-31": "690.40400", "2016-12-31": "688.68400", "2016-09-30": "776.62600", "2016-06-30": "742.60400", "2016-03-31": "611.83400", "2015-12-31": "580.59400", "2015-09-30": "351.20700", "2015-06-30": "329.09700", "2015-03-31": "323.09600", "2014-12-31": "311.50500", "2014-09-30": "332.09300", "2014-06-30": "634.97200", "2014-03-31": "682.75800", "2013-12-31": "1057.41100", "2013-09-30": "343.15100", "2013-06-30": "330.39100", "2013-03-31": "347.54800", "2012-12-31": "670.53900", "2012-09-30": "590.64900", "2012-06-30": "595.55300", "2012-03-31": "585.74500", "2011-12-31": "621.63500", "2011-09-30": "675.62900", "2011-06-30": "689.71300", "2011-03-31": "684.94300", "2010-12-31": "786.39900", "2010-09-30": "846.27400", "2010-06-30": "838.18500", "2010-03-31": "936.02000", "2009-12-31": "744.26400", "2009-09-30": "770.93300", "2009-06-30": "757.00900", "2009-03-31": "750.60600", "2008-12-31": "868.94100", "2008-09-30": "1265.84800", "2008-06-30": "1276.91200", "2008-03-31": "1252.23400", "2007-12-31": "1879.97300", "2007-09-30": "1871.76500", "2007-06-30": "1918.47700", "2007-03-31": "1999.85200", "2006-12-31": "2688.27800", "2006-09-30": "2307.61900", "2006-06-30": "670.83300", "2006-03-31": "552.88800", "2005-12-31": "562.97700", "2005-09-30": "634.63500", "2005-06-30": "629.67600", "2005-03-31": "633.63800"}, "Common Stock Net": {"2020-09-30": "17.45100", "2020-06-30": "17.45000", "2020-03-31": "17.44800", "2019-12-31": "17.44200", "2019-09-30": "17.43800", "2019-06-30": "17.42900", "2019-03-31": "17.42200", "2018-12-31": "17.41300", "2018-09-30": "17.40600", "2018-06-30": "17.39400", "2018-03-31": "17.39300", "2017-12-31": "17.38500", "2017-09-30": "17.37400", "2017-06-30": "17.37000", "2017-03-31": "17.35400", "2016-12-31": "17.32900", "2016-09-30": "17.31400", "2016-06-30": "17.31000", "2016-03-31": "17.30900", "2015-12-31": "17.29300", "2015-09-30": "17.28600", "2015-06-30": "17.26700", "2015-03-31": "17.26000", "2014-12-31": "17.24500", "2014-09-30": "17.24200", "2014-06-30": "17.23400", "2014-03-31": "17.22400", "2013-12-31": "17.17800", "2013-09-30": "17.17600", "2013-06-30": "17.17100", "2013-03-31": "17.15400", "2012-12-31": "17.13900", "2012-09-30": "17.06400", "2012-06-30": "17.05400", "2012-03-31": "17.04500", "2011-12-31": "17.02400", "2011-09-30": "17.00300", "2011-06-30": "16.95200", "2011-03-31": "16.94900", "2010-12-31": "16.92700", "2010-09-30": "16.91900", "2010-06-30": "16.89700", "2010-03-31": "16.86700", "2009-12-31": "16.84200", "2009-09-30": "16.84000", "2009-06-30": "16.83700", "2009-03-31": "16.83500", "2008-12-31": "16.82900", "2008-09-30": "16.82400", "2008-06-30": "16.80700", "2008-03-31": "16.80000", "2007-12-31": "16.94300", "2007-09-30": "16.94100", "2007-06-30": "16.93700", "2007-03-31": "16.93100", "2006-12-31": "16.91500", "2006-09-30": "16.89900", "2006-06-30": "12.82100", "2006-03-31": "12.81600", "2005-12-31": "12.80900", "2005-09-30": "12.80300", "2005-06-30": "12.79800", "2005-03-31": "12.79700"}, "Retained Earnings (Accumulated Deficit)": {"2020-09-30": "-867.95000", "2020-06-30": "-789.08900", "2020-03-31": "-701.22600", "2019-12-31": "-665.57500", "2019-09-30": "-650.22200", "2019-06-30": "-648.39100", "2019-03-31": "-615.32900", "2018-12-31": "-577.36000", "2018-09-30": "-760.28400", "2018-06-30": "-735.06500", "2018-03-31": "-735.80600", "2017-12-31": "-675.71100", "2017-09-30": "-662.36000", "2017-06-30": "-609.42400", "2017-03-31": "-553.47300", "2016-12-31": "-487.58100", "2016-09-30": "-494.32500", "2016-06-30": "-491.91200", "2016-03-31": "-476.86100", "2015-12-31": "-434.61000", "2015-09-30": "-444.39500", "2015-06-30": "-428.27000", "2015-03-31": "-398.90500", "2014-12-31": "-374.82300", "2014-09-30": "-417.66300", "2014-06-30": "-408.37500", "2014-03-31": "-385.51200", "2013-12-31": "-318.48200", "2013-09-30": "-321.89000", "2013-06-30": "-338.78500", "2013-03-31": "-331.98400", "2012-12-31": "-279.47400", "2012-09-30": "-312.69000", "2012-06-30": "-339.02000", "2012-03-31": "-296.96900", "2011-12-31": "-259.57800", "2011-09-30": "-265.22600", "2011-06-30": "-237.68900", "2011-03-31": "-223.96000", "2010-12-31": "-236.41000", "2010-09-30": "-226.34300", "2010-06-30": "-272.48500", "2010-03-31": "-202.99800", "2009-12-31": "-153.75900", "2009-09-30": "-177.60300", "2009-06-30": "-258.73200", "2009-03-31": "-301.58200", "2008-12-31": "-290.32300", "2008-09-30": "-177.43700", "2008-06-30": "-156.17920", "2008-03-31": "-131.48390", "2007-12-31": "-485.35420", "2007-09-30": "-502.57230", "2007-06-30": "-504.64480", "2007-03-31": "-434.05300", "2006-12-31": "-344.70610", "2006-09-30": "-189.21700", "2006-06-30": "-120.09110", "2006-03-31": "-126.92410", "2005-12-31": "-124.87080", "2005-09-30": "-131.77810", "2005-06-30": "-146.88310", "2005-03-31": "-150.05300"}, "Comprehensive Income": {"2020-09-30": "-62.34400", "2020-06-30": "-73.13600", "2020-03-31": "-78.00500", "2019-12-31": "-64.89000", "2019-09-30": "-78.51300", "2019-06-30": "-67.54900", "2019-03-31": "-65.97100", "2018-12-31": "-64.06000", "2018-09-30": "-84.33900", "2018-06-30": "-84.60100", "2018-03-31": "-70.85100", "2017-12-31": "-75.06400", "2017-09-30": "-74.87300", "2017-06-30": "-82.14300", "2017-03-31": "-92.22500", "2016-12-31": "-95.10600", "2016-09-30": "-83.66700", "2016-06-30": "-78.99100", "2016-03-31": "-67.77300", "2015-12-31": "-68.54800", "2015-09-30": "-67.43700", "2015-06-30": "-61.52300", "2015-03-31": "-78.57200", "2014-12-31": "-48.15600", "2014-09-30": "-27.89500", "2014-06-30": "-4.56800", "2014-03-31": "-0.01500", "2013-12-31": "-0.50000", "2013-09-30": "-4.48100", "2013-06-30": "-22.52200", "2013-03-31": "-20.88900", "2012-12-31": "-1.00500", "2012-09-30": "-15.37100", "2012-06-30": "-27.43300", "2012-03-31": "-11.95000", "2011-12-31": "-23.01400", "2011-09-30": "-15.21800", "2011-06-30": "1.66600", "2011-03-31": "-0.67800", "2010-12-31": "-15.77300", "2010-09-30": "-11.88000", "2010-06-30": "-35.25100", "2010-03-31": "-24.77900", "2009-12-31": "-15.00200", "2009-09-30": "-12.27500", "2009-06-30": "-18.09000", "2009-03-31": "-42.13400", "2008-12-31": "-31.93100", "2008-09-30": "3.92920", "2008-06-30": "36.51710", "2008-03-31": "37.46190", "2007-12-31": "50.06500", "2007-09-30": "63.68510", "2007-06-30": "35.67310", "2007-03-31": "29.74000", "2006-12-31": "19.32900", "2006-09-30": "-11.26880", "2006-06-30": "", "2006-03-31": "", "2005-12-31": "", "2005-09-30": "", "2005-06-30": "", "2005-03-31": ""}, "Other Share Holders Equity": {"2020-09-30": "", "2020-06-30": "", "2020-03-31": "", "2019-12-31": "", "2019-09-30": "", "2019-06-30": "", "2019-03-31": "", "2018-12-31": "", "2018-09-30": "", "2018-06-30": "", "2018-03-31": "", "2017-12-31": "", "2017-09-30": "", "2017-06-30": "", "2017-03-31": "", "2016-12-31": "", "2016-09-30": "", "2016-06-30": "", "2016-03-31": "", "2015-12-31": "", "2015-09-30": "", "2015-06-30": "", "2015-03-31": "", "2014-12-31": "", "2014-09-30": "", "2014-06-30": "", "2014-03-31": "", "2013-12-31": "", "2013-09-30": "", "2013-06-30": "", "2013-03-31": "", "2012-12-31": "", "2012-09-30": "", "2012-06-30": "", "2012-03-31": "", "2011-12-31": "", "2011-09-30": "", "2011-06-30": "", "2011-03-31": "", "2010-12-31": "", "2010-09-30": "", "2010-06-30": "", "2010-03-31": "", "2009-12-31": "", "2009-09-30": "", "2009-06-30": "", "2009-03-31": "", "2008-12-31": "", "2008-09-30": "", "2008-06-30": "", "2008-03-31": "", "2007-12-31": "", "2007-09-30": "", "2007-06-30": "", "2007-03-31": "", "2006-12-31": "", "2006-09-30": "", "2006-06-30": "", "2006-03-31": "", "2005-12-31": "", "2005-09-30": "", "2005-06-30": "", "2005-03-31": ""}, "Share Holder Equity": {"2020-09-30": "8452.05400", "2020-06-30": "9010.19800", "2020-03-31": "9030.20800", "2019-12-31": "9079.66700", "2019-09-30": "8788.96400", "2019-06-30": "8794.51000", "2019-03-31": "9094.62100", "2018-12-31": "9144.72800", "2018-09-30": "8920.02200", "2018-06-30": "8920.79200", "2018-03-31": "8915.79000", "2017-12-31": "8964.36900", "2017-09-30": "8959.42000", "2017-06-30": "9622.02600", "2017-03-31": "9393.50700", "2016-12-31": "9441.65400", "2016-09-30": "9089.14300", "2016-06-30": "9254.53300", "2016-03-31": "9452.51300", "2015-12-31": "9197.63800", "2015-09-30": "9303.60800", "2015-06-30": "9305.66100", "2015-03-31": "9448.92100", "2014-12-31": "9507.17100", "2014-09-30": "9292.37500", "2014-06-30": "9311.48500", "2014-03-31": "8999.82400", "2013-12-31": "8818.85500", "2013-09-30": "8806.78900", "2013-06-30": "8764.20700", "2013-03-31": "8754.00300", "2012-12-31": "8122.86400", "2012-09-30": "8697.47100", "2012-06-30": "8583.39400", "2012-03-31": "8820.56700", "2011-12-31": "8310.92700", "2011-09-30": "8409.91400", "2011-06-30": "8582.62300", "2011-03-31": "8750.57800", "2010-12-31": "8708.93400", "2010-09-30": "8805.13600", "2010-06-30": "8731.32800", "2010-03-31": "8808.45100", "2009-12-31": "9061.38100", "2009-09-30": "9038.44200", "2009-06-30": "8946.82700", "2009-03-31": "8875.89100", "2008-12-31": "9067.10400", "2008-09-30": "8929.39500", "2008-06-30": "8975.83400", "2008-03-31": "8995.53100", "2007-12-31": "8763.12900", "2007-09-30": "8757.85800", "2007-06-30": "8558.63100", "2007-03-31": "8619.29500", "2006-12-31": "8510.19500", "2006-09-30": "8547.23700", "2006-06-30": "5429.30300", "2006-03-31": "4917.71600", "2005-12-31": "4989.50900", "2005-09-30": "4836.99300", "2005-06-30": "4626.96700", "2005-03-31": "4544.72700"}, "Total Liabilities And Share Holders Equity": {"2020-09-30": "11385.15000", "2020-06-30": "12358.05000", "2020-03-31": "11825.92000", "2019-12-31": "11365.44000", "2019-09-30": "11413.86000", "2019-06-30": "11113.29000", "2019-03-31": "10875.02000", "2018-12-31": "10928.27000", "2018-09-30": "10747.94000", "2018-06-30": "10692.96000", "2018-03-31": "10685.52000", "2017-12-31": "10732.89000", "2017-09-30": "10765.69000", "2017-06-30": "10365.73000", "2017-03-31": "10083.91000", "2016-12-31": "10130.34000", "2016-09-30": "9865.76900", "2016-06-30": "9997.13700", "2016-03-31": "10064.35000", "2015-12-31": "9778.23200", "2015-09-30": "9654.81500", "2015-06-30": "9634.75800", "2015-03-31": "9772.01700", "2014-12-31": "9818.67600", "2014-09-30": "9624.46800", "2014-06-30": "9946.45700", "2014-03-31": "9682.58200", "2013-12-31": "9876.26600", "2013-09-30": "9149.94000", "2013-06-30": "9094.59800", "2013-03-31": "9101.55100", "2012-12-31": "8793.40300", "2012-09-30": "9288.12000", "2012-06-30": "9178.94700", "2012-03-31": "9406.31200", "2011-12-31": "8932.56200", "2011-09-30": "9085.54300", "2011-06-30": "9272.33600", "2011-03-31": "9435.52100", "2010-12-31": "9495.33300", "2010-09-30": "9651.41000", "2010-06-30": "9569.51300", "2010-03-31": "9744.47100", "2009-12-31": "9805.64500", "2009-09-30": "9809.37500", "2009-06-30": "9703.83600", "2009-03-31": "9626.49700", "2008-12-31": "9936.04500", "2008-09-30": "10195.24000", "2008-06-30": "10252.75000", "2008-03-31": "10247.76000", "2007-12-31": "10643.10000", "2007-09-30": "10629.62000", "2007-06-30": "10477.11000", "2007-03-31": "10619.15000", "2006-12-31": "11198.47000", "2006-09-30": "10854.86000", "2006-06-30": "6100.13600", "2006-03-31": "5470.60400", "2005-12-31": "5552.48600", "2005-09-30": "5471.62800", "2005-06-30": "5256.64300", "2005-03-31": "5178.36500"}}, "cash flow statement": {"Net Income/Loss": {"2019-12-31": "1525.65100", "2018-12-31": "1717.22300", "2017-12-31": "1448.46500", "2016-12-31": "1460.43900", "2015-12-31": "1317.68900", "2014-12-31": "1149.95500", "2013-12-31": "1057.53100", "2012-12-31": "943.03500", "2011-12-31": "836.45900", "2010-12-31": "696.11400", "2009-12-31": "790.45600", "2008-12-31": "973.87200", "2007-12-31": "487.07800", "2006-12-31": "314.02600", "2005-12-31": "456.39300"}, "Total Depreciation And Amortization - Cash Flow": {"2019-12-31": "512.91800", "2018-12-31": "483.64600", "2017-12-31": "454.52600", "2016-12-31": "433.31400", "2015-12-31": "426.00800", "2014-12-31": "437.11400", "2013-12-31": "387.40200", "2012-12-31": "358.10300", "2011-12-31": "358.52500", "2010-12-31": "354.38600", "2009-12-31": "342.12700", "2008-12-31": "414.20100", "2007-12-31": "622.89400", "2006-12-31": "438.21800", "2005-12-31": "195.12700"}, "Other Non-Cash Items": {"2019-12-31": "21.37500", "2018-12-31": "-131.44100", "2017-12-31": "67.55200", "2016-12-31": "46.86500", "2015-12-31": "-1.48100", "2014-12-31": "29.30000", "2013-12-31": "-33.02400", "2012-12-31": "-23.37100", "2011-12-31": "-9.26200", "2010-12-31": "48.10600", "2009-12-31": "-48.85100", "2008-12-31": "-287.59400", "2007-12-31": "-54.45900", "2006-12-31": "0.89600", "2005-12-31": "10.89900"}, "Total Non-Cash Items": {"2019-12-31": "534.29300", "2018-12-31": "352.20500", "2017-12-31": "522.07800", "2016-12-31": "480.17900", "2015-12-31": "424.52700", "2014-12-31": "466.41400", "2013-12-31": "354.37800", "2012-12-31": "334.73200", "2011-12-31": "349.26300", "2010-12-31": "402.49200", "2009-12-31": "293.27600", "2008-12-31": "126.60700", "2007-12-31": "568.43500", "2006-12-31": "439.11400", "2005-12-31": "206.02600"}, "Change In Accounts Receivable": {"2019-12-31": "", "2018-12-31": "", "2017-12-31": "", "2016-12-31": "", "2015-12-31": "", "2014-12-31": "", "2013-12-31": "", "2012-12-31": "", "2011-12-31": "", "2010-12-31": "", "2009-12-31": "", "2008-12-31": "", "2007-12-31": "", "2006-12-31": "", "2005-12-31": ""}, "Change In Inventories": {"2019-12-31": "", "2018-12-31": "", "2017-12-31": "", "2016-12-31": "", "2015-12-31": "", "2014-12-31": "", "2013-12-31": "", "2012-12-31": "", "2011-12-31": "", "2010-12-31": "", "2009-12-31": "", "2008-12-31": "", "2007-12-31": "", "2006-12-31": "", "2005-12-31": ""}, "Change In Accounts Payable": {"2019-12-31": "", "2018-12-31": "", "2017-12-31": "", "2016-12-31": "", "2015-12-31": "", "2014-12-31": "", "2013-12-31": "", "2012-12-31": "", "2011-12-31": "", "2010-12-31": "", "2009-12-31": "", "2008-12-31": "", "2007-12-31": "", "2006-12-31": "", "2005-12-31": ""}, "Change In Assets/Liabilities": {"2019-12-31": "", "2018-12-31": "", "2017-12-31": "", "2016-12-31": "", "2015-12-31": "", "2014-12-31": "", "2013-12-31": "", "2012-12-31": "", "2011-12-31": "", "2010-12-31": "", "2009-12-31": "", "2008-12-31": "", "2007-12-31": "", "2006-12-31": "", "2005-12-31": ""}, "Total Change In Assets/Liabilities": {"2019-12-31": "", "2018-12-31": "", "2017-12-31": "", "2016-12-31": "", "2015-12-31": "", "2014-12-31": "", "2013-12-31": "", "2012-12-31": "", "2011-12-31": "", "2010-12-31": "", "2009-12-31": "", "2008-12-31": "", "2007-12-31": "", "2006-12-31": "", "2005-12-31": ""}, "Cash Flow From Operating Activities": {"2019-12-31": "2067.64300", "2018-12-31": "2063.63700", "2017-12-31": "1972.88900", "2016-12-31": "1945.33600", "2015-12-31": "1748.27900", "2014-12-31": "1603.54200", "2013-12-31": "1430.33900", "2012-12-31": "1285.65900", "2011-12-31": "1203.45200", "2010-12-31": "1093.22100", "2009-12-31": "1112.85700", "2008-12-31": "1076.97100", "2007-12-31": "1047.65200", "2006-12-31": "753.14000", "2005-12-31": "673.87100"}, "Net Change In Property, Plant, And Equipment": {"2019-12-31": "-471.99400", "2018-12-31": "-481.00300", "2017-12-31": "-457.88800", "2016-12-31": "-351.35100", "2015-12-31": "-294.07200", "2014-12-31": "-222.53100", "2013-12-31": "-159.90800", "2012-12-31": "-78.42500", "2011-12-31": "-88.94100", "2010-12-31": "-94.25900", "2009-12-31": "-76.51700", "2008-12-31": "-150.92200", "2007-12-31": "-191.42200", "2006-12-31": "-190.19400", "2005-12-31": "-112.13800"}, "Net Change In Intangible Assets": {"2019-12-31": "", "2018-12-31": "", "2017-12-31": "", "2016-12-31": "", "2015-12-31": "", "2014-12-31": "", "2013-12-31": "", "2012-12-31": "", "2011-12-31": "", "2010-12-31": "", "2009-12-31": "", "2008-12-31": "", "2007-12-31": "", "2006-12-31": "", "2005-12-31": ""}, "Net Acquisitions/Divestitures": {"2019-12-31": "-437.75800", "2018-12-31": "-181.02000", "2017-12-31": "-285.27900", "2016-12-31": "-416.17800", "2015-12-31": "-177.07600", "2014-12-31": "-392.96400", "2013-12-31": "-1150.68600", "2012-12-31": "-225.51500", "2011-12-31": "-78.50200", "2010-12-31": "-107.94500", "2009-12-31": "11.59600", "2008-12-31": "567.71700", "2007-12-31": "-72.78700", "2006-12-31": "-161.25400", "2005-12-31": "-347.36400"}, "Net Change In Short-term Investments": {"2019-12-31": "", "2018-12-31": "", "2017-12-31": "", "2016-12-31": "", "2015-12-31": "", "2014-12-31": "", "2013-12-31": "", "2012-12-31": "", "2011-12-31": "102.27900", "2010-12-31": "-104.82800", "2009-12-31": "-17.82500", "2008-12-31": "", "2007-12-31": "", "2006-12-31": "", "2005-12-31": "1.09100"}, "Net Change In Long-Term Investments": {"2019-12-31": "11.63000", "2018-12-31": "91.92700", "2017-12-31": "", "2016-12-31": "67.42000", "2015-12-31": "", "2014-12-31": "", "2013-12-31": "-105.04000", "2012-12-31": "", "2011-12-31": "-358.87700", "2010-12-31": "", "2009-12-31": "", "2008-12-31": "-54.70200", "2007-12-31": "", "2006-12-31": "", "2005-12-31": ""}, "Net Change In Investments - Total": {"2019-12-31": "11.63000", "2018-12-31": "91.92700", "2017-12-31": "", "2016-12-31": "67.42000", "2015-12-31": "", "2014-12-31": "", "2013-12-31": "-105.04000", "2012-12-31": "", "2011-12-31": "-256.59800", "2010-12-31": "-104.82800", "2009-12-31": "-17.82500", "2008-12-31": "-54.70200", "2007-12-31": "", "2006-12-31": "", "2005-12-31": "1.09100"}, "Investing Activities - Other": {"2019-12-31": "0.76200", "2018-12-31": "54.18400", "2017-12-31": "6.10300", "2016-12-31": "0.99800", "2015-12-31": "15.01300", "2014-12-31": "417.16400", "2013-12-31": "3.24100", "2012-12-31": "13.47500", "2011-12-31": "342.68600", "2010-12-31": "40.42700", "2009-12-31": "-8.66300", "2008-12-31": "-22.07500", "2007-12-31": "2.33300", "2006-12-31": "-122.18200", "2005-12-31": "5.26500"}, "Cash Flow From Investing Activities": {"2019-12-31": "-897.36000", "2018-12-31": "-515.91200", "2017-12-31": "-737.06400", "2016-12-31": "-699.11100", "2015-12-31": "-456.13500", "2014-12-31": "-198.33100", "2013-12-31": "-1412.39300", "2012-12-31": "-290.46500", "2011-12-31": "-81.35500", "2010-12-31": "-266.60500", "2009-12-31": "-91.40900", "2008-12-31": "340.01800", "2007-12-31": "-261.87600", "2006-12-31": "-473.63000", "2005-12-31": "-453.14600"}, "Net Long-Term Debt": {"2019-12-31": "496.90000", "2018-12-31": "", "2017-12-31": "992.07700", "2016-12-31": "", "2015-12-31": "", "2014-12-31": "-750.10000", "2013-12-31": "617.10000", "2012-12-31": "71.98700", "2011-12-31": "-174.35500", "2010-12-31": "", "2009-12-31": "-109.62200", "2008-12-31": "", "2007-12-31": "-345.00000", "2006-12-31": "345.00000", "2005-12-31": "-64.51300"}, "Net Current Debt": {"2019-12-31": "-1.92000", "2018-12-31": "-1.78400", "2017-12-31": "-1.70100", "2016-12-31": "77.16100", "2015-12-31": "247.01800", "2014-12-31": "-44.40600", "2013-12-31": "-251.89500", "2012-12-31": "", "2011-12-31": "", "2010-12-31": "-77.09200", "2009-12-31": "-7.50400", "2008-12-31": "-35.47300", "2007-12-31": "-454.86100", "2006-12-31": "-667.66600", "2005-12-31": "-14.54300"}, "Debt Issuance/Retirement Net - Total": {"2019-12-31": "494.98000", "2018-12-31": "-1.78400", "2017-12-31": "990.37600", "2016-12-31": "77.16100", "2015-12-31": "247.01800", "2014-12-31": "-794.50600", "2013-12-31": "365.20500", "2012-12-31": "71.98700", "2011-12-31": "-174.35500", "2010-12-31": "-77.09200", "2009-12-31": "-117.12600", "2008-12-31": "-35.47300", "2007-12-31": "-799.86100", "2006-12-31": "-322.66600", "2005-12-31": "-79.05600"}, "Net Common Equity Issued/Repurchased": {"2019-12-31": "33.56400", "2018-12-31": "12.52500", "2017-12-31": "42.50000", "2016-12-31": "25.54100", "2015-12-31": "29.66300", "2014-12-31": "37.87200", "2013-12-31": "21.11100", "2012-12-31": "103.12200", "2011-12-31": "-92.00200", "2010-12-31": "-264.45800", "2009-12-31": "2.19200", "2008-12-31": "-108.72000", "2007-12-31": "8.45700", "2006-12-31": "85.36900", "2005-12-31": "2.52100"}, "Net Total Equity Issued/Repurchased": {"2019-12-31": "42.72000", "2018-12-31": "12.52500", "2017-12-31": "-318.82300", "2016-12-31": "299.24400", "2015-12-31": "-240.33700", "2014-12-31": "776.82600", "2013-12-31": "722.79800", "2012-12-31": "-224.19290", "2011-12-31": "-403.63100", "2010-12-31": "-276.30500", "2009-12-31": "-15.34300", "2008-12-31": "-175.59900", "2007-12-31": "358.19900", "2006-12-31": "631.68700", "2005-12-31": "411.69700"}, "Total Common And Preferred Stock Dividends Paid": {"2019-12-31": "-1608.74900", "2018-12-31": "-1612.68000", "2017-12-31": "-1630.34700", "2016-12-31": "-1505.75800", "2015-12-31": "-1371.03100", "2014-12-31": "-1200.54500", "2013-12-31": "-1091.46100", "2012-12-31": "-959.15400", "2011-12-31": "-846.24600", "2010-12-31": "-754.77000", "2009-12-31": "-624.66500", "2008-12-31": "-733.67600", "2007-12-31": "-598.18300", "2006-12-31": "-552.91600", "2005-12-31": "-454.80700"}, "Financial Activities - Other": {"2019-12-31": "-49.68600", "2018-12-31": "-17.64900", "2017-12-31": "-33.42500", "2016-12-31": "-19.47300", "2015-12-31": "-26.93300", "2014-12-31": "-18.63900", "2013-12-31": "-12.70200", "2012-12-31": "-5.94500", "2011-12-31": "-14.31400", "2010-12-31": "-24.54200", "2009-12-31": "-181.26700", "2008-12-31": "-39.32800", "2007-12-31": "-41.65900", "2006-12-31": "15.80000", "2005-12-31": "19.19700"}, "Cash Flow From Financial Activities": {"2019-12-31": "-1120.73500", "2018-12-31": "-1619.58800", "2017-12-31": "-992.21900", "2016-12-31": "-1148.82600", "2015-12-31": "-1391.28300", "2014-12-31": "-1236.86400", "2013-12-31": "-16.16000", "2012-12-31": "-1117.30500", "2011-12-31": "-1438.54600", "2010-12-31": "-1132.70900", "2009-12-31": "-938.40100", "2008-12-31": "-984.07600", "2007-12-31": "-1081.50400", "2006-12-31": "-228.09500", "2005-12-31": "-102.96900"}, "Net Cash Flow": {"2019-12-31": "49.53500", "2018-12-31": "-72.03400", "2017-12-31": "243.48000", "2016-12-31": "97.01800", "2015-12-31": "-99.45700", "2014-12-31": "168.54300", "2013-12-31": "1.93000", "2012-12-31": "-121.76900", "2011-12-31": "-317.24400", "2010-12-31": "-307.53700", "2009-12-31": "83.08800", "2008-12-31": "435.25700", "2007-12-31": "-290.24000", "2006-12-31": "53.68900", "2005-12-31": "117.75600"}, "Stock-Based Compensation": {"2019-12-31": "25.83300", "2018-12-31": "69.93600", "2017-12-31": "37.54800", "2016-12-31": "37.48300", "2015-12-31": "32.57000", "2014-12-31": "29.54100", "2013-12-31": "", "2012-12-31": "", "2011-12-31": "", "2010-12-31": "", "2009-12-31": "", "2008-12-31": "", "2007-12-31": "", "2006-12-31": "-11.68200", "2005-12-31": "3.88300"}, "Common Stock Dividends Paid": {"2019-12-31": "-1608.74900", "2018-12-31": "-1612.68000", "2017-12-31": "-1630.34700", "2016-12-31": "-1505.75800", "2015-12-31": "-1371.03100", "2014-12-31": "-1200.54500", "2013-12-31": "-1091.46100", "2012-12-31": "-959.15400", "2011-12-31": "-846.24600", "2010-12-31": "-754.77000", "2009-12-31": "-624.66500", "2008-12-31": "-733.67600", "2007-12-31": "-598.18300", "2006-12-31": "-533.86100", "2005-12-31": "-438.66000"}}, "cash flow statement, quarterly": {"Net Income/Loss": {"2020-09-30": 325.847, "2020-06-30": 315.812, "2020-03-31": "367.13600", "2019-12-31": 387.097, "2019-09-30": 399.42, "2019-06-30": 371.456, "2019-03-31": "367.67800", "2018-12-31": 587.906, "2018-09-30": 379.589, "2018-06-30": 405.292, "2018-03-31": "344.43600", "2017-12-31": 390.963, "2017-09-30": 358.274, "2017-06-30": 355.207, "2017-03-31": "344.02100", "2016-12-31": 415.681, "2016-09-30": 369.05, "2016-06-30": 358.359, "2016-03-31": "317.34900", "2015-12-31": 365.259, "2015-09-30": 341.136, "2015-06-30": 328.04, "2015-03-31": "283.25400", "2014-12-31": 348.426, "2014-09-30": 294.977, "2014-06-30": 278.279, "2014-03-31": "228.27300", "2013-12-31": 297.977, "2013-09-30": 285.628, "2013-06-30": 261.679, "2013-03-31": "212.24700", "2012-12-31": 272.563, "2012-09-30": 264.819, "2012-06-30": 198.931, "2012-03-31": "206.72200", "2011-12-31": 220.437, "2011-09-30": 194.513, "2011-06-30": 210.941, "2011-03-31": "210.56800", "2010-12-31": 189.21, "2010-09-30": 245.811, "2010-06-30": 131.176, "2010-03-31": "129.91700", "2009-12-31": 187.689, "2009-09-30": 243.951, "2009-06-30": 205.387, "2009-03-31": "153.42900", "2008-12-31": 162.034, "2008-09-30": 147.942, "2008-06-30": 143.955, "2008-03-31": "519.94100", "2007-12-31": 197.43, "2007-09-30": 152.766, "2007-06-30": 77.104, "2007-03-31": "59.77800", "2006-12-31": -10.233, "2006-09-30": 81.181, "2006-06-30": 128.862, "2006-03-31": "114.21600", "2005-12-31": 123.372, "2005-09-30": 128.344, "2005-06-30": 108.266, "2005-03-31": "96.41100"}, "Total Depreciation And Amortization - Cash Flow": {"2020-09-30": 138.333, "2020-06-30": 137.618, "2020-03-31": "135.90000", "2019-12-31": 134.885, "2019-09-30": 129.233, "2019-06-30": 126.859, "2019-03-31": "121.94100", "2018-12-31": 121.374, "2018-09-30": 124.516, "2018-06-30": 119.777, "2018-03-31": "117.97900", "2017-12-31": 120.1, "2017-09-30": 113.32, "2017-06-30": 110.177, "2017-03-31": "110.92900", "2016-12-31": 111.741, "2016-09-30": 109.432, "2016-06-30": 107.013, "2016-03-31": "105.12800", "2015-12-31": 106.307, "2015-09-30": 106.082, "2015-06-30": 106.473, "2015-03-31": "107.14600", "2014-12-31": 110.573, "2014-09-30": 111.077, "2014-06-30": 106.443, "2014-03-31": "109.02100", "2013-12-31": 108.927, "2013-09-30": 96.537, "2013-06-30": 90.937, "2013-03-31": "91.00100", "2012-12-31": 358.103, "2012-09-30": -175.526, "2012-06-30": 88.588, "2012-03-31": "86.93800", "2011-12-31": 89.83, "2011-09-30": 90.956, "2011-06-30": 89.186, "2011-03-31": "88.55300", "2010-12-31": 91.647, "2010-09-30": 92.648, "2010-06-30": 85.205, "2010-03-31": "84.88600", "2009-12-31": 49.349, "2009-09-30": 123.294, "2009-06-30": 84.284, "2009-03-31": "85.20000", "2008-12-31": 103.976, "2008-09-30": 309.854, "2008-06-30": 24.065, "2008-03-31": "-23.69400", "2007-12-31": 134.456, "2007-09-30": 490.767, "2007-06-30": -177.611, "2007-03-31": "175.28200", "2006-12-31": 226.999, "2006-09-30": 113.085, "2006-06-30": 48.342, "2006-03-31": "49.79200", "2005-12-31": 51.615, "2005-09-30": 47.849, "2005-06-30": 48.052, "2005-03-31": "47.61100"}, "Other Non-Cash Items": {"2020-09-30": 44.861, "2020-06-30": 30.353, "2020-03-31": "-12.91000", "2019-12-31": 22.007, "2019-09-30": -12.068, "2019-06-30": 14.8, "2019-03-31": "-3.36400", "2018-12-31": -172.51, "2018-09-30": 65.858, "2018-06-30": -34.015, "2018-03-31": "9.22600", "2017-12-31": 12.632, "2017-09-30": 25.219, "2017-06-30": 21.935, "2017-03-31": "7.76600", "2016-12-31": -16.111, "2016-09-30": 9.678, "2016-06-30": 38.381, "2016-03-31": "14.91700", "2015-12-31": 27.239, "2015-09-30": -3.257, "2015-06-30": -15.972, "2015-03-31": "-9.49100", "2014-12-31": 32.596, "2014-09-30": -3.147, "2014-06-30": -0.769, "2014-03-31": "0.62000", "2013-12-31": -18.393, "2013-09-30": -19.037, "2013-06-30": -7.838, "2013-03-31": "12.24400", "2012-12-31": -281.297, "2012-09-30": 243.296, "2012-06-30": 24.83, "2012-03-31": "-10.20000", "2011-12-31": 7.749, "2011-09-30": 21.72, "2011-06-30": -6.714, "2011-03-31": "-32.01700", "2010-12-31": 15.858, "2010-09-30": -54.849, "2010-06-30": 49.271, "2010-03-31": "37.82600", "2009-12-31": 9.165, "2009-09-30": -50.231, "2009-06-30": -24.69, "2009-03-31": "16.90500", "2008-12-31": 25.208, "2008-09-30": -159.725, "2008-06-30": 103.504, "2008-03-31": "-256.58100", "2007-12-31": -22.811, "2007-09-30": -368.616, "2007-06-30": 340.77, "2007-03-31": "-3.80200", "2006-12-31": -35.289, "2006-09-30": 16.939, "2006-06-30": 9.777, "2006-03-31": "9.46900", "2005-12-31": -6.119, "2005-09-30": -2.06, "2005-06-30": 10.608, "2005-03-31": "8.47000"}, "Total Non-Cash Items": {"2020-09-30": 183.194, "2020-06-30": 167.971, "2020-03-31": "122.99000", "2019-12-31": 156.892, "2019-09-30": 117.165, "2019-06-30": 141.659, "2019-03-31": "118.57700", "2018-12-31": -51.136, "2018-09-30": 190.374, "2018-06-30": 85.762, "2018-03-31": "127.20500", "2017-12-31": 132.732, "2017-09-30": 138.539, "2017-06-30": 132.112, "2017-03-31": "118.69500", "2016-12-31": 95.63, "2016-09-30": 119.11, "2016-06-30": 145.394, "2016-03-31": "120.04500", "2015-12-31": 133.546, "2015-09-30": 102.825, "2015-06-30": 90.501, "2015-03-31": "97.65500", "2014-12-31": 143.169, "2014-09-30": 107.93, "2014-06-30": 105.674, "2014-03-31": "109.64100", "2013-12-31": 90.534, "2013-09-30": 77.5, "2013-06-30": 83.099, "2013-03-31": "103.24500", "2012-12-31": 76.806, "2012-09-30": 67.77, "2012-06-30": 113.418, "2012-03-31": "76.73800", "2011-12-31": 97.579, "2011-09-30": 112.676, "2011-06-30": 82.472, "2011-03-31": "56.53600", "2010-12-31": 107.505, "2010-09-30": 37.799, "2010-06-30": 134.476, "2010-03-31": "122.71200", "2009-12-31": 58.514, "2009-09-30": 73.063, "2009-06-30": 59.594, "2009-03-31": "102.10500", "2008-12-31": 129.184, "2008-09-30": 150.129, "2008-06-30": 127.569, "2008-03-31": "-280.27500", "2007-12-31": 111.645, "2007-09-30": 122.151, "2007-06-30": 163.159, "2007-03-31": "171.48000", "2006-12-31": 191.71, "2006-09-30": 130.024, "2006-06-30": 58.119, "2006-03-31": "59.26100", "2005-12-31": 45.496, "2005-09-30": 45.789, "2005-06-30": 58.66, "2005-03-31": "56.08100"}, "Change In Accounts Receivable": {"2020-09-30": 0, "2020-06-30": 0, "2020-03-31": "", "2019-12-31": 0, "2019-09-30": 0, "2019-06-30": 0, "2019-03-31": "", "2018-12-31": 0, "2018-09-30": 0, "2018-06-30": 0, "2018-03-31": "", "2017-12-31": 0, "2017-09-30": 0, "2017-06-30": 0, "2017-03-31": "", "2016-12-31": 0, "2016-09-30": 0, "2016-06-30": 0, "2016-03-31": "", "2015-12-31": 0, "2015-09-30": 0, "2015-06-30": 0, "2015-03-31": "", "2014-12-31": 0, "2014-09-30": 0, "2014-06-30": 0, "2014-03-31": "", "2013-12-31": 0, "2013-09-30": 0, "2013-06-30": 0, "2013-03-31": "", "2012-12-31": 0, "2012-09-30": 0, "2012-06-30": 0, "2012-03-31": "", "2011-12-31": 0, "2011-09-30": 0, "2011-06-30": 0, "2011-03-31": "", "2010-12-31": 0, "2010-09-30": 0, "2010-06-30": 0, "2010-03-31": "", "2009-12-31": 0, "2009-09-30": 0, "2009-06-30": 0, "2009-03-31": "", "2008-12-31": 0, "2008-09-30": 0, "2008-06-30": 0, "2008-03-31": "", "2007-12-31": 0, "2007-09-30": 0, "2007-06-30": 0, "2007-03-31": "", "2006-12-31": 0, "2006-09-30": 0, "2006-06-30": 0, "2006-03-31": "", "2005-12-31": 0, "2005-09-30": 0, "2005-06-30": 0, "2005-03-31": ""}, "Change In Inventories": {"2020-09-30": 0, "2020-06-30": 0, "2020-03-31": "", "2019-12-31": 0, "2019-09-30": 0, "2019-06-30": 0, "2019-03-31": "", "2018-12-31": 0, "2018-09-30": 0, "2018-06-30": 0, "2018-03-31": "", "2017-12-31": 0, "2017-09-30": 0, "2017-06-30": 0, "2017-03-31": "", "2016-12-31": 0, "2016-09-30": 0, "2016-06-30": 0, "2016-03-31": "", "2015-12-31": 0, "2015-09-30": 0, "2015-06-30": 0, "2015-03-31": "", "2014-12-31": 0, "2014-09-30": 0, "2014-06-30": 0, "2014-03-31": "", "2013-12-31": 0, "2013-09-30": 0, "2013-06-30": 0, "2013-03-31": "", "2012-12-31": 0, "2012-09-30": 0, "2012-06-30": 0, "2012-03-31": "", "2011-12-31": 0, "2011-09-30": 0, "2011-06-30": 0, "2011-03-31": "", "2010-12-31": 0, "2010-09-30": 0, "2010-06-30": 0, "2010-03-31": "", "2009-12-31": 0, "2009-09-30": 0, "2009-06-30": 0, "2009-03-31": "", "2008-12-31": 0, "2008-09-30": 0, "2008-06-30": 0, "2008-03-31": "", "2007-12-31": 0, "2007-09-30": 0, "2007-06-30": 0, "2007-03-31": "", "2006-12-31": 0, "2006-09-30": 0, "2006-06-30": 0, "2006-03-31": "", "2005-12-31": 0, "2005-09-30": 0, "2005-06-30": 0, "2005-03-31": ""}, "Change In Accounts Payable": {"2020-09-30": 0, "2020-06-30": 0, "2020-03-31": "", "2019-12-31": 0, "2019-09-30": 0, "2019-06-30": 0, "2019-03-31": "", "2018-12-31": 0, "2018-09-30": 0, "2018-06-30": 0, "2018-03-31": "", "2017-12-31": 0, "2017-09-30": 0, "2017-06-30": 0, "2017-03-31": "", "2016-12-31": 0, "2016-09-30": 0, "2016-06-30": 0, "2016-03-31": "", "2015-12-31": 0, "2015-09-30": 0, "2015-06-30": 0, "2015-03-31": "", "2014-12-31": 0, "2014-09-30": 0, "2014-06-30": 0, "2014-03-31": "", "2013-12-31": 0, "2013-09-30": 0, "2013-06-30": 0, "2013-03-31": "", "2012-12-31": 0, "2012-09-30": 0, "2012-06-30": 0, "2012-03-31": "", "2011-12-31": 0, "2011-09-30": 0, "2011-06-30": 0, "2011-03-31": "", "2010-12-31": 0, "2010-09-30": 0, "2010-06-30": 0, "2010-03-31": "", "2009-12-31": 0, "2009-09-30": 0, "2009-06-30": 0, "2009-03-31": "", "2008-12-31": 0, "2008-09-30": 0, "2008-06-30": 0, "2008-03-31": "", "2007-12-31": 0, "2007-09-30": 0, "2007-06-30": 0, "2007-03-31": "", "2006-12-31": 0, "2006-09-30": 0, "2006-06-30": 0, "2006-03-31": "", "2005-12-31": 0, "2005-09-30": 0, "2005-06-30": 0, "2005-03-31": ""}, "Change In Assets/Liabilities": {"2020-09-30": 0, "2020-06-30": 0, "2020-03-31": "", "2019-12-31": 0, "2019-09-30": 0, "2019-06-30": 0, "2019-03-31": "", "2018-12-31": 0, "2018-09-30": 0, "2018-06-30": 0, "2018-03-31": "", "2017-12-31": 0, "2017-09-30": 0, "2017-06-30": 0, "2017-03-31": "", "2016-12-31": 0, "2016-09-30": 0, "2016-06-30": 0, "2016-03-31": "", "2015-12-31": 0, "2015-09-30": 0, "2015-06-30": 0, "2015-03-31": "", "2014-12-31": 0, "2014-09-30": 0, "2014-06-30": 0, "2014-03-31": "", "2013-12-31": 0, "2013-09-30": 0, "2013-06-30": 0, "2013-03-31": "", "2012-12-31": 0, "2012-09-30": 0, "2012-06-30": 0, "2012-03-31": "", "2011-12-31": 0, "2011-09-30": 0, "2011-06-30": 0, "2011-03-31": "", "2010-12-31": 0, "2010-09-30": 0, "2010-06-30": 0, "2010-03-31": "", "2009-12-31": 0, "2009-09-30": 0, "2009-06-30": 0, "2009-03-31": "", "2008-12-31": 0, "2008-09-30": 0, "2008-06-30": 0, "2008-03-31": "", "2007-12-31": 0, "2007-09-30": 0, "2007-06-30": 0, "2007-03-31": "", "2006-12-31": 0, "2006-09-30": 0, "2006-06-30": 0, "2006-03-31": "", "2005-12-31": 0, "2005-09-30": 0, "2005-06-30": 0, "2005-03-31": ""}, "Total Change In Assets/Liabilities": {"2020-09-30": 0, "2020-06-30": 0, "2020-03-31": "", "2019-12-31": 0, "2019-09-30": 0, "2019-06-30": 0, "2019-03-31": "", "2018-12-31": 0, "2018-09-30": 0, "2018-06-30": 0, "2018-03-31": "", "2017-12-31": 0, "2017-09-30": 0, "2017-06-30": 0, "2017-03-31": "", "2016-12-31": 0, "2016-09-30": 0, "2016-06-30": 0, "2016-03-31": "", "2015-12-31": 0, "2015-09-30": 0, "2015-06-30": 0, "2015-03-31": "", "2014-12-31": 0, "2014-09-30": 0, "2014-06-30": 0, "2014-03-31": "", "2013-12-31": 0, "2013-09-30": 0, "2013-06-30": 0, "2013-03-31": "", "2012-12-31": 0, "2012-09-30": 0, "2012-06-30": 0, "2012-03-31": "", "2011-12-31": 0, "2011-09-30": 0, "2011-06-30": 0, "2011-03-31": "", "2010-12-31": 0, "2010-09-30": 0, "2010-06-30": 0, "2010-03-31": "", "2009-12-31": 0, "2009-09-30": 0, "2009-06-30": 0, "2009-03-31": "", "2008-12-31": 0, "2008-09-30": 0, "2008-06-30": 0, "2008-03-31": "", "2007-12-31": 0, "2007-09-30": 0, "2007-06-30": 0, "2007-03-31": "", "2006-12-31": 0, "2006-09-30": 0, "2006-06-30": 0, "2006-03-31": "", "2005-12-31": 0, "2005-09-30": 0, "2005-06-30": 0, "2005-03-31": ""}, "Cash Flow From Operating Activities": {"2020-09-30": 528.266, "2020-06-30": 539.124, "2020-03-31": "462.95000", "2019-12-31": 499.998, "2019-09-30": 552.46, "2019-06-30": 545.353, "2019-03-31": "469.83200", "2018-12-31": 492.155, "2018-09-30": 592.21, "2018-06-30": 520.753, "2018-03-31": "458.51900", "2017-12-31": 470.37, "2017-09-30": 537.192, "2017-06-30": 506.244, "2017-03-31": "459.08300", "2016-12-31": 465.296, "2016-09-30": 515.326, "2016-06-30": 523.734, "2016-03-31": "440.98000", "2015-12-31": 436.465, "2015-09-30": 472.189, "2015-06-30": 457.133, "2015-03-31": "382.49200", "2014-12-31": 450.393, "2014-09-30": 427.103, "2014-06-30": 395.337, "2014-03-31": "330.70900", "2013-12-31": 390.676, "2013-09-30": 367.094, "2013-06-30": 363.23, "2013-03-31": "309.33900", "2012-12-31": 329.904, "2012-09-30": 349.978, "2012-06-30": 326.287, "2012-03-31": "279.49000", "2011-12-31": 294.659, "2011-09-30": 326.329, "2011-06-30": 317.645, "2011-03-31": "264.81900", "2010-12-31": 271.507, "2010-09-30": 296.102, "2010-06-30": 292.49, "2010-03-31": "233.12200", "2009-12-31": 275.328, "2009-09-30": 295.281, "2009-06-30": 282.383, "2009-03-31": "259.86500", "2008-12-31": 267.71, "2008-09-30": 298.071, "2008-06-30": 271.524, "2008-03-31": "239.66600", "2007-12-31": 294.963, "2007-09-30": 283.924, "2007-06-30": 273.322, "2007-03-31": "195.44300", "2006-12-31": 170.988, "2006-09-30": 214.911, "2006-06-30": 204.408, "2006-03-31": "162.83300", "2005-12-31": 165.531, "2005-09-30": 172.48, "2005-06-30": 186.885, "2005-03-31": "148.97500"}, "Net Change In Property, Plant, And Equipment": {"2020-09-30": -76.88, "2020-06-30": -83.445, "2020-03-31": "-105.12000", "2019-12-31": -117.197, "2019-09-30": -137.41, "2019-06-30": -107.393, "2019-03-31": "-109.99400", "2018-12-31": -138.735, "2018-09-30": -118.224, "2018-06-30": -125.221, "2018-03-31": "-98.82300", "2017-12-31": -132.609, "2017-09-30": -108.64, "2017-06-30": -121.302, "2017-03-31": "-95.33700", "2016-12-31": -98.907, "2016-09-30": -79.21, "2016-06-30": -93.742, "2016-03-31": "-79.49200", "2015-12-31": -81.606, "2015-09-30": -82.316, "2015-06-30": -59.057, "2015-03-31": "-71.09300", "2014-12-31": -80.796, "2014-09-30": -60.335, "2014-06-30": -42.747, "2014-03-31": "-38.65300", "2013-12-31": -25.447, "2013-09-30": -76.374, "2013-06-30": -22.49, "2013-03-31": "-35.59700", "2012-12-31": -14.518, "2012-09-30": -21.987, "2012-06-30": -26.645, "2012-03-31": "-15.27500", "2011-12-31": -15.172, "2011-09-30": -18.946, "2011-06-30": -38.862, "2011-03-31": "-15.96100", "2010-12-31": -13.772, "2010-09-30": -35.114, "2010-06-30": -35.707, "2010-03-31": "-9.66600", "2009-12-31": -13.039, "2009-09-30": -24.97, "2009-06-30": -27.681, "2009-03-31": "-10.82700", "2008-12-31": -20.321, "2008-09-30": -58.949, "2008-06-30": -40.667, "2008-03-31": "-30.98500", "2007-12-31": -60.835, "2007-09-30": -54.451, "2007-06-30": -48.749, "2007-03-31": "-27.38700", "2006-12-31": -74.925, "2006-09-30": -53.884, "2006-06-30": -31.818, "2006-03-31": "-29.56700", "2005-12-31": -52.813, "2005-09-30": -23.735, "2005-06-30": -19.53, "2005-03-31": "-16.06000"}, "Net Change In Intangible Assets": {"2020-09-30": 0, "2020-06-30": 0, "2020-03-31": "", "2019-12-31": 0, "2019-09-30": 0, "2019-06-30": 0, "2019-03-31": "", "2018-12-31": 0, "2018-09-30": 0, "2018-06-30": 0, "2018-03-31": "", "2017-12-31": 0, "2017-09-30": 0, "2017-06-30": 0, "2017-03-31": "", "2016-12-31": 0, "2016-09-30": 0, "2016-06-30": 0, "2016-03-31": "", "2015-12-31": 0, "2015-09-30": 0, "2015-06-30": 0, "2015-03-31": "", "2014-12-31": 0, "2014-09-30": 0, "2014-06-30": 0, "2014-03-31": "", "2013-12-31": 0, "2013-09-30": 0, "2013-06-30": 0, "2013-03-31": "", "2012-12-31": 0, "2012-09-30": 0, "2012-06-30": 0, "2012-03-31": "", "2011-12-31": 0, "2011-09-30": 0, "2011-06-30": 0, "2011-03-31": "", "2010-12-31": 0, "2010-09-30": 0, "2010-06-30": 0, "2010-03-31": "", "2009-12-31": 0, "2009-09-30": 0, "2009-06-30": 0, "2009-03-31": "", "2008-12-31": 0, "2008-09-30": 0, "2008-06-30": 0, "2008-03-31": "", "2007-12-31": 0, "2007-09-30": 0, "2007-06-30": 0, "2007-03-31": "", "2006-12-31": 0, "2006-09-30": 0, "2006-06-30": 0, "2006-03-31": "", "2005-12-31": 0, "2005-09-30": 0, "2005-06-30": 0, "2005-03-31": ""}, "Net Acquisitions/Divestitures": {"2020-09-30": -29.086, "2020-06-30": -68.547, "2020-03-31": "-184.78400", "2019-12-31": -121.115, "2019-09-30": -120.458, "2019-06-30": -116.686, "2019-03-31": "-79.49900", "2018-12-31": -73.245, "2018-09-30": -73.845, "2018-06-30": -15.906, "2018-03-31": "-18.02400", "2017-12-31": -203.603, "2017-09-30": -47.269, "2017-06-30": -11.623, "2017-03-31": "-22.78400", "2016-12-31": -159.526, "2016-09-30": -71.995, "2016-06-30": -99.499, "2016-03-31": "-85.15800", "2015-12-31": -72.161, "2015-09-30": -17.132, "2015-06-30": -55.492, "2015-03-31": "-32.29100", "2014-12-31": -124.317, "2014-09-30": -237.906, "2014-06-30": -30.741, "2014-03-31": "", "2013-12-31": -728.811, "2013-09-30": -367.583, "2013-06-30": -40.752, "2013-03-31": "-13.54000", "2012-12-31": -97.661, "2012-09-30": -39.787, "2012-06-30": -46.097, "2012-03-31": "-41.97000", "2011-12-31": -184.756, "2011-09-30": 113.326, "2011-06-30": 18.673, "2011-03-31": "-25.74500", "2010-12-31": -33.204, "2010-09-30": -20.648, "2010-06-30": -54.093, "2010-03-31": "", "2009-12-31": 29.421, "2009-09-30": -28.086, "2009-06-30": 10.261, "2009-03-31": "", "2008-12-31": -9.734, "2008-09-30": -11.109, "2008-06-30": -12.925, "2008-03-31": "601.48500", "2007-12-31": -2.008, "2007-09-30": -44.177, "2007-06-30": -4.331, "2007-03-31": "-22.27100", "2006-12-31": -12.782, "2006-09-30": -49.518, "2006-06-30": -52.465, "2006-03-31": "-46.48900", "2005-12-31": -129.796, "2005-09-30": -98.314, "2005-06-30": -91.137, "2005-03-31": "-28.11700"}, "Net Change In Short-term Investments": {"2020-09-30": 0, "2020-06-30": 0, "2020-03-31": "", "2019-12-31": 0, "2019-09-30": 0, "2019-06-30": 0, "2019-03-31": "", "2018-12-31": 0, "2018-09-30": 0, "2018-06-30": 0, "2018-03-31": "", "2017-12-31": 0, "2017-09-30": 0, "2017-06-30": 0, "2017-03-31": "", "2016-12-31": 0, "2016-09-30": 0, "2016-06-30": 0, "2016-03-31": "", "2015-12-31": 0, "2015-09-30": 0, "2015-06-30": 0, "2015-03-31": "", "2014-12-31": 0, "2014-09-30": 0, "2014-06-30": 0, "2014-03-31": "", "2013-12-31": 0, "2013-09-30": 0, "2013-06-30": 0, "2013-03-31": "", "2012-12-31": 0, "2012-09-30": 0, "2012-06-30": 0, "2012-03-31": "", "2011-12-31": 0, "2011-09-30": 0, "2011-06-30": 0, "2011-03-31": "102.27900", "2010-12-31": 0, "2010-09-30": -9.58, "2010-06-30": 0, "2010-03-31": "-95.24800", "2009-12-31": -17.825, "2009-09-30": 0, "2009-06-30": 0, "2009-03-31": "", "2008-12-31": 0, "2008-09-30": 0, "2008-06-30": 0, "2008-03-31": "", "2007-12-31": -6.019, "2007-09-30": 0.253, "2007-06-30": 0.989, "2007-03-31": "4.77700", "2006-12-31": -8.079, "2006-09-30": 0.336, "2006-06-30": 5.384, "2006-03-31": "2.35900", "2005-12-31": 1.961, "2005-09-30": 7.09, "2005-06-30": -5.792, "2005-03-31": "-2.16800"}, "Net Change In Long-Term Investments": {"2020-09-30": 0, "2020-06-30": 0, "2020-03-31": "", "2019-12-31": 11.63, "2019-09-30": 0, "2019-06-30": 0, "2019-03-31": "", "2018-12-31": 0, "2018-09-30": 91.927, "2018-06-30": 0, "2018-03-31": "", "2017-12-31": 0, "2017-09-30": 0, "2017-06-30": 0, "2017-03-31": "", "2016-12-31": 0, "2016-09-30": 0, "2016-06-30": 67.42, "2016-03-31": "", "2015-12-31": 0, "2015-09-30": -13.929, "2015-06-30": 13.929, "2015-03-31": "", "2014-12-31": 0, "2014-09-30": 0, "2014-06-30": 0, "2014-03-31": "", "2013-12-31": -105.04, "2013-09-30": 0, "2013-06-30": 0, "2013-03-31": "", "2012-12-31": 0, "2012-09-30": 0, "2012-06-30": 0, "2012-03-31": "", "2011-12-31": -480.194, "2011-09-30": 1.274, "2011-06-30": 120.043, "2011-03-31": "", "2010-12-31": 0, "2010-09-30": 0, "2010-06-30": 0, "2010-03-31": "", "2009-12-31": 0, "2009-09-30": 0, "2009-06-30": 0, "2009-03-31": "", "2008-12-31": 11.961, "2008-09-30": -33.752, "2008-06-30": 0, "2008-03-31": "-32.91100", "2007-12-31": 0, "2007-09-30": 0, "2007-06-30": 0, "2007-03-31": "", "2006-12-31": 0, "2006-09-30": 0, "2006-06-30": 0, "2006-03-31": "", "2005-12-31": 0, "2005-09-30": 0, "2005-06-30": 0, "2005-03-31": ""}, "Net Change In Investments - Total": {"2020-09-30": 0, "2020-06-30": 0, "2020-03-31": "", "2019-12-31": 11.63, "2019-09-30": 0, "2019-06-30": 0, "2019-03-31": "", "2018-12-31": 0, "2018-09-30": 91.927, "2018-06-30": 0, "2018-03-31": "", "2017-12-31": 0, "2017-09-30": 0, "2017-06-30": 0, "2017-03-31": "", "2016-12-31": 0, "2016-09-30": 0, "2016-06-30": 67.42, "2016-03-31": "", "2015-12-31": 0, "2015-09-30": -13.929, "2015-06-30": 13.929, "2015-03-31": "", "2014-12-31": 0, "2014-09-30": 0, "2014-06-30": 0, "2014-03-31": "", "2013-12-31": -105.04, "2013-09-30": 0, "2013-06-30": 0, "2013-03-31": "", "2012-12-31": 0, "2012-09-30": 0, "2012-06-30": 0, "2012-03-31": "", "2011-12-31": -480.194, "2011-09-30": 1.274, "2011-06-30": 120.043, "2011-03-31": "102.27900", "2010-12-31": 0, "2010-09-30": -9.58, "2010-06-30": 0, "2010-03-31": "-95.24800", "2009-12-31": -17.825, "2009-09-30": 0, "2009-06-30": 0, "2009-03-31": "", "2008-12-31": 11.961, "2008-09-30": -33.752, "2008-06-30": 0, "2008-03-31": "-32.91100", "2007-12-31": -6.019, "2007-09-30": 0.253, "2007-06-30": 0.989, "2007-03-31": "4.77700", "2006-12-31": -8.079, "2006-09-30": 0.336, "2006-06-30": 5.384, "2006-03-31": "2.35900", "2005-12-31": 1.961, "2005-09-30": 7.09, "2005-06-30": -5.792, "2005-03-31": "-2.16800"}, "Investing Activities - Other": {"2020-09-30": 2.649, "2020-06-30": 17.062, "2020-03-31": "", "2019-12-31": 0, "2019-09-30": 0.324, "2019-06-30": 0.438, "2019-03-31": "", "2018-12-31": 50.794, "2018-09-30": 1.443, "2018-06-30": 0, "2018-03-31": "1.94700", "2017-12-31": 0.507, "2017-09-30": 0, "2017-06-30": 5.596, "2017-03-31": "", "2016-12-31": 14.881, "2016-09-30": -16.559, "2016-06-30": 0.704, "2016-03-31": "1.97200", "2015-12-31": -16.282, "2015-09-30": 15.265, "2015-06-30": 6.793, "2015-03-31": "9.23700", "2014-12-31": -3, "2014-09-30": 206.302, "2014-06-30": 2.14, "2014-03-31": "211.72200", "2013-12-31": -6.433, "2013-09-30": 2.059, "2013-06-30": -0.106, "2013-03-31": "7.72100", "2012-12-31": 9.453, "2012-09-30": -1.319, "2012-06-30": 2.391, "2012-03-31": "2.95000", "2011-12-31": 701.026, "2011-09-30": -3.655, "2011-06-30": -9.585, "2011-03-31": "-345.10000", "2010-12-31": 20.413, "2010-09-30": 10.203, "2010-06-30": 11.1, "2010-03-31": "-1.28900", "2009-12-31": -14.806, "2009-09-30": 6.966, "2009-06-30": -10.259, "2009-03-31": "9.43600", "2008-12-31": -11.037, "2008-09-30": 22.393, "2008-06-30": -2.63, "2008-03-31": "-30.80100", "2007-12-31": 15.359, "2007-09-30": -17.564, "2007-06-30": 4.749, "2007-03-31": "-0.21100", "2006-12-31": 39.436, "2006-09-30": -166.72, "2006-06-30": 0.267, "2006-03-31": "4.83500", "2005-12-31": -5.599, "2005-09-30": 9.32, "2005-06-30": 1.728, "2005-03-31": "-0.18400"}, "Cash Flow From Investing Activities": {"2020-09-30": -103.317, "2020-06-30": -134.93, "2020-03-31": "-289.90400", "2019-12-31": -226.682, "2019-09-30": -257.544, "2019-06-30": -223.641, "2019-03-31": "-189.49300", "2018-12-31": -161.186, "2018-09-30": -98.699, "2018-06-30": -141.127, "2018-03-31": "-114.90000", "2017-12-31": -335.705, "2017-09-30": -155.909, "2017-06-30": -127.329, "2017-03-31": "-118.12100", "2016-12-31": -243.552, "2016-09-30": -167.764, "2016-06-30": -125.117, "2016-03-31": "-162.67800", "2015-12-31": -170.049, "2015-09-30": -98.112, "2015-06-30": -93.827, "2015-03-31": "-94.14700", "2014-12-31": -208.113, "2014-09-30": -91.939, "2014-06-30": -71.348, "2014-03-31": "173.06900", "2013-12-31": -865.731, "2013-09-30": -441.898, "2013-06-30": -63.348, "2013-03-31": "-41.41600", "2012-12-31": -102.726, "2012-09-30": -63.093, "2012-06-30": -70.351, "2012-03-31": "-54.29500", "2011-12-31": 20.904, "2011-09-30": 91.999, "2011-06-30": 90.269, "2011-03-31": "-284.52700", "2010-12-31": -26.563, "2010-09-30": -55.139, "2010-06-30": -78.7, "2010-03-31": "-106.20300", "2009-12-31": -16.249, "2009-09-30": -46.09, "2009-06-30": -27.679, "2009-03-31": "-1.39100", "2008-12-31": -29.131, "2008-09-30": -81.417, "2008-06-30": -56.222, "2008-03-31": "506.78800", "2007-12-31": -53.503, "2007-09-30": -115.939, "2007-06-30": -47.342, "2007-03-31": "-45.09200", "2006-12-31": -56.35, "2006-09-30": -269.786, "2006-06-30": -78.632, "2006-03-31": "-68.86200", "2005-12-31": -186.247, "2005-09-30": -105.639, "2005-06-30": -114.731, "2005-03-31": "-46.52900"}, "Net Long-Term Debt": {"2020-09-30": 0, "2020-06-30": 0, "2020-03-31": "545.15100", "2019-12-31": 0, "2019-09-30": 0, "2019-06-30": 496.9, "2019-03-31": "", "2018-12-31": 0, "2018-09-30": 0, "2018-06-30": 0, "2018-03-31": "", "2017-12-31": 992.077, "2017-09-30": 0, "2017-06-30": 0, "2017-03-31": "", "2016-12-31": 0, "2016-09-30": 0, "2016-06-30": 0, "2016-03-31": "", "2015-12-31": 16.741, "2015-09-30": -27.741, "2015-06-30": 11, "2015-03-31": "", "2014-12-31": 0, "2014-09-30": -322, "2014-06-30": -50, "2014-03-31": "-378.10000", "2013-12-31": 617.1, "2013-09-30": 133, "2013-06-30": 0, "2013-03-31": "-133.00000", "2012-12-31": 71.987, "2012-09-30": 0, "2012-06-30": 0, "2012-03-31": "", "2011-12-31": -174.355, "2011-09-30": 0, "2011-06-30": 0, "2011-03-31": "", "2010-12-31": 0, "2010-09-30": 0, "2010-06-30": 0, "2010-03-31": "", "2009-12-31": 0, "2009-09-30": 0, "2009-06-30": 0, "2009-03-31": "-109.62200", "2008-12-31": 0, "2008-09-30": 0, "2008-06-30": 0, "2008-03-31": "", "2007-12-31": -345, "2007-09-30": 0, "2007-06-30": 0, "2007-03-31": "", "2006-12-31": 345, "2006-09-30": 0, "2006-06-30": 0, "2006-03-31": "", "2005-12-31": -64.513, "2005-09-30": 0, "2005-06-30": 0, "2005-03-31": ""}, "Net Current Debt": {"2020-09-30": -0.505, "2020-06-30": -0.503, "2020-03-31": "-0.49700", "2019-12-31": -0.488, "2019-09-30": -0.484, "2019-06-30": -0.481, "2019-03-31": "-0.46700", "2018-12-31": -0.455, "2018-09-30": -0.447, "2018-06-30": -0.442, "2018-03-31": "-0.44000", "2017-12-31": -992.563, "2017-09-30": 991.703, "2017-06-30": -0.421, "2017-03-31": "-0.42000", "2016-12-31": -16.464, "2016-09-30": -9.403, "2016-06-30": 108.98, "2016-03-31": "-5.95200", "2015-12-31": 247.018, "2015-09-30": 16.282, "2015-06-30": -10.745, "2015-03-31": "-5.53700", "2014-12-31": -22.412, "2014-09-30": -3.226, "2014-06-30": -18.058, "2014-03-31": "-0.71000", "2013-12-31": 116.041, "2013-09-30": -144.346, "2013-06-30": -30.404, "2013-03-31": "-193.18600", "2012-12-31": 49.287, "2012-09-30": -20.499, "2012-06-30": -3.904, "2012-03-31": "-24.88400", "2011-12-31": 154.411, "2011-09-30": -27.598, "2011-06-30": -21.278, "2011-03-31": "-105.53500", "2010-12-31": -19.517, "2010-09-30": -2.394, "2010-06-30": -53.216, "2010-03-31": "-1.96500", "2009-12-31": -1.903, "2009-09-30": -1.855, "2009-06-30": -1.856, "2009-03-31": "-1.89000", "2008-12-31": -5.429, "2008-09-30": -38.498, "2008-06-30": -1.832, "2008-03-31": "10.28600", "2007-12-31": 355.195, "2007-09-30": -64.961, "2007-06-30": -95.643, "2007-03-31": "-649.45200", "2006-12-31": 11.298, "2006-09-30": -665.951, "2006-06-30": -0.909, "2006-03-31": "-12.10400", "2005-12-31": -0.858, "2005-09-30": -0.742, "2005-06-30": -0.919, "2005-03-31": "-12.02400"}, "Debt Issuance/Retirement Net - Total": {"2020-09-30": -0.505, "2020-06-30": -0.503, "2020-03-31": "544.65400", "2019-12-31": -0.488, "2019-09-30": -0.484, "2019-06-30": 496.419, "2019-03-31": "-0.46700", "2018-12-31": -0.455, "2018-09-30": -0.447, "2018-06-30": -0.442, "2018-03-31": "-0.44000", "2017-12-31": -0.486, "2017-09-30": 991.703, "2017-06-30": -0.421, "2017-03-31": "-0.42000", "2016-12-31": -16.464, "2016-09-30": -9.403, "2016-06-30": 108.98, "2016-03-31": "-5.95200", "2015-12-31": 263.759, "2015-09-30": -11.459, "2015-06-30": 0.255, "2015-03-31": "-5.53700", "2014-12-31": -22.412, "2014-09-30": -325.226, "2014-06-30": -68.058, "2014-03-31": "-378.81000", "2013-12-31": 733.141, "2013-09-30": -11.346, "2013-06-30": -30.404, "2013-03-31": "-326.18600", "2012-12-31": 121.274, "2012-09-30": -20.499, "2012-06-30": -3.904, "2012-03-31": "-24.88400", "2011-12-31": -19.944, "2011-09-30": -27.598, "2011-06-30": -21.278, "2011-03-31": "-105.53500", "2010-12-31": -19.517, "2010-09-30": -2.394, "2010-06-30": -53.216, "2010-03-31": "-1.96500", "2009-12-31": -1.903, "2009-09-30": -1.855, "2009-06-30": -1.856, "2009-03-31": "-111.51200", "2008-12-31": -5.429, "2008-09-30": -38.498, "2008-06-30": -1.832, "2008-03-31": "10.28600", "2007-12-31": 10.195, "2007-09-30": -64.961, "2007-06-30": -95.643, "2007-03-31": "-649.45200", "2006-12-31": 356.298, "2006-09-30": -665.951, "2006-06-30": -0.909, "2006-03-31": "-12.10400", "2005-12-31": -65.371, "2005-09-30": -0.742, "2005-06-30": -0.919, "2005-03-31": "-12.02400"}, "Net Common Equity Issued/Repurchased": {"2020-09-30": 1.819, "2020-06-30": 1.923, "2020-03-31": "1.76300", "2019-12-31": 0.555, "2019-09-30": 15.619, "2019-06-30": 15.797, "2019-03-31": "1.59300", "2018-12-31": 4.582, "2018-09-30": 6.244, "2018-06-30": 0.732, "2018-03-31": "0.96700", "2017-12-31": 7.746, "2017-09-30": 2.852, "2017-06-30": 13.868, "2017-03-31": "18.03400", "2016-12-31": 11.35, "2016-09-30": 3.466, "2016-06-30": 1.058, "2016-03-31": "9.66700", "2015-12-31": 3.749, "2015-09-30": 29.017, "2015-06-30": 6.489, "2015-03-31": "-9.59200", "2014-12-31": 1.962, "2014-09-30": 5.419, "2014-06-30": 5.082, "2014-03-31": "25.40900", "2013-12-31": 5.111, "2013-09-30": -0.29, "2013-06-30": 12.427, "2013-03-31": "3.86300", "2012-12-31": 102.991, "2012-09-30": 5.439, "2012-06-30": 5.192, "2012-03-31": "-10.50000", "2011-12-31": -107.73, "2011-09-30": 14.781, "2011-06-30": -10.426, "2011-03-31": "11.37300", "2010-12-31": -95.694, "2010-09-30": 10.387, "2010-06-30": -190.973, "2010-03-31": "11.82200", "2009-12-31": 0.293, "2009-09-30": 1.13, "2009-06-30": 0.214, "2009-03-31": "0.55500", "2008-12-31": -6.685, "2008-09-30": 4.778, "2008-06-30": 2.587, "2008-03-31": "-109.40000", "2007-12-31": 0.405, "2007-09-30": 0.927, "2007-06-30": 1.772, "2007-03-31": "5.35300", "2006-12-31": 6.47, "2006-09-30": 75.56, "2006-06-30": 1.798, "2006-03-31": "1.54100", "2005-12-31": 0.887, "2005-09-30": 1.181, "2005-06-30": -0.47, "2005-03-31": "0.92300"}, "Net Total Equity Issued/Repurchased": {"2020-09-30": -993.61, "2020-06-30": 551.093, "2020-03-31": "1.76300", "2019-12-31": -1.86, "2019-09-30": 322.967, "2019-06-30": -271.703, "2019-03-31": "-6.68400", "2018-12-31": 4.582, "2018-09-30": 6.244, "2018-06-30": 0.732, "2018-03-31": "0.96700", "2017-12-31": 7.746, "2017-09-30": -629.528, "2017-06-30": 284.925, "2017-03-31": "18.03400", "2016-12-31": 349.425, "2016-09-30": -169.584, "2016-06-30": -180.381, "2016-03-31": "299.78400", "2015-12-31": -121.251, "2015-09-30": 29.017, "2015-06-30": -138.511, "2015-03-31": "-9.59200", "2014-12-31": 185.81, "2014-09-30": 560.525, "2014-06-30": -222.415, "2014-03-31": "252.90600", "2013-12-31": 706.798, "2013-09-30": -0.29, "2013-06-30": -689.26, "2013-03-31": "705.55000", "2012-12-31": 1024.6221, "2012-09-30": -410.186, "2012-06-30": -1364.612, "2012-03-31": "525.98300", "2011-12-31": 622.897, "2011-09-30": -509.975, "2011-06-30": -527.926, "2011-03-31": "11.37300", "2010-12-31": 56.659, "2010-09-30": -139.029, "2010-06-30": -205.757, "2010-03-31": "11.82200", "2009-12-31": 153.293, "2009-09-30": -151.87, "2009-06-30": 0.214, "2009-03-31": "-16.98000", "2008-12-31": -73.564, "2008-09-30": 4.778, "2008-06-30": 2.587, "2008-03-31": "-109.40000", "2007-12-31": 0.405, "2007-09-30": 168.052, "2007-06-30": 1.772, "2007-03-31": "187.97000", "2006-12-31": 86.3431, "2006-09-30": 11.4119, "2006-06-30": 603.399, "2006-03-31": "-69.46700", "2005-12-31": 146.807, "2005-09-30": 194.681, "2005-06-30": 78.631, "2005-03-31": "-8.42200"}, "Total Common And Preferred Stock Dividends Paid": {"2020-09-30": -403.728, "2020-06-30": -402.786, "2020-03-31": "-401.80700", "2019-12-31": -401.368, "2019-09-30": -399.773, "2019-06-30": -403.118, "2019-03-31": "-404.49000", "2018-12-31": -403.281, "2018-09-30": -403.246, "2018-06-30": -403.061, "2018-03-31": "-403.09200", "2017-12-31": -402.75, "2017-09-30": -409.61, "2017-06-30": -409.653, "2017-03-31": "-408.33400", "2016-12-31": -406.995, "2016-09-30": -369.718, "2016-06-30": -371.71, "2016-03-31": "-357.33500", "2015-12-31": -353.705, "2015-09-30": -355.693, "2015-06-30": -355.77, "2015-03-31": "-305.86300", "2014-12-31": -303.875, "2014-09-30": -302.747, "2014-06-30": -299.697, "2014-03-31": "-294.22600", "2013-12-31": -293.161, "2013-09-30": -267.303, "2013-06-30": -267.264, "2013-03-31": "-263.73300", "2012-12-31": -238.155, "2012-09-30": -237.562, "2012-06-30": -240.194, "2012-03-31": "-243.24300", "2011-12-31": -213.998, "2011-09-30": -218.635, "2011-06-30": -220.108, "2011-03-31": "-193.50500", "2010-12-31": -194.027, "2010-09-30": -180.917, "2010-06-30": -200.412, "2010-03-31": "-179.41400", "2009-12-31": -156.158, "2009-09-30": -142.768, "2009-06-30": -161.502, "2009-03-31": "-164.23700", "2008-12-31": -258.107, "2008-09-30": -139.188, "2008-06-30": -167.985, "2008-03-31": "-168.39600", "2007-12-31": -134.46, "2007-09-30": -156.096, "2007-06-30": -153.099, "2007-03-31": "-154.52800", "2006-12-31": -139.622, "2006-09-30": -159.399, "2006-06-30": -130.323, "2006-03-31": "-123.57200", "2005-12-31": -108.251, "2005-09-30": -119.437, "2005-06-30": -113.868, "2005-03-31": "-113.25100"}, "Financial Activities - Other": {"2020-09-30": -1.179, "2020-06-30": -1.122, "2020-03-31": "-9.11300", "2019-12-31": -0.634, "2019-09-30": -36.81, "2019-06-30": -0.878, "2019-03-31": "-11.36400", "2018-12-31": -2.88, "2018-09-30": -2.224, "2018-06-30": -1.464, "2018-03-31": "-11.08100", "2017-12-31": -2.117, "2017-09-30": -1.954, "2017-06-30": -16.286, "2017-03-31": "-13.06800", "2016-12-31": -3.438, "2016-09-30": -1.838, "2016-06-30": -1.434, "2016-03-31": "-12.76300", "2015-12-31": -3.242, "2015-09-30": -20.5, "2015-06-30": -1.369, "2015-03-31": "-1.82200", "2014-12-31": -13.419, "2014-09-30": -556.926, "2014-06-30": 553.485, "2014-03-31": "-1.77900", "2013-12-31": -709.545, "2013-09-30": -1.618, "2013-06-30": 700.153, "2013-03-31": "-1.69200", "2012-12-31": -1653.06, "2012-09-30": 478.363, "2012-06-30": 1170.491, "2012-03-31": "-1.73900", "2011-12-31": -725.589, "2011-09-30": 354.759, "2011-06-30": 360.373, "2011-03-31": "-3.85700", "2010-12-31": -146.104, "2010-09-30": 121.562, "2010-06-30": 0.304, "2010-03-31": "-0.30400", "2009-12-31": -160.987, "2009-09-30": 133.386, "2009-06-30": -0.326, "2009-03-31": "-153.34000", "2008-12-31": -10.392, "2008-09-30": -28.936, "2008-06-30": 0, "2008-03-31": "", "2007-12-31": -41.659, "2007-09-30": 0, "2007-06-30": 0, "2007-03-31": "", "2006-12-31": 6.498, "2006-09-30": 9.302, "2006-06-30": 0, "2006-03-31": "", "2005-12-31": -0.232, "2005-09-30": 0, "2005-06-30": 0, "2005-03-31": "19.42900"}, "Cash Flow From Financial Activities": {"2020-09-30": -1399.022, "2020-06-30": 146.682, "2020-03-31": "135.49700", "2019-12-31": -404.35, "2019-09-30": -114.1, "2019-06-30": -179.28, "2019-03-31": "-423.00500", "2018-12-31": -402.034, "2018-09-30": -399.673, "2018-06-30": -404.235, "2018-03-31": "-413.64600", "2017-12-31": -397.607, "2017-09-30": -49.389, "2017-06-30": -141.435, "2017-03-31": "-403.78800", "2016-12-31": -77.472, "2016-09-30": -550.543, "2016-06-30": -444.545, "2016-03-31": "-76.26600", "2015-12-31": -214.439, "2015-09-30": -358.635, "2015-06-30": -495.395, "2015-03-31": "-322.81400", "2014-12-31": -153.896, "2014-09-30": -624.374, "2014-06-30": -36.685, "2014-03-31": "-421.90900", "2013-12-31": 437.233, "2013-09-30": -280.557, "2013-06-30": -286.775, "2013-03-31": "113.93900", "2012-12-31": -745.319, "2012-09-30": -189.884, "2012-06-30": -438.219, "2012-03-31": "256.11700", "2011-12-31": -336.634, "2011-09-30": -401.449, "2011-06-30": -408.939, "2011-03-31": "-291.52400", "2010-12-31": -302.989, "2010-09-30": -200.778, "2010-06-30": -459.081, "2010-03-31": "-169.86100", "2009-12-31": -165.755, "2009-09-30": -163.107, "2009-06-30": -163.47, "2009-03-31": "-446.06900", "2008-12-31": -347.492, "2008-09-30": -201.844, "2008-06-30": -167.23, "2008-03-31": "-267.51000", "2007-12-31": -165.519, "2007-09-30": -53.005, "2007-06-30": -246.97, "2007-03-31": "-616.01000", "2006-12-31": 309.517, "2006-09-30": -804.636, "2006-06-30": 472.167, "2006-03-31": "-205.14300", "2005-12-31": -27.047, "2005-09-30": 74.502, "2005-06-30": -36.156, "2005-03-31": "-114.26800"}, "Net Cash Flow": {"2020-09-30": -974.237, "2020-06-30": 550.817, "2020-03-31": "308.57400", "2019-12-31": -131.138, "2019-09-30": 180.861, "2019-06-30": 142.428, "2019-03-31": "-142.61600", "2018-12-31": -71.093, "2018-09-30": 93.682, "2018-06-30": -24.571, "2018-03-31": "-70.05200", "2017-12-31": -262.903, "2017-09-30": 331.833, "2017-06-30": 237.359, "2017-03-31": "-62.80900", "2016-12-31": 144.09, "2016-09-30": -202.911, "2016-06-30": -45.581, "2016-03-31": "201.42000", "2015-12-31": 52.587, "2015-09-30": 15.412, "2015-06-30": -132.541, "2015-03-31": "-34.91500", "2014-12-31": 89.46, "2014-09-30": -289.731, "2014-06-30": 286.871, "2014-03-31": "81.94300", "2013-12-31": -37.796, "2013-09-30": -353.945, "2013-06-30": 12.658, "2013-03-31": "381.01300", "2012-12-31": -518.513, "2012-09-30": 97.277, "2012-06-30": -181.604, "2012-03-31": "481.07100", "2011-12-31": -21.725, "2011-09-30": 16.246, "2011-06-30": -0.618, "2011-03-31": "-311.14700", "2010-12-31": -57.227, "2010-09-30": 39.143, "2010-06-30": -245.646, "2010-03-31": "-43.80700", "2009-12-31": 92.861, "2009-09-30": 86.068, "2009-06-30": 91.46, "2009-03-31": "-187.30100", "2008-12-31": -108.593, "2008-09-30": 14.292, "2008-06-30": 48.07, "2008-03-31": "481.48800", "2007-12-31": 76.858, "2007-09-30": 121.843, "2007-06-30": -23.846, "2007-03-31": "-465.09500", "2006-12-31": 426.429, "2006-09-30": -859.511, "2006-06-30": 597.943, "2006-03-31": "-111.17200", "2005-12-31": -47.763, "2005-09-30": 141.343, "2005-06-30": 35.998, "2005-03-31": "-11.82200"}, "Stock-Based Compensation": {"2020-09-30": 8.734, "2020-06-30": 7.124, "2020-03-31": "5.67700", "2019-12-31": 6.345, "2019-09-30": 7.114, "2019-06-30": 5.71, "2019-03-31": "6.66400", "2018-12-31": 18.1, "2018-09-30": 18.605, "2018-06-30": 17.253, "2018-03-31": "15.97800", "2017-12-31": 12.043, "2017-09-30": 12.343, "2017-06-30": 4.265, "2017-03-31": "8.89700", "2016-12-31": 10.638, "2016-09-30": 11.376, "2016-06-30": 8.404, "2016-03-31": "7.06500", "2015-12-31": 32.57, "2015-09-30": 0, "2015-06-30": 0, "2015-03-31": "", "2014-12-31": 29.541, "2014-09-30": 0, "2014-06-30": 0, "2014-03-31": "", "2013-12-31": 0, "2013-09-30": 0, "2013-06-30": 0, "2013-03-31": "", "2012-12-31": 0, "2012-09-30": 0, "2012-06-30": 0, "2012-03-31": "", "2011-12-31": 0, "2011-09-30": 0, "2011-06-30": 0, "2011-03-31": "", "2010-12-31": 0, "2010-09-30": 0, "2010-06-30": 0, "2010-03-31": "", "2009-12-31": 0, "2009-09-30": 0, "2009-06-30": 0, "2009-03-31": "", "2008-12-31": 0, "2008-09-30": 0, "2008-06-30": 0, "2008-03-31": "", "2007-12-31": 0, "2007-09-30": 0, "2007-06-30": 0, "2007-03-31": "", "2006-12-31": -11.682, "2006-09-30": 0, "2006-06-30": 0, "2006-03-31": "", "2005-12-31": 3.883, "2005-09-30": 0, "2005-06-30": 0, "2005-03-31": ""}, "Common Stock Dividends Paid": {"2020-09-30": -403.728, "2020-06-30": -402.786, "2020-03-31": "-401.80700", "2019-12-31": -401.368, "2019-09-30": -399.773, "2019-06-30": -403.118, "2019-03-31": "-404.49000", "2018-12-31": -403.281, "2018-09-30": -403.246, "2018-06-30": -403.061, "2018-03-31": "-403.09200", "2017-12-31": -402.75, "2017-09-30": -409.61, "2017-06-30": -409.653, "2017-03-31": "-408.33400", "2016-12-31": -406.995, "2016-09-30": -369.718, "2016-06-30": -371.71, "2016-03-31": "-357.33500", "2015-12-31": -353.705, "2015-09-30": -355.693, "2015-06-30": -355.77, "2015-03-31": "-305.86300", "2014-12-31": -303.875, "2014-09-30": -302.747, "2014-06-30": -299.697, "2014-03-31": "-294.22600", "2013-12-31": -293.161, "2013-09-30": -267.303, "2013-06-30": -267.264, "2013-03-31": "-263.73300", "2012-12-31": -238.155, "2012-09-30": -237.562, "2012-06-30": -240.194, "2012-03-31": "-243.24300", "2011-12-31": -213.998, "2011-09-30": -218.635, "2011-06-30": -220.108, "2011-03-31": "-193.50500", "2010-12-31": -194.027, "2010-09-30": -180.917, "2010-06-30": -200.412, "2010-03-31": "-179.41400", "2009-12-31": -156.158, "2009-09-30": -156.179, "2009-06-30": -304.253, "2009-03-31": "-8.07500", "2008-12-31": -258.107, "2008-09-30": -139.188, "2008-06-30": -326.457, "2008-03-31": "-9.92400", "2007-12-31": -150.669, "2007-09-30": -150.693, "2007-06-30": -147.696, "2007-03-31": "-149.12500", "2006-12-31": -134.219, "2006-09-30": -153.996, "2006-06-30": -125.665, "2006-03-31": "-119.98100", "2005-12-31": -104.66, "2005-09-30": -115.846, "2005-06-30": -110.278, "2005-03-31": "-107.87600"}}, "financial ratios": {"Current Ratio": {"2019-12-31": "", "2018-12-31": "", "2017-12-31": "", "2016-12-31": "", "2015-12-31": "", "2014-12-31": "", "2013-12-31": "", "2012-12-31": "", "2011-12-31": "", "2010-12-31": "", "2009-12-31": "", "2008-12-31": "", "2007-12-31": "", "2006-12-31": "", "2005-12-31": ""}, "Long-term Debt / Capital": {"2019-12-31": "0.17320", "2018-12-31": "0.13380", "2017-12-31": "0.13770", "2016-12-31": "0.03970", "2015-12-31": "0.03350", "2014-12-31": "0.00670", "2013-12-31": "0.01550", "2012-12-31": "0.05460", "2011-12-31": "0.04570", "2010-12-31": "0.06130", "2009-12-31": "0.05420", "2008-12-31": "0.06630", "2007-12-31": "0.10880", "2006-12-31": "0.17850", "2005-12-31": "0.02910"}, "Debt/Equity Ratio": {"2019-12-31": "0.20950", "2018-12-31": "0.15440", "2017-12-31": "0.15970", "2016-12-31": "0.04140", "2015-12-31": "0.03470", "2014-12-31": "0.00680", "2013-12-31": "0.09510", "2012-12-31": "0.05770", "2011-12-31": "0.04790", "2010-12-31": "0.06530", "2009-12-31": "0.05730", "2008-12-31": "0.07100", "2007-12-31": "0.12210", "2006-12-31": "0.21720", "2005-12-31": "0.03000"}, "Gross Margin": {"2019-12-31": "", "2018-12-31": "", "2017-12-31": "", "2016-12-31": "", "2015-12-31": "", "2014-12-31": "", "2013-12-31": "", "2012-12-31": "", "2011-12-31": "", "2010-12-31": "", "2009-12-31": "", "2008-12-31": "", "2007-12-31": "", "2006-12-31": "", "2005-12-31": ""}, "Operating Margin": {"2019-12-31": "51.46580", "2018-12-31": "51.27260", "2017-12-31": "53.33060", "2016-12-31": "53.67970", "2015-12-31": "51.72820", "2014-12-31": "48.47290", "2013-12-31": "48.40360", "2012-12-31": "47.32590", "2011-12-31": "43.94370", "2010-12-31": "42.92090", "2009-12-31": "44.78520", "2008-12-31": "40.36160", "2007-12-31": "26.67300", "2006-12-31": "26.14760", "2005-12-31": "43.80970"}, "EBIT Margin": {"2019-12-31": "51.46580", "2018-12-31": "51.27260", "2017-12-31": "53.33060", "2016-12-31": "53.67970", "2015-12-31": "51.72820", "2014-12-31": "48.47290", "2013-12-31": "48.40360", "2012-12-31": "47.32590", "2011-12-31": "43.94370", "2010-12-31": "42.92090", "2009-12-31": "44.78520", "2008-12-31": "40.36160", "2007-12-31": "26.67300", "2006-12-31": "26.14760", "2005-12-31": "43.80970"}, "EBITDA Margin": {"2019-12-31": "69.48300", "2018-12-31": "68.83240", "2017-12-31": "70.36340", "2016-12-31": "70.60240", "2015-12-31": "69.61500", "2014-12-31": "68.54890", "2013-12-31": "68.11930", "2012-12-31": "66.76160", "2011-12-31": "64.59740", "2010-12-31": "64.88090", "2009-12-31": "65.86620", "2008-12-31": "64.43620", "2007-12-31": "61.52610", "2006-12-31": "57.92410", "2005-12-31": "62.22070"}, "Pre-Tax Profit Margin": {"2019-12-31": "50.86140", "2018-12-31": "51.05120", "2017-12-31": "53.55850", "2016-12-31": "54.10650", "2015-12-31": "52.39720", "2014-12-31": "49.08540", "2013-12-31": "50.02030", "2012-12-31": "47.52770", "2011-12-31": "45.03320", "2010-12-31": "42.89730", "2009-12-31": "42.94190", "2008-12-31": "37.77690", "2007-12-31": "23.11040", "2006-12-31": "23.75020", "2005-12-31": "43.03450"}, "Net Profit Margin": {"2019-12-31": "44.70830", "2018-12-31": "54.05770", "2017-12-31": "43.90470", "2016-12-31": "46.23540", "2015-12-31": "44.21430", "2014-12-31": "41.71120", "2013-12-31": "42.99010", "2012-12-31": "36.34700", "2011-12-31": "32.36080", "2010-12-31": "24.73560", "2009-12-31": "36.10570", "2008-12-31": "41.02340", "2007-12-31": "11.13350", "2006-12-31": "3.40020", "2005-12-31": "24.00320"}, "Asset Turnover": {"2019-12-31": "0.25050", "2018-12-31": "0.25200", "2017-12-31": "0.24860", "2016-12-31": "0.25280", "2015-12-31": "0.24360", "2014-12-31": "0.22180", "2013-12-31": "0.19900", "2012-12-31": "0.20950", "2011-12-31": "0.19430", "2010-12-31": "0.17000", "2009-12-31": "0.16550", "2008-12-31": "0.17320", "2007-12-31": "0.16790", "2006-12-31": "0.12310", "2005-12-31": "0.19090"}, "Inventory Turnover Ratio": {"2019-12-31": "", "2018-12-31": "", "2017-12-31": "", "2016-12-31": "", "2015-12-31": "", "2014-12-31": "", "2013-12-31": "", "2012-12-31": "", "2011-12-31": "", "2010-12-31": "", "2009-12-31": "", "2008-12-31": "", "2007-12-31": "", "2006-12-31": "", "2005-12-31": ""}, "Receiveable Turnover": {"2019-12-31": "", "2018-12-31": "", "2017-12-31": "", "2016-12-31": "", "2015-12-31": "", "2014-12-31": "", "2013-12-31": "", "2012-12-31": "", "2011-12-31": "", "2010-12-31": "", "2009-12-31": "", "2008-12-31": "", "2007-12-31": "", "2006-12-31": "", "2005-12-31": ""}, "Days Sales In Receivables": {"2019-12-31": "", "2018-12-31": "", "2017-12-31": "", "2016-12-31": "", "2015-12-31": "", "2014-12-31": "", "2013-12-31": "", "2012-12-31": "", "2011-12-31": "", "2010-12-31": "", "2009-12-31": "", "2008-12-31": "", "2007-12-31": "", "2006-12-31": "", "2005-12-31": ""}, "ROE - Return On Equity": {"2019-12-31": "30.42380", "2018-12-31": "33.54130", "2017-12-31": "29.32490", "2016-12-31": "28.78190", "2015-12-31": "25.62280", "2014-12-31": "22.19060", "2013-12-31": "20.11910", "2012-12-31": "17.59880", "2011-12-31": "16.02300", "2010-12-31": "12.95630", "2009-12-31": "14.08360", "2008-12-31": "17.39430", "2007-12-31": "9.34800", "2006-12-31": "5.86550", "2005-12-31": "19.38710"}, "Return On Tangible Equity": {"2019-12-31": "17.19290", "2018-12-31": "19.21930", "2017-12-31": "16.55500", "2016-12-31": "15.82460", "2015-12-31": "14.66350", "2014-12-31": "12.39370", "2013-12-31": "12.33700", "2012-12-31": "11.75410", "2011-12-31": "10.28430", "2010-12-31": "8.10570", "2009-12-31": "9.01120", "2008-12-31": "11.10260", "2007-12-31": "5.81630", "2006-12-31": "3.96390", "2005-12-31": "9.33910"}, "ROA - Return On Assets": {"2019-12-31": "13.42360", "2018-12-31": "15.71360", "2017-12-31": "13.49560", "2016-12-31": "14.41650", "2015-12-31": "13.47570", "2014-12-31": "11.71190", "2013-12-31": "10.70780", "2012-12-31": "10.57790", "2011-12-31": "9.32700", "2010-12-31": "7.24940", "2009-12-31": "8.13160", "2008-12-31": "9.87840", "2007-12-31": "4.59850", "2006-12-31": "2.80380", "2005-12-31": "8.09570"}, "ROI - Return On Investment": {"2019-12-31": "13.89210", "2018-12-31": "16.26620", "2017-12-31": "13.93330", "2016-12-31": "14.85330", "2015-12-31": "13.84610", "2014-12-31": "12.01430", "2013-12-31": "11.80560", "2012-12-31": "10.82630", "2011-12-31": "9.56620", "2010-12-31": "7.41970", "2009-12-31": "8.32290", "2008-12-31": "10.10740", "2007-12-31": "4.97730", "2006-12-31": "3.03110", "2005-12-31": "8.74680"}, "Book Value Per Share": {"2019-12-31": "52.05660", "2018-12-31": "52.51640", "2017-12-31": "51.56290", "2016-12-31": "54.48500", "2015-12-31": "53.18980", "2014-12-31": "55.13130", "2013-12-31": "51.33930", "2012-12-31": "47.39450", "2011-12-31": "48.81920", "2010-12-31": "51.45510", "2009-12-31": "53.80680", "2008-12-31": "53.88110", "2007-12-31": "51.72370", "2006-12-31": "50.31330", "2005-12-31": "36.46400"}, "Operating Cash Flow Per Share": {"2019-12-31": 0.0071, "2018-12-31": 0.5112, "2017-12-31": 0.1407, "2016-12-31": 1.1119, "2015-12-31": 0.8144, "2014-12-31": 0.9788, "2013-12-31": 0.7934, "2012-12-31": 0.4414, "2011-12-31": 0.6087, "2010-12-31": -0.1547, "2009-12-31": 0.2091, "2008-12-31": 0.2168, "2007-12-31": 0.9276, "2006-12-31": 0.0094, "2005-12-31": 5.2311}, "Free Cash Flow Per Share": {"2019-12-31": 0.0624, "2018-12-31": 0.3807, "2017-12-31": -0.4679, "2016-12-31": 0.7862, "2015-12-31": 0.4047, "2014-12-31": 0.6196, "2013-12-31": 0.3243, "2012-12-31": 0.5053, "2011-12-31": 0.6431, "2010-12-31": -0.2565, "2009-12-31": 0.6505, "2008-12-31": 0.449, "2007-12-31": 1.124, "2006-12-31": -0.4435, "2005-12-31": 4.3606}}, "financial ratios, quarterly": {"Current Ratio": {"2020-09-30": "", "2020-06-30": "", "2020-03-31": "", "2019-12-31": "", "2019-09-30": "", "2019-06-30": "", "2019-03-31": "", "2018-12-31": "", "2018-09-30": "", "2018-06-30": "", "2018-03-31": "", "2017-12-31": "", "2017-09-30": "", "2017-06-30": "", "2017-03-31": "", "2016-12-31": "", "2016-09-30": "", "2016-06-30": "", "2016-03-31": "", "2015-12-31": "", "2015-09-30": "", "2015-06-30": "", "2015-03-31": "", "2014-12-31": "", "2014-09-30": "", "2014-06-30": "", "2014-03-31": "", "2013-12-31": "", "2013-09-30": "", "2013-06-30": "", "2013-03-31": "", "2012-12-31": "", "2012-09-30": "", "2012-06-30": "", "2012-03-31": "", "2011-12-31": "", "2011-09-30": "", "2011-06-30": "", "2011-03-31": "", "2010-12-31": "", "2010-09-30": "", "2010-06-30": "", "2010-03-31": "", "2009-12-31": "", "2009-09-30": "", "2009-06-30": "", "2009-03-31": "", "2008-12-31": "", "2008-09-30": "", "2008-06-30": "", "2008-03-31": "", "2007-12-31": "", "2007-09-30": "", "2007-06-30": "", "2007-03-31": "", "2006-12-31": "", "2006-09-30": "", "2006-06-30": "", "2006-03-31": "", "2005-12-31": "", "2005-09-30": "", "2005-06-30": "", "2005-03-31": ""}, "Long-term Debt / Capital": {"2020-09-30": "0.22820", "2020-06-30": "0.21430", "2020-03-31": "0.21260", "2019-12-31": "0.17320", "2019-09-30": "0.17720", "2019-06-30": "0.17830", "2019-03-31": "0.13390", "2018-12-31": "0.13380", "2018-09-30": "0.13720", "2018-06-30": "0.13740", "2018-03-31": "0.13930", "2017-12-31": "0.13770", "2017-09-30": "0.13730", "2017-06-30": "0.04190", "2017-03-31": "0.04040", "2016-12-31": "0.03970", "2016-09-30": "0.04530", "2016-06-30": "0.04510", "2016-03-31": "0.03440", "2015-12-31": "0.03350", "2015-09-30": "0.00600", "2015-06-30": "0.00630", "2015-03-31": "0.00620", "2014-12-31": "0.00670", "2014-09-30": "0.00760", "2014-06-30": "0.00800", "2014-03-31": "0.00970", "2013-12-31": "0.01550", "2013-09-30": "0.01120", "2013-06-30": "0.01260", "2013-03-31": "0.01600", "2012-12-31": "0.05460", "2012-09-30": "0.03850", "2012-06-30": "0.04120", "2012-03-31": "0.04060", "2011-12-31": "0.04570", "2011-09-30": "0.04740", "2011-06-30": "0.04980", "2011-03-31": "0.05010", "2010-12-31": "0.06130", "2010-09-30": "0.06280", "2010-06-30": "0.06360", "2010-03-31": "0.05540", "2009-12-31": "0.05420", "2009-09-30": "0.05460", "2009-06-30": "0.05540", "2009-03-31": "0.05610", "2008-12-31": "0.06630", "2008-09-30": "0.06750", "2008-06-30": "0.07140", "2008-03-31": "0.07060", "2007-12-31": "0.10880", "2007-09-30": "0.10630", "2007-06-30": "0.11280", "2007-03-31": "0.12230", "2006-12-31": "0.17850", "2006-09-30": "0.14620", "2006-06-30": "0.02530", "2006-03-31": "0.02810", "2005-12-31": "0.02910", "2005-09-30": "0.04260", "2005-06-30": "0.03180", "2005-03-31": "0.03250"}, "Debt/Equity Ratio": {"2020-09-30": "0.29570", "2020-06-30": "0.27280", "2020-03-31": "0.27010", "2019-12-31": "0.20950", "2019-09-30": "0.21530", "2019-06-30": "0.21700", "2019-03-31": "0.15460", "2018-12-31": "0.15440", "2018-09-30": "0.15900", "2018-06-30": "0.15930", "2018-03-31": "0.16180", "2017-12-31": "0.15970", "2017-09-30": "0.15910", "2017-06-30": "0.04370", "2017-03-31": "0.04210", "2016-12-31": "0.04140", "2016-09-30": "0.04740", "2016-06-30": "0.04720", "2016-03-31": "0.03560", "2015-12-31": "0.03470", "2015-09-30": "0.00600", "2015-06-30": "0.00630", "2015-03-31": "0.00620", "2014-12-31": "0.00680", "2014-09-30": "0.00770", "2014-06-30": "0.04260", "2014-03-31": "0.05110", "2013-12-31": "0.09510", "2013-09-30": "0.01140", "2013-06-30": "0.01270", "2013-03-31": "0.01630", "2012-12-31": "0.05770", "2012-09-30": "0.04000", "2012-06-30": "0.04300", "2012-03-31": "0.04230", "2011-12-31": "0.04790", "2011-09-30": "0.04980", "2011-06-30": "0.05240", "2011-03-31": "0.05280", "2010-12-31": "0.06530", "2010-09-30": "0.06700", "2010-06-30": "0.06790", "2010-03-31": "0.05860", "2009-12-31": "0.05730", "2009-09-30": "0.05770", "2009-06-30": "0.05860", "2009-03-31": "0.05940", "2008-12-31": "0.07100", "2008-09-30": "0.07240", "2008-06-30": "0.07690", "2008-03-31": "0.07590", "2007-12-31": "0.12210", "2007-09-30": "0.11900", "2007-06-30": "0.12720", "2007-03-31": "0.13940", "2006-12-31": "0.21720", "2006-09-30": "0.17130", "2006-06-30": "0.02590", "2006-03-31": "0.02890", "2005-12-31": "0.03000", "2005-09-30": "0.04450", "2005-06-30": "0.03280", "2005-03-31": "0.03360"}, "Gross Margin": {"2020-09-30": "", "2020-06-30": "", "2020-03-31": "", "2019-12-31": "", "2019-09-30": "", "2019-06-30": "", "2019-03-31": "", "2018-12-31": "", "2018-09-30": "", "2018-06-30": "", "2018-03-31": "", "2017-12-31": "", "2017-09-30": "", "2017-06-30": "", "2017-03-31": "", "2016-12-31": "", "2016-09-30": "", "2016-06-30": "", "2016-03-31": "", "2015-12-31": "", "2015-09-30": "", "2015-06-30": "", "2015-03-31": "", "2014-12-31": "", "2014-09-30": "", "2014-06-30": "", "2014-03-31": "", "2013-12-31": "", "2013-09-30": "", "2013-06-30": "", "2013-03-31": "", "2012-12-31": "", "2012-09-30": "", "2012-06-30": "", "2012-03-31": "", "2011-12-31": "", "2011-09-30": "", "2011-06-30": "", "2011-03-31": "", "2010-12-31": "", "2010-09-30": "", "2010-06-30": "", "2010-03-31": "", "2009-12-31": "", "2009-09-30": "", "2009-06-30": "", "2009-03-31": "", "2008-12-31": "", "2008-09-30": "", "2008-06-30": "", "2008-03-31": "", "2007-12-31": "", "2007-09-30": "", "2007-06-30": "", "2007-03-31": "", "2006-12-31": "", "2006-09-30": "", "2006-06-30": "", "2006-03-31": "", "2005-12-31": "", "2005-09-30": "", "2005-06-30": "", "2005-03-31": ""}, "Operating Margin": {"2020-09-30": "48.39140", "2020-06-30": "45.92880", "2020-03-31": "47.51520", "2019-12-31": "54.31670", "2019-09-30": "50.85900", "2019-06-30": "50.78990", "2019-03-31": "49.83660", "2018-12-31": "55.20460", "2018-09-30": "50.80620", "2018-06-30": "50.09930", "2018-03-31": "48.90080", "2017-12-31": "56.48870", "2017-09-30": "52.46670", "2017-06-30": "53.67430", "2017-03-31": "50.60640", "2016-12-31": "57.46950", "2016-09-30": "53.22330", "2016-06-30": "53.11520", "2016-03-31": "50.72440", "2015-12-31": "56.76070", "2015-09-30": "52.43910", "2015-06-30": "50.97680", "2015-03-31": "46.30390", "2014-12-31": "53.04000", "2014-09-30": "49.29920", "2014-06-30": "49.37630", "2014-03-31": "41.77930", "2013-12-31": "50.75290", "2013-09-30": "48.82580", "2013-06-30": "48.98970", "2013-03-31": "44.86240", "2012-12-31": "52.06650", "2012-09-30": "48.30690", "2012-06-30": "46.51720", "2012-03-31": "42.03740", "2011-12-31": "45.10410", "2011-09-30": "44.85560", "2011-06-30": "44.54200", "2011-03-31": "41.15030", "2010-12-31": "43.74440", "2010-09-30": "44.11320", "2010-06-30": "43.04040", "2010-03-31": "40.73070", "2009-12-31": "47.55670", "2009-09-30": "45.93570", "2009-06-30": "44.30750", "2009-03-31": "41.34950", "2008-12-31": "45.05510", "2008-09-30": "47.74720", "2008-06-30": "35.91550", "2008-03-31": "33.22740", "2007-12-31": "39.05410", "2007-09-30": "30.65720", "2007-06-30": "20.01950", "2007-03-31": "16.76250", "2006-12-31": "2.81930", "2006-09-30": "25.30170", "2006-06-30": "45.57860", "2006-03-31": "42.63060", "2005-12-31": "46.06790", "2005-09-30": "45.06260", "2005-06-30": "43.20830", "2005-03-31": "40.62010"}, "EBIT Margin": {"2020-09-30": "48.39140", "2020-06-30": "45.92880", "2020-03-31": "47.51520", "2019-12-31": "54.31670", "2019-09-30": "50.85900", "2019-06-30": "50.78990", "2019-03-31": "49.83660", "2018-12-31": "55.20460", "2018-09-30": "50.80620", "2018-06-30": "50.09930", "2018-03-31": "48.90080", "2017-12-31": "56.48870", "2017-09-30": "52.46670", "2017-06-30": "53.67430", "2017-03-31": "50.60640", "2016-12-31": "57.46950", "2016-09-30": "53.22330", "2016-06-30": "53.11520", "2016-03-31": "50.72440", "2015-12-31": "56.76070", "2015-09-30": "52.43910", "2015-06-30": "50.97680", "2015-03-31": "46.30390", "2014-12-31": "53.04000", "2014-09-30": "49.29920", "2014-06-30": "49.37630", "2014-03-31": "41.77930", "2013-12-31": "50.75290", "2013-09-30": "48.82580", "2013-06-30": "48.98970", "2013-03-31": "44.86240", "2012-12-31": "52.06650", "2012-09-30": "48.30690", "2012-06-30": "46.51720", "2012-03-31": "42.03740", "2011-12-31": "45.10410", "2011-09-30": "44.85560", "2011-06-30": "44.54200", "2011-03-31": "41.15030", "2010-12-31": "43.74440", "2010-09-30": "44.11320", "2010-06-30": "43.04040", "2010-03-31": "40.73070", "2009-12-31": "47.55670", "2009-09-30": "45.93570", "2009-06-30": "44.30750", "2009-03-31": "41.34950", "2008-12-31": "45.05510", "2008-09-30": "47.74720", "2008-06-30": "35.91550", "2008-03-31": "33.22740", "2007-12-31": "39.05410", "2007-09-30": "30.65720", "2007-06-30": "20.01950", "2007-03-31": "16.76250", "2006-12-31": "2.81930", "2006-09-30": "25.30170", "2006-06-30": "45.57860", "2006-03-31": "42.63060", "2005-12-31": "46.06790", "2005-09-30": "45.06260", "2005-06-30": "43.20830", "2005-03-31": "40.62010"}, "EBITDA Margin": {"2020-09-30": "", "2020-06-30": "", "2020-03-31": "", "2019-12-31": "", "2019-09-30": "", "2019-06-30": "", "2019-03-31": "", "2018-12-31": "", "2018-09-30": "", "2018-06-30": "", "2018-03-31": "", "2017-12-31": "", "2017-09-30": "", "2017-06-30": "", "2017-03-31": "", "2016-12-31": "", "2016-09-30": "", "2016-06-30": "", "2016-03-31": "", "2015-12-31": "", "2015-09-30": "", "2015-06-30": "", "2015-03-31": "", "2014-12-31": "", "2014-09-30": "", "2014-06-30": "", "2014-03-31": "", "2013-12-31": "", "2013-09-30": "", "2013-06-30": "", "2013-03-31": "", "2012-12-31": "", "2012-09-30": "", "2012-06-30": "", "2012-03-31": "", "2011-12-31": "", "2011-09-30": "", "2011-06-30": "", "2011-03-31": "", "2010-12-31": "", "2010-09-30": "", "2010-06-30": "", "2010-03-31": "", "2009-12-31": "", "2009-09-30": "", "2009-06-30": "", "2009-03-31": "", "2008-12-31": "", "2008-09-30": "", "2008-06-30": "", "2008-03-31": "", "2007-12-31": "", "2007-09-30": "", "2007-06-30": "", "2007-03-31": "", "2006-12-31": "", "2006-09-30": "", "2006-06-30": "", "2006-03-31": "", "2005-12-31": "", "2005-09-30": "", "2005-06-30": "", "2005-03-31": ""}, "Pre-Tax Profit Margin": {"2020-09-30": "47.42400", "2020-06-30": "44.75660", "2020-03-31": "46.51790", "2019-12-31": "53.44940", "2019-09-30": "50.01820", "2019-06-30": "50.27340", "2019-03-31": "49.66560", "2018-12-31": "55.14640", "2018-09-30": "50.65420", "2018-06-30": "49.79880", "2018-03-31": "48.51820", "2017-12-31": "56.17810", "2017-09-30": "52.78430", "2017-06-30": "54.13180", "2017-03-31": "51.06340", "2016-12-31": "57.76660", "2016-09-30": "53.60460", "2016-06-30": "53.53300", "2016-03-31": "51.34790", "2015-12-31": "57.18870", "2015-09-30": "53.08580", "2015-06-30": "51.62490", "2015-03-31": "47.27920", "2014-12-31": "54.92330", "2014-09-30": "49.97850", "2014-06-30": "49.40530", "2014-03-31": "41.57180", "2013-12-31": "54.68210", "2013-09-30": "49.86060", "2013-06-30": "49.99280", "2013-03-31": "45.30500", "2012-12-31": "52.26850", "2012-09-30": "48.45590", "2012-06-30": "46.89800", "2012-03-31": "42.11030", "2011-12-31": "50.98080", "2011-09-30": "46.20130", "2011-06-30": "43.17630", "2011-03-31": "39.53340", "2010-12-31": "49.87550", "2010-09-30": "42.25720", "2010-06-30": "40.92680", "2010-03-31": "38.81420", "2009-12-31": "44.04600", "2009-09-30": "44.16690", "2009-06-30": "42.51460", "2009-03-31": "41.02980", "2008-12-31": "42.80950", "2008-09-30": "45.63690", "2008-06-30": "33.62130", "2008-03-31": "29.62360", "2007-12-31": "35.64650", "2007-09-30": "27.39870", "2007-06-30": "16.29180", "2007-03-31": "12.88570", "2006-12-31": "-1.88840", "2006-09-30": "22.79050", "2006-06-30": "44.95020", "2006-03-31": "42.07160", "2005-12-31": "45.22900", "2005-09-30": "44.15880", "2005-06-30": "42.52560", "2005-03-31": "39.95740"}, "Net Profit Margin": {"2020-09-30": "33.79370", "2020-06-30": "34.69960", "2020-03-31": "43.72880", "2019-12-31": "45.60990", "2019-09-30": "46.25610", "2019-06-30": "43.09880", "2019-03-31": "43.79190", "2018-12-31": "76.55350", "2018-09-30": "45.68140", "2018-06-30": "50.80760", "2018-03-31": "42.96290", "2017-12-31": "49.69150", "2017-09-30": "40.75360", "2017-06-30": "41.64930", "2017-03-31": "43.54930", "2016-12-31": "54.15990", "2016-09-30": "46.58950", "2016-06-30": "44.27320", "2016-03-31": "39.44760", "2015-12-31": "49.72730", "2015-09-30": "44.19460", "2015-06-30": "44.83850", "2015-03-31": "37.63870", "2014-12-31": "51.39080", "2014-09-30": "40.87800", "2014-06-30": "40.58310", "2014-03-31": "33.49580", "2013-12-31": "49.07300", "2013-09-30": "45.19150", "2013-06-30": "42.78830", "2013-03-31": "34.38860", "2012-12-31": "44.61270", "2012-09-30": "42.42930", "2012-06-30": "29.03580", "2012-03-31": "28.49770", "2011-12-31": "37.64730", "2011-09-30": "26.47210", "2011-06-30": "30.27380", "2011-03-31": "35.27810", "2010-12-31": "31.41830", "2010-09-30": "43.14660", "2010-06-30": "14.92400", "2010-03-31": "8.74030", "2009-12-31": "29.36410", "2009-09-30": "42.10110", "2009-06-30": "33.33220", "2009-03-31": "39.45550", "2008-12-31": "29.40400", "2008-09-30": "16.57330", "2008-06-30": "16.24350", "2008-03-31": "97.23290", "2007-12-31": "23.28770", "2007-09-30": "18.59750", "2007-06-30": "3.22030", "2007-03-31": "-1.00420", "2006-12-31": "-18.63610", "2006-09-30": "-1.63850", "2006-06-30": "23.88030", "2006-03-31": "22.34860", "2005-12-31": "24.07180", "2005-09-30": "28.99080", "2005-06-30": "23.12470", "2005-03-31": "19.41450"}, "Asset Turnover": {"2020-09-30": "0.06420", "2020-06-30": "0.05740", "2020-03-31": "0.06060", "2019-12-31": "0.06310", "2019-09-30": "0.06390", "2019-06-30": "0.06400", "2019-03-31": "0.06340", "2018-12-31": "0.06340", "2018-09-30": "0.06570", "2018-06-30": "0.06410", "2018-03-31": "0.06270", "2017-12-31": "0.06260", "2017-09-30": "0.06380", "2017-06-30": "0.06410", "2017-03-31": "0.06400", "2016-12-31": "0.06430", "2016-09-30": "0.06720", "2016-06-30": "0.06340", "2016-03-31": "0.06080", "2015-12-31": "0.06230", "2015-09-30": "0.06410", "2015-06-30": "0.06110", "2015-03-31": "0.05780", "2014-12-31": "0.05630", "2014-09-30": "0.05890", "2014-06-30": "0.05410", "2014-03-31": "0.05370", "2013-12-31": "0.05030", "2013-09-30": "0.05600", "2013-06-30": "0.05340", "2013-03-31": "0.05170", "2012-12-31": "0.05340", "2012-09-30": "0.05140", "2012-06-30": "0.04970", "2012-03-31": "0.04680", "2011-12-31": "0.04880", "2011-09-30": "0.04900", "2011-06-30": "0.04690", "2011-03-31": "0.04450", "2010-12-31": "0.04070", "2010-09-30": "0.04380", "2010-06-30": "0.04260", "2010-03-31": "0.04080", "2009-12-31": "0.04080", "2009-09-30": "0.04200", "2009-06-30": "0.04190", "2009-03-31": "0.04200", "2008-12-31": "0.04160", "2008-09-30": "0.04230", "2008-06-30": "0.04080", "2008-03-31": "0.04460", "2007-12-31": "0.04110", "2007-09-30": "0.04400", "2007-06-30": "0.04280", "2007-03-31": "0.04080", "2006-12-31": "0.03850", "2006-09-30": "0.03420", "2006-06-30": "0.04880", "2006-03-31": "0.05090", "2005-12-31": "0.04910", "2005-09-30": "0.05000", "2005-06-30": "0.05000", "2005-03-31": "0.04850"}, "Inventory Turnover Ratio": {"2020-09-30": "", "2020-06-30": "", "2020-03-31": "", "2019-12-31": "", "2019-09-30": "", "2019-06-30": "", "2019-03-31": "", "2018-12-31": "", "2018-09-30": "", "2018-06-30": "", "2018-03-31": "", "2017-12-31": "", "2017-09-30": "", "2017-06-30": "", "2017-03-31": "", "2016-12-31": "", "2016-09-30": "", "2016-06-30": "", "2016-03-31": "", "2015-12-31": "", "2015-09-30": "", "2015-06-30": "", "2015-03-31": "", "2014-12-31": "", "2014-09-30": "", "2014-06-30": "", "2014-03-31": "", "2013-12-31": "", "2013-09-30": "", "2013-06-30": "", "2013-03-31": "", "2012-12-31": "", "2012-09-30": "", "2012-06-30": "", "2012-03-31": "", "2011-12-31": "", "2011-09-30": "", "2011-06-30": "", "2011-03-31": "", "2010-12-31": "", "2010-09-30": "", "2010-06-30": "", "2010-03-31": "", "2009-12-31": "", "2009-09-30": "", "2009-06-30": "", "2009-03-31": "", "2008-12-31": "", "2008-09-30": "", "2008-06-30": "", "2008-03-31": "", "2007-12-31": "", "2007-09-30": "", "2007-06-30": "", "2007-03-31": "", "2006-12-31": "", "2006-09-30": "", "2006-06-30": "", "2006-03-31": "", "2005-12-31": "", "2005-09-30": "", "2005-06-30": "", "2005-03-31": ""}, "Receiveable Turnover": {"2020-09-30": "", "2020-06-30": "", "2020-03-31": "", "2019-12-31": "", "2019-09-30": "", "2019-06-30": "", "2019-03-31": "", "2018-12-31": "", "2018-09-30": "", "2018-06-30": "", "2018-03-31": "", "2017-12-31": "", "2017-09-30": "", "2017-06-30": "", "2017-03-31": "", "2016-12-31": "", "2016-09-30": "", "2016-06-30": "", "2016-03-31": "", "2015-12-31": "", "2015-09-30": "", "2015-06-30": "", "2015-03-31": "", "2014-12-31": "", "2014-09-30": "", "2014-06-30": "", "2014-03-31": "", "2013-12-31": "", "2013-09-30": "", "2013-06-30": "", "2013-03-31": "", "2012-12-31": "", "2012-09-30": "", "2012-06-30": "", "2012-03-31": "", "2011-12-31": "", "2011-09-30": "", "2011-06-30": "", "2011-03-31": "", "2010-12-31": "", "2010-09-30": "", "2010-06-30": "", "2010-03-31": "", "2009-12-31": "", "2009-09-30": "", "2009-06-30": "", "2009-03-31": "", "2008-12-31": "", "2008-09-30": "", "2008-06-30": "", "2008-03-31": "", "2007-12-31": "", "2007-09-30": "", "2007-06-30": "", "2007-03-31": "", "2006-12-31": "", "2006-09-30": "", "2006-06-30": "", "2006-03-31": "", "2005-12-31": "", "2005-09-30": "", "2005-06-30": "", "2005-03-31": ""}, "Days Sales In Receivables": {"2020-09-30": "", "2020-06-30": "", "2020-03-31": "", "2019-12-31": "", "2019-09-30": "", "2019-06-30": "", "2019-03-31": "", "2018-12-31": "", "2018-09-30": "", "2018-06-30": "", "2018-03-31": "", "2017-12-31": "", "2017-09-30": "", "2017-06-30": "", "2017-03-31": "", "2016-12-31": "", "2016-09-30": "", "2016-06-30": "", "2016-03-31": "", "2015-12-31": "", "2015-09-30": "", "2015-06-30": "", "2015-03-31": "", "2014-12-31": "", "2014-09-30": "", "2014-06-30": "", "2014-03-31": "", "2013-12-31": "", "2013-09-30": "", "2013-06-30": "", "2013-03-31": "", "2012-12-31": "", "2012-09-30": "", "2012-06-30": "", "2012-03-31": "", "2011-12-31": "", "2011-09-30": "", "2011-06-30": "", "2011-03-31": "", "2010-12-31": "", "2010-09-30": "", "2010-06-30": "", "2010-03-31": "", "2009-12-31": "", "2009-09-30": "", "2009-06-30": "", "2009-03-31": "", "2008-12-31": "", "2008-09-30": "", "2008-06-30": "", "2008-03-31": "", "2007-12-31": "", "2007-09-30": "", "2007-06-30": "", "2007-03-31": "", "2006-12-31": "", "2006-09-30": "", "2006-06-30": "", "2006-03-31": "", "2005-12-31": "", "2005-09-30": "", "2005-06-30": "", "2005-03-31": ""}, "ROE - Return On Equity": {"2020-09-30": "6.77150", "2020-06-30": "6.47790", "2020-03-31": "7.37170", "2019-12-31": "7.71930", "2019-09-30": "7.95230", "2019-06-30": "7.34540", "2019-03-31": "7.25260", "2018-12-31": "11.48320", "2018-09-30": "7.75460", "2018-06-30": "8.27840", "2018-03-31": "7.04250", "2017-12-31": "7.91520", "2017-09-30": "7.26070", "2017-06-30": "7.14050", "2017-03-31": "6.84480", "2016-12-31": "8.19210", "2016-09-30": "7.27670", "2016-06-30": "7.06190", "2016-03-31": "6.22560", "2015-12-31": "7.10260", "2015-09-30": "6.65810", "2015-06-30": "6.40000", "2015-03-31": "5.52810", "2014-12-31": "6.72360", "2014-09-30": "5.71950", "2014-06-30": "5.37580", "2014-03-31": "4.38790", "2013-12-31": "5.66890", "2013-09-30": "5.44650", "2013-06-30": "5.03060", "2013-03-31": "4.08840", "2012-12-31": "5.14800", "2012-09-30": "4.92940", "2012-06-30": "3.89950", "2012-03-31": "4.01460", "2011-12-31": "4.20460", "2011-09-30": "3.71360", "2011-06-30": "3.95490", "2011-03-31": "3.93840", "2010-12-31": "3.56220", "2010-09-30": "4.47800", "2010-06-30": "2.37320", "2010-03-31": "2.39220", "2009-12-31": "3.30600", "2009-09-30": "4.30660", "2009-06-30": "3.84730", "2009-03-31": "2.81110", "2008-12-31": "2.92010", "2008-09-30": "2.78450", "2008-06-30": "2.66580", "2008-03-31": "9.52970", "2007-12-31": "3.75470", "2007-09-30": "2.94430", "2007-06-30": "1.49580", "2007-03-31": "1.15880", "2006-12-31": "-0.14030", "2006-09-30": "1.44720", "2006-06-30": "5.57750", "2006-03-31": "4.90360", "2005-12-31": "5.30830", "2005-09-30": "5.31080", "2005-06-30": "4.68870", "2005-03-31": "4.13000"}, "Return On Tangible Equity": {"2020-09-30": "3.95090", "2020-06-30": "3.58740", "2020-03-31": "4.14950", "2019-12-31": "4.36230", "2019-09-30": "4.65660", "2019-06-30": "4.32710", "2019-03-31": "4.13860", "2018-12-31": "6.57990", "2018-09-30": "4.35770", "2018-06-30": "4.65140", "2018-03-31": "3.95670", "2017-12-31": "4.46850", "2017-09-30": "4.09290", "2017-06-30": "3.77280", "2017-03-31": "3.74590", "2016-12-31": "4.50410", "2016-09-30": "4.15760", "2016-06-30": "3.96360", "2016-03-31": "3.43450", "2015-12-31": "4.06470", "2015-09-30": "3.75260", "2015-06-30": "3.60910", "2015-03-31": "3.06960", "2014-12-31": "3.75520", "2014-09-30": "3.25500", "2014-06-30": "3.06260", "2014-03-31": "2.60360", "2013-12-31": "3.47620", "2013-09-30": "3.32520", "2013-06-30": "3.05740", "2013-03-31": "2.48330", "2012-12-31": "3.43830", "2012-09-30": "2.97960", "2012-06-30": "2.37360", "2012-03-31": "2.39840", "2011-12-31": "2.69870", "2011-09-30": "2.35250", "2011-06-30": "2.51690", "2011-03-31": "2.46940", "2010-12-31": "2.22860", "2010-09-30": "2.83000", "2010-06-30": "1.49020", "2010-03-31": "1.50510", "2009-12-31": "2.11530", "2009-09-30": "2.75180", "2009-06-30": "2.44410", "2009-03-31": "1.77930", "2008-12-31": "1.86390", "2008-09-30": "1.72900", "2008-06-30": "1.66190", "2008-03-31": "5.95590", "2007-12-31": "2.33620", "2007-09-30": "1.84190", "2007-06-30": "0.95810", "2007-03-31": "0.75170", "2006-12-31": "-0.09480", "2006-09-30": "0.99820", "2006-06-30": "2.45020", "2006-03-31": "2.39260", "2005-12-31": "2.55710", "2005-09-30": "2.64010", "2005-06-30": "2.43120", "2005-03-31": "2.18410"}, "ROA - Return On Assets": {"2020-09-30": "2.86200", "2020-06-30": "2.55550", "2020-03-31": "3.09510", "2019-12-31": "3.40590", "2019-09-30": "3.49940", "2019-06-30": "3.34240", "2019-03-31": "3.38090", "2018-12-31": "5.37970", "2018-09-30": "3.53170", "2018-06-30": "3.79030", "2018-03-31": "3.22340", "2017-12-31": "3.64270", "2017-09-30": "3.32790", "2017-06-30": "3.42670", "2017-03-31": "3.41160", "2016-12-31": "4.10330", "2016-09-30": "3.74070", "2016-06-30": "3.58460", "2016-03-31": "3.15320", "2015-12-31": "3.73540", "2015-09-30": "3.53330", "2015-06-30": "3.40480", "2015-03-31": "2.89860", "2014-12-31": "3.54860", "2014-09-30": "3.06490", "2014-06-30": "2.79780", "2014-03-31": "2.35760", "2013-12-31": "3.01710", "2013-09-30": "3.12160", "2013-06-30": "2.87730", "2013-03-31": "2.33200", "2012-12-31": "3.09430", "2012-09-30": "2.72270", "2012-06-30": "2.16470", "2012-03-31": "2.19520", "2011-12-31": "2.44750", "2011-09-30": "2.12280", "2011-06-30": "2.27300", "2011-03-31": "2.23500", "2010-12-31": "1.99310", "2010-09-30": "2.51720", "2010-06-30": "1.32470", "2010-03-31": "1.32780", "2009-12-31": "1.90890", "2009-09-30": "2.47550", "2009-06-30": "2.19930", "2009-03-31": "1.59910", "2008-12-31": "1.65830", "2008-09-30": "1.47540", "2008-06-30": "1.41660", "2008-03-31": "5.08490", "2007-12-31": "1.84700", "2007-09-30": "1.44880", "2007-06-30": "0.74290", "2007-03-31": "0.57450", "2006-12-31": "-0.06710", "2006-09-30": "0.73010", "2006-06-30": "2.11060", "2006-03-31": "2.07440", "2005-12-31": "2.21660", "2005-09-30": "2.24800", "2005-06-30": "2.05690", "2005-03-31": "1.84040"}, "ROI - Return On Investment": {"2020-09-30": "2.97530", "2020-06-30": "2.75380", "2020-03-31": "3.19140", "2019-12-31": "3.52480", "2019-09-30": "3.73940", "2019-06-30": "3.47070", "2019-03-31": "3.50140", "2018-12-31": "5.56890", "2018-09-30": "3.67180", "2018-06-30": "3.91900", "2018-03-31": "3.32510", "2017-12-31": "3.76080", "2017-09-30": "3.44980", "2017-06-30": "3.53690", "2017-03-31": "3.51420", "2016-12-31": "4.22770", "2016-09-30": "3.87660", "2016-06-30": "3.69770", "2016-03-31": "3.24180", "2015-12-31": "3.83810", "2015-09-30": "3.64490", "2015-06-30": "3.50310", "2015-03-31": "2.97920", "2014-12-31": "3.64020", "2014-09-30": "3.15010", "2014-06-30": "2.96470", "2014-03-31": "2.51180", "2013-12-31": "3.32640", "2013-09-30": "3.20680", "2013-06-30": "2.94820", "2013-03-31": "2.38580", "2012-12-31": "3.16690", "2012-09-30": "2.79570", "2012-06-30": "2.21960", "2012-03-31": "2.24600", "2011-12-31": "2.51020", "2011-09-30": "2.18460", "2011-06-30": "2.33350", "2011-03-31": "2.28910", "2010-12-31": "2.04000", "2010-09-30": "2.58600", "2010-06-30": "1.35950", "2010-03-31": "1.38760", "2009-12-31": "1.95380", "2009-09-30": "2.54010", "2009-06-30": "2.25330", "2009-03-31": "1.63710", "2008-12-31": "1.69680", "2008-09-30": "1.57090", "2008-06-30": "1.50260", "2008-03-31": "5.38400", "2007-12-31": "1.99920", "2007-09-30": "1.57150", "2007-06-30": "0.80690", "2007-03-31": "0.62120", "2006-12-31": "-0.07250", "2006-09-30": "0.79170", "2006-06-30": "2.31150", "2006-03-31": "2.24290", "2005-12-31": "2.39490", "2005-09-30": "2.43470", "2005-06-30": "2.26260", "2005-03-31": "2.02880"}, "Book Value Per Share": {"2020-09-30": "48.43250", "2020-06-30": "51.63470", "2020-03-31": "51.75650", "2019-12-31": "52.05660", "2019-09-30": "50.40180", "2019-06-30": "50.45760", "2019-03-31": "52.20340", "2018-12-31": "52.51640", "2018-09-30": "51.24680", "2018-06-30": "51.25130", "2018-03-31": "51.26140", "2017-12-31": "51.56290", "2017-09-30": "51.56830", "2017-06-30": "55.39480", "2017-03-31": "54.12780", "2016-12-31": "54.48500", "2016-09-30": "52.49680", "2016-06-30": "53.46410", "2016-03-31": "54.61390", "2015-12-31": "53.18980", "2015-09-30": "53.82350", "2015-06-30": "53.89430", "2015-03-31": "54.74620", "2014-12-31": "55.13130", "2014-09-30": "53.89450", "2014-06-30": "54.03010", "2014-03-31": "52.25290", "2013-12-31": "51.33930", "2013-09-30": "51.27350", "2013-06-30": "51.04190", "2013-03-31": "51.03340", "2012-12-31": "47.39450", "2012-09-30": "50.97130", "2012-06-30": "50.32960", "2012-03-31": "51.74890", "2011-12-31": "48.81920", "2011-09-30": "49.45960", "2011-06-30": "50.63290", "2011-03-31": "51.63470", "2010-12-31": "51.45510", "2010-09-30": "52.04750", "2010-06-30": "51.67840", "2010-03-31": "52.22670", "2009-12-31": "53.80680", "2009-09-30": "53.67500", "2009-06-30": "53.14230", "2009-03-31": "52.72470", "2008-12-31": "53.88110", "2008-09-30": "50.45340", "2008-06-30": "50.76310", "2008-03-31": "50.89780", "2007-12-31": "51.72370", "2007-09-30": "49.16090", "2007-06-30": "48.05390", "2007-03-31": "48.40810", "2006-12-31": "50.31330", "2006-09-30": "50.57960", "2006-06-30": "39.64300", "2006-03-31": "35.92010", "2005-12-31": "36.46400", "2005-09-30": "35.35610", "2005-06-30": "33.84270", "2005-03-31": "33.24040"}, "Operating Cash Flow Per Share": {"2020-09-30": 3.0234, "2020-06-30": 3.0889, "2020-03-31": "2.65120", "2019-12-31": 2.869, "2019-09-30": 3.1616, "2019-06-30": 3.1219, "2019-03-31": "2.69440", "2018-12-31": 2.8263, "2018-09-30": 3.3927, "2018-06-30": 2.9879, "2018-03-31": "2.63290", "2017-12-31": 2.7053, "2017-09-30": 3.0778, "2017-06-30": 2.9081, "2017-03-31": "2.63740", "2016-12-31": 2.6745, "2016-09-30": 2.9691, "2016-06-30": 3.0077, "2016-03-31": "2.53660", "2015-12-31": 2.5164, "2015-09-30": 2.7171, "2015-06-30": 2.6362, "2015-03-31": "2.20630", "2014-12-31": 2.6077, "2014-09-30": 2.4615, "2014-06-30": 2.2787, "2014-03-31": "1.91370", "2013-12-31": 2.266, "2013-09-30": 2.1212, "2013-06-30": 2.1025, "2013-03-31": "1.79310", "2012-12-31": 1.923, "2012-09-30": 2.0354, "2012-06-30": 1.9005, "2012-03-31": "1.63050", "2011-12-31": 1.7281, "2011-09-30": 1.9017, "2011-06-30": 1.8639, "2011-03-31": "1.55430", "2010-12-31": 1.605, "2010-09-30": 1.7357, "2010-06-30": 1.7217, "2010-03-31": "1.37690", "2009-12-31": 1.6395, "2009-09-30": 1.7369, "2009-06-30": 1.6751, "2009-03-31": "1.54250", "2008-12-31": 1.5839, "2008-09-30": 1.7669, "2008-06-30": 1.6158, "2008-03-31": "1.41830", "2007-12-31": 1.7427, "2007-09-30": 1.6714, "2007-06-30": 1.5991, "2007-03-31": "1.15490", "2006-12-31": 1.2363, "2006-09-30": 1.1587, "2006-06-30": 1.5833, "2006-03-31": "1.26220", "2005-12-31": 1.2826, "2005-09-30": 1.3372, "2005-06-30": 1.458, "2005-03-31": "1.15330"}, "Free Cash Flow Per Share": {"2020-09-30": 2.5836, "2020-06-30": 2.6107, "2020-03-31": "2.04920", "2019-12-31": 2.1965, "2019-09-30": 2.3752, "2019-06-30": 2.5072, "2019-03-31": "2.06360", "2018-12-31": 2.0298, "2018-09-30": 2.7155, "2018-06-30": 2.2693, "2018-03-31": "2.06550", "2017-12-31": 1.943, "2017-09-30": 2.4554, "2017-06-30": 2.2113, "2017-03-31": "2.08970", "2016-12-31": 2.106, "2016-09-30": 2.5126, "2016-06-30": 2.4694, "2016-03-31": "2.07930", "2015-12-31": 2.0459, "2015-09-30": 2.2433, "2015-06-30": 2.2957, "2015-03-31": "1.79620", "2014-12-31": 2.1403, "2014-09-30": 2.1137, "2014-06-30": 2.0323, "2014-03-31": "1.69010", "2013-12-31": 2.1182, "2013-09-30": 1.6794, "2013-06-30": 1.9724, "2013-03-31": "1.58680", "2012-12-31": 1.8383, "2012-09-30": 1.9076, "2012-06-30": 1.7452, "2012-03-31": "1.54140", "2011-12-31": 1.6392, "2011-09-30": 1.7915, "2011-06-30": 1.6359, "2011-03-31": "1.46060", "2010-12-31": 1.5234, "2010-09-30": 1.5296, "2010-06-30": 1.5113, "2010-03-31": "1.31980", "2009-12-31": 1.5616, "2009-09-30": 1.5899, "2009-06-30": 1.5109, "2009-03-31": "1.47820", "2008-12-31": 1.4639, "2008-09-30": 1.4173, "2008-06-30": 1.374, "2008-03-31": "1.23490", "2007-12-31": 1.3835, "2007-09-30": 1.3509, "2007-06-30": 1.3136, "2007-03-31": "0.99310", "2006-12-31": 0.7058, "2006-09-30": 0.8415, "2006-06-30": 1.3368, "2006-03-31": "1.03300", "2005-12-31": 0.8729, "2005-09-30": 1.1531, "2005-06-30": 1.3056, "2005-03-31": "1.02900"}}, "revenue": {"Public Storage Annual Revenue (Millions of US $)": {"2019": "$2,847", "2018": "$2,754", "2017": "$2,669", "2016": "$2,561", "2015": "$2,382", "2014": "$2,177", "2013": "$1,965", "2012": "$1,843", "2011": "$1,736", "2010": "$1,614", "2009": "$1,623", "2008": "$1,720", "2007": "$1,787", "2006": "$1,379", "2005": "$1,060"}, "Public Storage Quarterly Revenue (Millions of US $)": {"2020-09-30": "$731", "2020-06-30": "$709", "2020-03-31": "$716", "2019-12-31": "$717", "2019-09-30": "$729", "2019-06-30": "$711", "2019-03-31": "$689", "2018-12-31": "$692", "2018-09-30": "$706", "2018-06-30": "$686", "2018-03-31": "$670", "2017-12-31": "$672", "2017-09-30": "$686", "2017-06-30": "$664", "2017-03-31": "$646", "2016-12-31": "$651", "2016-09-30": "$663", "2016-06-30": "$634", "2016-03-31": "$612", "2015-12-31": "$609", "2015-09-30": "$619", "2015-06-30": "$589", "2015-03-31": "$565", "2014-12-31": "$553", "2014-09-30": "$567", "2014-06-30": "$538", "2014-03-31": "$520", "2013-12-31": "$497", "2013-09-30": "$512", "2013-06-30": "$485", "2013-03-31": "$471", "2012-12-31": "$470", "2012-09-30": "$477", "2012-06-30": "$456", "2012-03-31": "$440", "2011-12-31": "$436", "2011-09-30": "$446", "2011-06-30": "$434", "2011-03-31": "$420", "2010-12-31": "$386", "2010-09-30": "$422", "2010-06-30": "$408", "2010-03-31": "$397", "2009-12-31": "$400", "2009-09-30": "$412", "2009-06-30": "$406", "2009-03-31": "$404", "2008-12-31": "$413", "2008-09-30": "$431", "2008-06-30": "$418", "2008-03-31": "$457", "2007-12-31": "$437", "2007-09-30": "$468", "2007-06-30": "$448", "2007-03-31": "$434", "2006-12-31": "$431", "2006-09-30": "$371", "2006-06-30": "$298", "2006-03-31": "$279", "2005-12-31": "$273", "2005-09-30": "$273", "2005-06-30": "$263", "2005-03-31": "$251"}}, "gross-profit": {"Public Storage Annual Gross Profit (Millions of US $)": {"2019": "$2,050", "2018": "$2,015", "2017": "$1,961", "2016": "$1,891", "2015": "$1,746", "2014": "$1,564", "2013": "$1,405", "2012": "$1,287", "2011": "$1,175", "2010": "$1,085", "2009": "$1,102", "2008": "$1,166", "2007": "$1,156", "2006": "$883", "2005": "$682"}, "Public Storage Quarterly Gross Profit (Millions of US $)": {"2020-09-30": "$513", "2020-06-30": "$484", "2020-03-31": "$497", "2019-12-31": "$545", "2019-09-30": "$517", "2019-06-30": "$503", "2019-03-31": "$485", "2018-12-31": "$532", "2018-09-30": "$511", "2018-06-30": "$495", "2018-03-31": "$477", "2017-12-31": "$520", "2017-09-30": "$496", "2017-06-30": "$482", "2017-03-31": "$463", "2016-12-31": "$506", "2016-09-30": "$485", "2016-06-30": "$462", "2016-03-31": "$439", "2015-12-31": "$472", "2015-09-30": "$454", "2015-06-30": "$428", "2015-03-31": "$393", "2014-12-31": "$423", "2014-09-30": "$409", "2014-06-30": "$387", "2014-03-31": "$345", "2013-12-31": "$378", "2013-09-30": "$364", "2013-06-30": "$343", "2013-03-31": "$321", "2012-12-31": "$350", "2012-09-30": "$336", "2012-06-30": "$313", "2012-03-31": "$288", "2011-12-31": "$298", "2011-09-30": "$307", "2011-06-30": "$295", "2011-03-31": "$275", "2010-12-31": "$271", "2010-09-30": "$288", "2010-06-30": "$270", "2010-03-31": "$257", "2009-12-31": "$285", "2009-09-30": "$284", "2009-06-30": "$272", "2009-03-31": "$261", "2008-12-31": "$293", "2008-09-30": "$306", "2008-06-30": "$278", "2008-03-31": "$289", "2007-12-31": "$309", "2007-09-30": "$303", "2007-06-30": "$279", "2007-03-31": "$266", "2006-12-31": "$272", "2006-09-30": "$244", "2006-06-30": "$191", "2006-03-31": "$176", "2005-12-31": "$182", "2005-09-30": "$177", "2005-06-30": "$168", "2005-03-31": "$155"}}, "operating-income": {"Public Storage Annual Operating Income (Millions of US $)": {"2019": "$1,465", "2018": "$1,412", "2017": "$1,423", "2016": "$1,374", "2015": "$1,232", "2014": "$1,055", "2013": "$951", "2012": "$872", "2011": "$763", "2010": "$693", "2009": "$727", "2008": "$694", "2007": "$477", "2006": "$361", "2005": "$464"}, "Public Storage Quarterly Operating Income (Millions of US $)": {"2020-09-30": "$354", "2020-06-30": "$326", "2020-03-31": "$340", "2019-12-31": "$390", "2019-09-30": "$371", "2019-06-30": "$361", "2019-03-31": "$343", "2018-12-31": "$382", "2018-09-30": "$359", "2018-06-30": "$343", "2018-03-31": "$328", "2017-12-31": "$380", "2017-09-30": "$360", "2017-06-30": "$357", "2017-03-31": "$327", "2016-12-31": "$374", "2016-09-30": "$353", "2016-06-30": "$337", "2016-03-31": "$310", "2015-12-31": "$346", "2015-09-30": "$325", "2015-06-30": "$300", "2015-03-31": "$262", "2014-12-31": "$293", "2014-09-30": "$280", "2014-06-30": "$266", "2014-03-31": "$217", "2013-12-31": "$252", "2013-09-30": "$250", "2013-06-30": "$238", "2013-03-31": "$211", "2012-12-31": "$245", "2012-09-30": "$231", "2012-06-30": "$212", "2012-03-31": "$185", "2011-12-31": "$197", "2011-09-30": "$200", "2011-06-30": "$193", "2011-03-31": "$173", "2010-12-31": "$169", "2010-09-30": "$186", "2010-06-30": "$175", "2010-03-31": "$162", "2009-12-31": "$190", "2009-09-30": "$189", "2009-06-30": "$180", "2009-03-31": "$167", "2008-12-31": "$186", "2008-09-30": "$206", "2008-06-30": "$150", "2008-03-31": "$152", "2007-12-31": "$171", "2007-09-30": "$144", "2007-06-30": "$90", "2007-03-31": "$73", "2006-12-31": "$12", "2006-09-30": "$94", "2006-06-30": "$136", "2006-03-31": "$119", "2005-12-31": "$126", "2005-09-30": "$123", "2005-06-30": "$114", "2005-03-31": "$102"}}, "ebitda": {"Public Storage Annual EBITDA (Millions of US $)": {"2019": "$1,978", "2018": "$1,896", "2017": "$1,878", "2016": "$1,808", "2015": "$1,658", "2014": "$1,493", "2013": "$1,339", "2012": "$1,230", "2011": "$1,121", "2010": "$1,047", "2009": "$1,069", "2008": "$1,109", "2007": "$1,100", "2006": "$799", "2005": "$659"}, "Public Storage Quarterly EBITDA (Millions of US $)": {"2020-09-30": "$492", "2020-06-30": "$463", "2020-03-31": "$476", "2019-12-31": "$525", "2019-09-30": "$500", "2019-06-30": "$488", "2019-03-31": "$465", "2018-12-31": "$504", "2018-09-30": "$483", "2018-06-30": "$463", "2018-03-31": "$446", "2017-12-31": "$500", "2017-09-30": "$473", "2017-06-30": "$467", "2017-03-31": "$438", "2016-12-31": "$486", "2016-09-30": "$462", "2016-06-30": "$444", "2016-03-31": "$415", "2015-12-31": "$452", "2015-09-30": "$431", "2015-06-30": "$407", "2015-03-31": "$369", "2014-12-31": "$404", "2014-09-30": "$391", "2014-06-30": "$372", "2014-03-31": "$326", "2013-12-31": "$361", "2013-09-30": "$347", "2013-06-30": "$329", "2013-03-31": "$302", "2012-12-31": "$245", "2012-09-30": "$231", "2012-06-30": "$301", "2012-03-31": "$272", "2011-12-31": "$287", "2011-09-30": "$291", "2011-06-30": "$283", "2011-03-31": "$261", "2010-12-31": "$261", "2010-09-30": "$279", "2010-06-30": "$261", "2010-03-31": "$247", "2009-12-31": "$240", "2009-09-30": "$313", "2009-06-30": "$264", "2009-03-31": "$252", "2008-12-31": "$290", "2008-09-30": "$516", "2008-06-30": "$174", "2008-03-31": "$128", "2007-12-31": "$305", "2007-09-30": "$634", "2007-06-30": "$-88", "2007-03-31": "$248", "2006-12-31": "$239", "2006-09-30": "$207", "2006-06-30": "$184", "2006-03-31": "$169", "2005-12-31": "$177", "2005-09-30": "$171", "2005-06-30": "$162", "2005-03-31": "$150"}}, "net-income": {"Public Storage Annual Net Income (Millions of US $)": {"2019": "$1,273", "2018": "$1,489", "2017": "$1,172", "2016": "$1,184", "2015": "$1,053", "2014": "$908", "2013": "$845", "2012": "$670", "2011": "$562", "2010": "$399", "2009": "$586", "2008": "$706", "2007": "$199", "2006": "$47", "2005": "$254"}, "Public Storage Quarterly Net Income (Millions of US $)": {"2020-09-30": "$247", "2020-06-30": "$246", "2020-03-31": "$313", "2019-12-31": "$327", "2019-09-30": "$337", "2019-06-30": "$306", "2019-03-31": "$302", "2018-12-31": "$530", "2018-09-30": "$323", "2018-06-30": "$348", "2018-03-31": "$288", "2017-12-31": "$334", "2017-09-30": "$280", "2017-06-30": "$277", "2017-03-31": "$281", "2016-12-31": "$353", "2016-09-30": "$309", "2016-06-30": "$281", "2016-03-31": "$241", "2015-12-31": "$303", "2015-09-30": "$274", "2015-06-30": "$264", "2015-03-31": "$213", "2014-12-31": "$284", "2014-09-30": "$232", "2014-06-30": "$218", "2014-03-31": "$174", "2013-12-31": "$244", "2013-09-30": "$231", "2013-06-30": "$208", "2013-03-31": "$162", "2012-12-31": "$210", "2012-09-30": "$202", "2012-06-30": "$132", "2012-03-31": "$125", "2011-12-31": "$164", "2011-09-30": "$118", "2011-06-30": "$132", "2011-03-31": "$148", "2010-12-31": "$121", "2010-09-30": "$182", "2010-06-30": "$61", "2010-03-31": "$35", "2009-12-31": "$117", "2009-09-30": "$173", "2009-06-30": "$135", "2009-03-31": "$159", "2008-12-31": "$122", "2008-09-30": "$71", "2008-06-30": "$68", "2008-03-31": "$445", "2007-12-31": "$102", "2007-09-30": "$87", "2007-06-30": "$14", "2007-03-31": "$-4", "2006-12-31": "$-80", "2006-09-30": "$-6", "2006-06-30": "$71", "2006-03-31": "$62", "2005-12-31": "$66", "2005-09-30": "$79", "2005-06-30": "$61", "2005-03-31": "$49"}}, "eps-earnings-per-share-diluted": {"Public Storage Annual EPS": {"2019": "$7.29", "2018": "$8.54", "2017": "$6.73", "2016": "$6.81", "2015": "$6.07", "2014": "$5.25", "2013": "$4.89", "2012": "$3.90", "2011": "$3.29", "2010": "$2.35", "2009": "$3.47", "2008": "$4.18", "2007": "$1.17", "2006": "$0.33", "2005": "$1.97"}, "Public Storage Quarterly EPS": {"2020-09-30": "$1.41", "2020-06-30": "$1.41", "2020-03-31": "$1.79", "2019-12-31": "$1.87", "2019-09-30": "$1.93", "2019-06-30": "$1.76", "2019-03-31": "$1.73", "2018-12-31": "$3.04", "2018-09-30": "$1.85", "2018-06-30": "$2.00", "2018-03-31": "$1.65", "2017-12-31": "$1.91", "2017-09-30": "$1.61", "2017-06-30": "$1.59", "2017-03-31": "$1.62", "2016-12-31": "$2.03", "2016-09-30": "$1.78", "2016-06-30": "$1.61", "2016-03-31": "$1.39", "2015-12-31": "$1.74", "2015-09-30": "$1.58", "2015-06-30": "$1.52", "2015-03-31": "$1.23", "2014-12-31": "$1.64", "2014-09-30": "$1.34", "2014-06-30": "$1.26", "2014-03-31": "$1.01", "2013-12-31": "$1.41", "2013-09-30": "$1.34", "2013-06-30": "$1.20", "2013-03-31": "$0.94", "2012-12-31": "$1.22", "2012-09-30": "$1.18", "2012-06-30": "$0.77", "2012-03-31": "$0.73", "2011-12-31": "$0.96", "2011-09-30": "$0.69", "2011-06-30": "$0.77", "2011-03-31": "$0.87", "2010-12-31": "$0.71", "2010-09-30": "$1.07", "2010-06-30": "$0.36", "2010-03-31": "$0.21", "2009-12-31": "$0.69", "2009-09-30": "$1.03", "2009-06-30": "$0.80", "2009-03-31": "$0.95", "2008-12-31": "$0.73", "2008-09-30": "$0.42", "2008-06-30": "$0.40", "2008-03-31": "$2.63", "2007-12-31": "$0.61", "2007-09-30": "$0.51", "2007-06-30": "$0.08", "2007-03-31": "$-0.03", "2006-12-31": "$-0.66", "2006-09-30": "$-0.04", "2006-06-30": "$0.55", "2006-03-31": "$0.48", "2005-12-31": "$0.50", "2005-09-30": "$0.62", "2005-06-30": "$0.47", "2005-03-31": "$0.38"}}, "shares-outstanding": {"Public Storage Annual Shares Outstanding (Millions of Shares)": {"2019": "175", "2018": "174", "2017": "174", "2016": "174", "2015": "174", "2014": "173", "2013": "173", "2012": "172", "2011": "171", "2010": "170", "2009": "169", "2008": "169", "2007": "170", "2006": "144", "2005": "129"}, "Public Storage Quarterly Shares Outstanding (Millions of Shares)": {"2020-09-30": "175", "2020-06-30": "175", "2020-03-31": "175", "2019-12-31": "175", "2019-09-30": "175", "2019-06-30": "175", "2019-03-31": "174", "2018-12-31": "174", "2018-09-30": "174", "2018-06-30": "174", "2018-03-31": "174", "2017-12-31": "174", "2017-09-30": "174", "2017-06-30": "174", "2017-03-31": "174", "2016-12-31": "174", "2016-09-30": "174", "2016-06-30": "174", "2016-03-31": "174", "2015-12-31": "174", "2015-09-30": "174", "2015-06-30": "173", "2015-03-31": "173", "2014-12-31": "173", "2014-09-30": "173", "2014-06-30": "173", "2014-03-31": "173", "2013-12-31": "173", "2013-09-30": "173", "2013-06-30": "173", "2013-03-31": "173", "2012-12-31": "172", "2012-09-30": "172", "2012-06-30": "172", "2012-03-31": "171", "2011-12-31": "171", "2011-09-30": "171", "2011-06-30": "170", "2011-03-31": "170", "2010-12-31": "170", "2010-09-30": "170", "2010-06-30": "170", "2010-03-31": "169", "2009-12-31": "169", "2009-09-30": "169", "2009-06-30": "169", "2009-03-31": "168", "2008-12-31": "169", "2008-09-30": "169", "2008-06-30": "168", "2008-03-31": "169", "2007-12-31": "170", "2007-09-30": "170", "2007-06-30": "170", "2007-03-31": "169", "2006-12-31": "144", "2006-09-30": "145", "2006-06-30": "129", "2006-03-31": "129", "2005-12-31": "129", "2005-09-30": "129", "2005-06-30": "129", "2005-03-31": "129"}}, "total-assets": {"Public Storage Annual Total Assets (Millions of US $)": {"2019": "$11,365", "2018": "$10,928", "2017": "$10,733", "2016": "$10,130", "2015": "$9,778", "2014": "$9,819", "2013": "$9,876", "2012": "$8,793", "2011": "$8,933", "2010": "$9,495", "2009": "$9,806", "2008": "$9,936", "2007": "$10,643", "2006": "$11,198", "2005": "$5,552"}, "Public Storage Quarterly Total Assets (Millions of US $)": {"2020-09-30": "$11,385", "2020-06-30": "$12,358", "2020-03-31": "$11,826", "2019-12-31": "$11,365", "2019-09-30": "$11,414", "2019-06-30": "$11,113", "2019-03-31": "$10,875", "2018-12-31": "$10,928", "2018-09-30": "$10,748", "2018-06-30": "$10,693", "2018-03-31": "$10,686", "2017-12-31": "$10,733", "2017-09-30": "$10,766", "2017-06-30": "$10,366", "2017-03-31": "$10,084", "2016-12-31": "$10,130", "2016-09-30": "$9,866", "2016-06-30": "$9,997", "2016-03-31": "$10,064", "2015-12-31": "$9,778", "2015-09-30": "$9,655", "2015-06-30": "$9,635", "2015-03-31": "$9,772", "2014-12-31": "$9,819", "2014-09-30": "$9,624", "2014-06-30": "$9,946", "2014-03-31": "$9,683", "2013-12-31": "$9,876", "2013-09-30": "$9,150", "2013-06-30": "$9,095", "2013-03-31": "$9,102", "2012-12-31": "$8,793", "2012-09-30": "$9,288", "2012-06-30": "$9,179", "2012-03-31": "$9,406", "2011-12-31": "$8,933", "2011-09-30": "$9,086", "2011-06-30": "$9,272", "2011-03-31": "$9,436", "2010-12-31": "$9,495", "2010-09-30": "$9,651", "2010-06-30": "$9,570", "2010-03-31": "$9,744", "2009-12-31": "$9,806", "2009-09-30": "$9,809", "2009-06-30": "$9,704", "2009-03-31": "$9,626", "2008-12-31": "$9,936", "2008-09-30": "$10,195", "2008-06-30": "$10,253", "2008-03-31": "$10,248", "2007-12-31": "$10,643", "2007-09-30": "$10,630", "2007-06-30": "$10,477", "2007-03-31": "$10,619", "2006-12-31": "$11,198", "2006-09-30": "$10,855", "2006-06-30": "$6,100", "2006-03-31": "$5,471", "2005-12-31": "$5,552", "2005-09-30": "$5,472", "2005-06-30": "$5,257", "2005-03-31": "$5,178"}}, "cash-on-hand": {"Public Storage Annual Cash on Hand (Millions of US $)": {"2019": "$410", "2018": "$361", "2017": "$433", "2016": "$184", "2015": "$104", "2014": "$188", "2013": "$19", "2012": "$17", "2011": "$139", "2010": "$559", "2009": "$764", "2008": "$681", "2007": "$245", "2006": "$556", "2005": "$494"}, "Public Storage Quarterly Cash on Hand (Millions of US $)": {"2020-09-30": "$294", "2020-06-30": "$1,268", "2020-03-31": "$718", "2019-12-31": "$410", "2019-09-30": "$541", "2019-06-30": "$360", "2019-03-31": "$218", "2018-12-31": "$361", "2018-09-30": "$433", "2018-06-30": "$338", "2018-03-31": "$363", "2017-12-31": "$433", "2017-09-30": "$694", "2017-06-30": "$358", "2017-03-31": "$121", "2016-12-31": "$184", "2016-09-30": "$57", "2016-06-30": "$260", "2016-03-31": "$306", "2015-12-31": "$104", "2015-09-30": "$36", "2015-06-30": "$20", "2015-03-31": "$153", "2014-12-31": "$188", "2014-09-30": "$98", "2014-06-30": "$388", "2014-03-31": "$101", "2013-12-31": "$19", "2013-09-30": "$57", "2013-06-30": "$411", "2013-03-31": "$398", "2012-12-31": "$17", "2012-09-30": "$536", "2012-06-30": "$438", "2012-03-31": "$620", "2011-12-31": "$139", "2011-09-30": "$161", "2011-06-30": "$144", "2011-03-31": "$145", "2010-12-31": "$559", "2010-09-30": "$616", "2010-06-30": "$569", "2010-03-31": "$815", "2009-12-31": "$764", "2009-09-30": "$671", "2009-06-30": "$585", "2009-03-31": "$493", "2008-12-31": "$681", "2008-09-30": "$808", "2008-06-30": "$794", "2008-03-31": "$746", "2007-12-31": "$245", "2007-09-30": "$189", "2007-06-30": "$67", "2007-03-31": "$91", "2006-12-31": "$556", "2006-09-30": "$124", "2006-06-30": "$984", "2006-03-31": "$382", "2005-12-31": "$494", "2005-09-30": "$532", "2005-06-30": "$390", "2005-03-31": "$354"}}, "long-term-debt": {"Public Storage Annual Long Term Debt (Millions of US $)": {"2019": "$1,902", "2018": "$1,412", "2017": "$1,431", "2016": "$391", "2015": "$319", "2014": "$64", "2013": "$139", "2012": "$469", "2011": "$398", "2010": "$568", "2009": "$519", "2008": "$644", "2007": "$1,070", "2006": "$1,849", "2005": "$150"}, "Public Storage Quarterly Long Term Debt (Millions of US $)": {"2020-09-30": "$2,500", "2020-06-30": "$2,458", "2020-03-31": "$2,439", "2019-12-31": "$1,902", "2019-09-30": "$1,892", "2019-06-30": "$1,908", "2019-03-31": "$1,406", "2018-12-31": "$1,412", "2018-09-30": "$1,418", "2018-06-30": "$1,421", "2018-03-31": "$1,443", "2017-12-31": "$1,431", "2017-09-30": "$1,426", "2017-06-30": "$421", "2017-03-31": "$396", "2016-12-31": "$391", "2016-09-30": "$431", "2016-06-30": "$437", "2016-03-31": "$337", "2015-12-31": "$319", "2015-09-30": "$56", "2015-06-30": "$59", "2015-03-31": "$59", "2014-12-31": "$64", "2014-09-30": "$72", "2014-06-30": "$75", "2014-03-31": "$88", "2013-12-31": "$139", "2013-09-30": "$100", "2013-06-30": "$112", "2013-03-31": "$142", "2012-12-31": "$469", "2012-09-30": "$348", "2012-06-30": "$369", "2012-03-31": "$373", "2011-12-31": "$398", "2011-09-30": "$419", "2011-06-30": "$450", "2011-03-31": "$462", "2010-12-31": "$568", "2010-09-30": "$590", "2010-06-30": "$593", "2010-03-31": "$516", "2009-12-31": "$519", "2009-09-30": "$522", "2009-06-30": "$524", "2009-03-31": "$527", "2008-12-31": "$644", "2008-09-30": "$646", "2008-06-30": "$690", "2008-03-31": "$683", "2007-12-31": "$1,070", "2007-09-30": "$1,042", "2007-06-30": "$1,088", "2007-03-31": "$1,201", "2006-12-31": "$1,849", "2006-09-30": "$1,464", "2006-06-30": "$141", "2006-03-31": "$142", "2005-12-31": "$150", "2005-09-30": "$215", "2005-06-30": "$152", "2005-03-31": "$153"}}, "total-liabilities": {"Public Storage Annual Total Liabilities (Millions of US $)": {"2019": "$2,286", "2018": "$1,784", "2017": "$1,769", "2016": "$689", "2015": "$581", "2014": "$312", "2013": "$1,057", "2012": "$671", "2011": "$622", "2010": "$786", "2009": "$744", "2008": "$869", "2007": "$1,880", "2006": "$2,688", "2005": "$563"}, "Public Storage Quarterly Total Liabilities (Millions of US $)": {"2020-09-30": "$2,933", "2020-06-30": "$3,348", "2020-03-31": "$2,796", "2019-12-31": "$2,286", "2019-09-30": "$2,625", "2019-06-30": "$2,319", "2019-03-31": "$1,780", "2018-12-31": "$1,784", "2018-09-30": "$1,828", "2018-06-30": "$1,772", "2018-03-31": "$1,770", "2017-12-31": "$1,769", "2017-09-30": "$1,806", "2017-06-30": "$744", "2017-03-31": "$690", "2016-12-31": "$689", "2016-09-30": "$777", "2016-06-30": "$743", "2016-03-31": "$612", "2015-12-31": "$581", "2015-09-30": "$351", "2015-06-30": "$329", "2015-03-31": "$323", "2014-12-31": "$312", "2014-09-30": "$332", "2014-06-30": "$635", "2014-03-31": "$683", "2013-12-31": "$1,057", "2013-09-30": "$343", "2013-06-30": "$330", "2013-03-31": "$348", "2012-12-31": "$671", "2012-09-30": "$591", "2012-06-30": "$596", "2012-03-31": "$586", "2011-12-31": "$622", "2011-09-30": "$676", "2011-06-30": "$690", "2011-03-31": "$685", "2010-12-31": "$786", "2010-09-30": "$846", "2010-06-30": "$838", "2010-03-31": "$936", "2009-12-31": "$744", "2009-09-30": "$771", "2009-06-30": "$757", "2009-03-31": "$751", "2008-12-31": "$869", "2008-09-30": "$1,266", "2008-06-30": "$1,277", "2008-03-31": "$1,252", "2007-12-31": "$1,880", "2007-09-30": "$1,872", "2007-06-30": "$1,918", "2007-03-31": "$2,000", "2006-12-31": "$2,688", "2006-09-30": "$2,308", "2006-06-30": "$671", "2006-03-31": "$553", "2005-12-31": "$563", "2005-09-30": "$635", "2005-06-30": "$630", "2005-03-31": "$634"}}, "total-share-holder-equity": {"Public Storage Annual Share Holder Equity (Millions of US $)": {"2019": "$9,080", "2018": "$9,145", "2017": "$8,964", "2016": "$9,442", "2015": "$9,198", "2014": "$9,507", "2013": "$8,819", "2012": "$8,123", "2011": "$8,311", "2010": "$8,709", "2009": "$9,061", "2008": "$9,067", "2007": "$8,763", "2006": "$8,510", "2005": "$4,990"}, "Public Storage Quarterly Share Holder Equity (Millions of US $)": {"2020-09-30": "$8,452", "2020-06-30": "$9,010", "2020-03-31": "$9,030", "2019-12-31": "$9,080", "2019-09-30": "$8,789", "2019-06-30": "$8,795", "2019-03-31": "$9,095", "2018-12-31": "$9,145", "2018-09-30": "$8,920", "2018-06-30": "$8,921", "2018-03-31": "$8,916", "2017-12-31": "$8,964", "2017-09-30": "$8,959", "2017-06-30": "$9,622", "2017-03-31": "$9,394", "2016-12-31": "$9,442", "2016-09-30": "$9,089", "2016-06-30": "$9,255", "2016-03-31": "$9,453", "2015-12-31": "$9,198", "2015-09-30": "$9,304", "2015-06-30": "$9,306", "2015-03-31": "$9,449", "2014-12-31": "$9,507", "2014-09-30": "$9,292", "2014-06-30": "$9,311", "2014-03-31": "$9,000", "2013-12-31": "$8,819", "2013-09-30": "$8,807", "2013-06-30": "$8,764", "2013-03-31": "$8,754", "2012-12-31": "$8,123", "2012-09-30": "$8,697", "2012-06-30": "$8,583", "2012-03-31": "$8,821", "2011-12-31": "$8,311", "2011-09-30": "$8,410", "2011-06-30": "$8,583", "2011-03-31": "$8,751", "2010-12-31": "$8,709", "2010-09-30": "$8,805", "2010-06-30": "$8,731", "2010-03-31": "$8,808", "2009-12-31": "$9,061", "2009-09-30": "$9,038", "2009-06-30": "$8,947", "2009-03-31": "$8,876", "2008-12-31": "$9,067", "2008-09-30": "$8,929", "2008-06-30": "$8,976", "2008-03-31": "$8,996", "2007-12-31": "$8,763", "2007-09-30": "$8,758", "2007-06-30": "$8,559", "2007-03-31": "$8,619", "2006-12-31": "$8,510", "2006-09-30": "$8,547", "2006-06-30": "$5,429", "2006-03-31": "$4,918", "2005-12-31": "$4,990", "2005-09-30": "$4,837", "2005-06-30": "$4,627", "2005-03-31": "$4,545"}}, "profit-margins": {"current": "43.37%"}, "gross margin": {"2020-09-30": "70.97%", "2020-06-30": "71.16%", "2020-03-31": "71.77%", "2019-12-31": "72.03%", "2019-09-30": "72.21%", "2019-06-30": "72.59%", "2019-03-31": "72.95%", "2018-12-31": "73.17%", "2018-09-30": "73.26%", "2018-06-30": "73.25%", "2018-03-31": "73.37%", "2017-12-31": "73.50%", "2017-09-30": "73.55%", "2017-06-30": "73.78%", "2017-03-31": "73.86%", "2016-12-31": "73.91%", "2016-09-30": "73.79%", "2016-06-30": "73.85%", "2016-03-31": "73.82%", "2015-12-31": "73.34%", "2015-09-30": "73.00%", "2015-06-30": "72.69%", "2015-03-31": "72.51%", "2014-12-31": "71.81%", "2014-09-30": "71.58%", "2014-06-30": "71.31%", "2014-03-31": "71.00%", "2013-12-31": "71.55%", "2013-09-30": "71.10%", "2013-06-30": "70.94%", "2013-03-31": "70.44%", "2012-12-31": "69.83%", "2012-09-30": "68.27%", "2012-06-30": "67.83%", "2012-03-31": "67.65%", "2011-12-31": "67.68%", "2011-09-30": "68.09%", "2011-06-30": "67.93%", "2011-03-31": "67.48%", "2010-12-31": "67.33%", "2010-09-30": "67.61%", "2010-06-30": "67.78%", "2010-03-31": "67.99%", "2009-12-31": "67.94%", "2009-09-30": "67.89%", "2009-06-30": "68.44%", "2009-03-31": "68.31%", "2008-12-31": "67.83%", "2008-09-30": "67.81%", "2008-06-30": "66.24%", "2008-03-31": "65.19%", "2007-12-31": "64.75%", "2007-09-30": "62.89%", "2007-06-30": "63.00%", "2007-03-31": "63.43%", "2006-12-31": "64.03%", "2006-09-30": "64.95%", "2006-06-30": "64.65%", "2006-03-31": "64.61%", "2005-12-31": "64.34%"}, "operating margin": {"2020-09-30": "49.08%", "2020-06-30": "49.70%", "2020-03-31": "50.89%", "2019-12-31": "51.48%", "2019-09-30": "51.65%", "2019-06-30": "51.64%", "2019-03-31": "51.46%", "2018-12-31": "51.27%", "2018-09-30": "51.57%", "2018-06-30": "51.99%", "2018-03-31": "52.93%", "2017-12-31": "53.37%", "2017-09-30": "53.57%", "2017-06-30": "53.77%", "2017-03-31": "53.62%", "2016-12-31": "53.67%", "2016-09-30": "53.46%", "2016-06-30": "53.27%", "2016-03-31": "52.74%", "2015-12-31": "51.76%", "2015-09-30": "50.73%", "2015-06-30": "49.91%", "2015-03-31": "49.53%", "2014-12-31": "48.48%", "2014-09-30": "47.83%", "2014-06-30": "47.65%", "2014-03-31": "47.52%", "2013-12-31": "48.40%", "2013-09-30": "48.71%", "2013-06-30": "48.61%", "2013-03-31": "47.97%", "2012-12-31": "47.37%", "2012-09-30": "45.61%", "2012-06-30": "44.66%", "2012-03-31": "44.13%", "2011-12-31": "43.95%", "2011-09-30": "43.59%", "2011-06-30": "43.38%", "2011-03-31": "42.97%", "2010-12-31": "42.90%", "2010-09-30": "43.82%", "2010-06-30": "44.28%", "2010-03-31": "44.64%", "2009-12-31": "44.76%", "2009-09-30": "44.16%", "2009-06-30": "44.68%", "2009-03-31": "42.56%", "2008-12-31": "40.37%", "2008-09-30": "38.96%", "2008-06-30": "34.66%", "2008-03-31": "30.77%", "2007-12-31": "26.75%", "2007-09-30": "17.91%", "2007-06-30": "15.97%", "2007-03-31": "20.53%", "2006-12-31": "26.18%", "2006-09-30": "38.90%", "2006-06-30": "44.88%", "2006-03-31": "44.30%", "2005-12-31": "43.87%"}, "ebitda margin": {"2020-09-30": "68.08%", "2020-06-30": "68.41%", "2020-03-31": "69.23%", "2019-12-31": "69.50%", "2019-09-30": "69.37%", "2019-06-30": "69.34%", "2019-03-31": "69.06%", "2018-12-31": "68.85%", "2018-09-30": "69.20%", "2018-06-30": "69.34%", "2018-03-31": "70.06%", "2017-12-31": "70.39%", "2017-09-30": "70.42%", "2017-06-30": "70.62%", "2017-03-31": "70.55%", "2016-12-31": "70.59%", "2016-09-30": "70.41%", "2016-06-30": "70.41%", "2016-03-31": "70.19%", "2015-12-31": "69.65%", "2015-09-30": "69.26%", "2015-06-30": "69.09%", "2015-03-31": "69.10%", "2014-12-31": "68.55%", "2014-09-30": "68.33%", "2014-06-30": "68.02%", "2014-03-31": "67.68%", "2013-12-31": "68.14%", "2013-09-30": "63.11%", "2013-06-30": "58.17%", "2013-03-31": "57.58%", "2012-12-31": "56.92%", "2012-09-30": "60.31%", "2012-06-30": "64.74%", "2012-03-31": "64.52%", "2011-12-31": "64.63%", "2011-09-30": "65.01%", "2011-06-30": "65.22%", "2011-03-31": "64.91%", "2010-12-31": "64.97%", "2010-09-30": "63.12%", "2010-06-30": "65.62%", "2010-03-31": "65.88%", "2009-12-31": "65.91%", "2009-09-30": "68.44%", "2009-06-30": "79.93%", "2009-03-31": "73.95%", "2008-12-31": "64.46%", "2008-09-30": "64.43%", "2008-06-30": "69.72%", "2008-03-31": "54.09%", "2007-12-31": "61.50%", "2007-09-30": "58.00%", "2007-06-30": "35.99%", "2007-03-31": "57.24%", "2006-12-31": "57.94%", "2006-09-30": "60.36%", "2006-06-30": "62.42%", "2006-03-31": "62.41%", "2005-12-31": "62.26%"}, "pre tax profit margin": {"2020-09-30": "48.03%", "2020-06-30": "48.69%", "2020-03-31": "50.05%", "2019-12-31": "50.84%", "2019-09-30": "51.26%", "2019-06-30": "51.43%", "2019-03-31": "51.32%", "2018-12-31": "51.05%", "2018-09-30": "51.28%", "2018-06-30": "51.81%", "2018-03-31": "52.93%", "2017-12-31": "53.60%", "2017-09-30": "53.95%", "2017-06-30": "54.15%", "2017-03-31": "54.01%", "2016-12-31": "54.10%", "2016-09-30": "53.89%", "2016-06-30": "53.80%", "2016-03-31": "53.31%", "2015-12-31": "52.39%", "2015-09-30": "51.72%", "2015-06-30": "50.88%", "2015-03-31": "50.34%", "2014-12-31": "49.04%", "2014-09-30": "48.87%", "2014-06-30": "48.81%", "2014-03-31": "48.96%", "2013-12-31": "50.03%", "2013-09-30": "49.38%", "2013-06-30": "49.03%", "2013-03-31": "48.24%", "2012-12-31": "47.53%", "2012-09-30": "47.10%", "2012-06-30": "46.51%", "2012-03-31": "45.62%", "2011-12-31": "45.05%", "2011-09-30": "44.66%", "2011-06-30": "43.62%", "2011-03-31": "43.03%", "2010-12-31": "42.90%", "2010-09-30": "41.49%", "2010-06-30": "41.99%", "2010-03-31": "42.41%", "2009-12-31": "42.97%", "2009-09-30": "42.69%", "2009-06-30": "43.11%", "2009-03-31": "40.88%", "2008-12-31": "37.87%", "2008-09-30": "36.14%", "2008-06-30": "31.52%", "2008-03-31": "27.24%", "2007-12-31": "23.11%", "2007-09-30": "13.98%", "2007-06-30": "12.23%", "2007-03-31": "17.41%", "2006-12-31": "23.79%", "2006-09-30": "37.59%", "2006-06-30": "44.08%", "2006-03-31": "43.47%", "2005-12-31": "43.02%"}, "net profit margin": {"2020-09-30": "39.44%", "2020-06-30": "42.60%", "2020-03-31": "44.66%", "2019-12-31": "44.69%", "2019-09-30": "52.29%", "2019-06-30": "52.22%", "2019-03-31": "54.20%", "2018-12-31": "54.07%", "2018-09-30": "47.29%", "2018-06-30": "46.06%", "2018-03-31": "43.80%", "2017-12-31": "43.93%", "2017-09-30": "44.99%", "2017-06-30": "46.49%", "2017-03-31": "47.19%", "2016-12-31": "46.25%", "2016-09-30": "45.04%", "2016-06-30": "44.42%", "2016-03-31": "44.55%", "2015-12-31": "44.25%", "2015-09-30": "44.50%", "2015-06-30": "43.67%", "2015-03-31": "42.60%", "2014-12-31": "41.69%", "2014-09-30": "40.90%", "2014-06-30": "41.94%", "2014-03-31": "42.55%", "2013-12-31": "43.00%", "2013-09-30": "41.85%", "2013-06-30": "41.09%", "2013-03-31": "37.67%", "2012-12-31": "36.30%", "2012-09-30": "34.44%", "2012-06-30": "30.31%", "2012-03-31": "30.69%", "2011-12-31": "32.37%", "2011-09-30": "30.78%", "2011-06-30": "35.08%", "2011-03-31": "31.30%", "2010-12-31": "24.74%", "2010-09-30": "24.28%", "2010-06-30": "23.87%", "2010-03-31": "28.48%", "2009-12-31": "36.00%", "2009-09-30": "36.02%", "2009-06-30": "29.44%", "2009-03-31": "25.21%", "2008-12-31": "41.07%", "2008-09-30": "39.36%", "2008-06-30": "39.44%", "2008-03-31": "35.80%", "2007-12-31": "11.14%", "2007-09-30": "0.95%", "2007-06-30": "-4.51%", "2007-03-31": "-1.24%", "2006-12-31": "3.41%", "2006-09-30": "15.81%", "2006-06-30": "24.76%", "2006-03-31": "24.63%", "2005-12-31": "24.06%"}, "pe ratio": {"current": "22.49", "2021-02-11": "35.97", "2020-09-30": "34.07", "2020-06-30": "26.93", "2020-03-31": "26.28", "2019-12-31": "28.14", "2019-09-30": "27.66", "2019-06-30": "26.90", "2019-03-31": "23.71", "2018-12-31": "22.25", "2018-09-30": "25.27", "2018-06-30": "29.10", "2018-03-31": "27.01", "2017-12-31": "28.01", "2017-09-30": "27.96", "2017-06-30": "26.33", "2017-03-31": "27.30", "2016-12-31": "28.55", "2016-09-30": "29.50", "2016-06-30": "34.58", "2016-03-31": "37.57", "2015-12-31": "34.40", "2015-09-30": "29.68", "2015-06-30": "26.71", "2015-03-31": "29.65", "2014-12-31": "28.75", "2014-09-30": "26.78", "2014-06-30": "27.44", "2014-03-31": "27.09", "2013-12-31": "24.34", "2013-09-30": "26.76", "2013-06-30": "26.25", "2013-03-31": "28.57", "2012-12-31": "28.41", "2012-09-30": "29.00", "2012-06-30": "34.51", "2012-03-31": "32.75", "2011-12-31": "30.26", "2011-09-30": "26.92", "2011-06-30": "24.31", "2011-03-31": "26.64", "2010-12-31": "30.98", "2010-09-30": "29.53", "2010-06-30": "27.01", "2010-03-31": "23.52", "2009-12-31": "16.28", "2009-09-30": "14.84", "2009-06-30": "15.52", "2009-03-31": "15.08", "2008-12-31": "12.80", "2008-09-30": "16.13", "2008-06-30": "12.79", "2008-03-31": "15.11", "2007-12-31": "41.05", "2007-09-30": "633.59", "2007-06-30": "0.00", "2007-03-31": "752.88", "2006-12-31": "104.59"}, "price sales": {"2021-02-11": "14.16", "2020-09-30": "13.41", "2020-06-30": "11.46", "2020-03-31": "11.73", "2019-12-31": "12.58", "2019-09-30": "14.47", "2019-06-30": "14.05", "2019-03-31": "12.85", "2018-12-31": "12.02", "2018-09-30": "11.95", "2018-06-30": "13.41", "2018-03-31": "11.83", "2017-12-31": "12.32", "2017-09-30": "12.59", "2017-06-30": "12.25", "2017-03-31": "12.89", "2016-12-31": "13.20", "2016-09-30": "13.27", "2016-06-30": "15.34", "2016-03-31": "16.73", "2015-12-31": "15.21", "2015-09-30": "13.21", "2015-06-30": "11.67", "2015-03-31": "12.64", "2014-12-31": "12.00", "2014-09-30": "10.96", "2014-06-30": "11.52", "2014-03-31": "11.52", "2013-12-31": "10.46", "2013-09-30": "11.19", "2013-06-30": "10.78", "2013-03-31": "10.77", "2012-12-31": "10.32", "2012-09-30": "10.00", "2012-06-30": "10.47", "2012-03-31": "10.04", "2011-12-31": "9.78", "2011-09-30": "8.27", "2011-06-30": "8.51", "2011-03-31": "8.33", "2010-12-31": "7.65", "2010-09-30": "7.19", "2010-06-30": "6.50", "2010-03-31": "6.74", "2009-12-31": "5.89", "2009-09-30": "5.36", "2009-06-30": "4.57", "2009-03-31": "3.79", "2008-12-31": "5.25", "2008-09-30": "6.34", "2008-06-30": "5.05", "2008-03-31": "5.42", "2007-12-31": "4.53", "2007-09-30": "4.63", "2007-06-30": "4.57", "2007-03-31": "5.78", "2006-12-31": "6.16"}, "price book": {"current": "8.57", "2021-02-11": "4.81", "2020-09-30": "4.56", "2020-06-30": "3.65", "2020-03-31": "3.73", "2019-12-31": "3.94", "2019-09-30": "4.64", "2019-06-30": "4.47", "2019-03-31": "3.92", "2018-12-31": "3.62", "2018-09-30": "3.66", "2018-06-30": "4.08", "2018-03-31": "3.57", "2017-12-31": "3.66", "2017-09-30": "3.71", "2017-06-30": "3.34", "2017-03-31": "3.55", "2016-12-31": "3.57", "2016-09-30": "3.66", "2016-06-30": "4.09", "2016-03-31": "4.29", "2015-12-31": "3.93", "2015-09-30": "3.29", "2015-06-30": "2.84", "2015-03-31": "2.96", "2014-12-31": "2.74", "2014-09-30": "2.49", "2014-06-30": "2.55", "2014-03-31": "2.57", "2013-12-31": "2.32", "2013-09-30": "2.45", "2013-06-30": "2.33", "2013-03-31": "2.30", "2012-12-31": "2.34", "2012-09-30": "2.07", "2012-06-30": "2.16", "2012-03-31": "1.99", "2011-12-31": "2.04", "2011-09-30": "1.65", "2011-06-30": "1.64", "2011-03-31": "1.55", "2010-12-31": "1.41", "2010-09-30": "1.33", "2010-06-30": "1.20", "2010-03-31": "1.23", "2009-12-31": "1.05", "2009-09-30": "0.97", "2009-06-30": "0.84", "2009-03-31": "0.71", "2008-12-31": "0.99", "2008-09-30": "1.30", "2008-06-30": "1.05", "2008-03-31": "1.14", "2007-12-31": "0.92", "2007-09-30": "1.03", "2007-06-30": "1.02", "2007-03-31": "1.24", "2006-12-31": "1.23", "2006-09-30": "1.07", "2006-06-30": "1.20", "2006-03-31": "1.41"}, "price fcf": {"2021-02-11": "", "2020-09-30": "$9.44", "2020-06-30": "$9.23", "2020-03-31": "$9.13", "2019-12-31": "$9.14", "2019-09-30": "$8.98", "2019-06-30": "$9.32", "2019-03-31": "$9.08", "2018-12-31": "$9.08", "2018-09-30": "$8.99", "2018-06-30": "$8.73", "2018-03-31": "$8.68", "2017-12-31": "$8.70", "2017-09-30": "$8.86", "2017-06-30": "$8.92", "2017-03-31": "$9.18", "2016-12-31": "$9.17", "2016-09-30": "$9.11", "2016-06-30": "$8.84", "2016-03-31": "$8.66", "2015-12-31": "$8.38", "2015-09-30": "$8.48", "2015-06-30": "$8.35", "2015-03-31": "$8.08", "2014-12-31": "$7.98", "2014-09-30": "$7.95", "2014-06-30": "$7.52", "2014-03-31": "$7.46", "2013-12-31": "$7.36", "2013-09-30": "$7.08", "2013-06-30": "$7.31", "2013-03-31": "$7.08", "2012-12-31": "$7.03", "2012-09-30": "$6.83", "2012-06-30": "$6.72", "2012-03-31": "$6.61", "2011-12-31": "$6.53", "2011-09-30": "$6.41", "2011-06-30": "$6.15", "2011-03-31": "$6.02", "2010-12-31": "$5.88", "2010-09-30": "$5.92", "2010-06-30": "$5.98", "2010-03-31": "$5.98", "2009-12-31": "$6.14", "2009-09-30": "$6.04", "2009-06-30": "$5.87", "2009-03-31": "$5.73", "2008-12-31": "$5.49", "2008-09-30": "$5.41", "2008-06-30": "$5.34", "2008-03-31": "$5.28", "2007-12-31": "$5.04", "2007-09-30": "$4.36", "2007-06-30": "$3.85", "2007-03-31": "$3.88", "2006-12-31": "$3.92"}, "net worth": {"value": "$41.32B"}, "current ratio": {"2020-09-30": "0.68", "2020-06-30": "3.21", "2020-03-31": "2.01", "2019-12-31": "1.07", "2019-09-30": "1.22", "2019-06-30": "0.88", "2019-03-31": "0.58", "2018-12-31": "0.97", "2018-09-30": "1.06", "2018-06-30": "0.96", "2018-03-31": "1.11", "2017-12-31": "1.29", "2017-09-30": "1.83", "2017-06-30": "1.11", "2017-03-31": "0.41", "2016-12-31": "0.62", "2016-09-30": "0.17", "2016-06-30": "0.85", "2016-03-31": "1.11", "2015-12-31": "0.40", "2015-09-30": "0.12", "2015-06-30": "0.08", "2015-03-31": "0.58", "2014-12-31": "0.76", "2014-09-30": "0.38", "2014-06-30": "1.06", "2014-03-31": "0.52", "2013-12-31": "0.49", "2013-09-30": "1.96", "2013-06-30": "3.73", "2013-03-31": "3.88", "2012-12-31": "2.12", "2012-09-30": "3.86", "2012-06-30": "3.66", "2012-03-31": "4.86", "2011-12-31": "2.57", "2011-09-30": "2.57", "2011-06-30": "3.40", "2011-03-31": "4.83", "2010-12-31": "5.12", "2010-09-30": "4.64", "2010-06-30": "4.51", "2010-03-31": "6.67", "2009-12-31": "6.25", "2009-09-30": "5.26", "2009-06-30": "5.17", "2009-03-31": "4.80", "2008-12-31": "5.81", "2008-09-30": "5.38", "2008-06-30": "6.33", "2008-03-31": "6.60", "2007-12-31": "0.81", "2007-09-30": "0.59", "2007-06-30": "0.21", "2007-03-31": "0.31", "2006-12-31": "1.67", "2006-09-30": "0.36", "2006-06-30": "5.73", "2006-03-31": "2.50", "2005-12-31": "3.10", "2005-09-30": "3.27", "2005-06-30": "2.57", "2005-03-31": "2.54"}, "quick ratio": {"2020-09-30": "0.00", "2020-06-30": "0.00", "2020-03-31": "0.00", "2019-12-31": "0.00", "2019-09-30": "0.00", "2019-06-30": "0.00", "2019-03-31": "0.00", "2018-12-31": "0.00", "2018-09-30": "0.00", "2018-06-30": "0.00", "2018-03-31": "0.00", "2017-12-31": "0.00", "2017-09-30": "0.00", "2017-06-30": "0.00", "2017-03-31": "0.00", "2016-12-31": "0.00", "2016-09-30": "0.00", "2016-06-30": "0.00", "2016-03-31": "0.00", "2015-12-31": "0.00", "2015-09-30": "0.00", "2015-06-30": "0.00", "2015-03-31": "0.00", "2014-12-31": "0.00", "2014-09-30": "0.00", "2014-06-30": "0.00", "2014-03-31": "0.00", "2013-12-31": "0.00", "2013-09-30": "0.00", "2013-06-30": "0.00", "2013-03-31": "0.00", "2012-12-31": "0.00", "2012-09-30": "0.00", "2012-06-30": "0.00", "2012-03-31": "0.00", "2011-12-31": "0.00", "2011-09-30": "0.00", "2011-06-30": "0.00", "2011-03-31": "0.00", "2010-12-31": "0.00", "2010-09-30": "0.00", "2010-06-30": "0.00", "2010-03-31": "0.00", "2009-12-31": "0.00", "2009-09-30": "0.00", "2009-06-30": "0.00", "2009-03-31": "0.00", "2008-12-31": "0.00", "2008-09-30": "0.00", "2008-06-30": "0.00", "2008-03-31": "0.00", "2007-12-31": "0.00", "2007-09-30": "0.00", "2007-06-30": "0.00", "2007-03-31": "0.00", "2006-12-31": "0.00", "2006-09-30": "0.00", "2006-06-30": "0.00", "2006-03-31": "0.00", "2005-12-31": "0.00", "2005-09-30": "0.00", "2005-06-30": "0.00", "2005-03-31": "0.00"}, "debt equity ratio": {"current": "0.52", "2020-09-30": "0.35", "2020-06-30": "0.37", "2020-03-31": "0.31", "2019-12-31": "0.25", "2019-09-30": "0.30", "2019-06-30": "0.26", "2019-03-31": "0.20", "2018-12-31": "0.20", "2018-09-30": "0.21", "2018-06-30": "0.20", "2018-03-31": "0.20", "2017-12-31": "0.20", "2017-09-30": "0.20", "2017-06-30": "0.08", "2017-03-31": "0.07", "2016-12-31": "0.07", "2016-09-30": "0.09", "2016-06-30": "0.08", "2016-03-31": "0.07", "2015-12-31": "0.06", "2015-09-30": "0.04", "2015-06-30": "0.04", "2015-03-31": "0.03", "2014-12-31": "0.03", "2014-09-30": "0.04", "2014-06-30": "0.07", "2014-03-31": "0.08", "2013-12-31": "0.12", "2013-09-30": "0.04", "2013-06-30": "0.04", "2013-03-31": "0.04", "2012-12-31": "0.08", "2012-09-30": "0.07", "2012-06-30": "0.07", "2012-03-31": "0.07", "2011-12-31": "0.08", "2011-09-30": "0.08", "2011-06-30": "0.08", "2011-03-31": "0.08", "2010-12-31": "0.09", "2010-09-30": "0.10", "2010-06-30": "0.10", "2010-03-31": "0.11", "2009-12-31": "0.08", "2009-09-30": "0.09", "2009-06-30": "0.09", "2009-03-31": "0.09", "2008-12-31": "0.10", "2008-09-30": "0.14", "2008-06-30": "0.14", "2008-03-31": "0.14", "2007-12-31": "0.22", "2007-09-30": "0.21", "2007-06-30": "0.22", "2007-03-31": "0.23", "2006-12-31": "0.32", "2006-09-30": "0.27", "2006-06-30": "0.12", "2006-03-31": "0.11", "2005-12-31": "0.11", "2005-09-30": "0.13", "2005-06-30": "0.14", "2005-03-31": "0.14"}, "return on equity": {"2020-09-30": "12.74%", "2020-06-30": "13.62%", "2020-03-31": "14.38%", "2019-12-31": "14.23%", "2019-09-30": "16.47%", "2019-06-30": "16.25%", "2019-03-31": "16.66%", "2018-12-31": "16.59%", "2018-09-30": "14.48%", "2018-06-30": "13.98%", "2018-03-31": "12.93%", "2017-12-31": "12.69%", "2017-09-30": "12.73%", "2017-06-30": "13.00%", "2017-03-31": "13.17%", "2016-12-31": "12.72%", "2016-09-30": "12.26%", "2016-06-30": "11.81%", "2016-03-31": "11.62%", "2015-12-31": "11.32%", "2015-09-30": "11.02%", "2015-06-30": "10.58%", "2015-03-31": "10.09%", "2014-12-31": "9.79%", "2014-09-30": "9.53%", "2014-06-30": "9.65%", "2014-03-31": "9.69%", "2013-12-31": "9.62%", "2013-09-30": "9.42%", "2013-06-30": "9.11%", "2013-03-31": "8.27%", "2012-12-31": "7.82%", "2012-09-30": "7.24%", "2012-06-30": "6.32%", "2012-03-31": "6.32%", "2011-12-31": "6.60%", "2011-09-30": "6.03%", "2011-06-30": "6.69%", "2011-03-31": "5.85%", "2010-12-31": "4.55%", "2010-09-30": "4.46%", "2010-06-30": "4.33%", "2010-03-31": "5.13%", "2009-12-31": "6.50%", "2009-09-30": "6.56%", "2009-06-30": "5.44%", "2009-03-31": "4.69%", "2008-12-31": "7.85%", "2008-09-30": "7.69%", "2008-06-30": "7.91%", "2008-03-31": "7.39%", "2007-12-31": "2.29%", "2007-09-30": "0.20%", "2007-06-30": "-0.89%", "2007-03-31": "-0.24%", "2006-12-31": "0.69%", "2006-09-30": "3.23%", "2006-06-30": "5.51%", "2006-03-31": "5.53%", "2005-12-31": "5.37%"}, "return on assets": {"2020-09-30": "9.66%", "2020-06-30": "10.42%", "2020-03-31": "11.23%", "2019-12-31": "11.37%", "2019-09-30": "13.31%", "2019-06-30": "13.38%", "2019-03-31": "13.90%", "2018-12-31": "13.83%", "2018-09-30": "12.07%", "2018-06-30": "11.66%", "2018-03-31": "11.08%", "2017-12-31": "11.18%", "2017-09-30": "11.52%", "2017-06-30": "12.07%", "2017-03-31": "12.22%", "2016-12-31": "11.82%", "2016-09-30": "11.42%", "2016-06-30": "11.13%", "2016-03-31": "11.06%", "2015-12-31": "10.85%", "2015-09-30": "10.65%", "2015-06-30": "10.22%", "2015-03-31": "9.67%", "2014-12-31": "9.30%", "2014-09-30": "8.87%", "2014-06-30": "8.97%", "2014-03-31": "9.07%", "2013-12-31": "9.08%", "2013-09-30": "8.98%", "2013-06-30": "8.62%", "2013-03-31": "7.77%", "2012-12-31": "7.30%", "2012-09-30": "6.77%", "2012-06-30": "5.89%", "2012-03-31": "5.88%", "2011-12-31": "6.12%", "2011-09-30": "5.57%", "2011-06-30": "6.16%", "2011-03-31": "5.37%", "2010-12-31": "4.15%", "2010-09-30": "4.08%", "2010-06-30": "3.97%", "2010-03-31": "4.71%", "2009-12-31": "6.00%", "2009-09-30": "6.03%", "2009-06-30": "4.94%", "2009-03-31": "4.20%", "2008-12-31": "6.95%", "2008-09-30": "6.64%", "2008-06-30": "6.72%", "2008-03-31": "6.17%", "2007-12-31": "1.88%", "2007-09-30": "0.16%", "2007-06-30": "-0.70%", "2007-03-31": "-0.20%", "2006-12-31": "0.56%", "2006-09-30": "2.76%", "2006-06-30": "4.92%", "2006-03-31": "4.93%", "2005-12-31": "4.75%"}, "return on investments": {"2020-09-30": "12.57%", "2020-06-30": "12.80%", "2020-03-31": "13.34%", "2019-12-31": "13.67%", "2019-09-30": "13.73%", "2019-06-30": "13.73%", "2019-03-31": "13.68%", "2018-12-31": "13.58%", "2018-09-30": "13.61%", "2018-06-30": "13.61%", "2018-03-31": "13.84%", "2017-12-31": "14.03%", "2017-09-30": "14.16%", "2017-06-30": "14.40%", "2017-03-31": "14.33%", "2016-12-31": "14.15%", "2016-09-30": "13.98%", "2016-06-30": "13.74%", "2016-03-31": "13.47%", "2015-12-31": "13.07%", "2015-09-30": "12.49%", "2015-06-30": "12.01%", "2015-03-31": "11.64%", "2014-12-31": "11.29%", "2014-09-30": "11.03%", "2014-06-30": "10.84%", "2014-03-31": "10.68%", "2013-12-31": "10.67%", "2013-09-30": "10.71%", "2013-06-30": "10.45%", "2013-03-31": "10.13%", "2012-12-31": "9.76%", "2012-09-30": "9.19%", "2012-06-30": "8.90%", "2012-03-31": "8.67%", "2011-12-31": "8.53%", "2011-09-30": "8.09%", "2011-06-30": "7.81%", "2011-03-31": "7.56%", "2010-12-31": "7.42%", "2010-09-30": "7.58%", "2010-06-30": "7.58%", "2010-03-31": "7.60%", "2009-12-31": "7.64%", "2009-09-30": "7.57%", "2009-06-30": "7.75%", "2009-03-31": "7.39%", "2008-12-31": "7.19%", "2008-09-30": "7.01%", "2008-06-30": "6.33%", "2008-03-31": "5.72%", "2007-12-31": "4.89%", "2007-09-30": "3.22%", "2007-06-30": "2.70%", "2007-03-31": "3.52%", "2006-12-31": "4.66%", "2006-09-30": "7.37%", "2006-06-30": "9.68%", "2006-03-31": "9.63%", "2005-12-31": "9.46%"}, "return on tangible equity": {"2020-09-30": "13.04%", "2020-06-30": "13.95%", "2020-03-31": "14.72%", "2019-12-31": "14.57%", "2019-09-30": "16.87%", "2019-06-30": "16.64%", "2019-03-31": "17.06%", "2018-12-31": "16.99%", "2018-09-30": "14.83%", "2018-06-30": "14.32%", "2018-03-31": "13.24%", "2017-12-31": "12.99%", "2017-09-30": "13.02%", "2017-06-30": "13.30%", "2017-03-31": "13.48%", "2016-12-31": "13.02%", "2016-09-30": "12.55%", "2016-06-30": "12.09%", "2016-03-31": "11.89%", "2015-12-31": "11.58%", "2015-09-30": "11.28%", "2015-06-30": "10.84%", "2015-03-31": "10.33%", "2014-12-31": "10.03%", "2014-09-30": "9.78%", "2014-06-30": "9.90%", "2014-03-31": "9.94%", "2013-12-31": "9.86%", "2013-09-30": "9.65%", "2013-06-30": "9.34%", "2013-03-31": "8.48%", "2012-12-31": "8.02%", "2012-09-30": "7.42%", "2012-06-30": "6.48%", "2012-03-31": "6.48%", "2011-12-31": "6.77%", "2011-09-30": "6.18%", "2011-06-30": "6.86%", "2011-03-31": "6.00%", "2010-12-31": "4.67%", "2010-09-30": "4.57%", "2010-06-30": "4.44%", "2010-03-31": "5.26%", "2009-12-31": "6.66%", "2009-09-30": "6.72%", "2009-06-30": "5.58%", "2009-03-31": "4.81%", "2008-12-31": "8.06%", "2008-09-30": "7.93%", "2008-06-30": "8.19%", "2008-03-31": "7.70%", "2007-12-31": "2.41%", "2007-09-30": "0.21%", "2007-06-30": "-0.95%", "2007-03-31": "-0.26%", "2006-12-31": "0.73%", "2006-09-30": "3.39%", "2006-06-30": "5.71%", "2006-03-31": "5.74%", "2005-12-31": "5.58%"}, "dividend yield history": {"last payout": "$8.00", "last yield": "3.38%"}}