{"ticker": "PSX", "price": {"title": "Phillips 66 Historical Annual Stock Price Data", "value": 77.24, "historical": {"2020": {"Average Stock Price": "67.8595", "Year Open": "112.2000", "Year High": "112.2000", "Year Low": "42.0900", "Year Close": "69.9400", "Annual % Change": "-37.22%"}, "2019": {"Average Stock Price": "99.4254", "Year Open": "88.1200", "Year High": "119.7000", "Year Low": "80.8000", "Year Close": "111.4100", "Annual % Change": "29.32%"}, "2018": {"Average Stock Price": "105.8608", "Year Open": "101.7500", "Year High": "123.3400", "Year Low": "78.5000", "Year Close": "86.1500", "Annual % Change": "-14.83%"}, "2017": {"Average Stock Price": "84.7254", "Year Open": "86.7900", "Year High": "102.0600", "Year Low": "75.3300", "Year Close": "101.1500", "Annual % Change": "17.06%"}, "2016": {"Average Stock Price": "80.9400", "Year Open": "80.0800", "Year High": "90.1600", "Year Low": "72.9000", "Year Close": "86.4100", "Annual % Change": "5.64%"}, "2015": {"Average Stock Price": "79.7349", "Year Open": "72.2900", "Year High": "93.6800", "Year Low": "59.0900", "Year Close": "81.8000", "Annual % Change": "14.09%"}, "2014": {"Average Stock Price": "78.9006", "Year Open": "76.4500", "Year High": "87.5100", "Year Low": "65.0900", "Year Close": "71.7000", "Annual % Change": "-7.04%"}, "2013": {"Average Stock Price": "62.1842", "Year Open": "55.2600", "Year High": "77.1300", "Year Low": "50.5800", "Year Close": "77.1300", "Annual % Change": "45.25%"}, "2012": {"Average Stock Price": "40.8586", "Year Open": "34.0000", "Year High": "53.5800", "Year Low": "29.3500", "Year Close": "53.1000", "Annual % Change": "0.00%"}}}, "market cap": {"value": "$32.55B"}, "income statement": {"Revenue": {"2020-12-31": "64129.00000", "2019-12-31": "107293.00000", "2018-12-31": "111461.00000", "2017-12-31": "102354.00000", "2016-12-31": "84279.00000", "2015-12-31": "98975.00000", "2014-12-31": "161212.00000", "2013-12-31": "171596.00000", "2012-12-31": "179290.00000", "2011-12-31": "195931.00000", "2010-12-31": "146561.00000", "2009-12-31": "112692.00000", "2008-12-31": "171706.00000"}, "Cost Of Goods Sold": {"2020-12-31": "57707.00000", "2019-12-31": "95529.00000", "2018-12-31": "97930.00000", "2017-12-31": "79409.00000", "2016-12-31": "62468.00000", "2015-12-31": "73399.00000", "2014-12-31": "135748.00000", "2013-12-31": "148245.00000", "2012-12-31": "154413.00000", "2011-12-31": "172768.00000", "2010-12-31": "125092.00000", "2009-12-31": "93156.00000", "2008-12-31": "145575.00000"}, "Gross Profit": {"2020-12-31": "6422.00000", "2019-12-31": "11764.00000", "2018-12-31": "13531.00000", "2017-12-31": "22945.00000", "2016-12-31": "21811.00000", "2015-12-31": "25576.00000", "2014-12-31": "25464.00000", "2013-12-31": "23351.00000", "2012-12-31": "24877.00000", "2011-12-31": "23163.00000", "2010-12-31": "21469.00000", "2009-12-31": "19536.00000", "2008-12-31": "26131.00000"}, "Research And Development Expenses": {"2020-12-31": "", "2019-12-31": "", "2018-12-31": "", "2017-12-31": "", "2016-12-31": "", "2015-12-31": "", "2014-12-31": "", "2013-12-31": "", "2012-12-31": "", "2011-12-31": "", "2010-12-31": "", "2009-12-31": "", "2008-12-31": ""}, "SG&A Expenses": {"2020-12-31": "2008.00000", "2019-12-31": "2090.00000", "2018-12-31": "2102.00000", "2017-12-31": "15157.00000", "2016-12-31": "15326.00000", "2015-12-31": "15747.00000", "2014-12-31": "16703.00000", "2013-12-31": "15597.00000", "2012-12-31": "15443.00000", "2011-12-31": "15681.00000", "2010-12-31": "15369.00000", "2009-12-31": "14934.00000", "2008-12-31": "17493.00000"}, "Other Operating Income Or Expenses": {"2020-12-31": "-8663.00000", "2019-12-31": "-5819.00000", "2018-12-31": "-4831.00000", "2017-12-31": "-4209.00000", "2016-12-31": "-4217.00000", "2015-12-31": "-3921.00000", "2014-12-31": "-4194.00000", "2013-12-31": "-4119.00000", "2012-12-31": "-4888.00000", "2011-12-31": "-2881.00000", "2010-12-31": "-5580.00000", "2009-12-31": "-4020.00000", "2008-12-31": "-5234.00000"}, "Operating Expenses": {"2020-12-31": "69773.00000", "2019-12-31": "104779.00000", "2018-12-31": "106219.00000", "2017-12-31": "100093.00000", "2016-12-31": "83179.00000", "2015-12-31": "94145.00000", "2014-12-31": "157640.00000", "2013-12-31": "168908.00000", "2012-12-31": "175650.00000", "2011-12-31": "192232.00000", "2010-12-31": "146921.00000", "2009-12-31": "112989.00000", "2008-12-31": "169206.00000"}, "Operating Income": {"2020-12-31": "-5644.00000", "2019-12-31": "2514.00000", "2018-12-31": "5242.00000", "2017-12-31": "2261.00000", "2016-12-31": "1100.00000", "2015-12-31": "4830.00000", "2014-12-31": "3572.00000", "2013-12-31": "2688.00000", "2012-12-31": "3640.00000", "2011-12-31": "3699.00000", "2010-12-31": "-360.00000", "2009-12-31": "-297.00000", "2008-12-31": "2500.00000"}, "Total Non-Operating Income/Expense": {"2020-12-31": "680.00000", "2019-12-31": "1664.00000", "2018-12-31": "2203.00000", "2017-12-31": "1294.00000", "2016-12-31": "1091.00000", "2015-12-31": "1214.00000", "2014-12-31": "2173.00000", "2013-12-31": "2838.00000", "2012-12-31": "2916.00000", "2011-12-31": "2860.00000", "2010-12-31": "1679.00000", "2009-12-31": "1144.00000", "2008-12-31": "1614.00000"}, "Pre-Tax Income": {"2020-12-31": "-4964.00000", "2019-12-31": "4178.00000", "2018-12-31": "7445.00000", "2017-12-31": "3555.00000", "2016-12-31": "2191.00000", "2015-12-31": "6044.00000", "2014-12-31": "5745.00000", "2013-12-31": "5526.00000", "2012-12-31": "6556.00000", "2011-12-31": "6559.00000", "2010-12-31": "1319.00000", "2009-12-31": "847.00000", "2008-12-31": "4114.00000"}, "Income Taxes": {"2020-12-31": "-1250.00000", "2019-12-31": "801.00000", "2018-12-31": "1572.00000", "2017-12-31": "-1693.00000", "2016-12-31": "547.00000", "2015-12-31": "1764.00000", "2014-12-31": "1654.00000", "2013-12-31": "1844.00000", "2012-12-31": "2473.00000", "2011-12-31": "1822.00000", "2010-12-31": "579.00000", "2009-12-31": "368.00000", "2008-12-31": "1449.00000"}, "Income After Taxes": {"2020-12-31": "-3714.00000", "2019-12-31": "3377.00000", "2018-12-31": "5873.00000", "2017-12-31": "5248.00000", "2016-12-31": "1644.00000", "2015-12-31": "4280.00000", "2014-12-31": "4091.00000", "2013-12-31": "3682.00000", "2012-12-31": "4083.00000", "2011-12-31": "4737.00000", "2010-12-31": "740.00000", "2009-12-31": "479.00000", "2008-12-31": "2665.00000"}, "Other Income": {"2020-12-31": "", "2019-12-31": "", "2018-12-31": "", "2017-12-31": "", "2016-12-31": "", "2015-12-31": "", "2014-12-31": "", "2013-12-31": "", "2012-12-31": "", "2011-12-31": "", "2010-12-31": "", "2009-12-31": "", "2008-12-31": ""}, "Income From Continuous Operations": {"2020-12-31": "-3714.00000", "2019-12-31": "3377.00000", "2018-12-31": "5873.00000", "2017-12-31": "5248.00000", "2016-12-31": "1644.00000", "2015-12-31": "4280.00000", "2014-12-31": "4091.00000", "2013-12-31": "3682.00000", "2012-12-31": "4083.00000", "2011-12-31": "4737.00000", "2010-12-31": "740.00000", "2009-12-31": "479.00000", "2008-12-31": "2665.00000"}, "Income From Discontinued Operations": {"2020-12-31": "", "2019-12-31": "", "2018-12-31": "", "2017-12-31": "", "2016-12-31": "", "2015-12-31": "", "2014-12-31": "706.00000", "2013-12-31": "61.00000", "2012-12-31": "48.00000", "2011-12-31": "43.00000", "2010-12-31": "", "2009-12-31": "", "2008-12-31": ""}, "Net Income": {"2020-12-31": "-3975.00000", "2019-12-31": "3076.00000", "2018-12-31": "5595.00000", "2017-12-31": "5106.00000", "2016-12-31": "1555.00000", "2015-12-31": "4227.00000", "2014-12-31": "4762.00000", "2013-12-31": "3726.00000", "2012-12-31": "4124.00000", "2011-12-31": "4775.00000", "2010-12-31": "735.00000", "2009-12-31": "476.00000", "2008-12-31": "2662.00000"}, "EBITDA": {"2020-12-31": "-4227.00000", "2019-12-31": "3878.00000", "2018-12-31": "6621.00000", "2017-12-31": "3601.00000", "2016-12-31": "2289.00000", "2015-12-31": "5929.00000", "2014-12-31": "4591.00000", "2013-12-31": "3659.00000", "2012-12-31": "4571.00000", "2011-12-31": "4622.00000", "2010-12-31": "542.00000", "2009-12-31": "606.00000", "2008-12-31": "3429.00000"}, "EBIT": {"2020-12-31": "-5644.00000", "2019-12-31": "2514.00000", "2018-12-31": "5242.00000", "2017-12-31": "2261.00000", "2016-12-31": "1100.00000", "2015-12-31": "4830.00000", "2014-12-31": "3572.00000", "2013-12-31": "2688.00000", "2012-12-31": "3640.00000", "2011-12-31": "3699.00000", "2010-12-31": "-360.00000", "2009-12-31": "-297.00000", "2008-12-31": "2500.00000"}, "Basic Shares Outstanding": {"2020-12-31": "439.53000", "2019-12-31": "451.36400", "2018-12-31": "470.70800", "2017-12-31": "515.09000", "2016-12-31": "527.53100", "2015-12-31": "542.35500", "2014-12-31": "565.90200", "2013-12-31": "612.91800", "2012-12-31": "628.83500", "2011-12-31": "627.62800", "2010-12-31": "627.62800", "2009-12-31": "", "2008-12-31": ""}, "Shares Outstanding": {"2020-12-31": "439.53000", "2019-12-31": "453.88800", "2018-12-31": "474.04700", "2017-12-31": "518.50800", "2016-12-31": "530.06600", "2015-12-31": "546.97700", "2014-12-31": "571.50400", "2013-12-31": "618.98900", "2012-12-31": "636.76400", "2011-12-31": "634.64500", "2010-12-31": "634.64500", "2009-12-31": "", "2008-12-31": ""}, "Basic EPS": {"2020-12-31": "-9.06000", "2019-12-31": "6.80000", "2018-12-31": "11.87000", "2017-12-31": "9.90000", "2016-12-31": "2.94000", "2015-12-31": "7.78000", "2014-12-31": "8.40000", "2013-12-31": "6.07000", "2012-12-31": "6.55000", "2011-12-31": "7.61000", "2010-12-31": "1.17000", "2009-12-31": "", "2008-12-31": ""}, "EPS - Earnings Per Share": {"2020-12-31": "-9.06000", "2019-12-31": "6.77000", "2018-12-31": "11.80000", "2017-12-31": "9.85000", "2016-12-31": "2.92000", "2015-12-31": "7.73000", "2014-12-31": "8.33000", "2013-12-31": "6.02000", "2012-12-31": "6.48000", "2011-12-31": "7.52000", "2010-12-31": "1.16000", "2009-12-31": "0.00000", "2008-12-31": "0.00000"}}, "income statement, quarterly": {"Revenue": {"2020-12-31": "16409.00000", "2020-09-30": "15929.00000", "2020-06-30": "10913.00000", "2020-03-31": "20878.00000", "2019-12-31": "29125.00000", "2019-09-30": "27218.00000", "2019-06-30": "27847.00000", "2019-03-31": "23103.00000", "2018-12-31": "29098.00000", "2018-09-30": "29788.00000", "2018-06-30": "28980.00000", "2018-03-31": "23595.00000", "2017-12-31": "29746.00000", "2017-09-30": "25627.00000", "2017-06-30": "24087.00000", "2017-03-31": "22894.00000", "2016-12-31": "23397.00000", "2016-09-30": "21624.00000", "2016-06-30": "21849.00000", "2016-03-31": "17409.00000", "2015-12-31": "21893.00000", "2015-09-30": "25792.00000", "2015-06-30": "28512.00000", "2015-03-31": "22778.00000", "2014-12-31": "34963.00000", "2014-09-30": "40417.00000", "2014-06-30": "45549.00000", "2014-03-31": "40283.00000", "2013-12-31": "43049.00000", "2013-09-30": "44146.00000", "2013-06-30": "43190.00000", "2013-03-31": "41211.00000", "2012-12-31": "43815.00000", "2012-09-30": "42945.00000", "2012-06-30": "46747.00000", "2012-03-31": "45783.00000", "2011-12-31": "50448.00000", "2011-09-30": "50610.00000", "2011-06-30": "52594.00000", "2011-03-31": "44779.00000", "2010-12-31": "", "2009-12-31": "", "2008-12-31": ""}, "Cost Of Goods Sold": {"2020-12-31": "15150.00000", "2020-09-30": "14509.00000", "2020-06-30": "9608.00000", "2020-03-31": "18440.00000", "2019-12-31": "26114.00000", "2019-09-30": "23806.00000", "2019-06-30": "24554.00000", "2019-03-31": "21055.00000", "2018-12-31": "24660.00000", "2018-09-30": "26385.00000", "2018-06-30": "25747.00000", "2018-03-31": "21138.00000", "2017-12-31": "23914.00000", "2017-09-30": "19463.00000", "2017-06-30": "18353.00000", "2017-03-31": "17679.00000", "2016-12-31": "18379.00000", "2016-09-30": "15961.00000", "2016-06-30": "16198.00000", "2016-03-31": "11930.00000", "2015-12-31": "15871.00000", "2015-09-30": "18580.00000", "2015-06-30": "22253.00000", "2015-03-31": "16695.00000", "2014-12-31": "28449.00000", "2014-09-30": "33602.00000", "2014-06-30": "39316.00000", "2014-03-31": "34381.00000", "2013-12-31": "37028.00000", "2013-09-30": "38717.00000", "2013-06-30": "37257.00000", "2013-03-31": "35243.00000", "2012-12-31": "37498.00000", "2012-09-30": "36189.00000", "2012-06-30": "40398.00000", "2012-03-31": "40328.00000", "2011-12-31": "42915.00000", "2011-09-30": "43905.00000", "2011-06-30": "46600.00000", "2011-03-31": "39348.00000", "2010-12-31": "", "2009-12-31": "", "2008-12-31": ""}, "Gross Profit": {"2020-12-31": "1259.00000", "2020-09-30": "1420.00000", "2020-06-30": "1305.00000", "2020-03-31": "2438.00000", "2019-12-31": "3011.00000", "2019-09-30": "3412.00000", "2019-06-30": "3293.00000", "2019-03-31": "2048.00000", "2018-12-31": "4438.00000", "2018-09-30": "3403.00000", "2018-06-30": "3233.00000", "2018-03-31": "2457.00000", "2017-12-31": "5832.00000", "2017-09-30": "6164.00000", "2017-06-30": "5734.00000", "2017-03-31": "5215.00000", "2016-12-31": "5018.00000", "2016-09-30": "5663.00000", "2016-06-30": "5651.00000", "2016-03-31": "5479.00000", "2015-12-31": "6022.00000", "2015-09-30": "7212.00000", "2015-06-30": "6259.00000", "2015-03-31": "6083.00000", "2014-12-31": "6514.00000", "2014-09-30": "6815.00000", "2014-06-30": "6233.00000", "2014-03-31": "5902.00000", "2013-12-31": "6021.00000", "2013-09-30": "5429.00000", "2013-06-30": "5933.00000", "2013-03-31": "5968.00000", "2012-12-31": "6317.00000", "2012-09-30": "6756.00000", "2012-06-30": "6349.00000", "2012-03-31": "5455.00000", "2011-12-31": "7533.00000", "2011-09-30": "6705.00000", "2011-06-30": "5994.00000", "2011-03-31": "5431.00000", "2010-12-31": "", "2009-12-31": "", "2008-12-31": ""}, "Research And Development Expenses": {"2020-12-31": "", "2020-09-30": "", "2020-06-30": "", "2020-03-31": "", "2019-12-31": "", "2019-09-30": "", "2019-06-30": "", "2019-03-31": "", "2018-12-31": "", "2018-09-30": "", "2018-06-30": "", "2018-03-31": "", "2017-12-31": "", "2017-09-30": "", "2017-06-30": "", "2017-03-31": "", "2016-12-31": "", "2016-09-30": "", "2016-06-30": "", "2016-03-31": "", "2015-12-31": "", "2015-09-30": "", "2015-06-30": "", "2015-03-31": "", "2014-12-31": "", "2014-09-30": "", "2014-06-30": "", "2014-03-31": "", "2013-12-31": "", "2013-09-30": "", "2013-06-30": "", "2013-03-31": "", "2012-12-31": "", "2012-09-30": "", "2012-06-30": "", "2012-03-31": "", "2011-12-31": "0.00000", "2011-09-30": "", "2011-06-30": "", "2011-03-31": "", "2010-12-31": "", "2009-12-31": "", "2008-12-31": ""}, "SG&A Expenses": {"2020-12-31": "519.00000", "2020-09-30": "490.00000", "2020-06-30": "523.00000", "2020-03-31": "476.00000", "2019-12-31": "570.00000", "2019-09-30": "521.00000", "2019-06-30": "505.00000", "2019-03-31": "494.00000", "2018-12-31": "516.00000", "2018-09-30": "549.00000", "2018-06-30": "541.00000", "2018-03-31": "496.00000", "2017-12-31": "3931.00000", "2017-09-30": "3891.00000", "2017-06-30": "3795.00000", "2017-03-31": "3540.00000", "2016-12-31": "3629.00000", "2016-09-30": "3835.00000", "2016-06-30": "4015.00000", "2016-03-31": "3847.00000", "2015-12-31": "3889.00000", "2015-09-30": "4047.00000", "2015-06-30": "3955.00000", "2015-03-31": "3856.00000", "2014-12-31": "4144.00000", "2014-09-30": "4275.00000", "2014-06-30": "4244.00000", "2014-03-31": "4040.00000", "2013-12-31": "4104.00000", "2013-09-30": "3973.00000", "2013-06-30": "3869.00000", "2013-03-31": "3651.00000", "2012-12-31": "3877.00000", "2012-09-30": "3842.00000", "2012-06-30": "3955.00000", "2012-03-31": "3769.00000", "2011-12-31": "6499.00000", "2011-09-30": "4046.00000", "2011-06-30": "3978.00000", "2011-03-31": "3803.00000", "2010-12-31": "", "2009-12-31": "", "2008-12-31": ""}, "Other Operating Income Or Expenses": {"2020-12-31": "-1252.00000", "2020-09-30": "-2141.00000", "2020-06-30": "-918.00000", "2020-03-31": "-4352.00000", "2019-12-31": "-1384.00000", "2019-09-30": "-2011.00000", "2019-06-30": "-1149.00000", "2019-03-31": "-1275.00000", "2018-12-31": "-1277.00000", "2018-09-30": "-1187.00000", "2018-06-30": "-1142.00000", "2018-03-31": "-1225.00000", "2017-12-31": "-1168.00000", "2017-09-30": "-1091.00000", "2017-06-30": "-1126.00000", "2017-03-31": "-824.00000", "2016-12-31": "-1188.00000", "2016-09-30": "-1041.00000", "2016-06-30": "-978.00000", "2016-03-31": "-1010.00000", "2015-12-31": "-1074.00000", "2015-09-30": "-1047.00000", "2015-06-30": "-893.00000", "2015-03-31": "-907.00000", "2014-12-31": "-1073.00000", "2014-09-30": "-1002.00000", "2014-06-30": "-1060.00000", "2014-03-31": "-1059.00000", "2013-12-31": "-1188.00000", "2013-09-30": "-998.00000", "2013-06-30": "-949.00000", "2013-03-31": "-984.00000", "2012-12-31": "-1615.00000", "2012-09-30": "-1136.00000", "2012-06-30": "-1000.00000", "2012-03-31": "-1137.00000", "2011-12-31": "857.00000", "2011-09-30": "-1721.00000", "2011-06-30": "-974.00000", "2011-03-31": "-1043.00000", "2010-12-31": "", "2009-12-31": "", "2008-12-31": ""}, "Operating Expenses": {"2020-12-31": "17279.00000", "2020-09-30": "17492.00000", "2020-06-30": "11392.00000", "2020-03-31": "23610.00000", "2019-12-31": "28408.00000", "2019-09-30": "26674.00000", "2019-06-30": "26542.00000", "2019-03-31": "23155.00000", "2018-12-31": "26790.00000", "2018-09-30": "28467.00000", "2018-06-30": "27767.00000", "2018-03-31": "23195.00000", "2017-12-31": "29359.00000", "2017-09-30": "24782.00000", "2017-06-30": "23594.00000", "2017-03-31": "22358.00000", "2016-12-31": "23501.00000", "2016-09-30": "21130.00000", "2016-06-30": "21481.00000", "2016-03-31": "17067.00000", "2015-12-31": "21115.00000", "2015-09-30": "23944.00000", "2015-06-30": "27375.00000", "2015-03-31": "21711.00000", "2014-12-31": "33939.00000", "2014-09-30": "39128.00000", "2014-06-30": "44859.00000", "2014-03-31": "39714.00000", "2013-12-31": "42563.00000", "2013-09-30": "43921.00000", "2013-06-30": "42304.00000", "2013-03-31": "40120.00000", "2012-12-31": "43227.00000", "2012-09-30": "41396.00000", "2012-06-30": "45577.00000", "2012-03-31": "45450.00000", "2011-12-31": "46147.00000", "2011-09-30": "49894.00000", "2011-06-30": "51778.00000", "2011-03-31": "44413.00000", "2010-12-31": "", "2009-12-31": "", "2008-12-31": ""}, "Operating Income": {"2020-12-31": "-870.00000", "2020-09-30": "-1563.00000", "2020-06-30": "-479.00000", "2020-03-31": "-2732.00000", "2019-12-31": "717.00000", "2019-09-30": "544.00000", "2019-06-30": "1305.00000", "2019-03-31": "-52.00000", "2018-12-31": "2308.00000", "2018-09-30": "1321.00000", "2018-06-30": "1213.00000", "2018-03-31": "400.00000", "2017-12-31": "387.00000", "2017-09-30": "845.00000", "2017-06-30": "493.00000", "2017-03-31": "536.00000", "2016-12-31": "-104.00000", "2016-09-30": "494.00000", "2016-06-30": "368.00000", "2016-03-31": "342.00000", "2015-12-31": "778.00000", "2015-09-30": "1848.00000", "2015-06-30": "1137.00000", "2015-03-31": "1067.00000", "2014-12-31": "1024.00000", "2014-09-30": "1289.00000", "2014-06-30": "690.00000", "2014-03-31": "569.00000", "2013-12-31": "486.00000", "2013-09-30": "225.00000", "2013-06-30": "886.00000", "2013-03-31": "1091.00000", "2012-12-31": "588.00000", "2012-09-30": "1549.00000", "2012-06-30": "1170.00000", "2012-03-31": "333.00000", "2011-12-31": "4301.00000", "2011-09-30": "716.00000", "2011-06-30": "816.00000", "2011-03-31": "366.00000", "2010-12-31": "", "2009-12-31": "", "2008-12-31": ""}, "Total Non-Operating Income/Expense": {"2020-12-31": "179.00000", "2020-09-30": "213.00000", "2020-06-30": "34.00000", "2020-03-31": "254.00000", "2019-12-31": "349.00000", "2019-09-30": "399.00000", "2019-06-30": "524.00000", "2019-03-31": "392.00000", "2018-12-31": "610.00000", "2018-09-30": "654.00000", "2018-06-30": "622.00000", "2018-03-31": "317.00000", "2017-12-31": "267.00000", "2017-09-30": "411.00000", "2017-06-30": "355.00000", "2017-03-31": "261.00000", "2016-12-31": "166.00000", "2016-09-30": "319.00000", "2016-06-30": "352.00000", "2016-03-31": "254.00000", "2015-12-31": "54.00000", "2015-09-30": "511.00000", "2015-06-30": "328.00000", "2015-03-31": "321.00000", "2014-12-31": "337.00000", "2014-09-30": "438.00000", "2014-06-30": "669.00000", "2014-03-31": "729.00000", "2013-12-31": "725.00000", "2013-09-30": "579.00000", "2013-06-30": "567.00000", "2013-03-31": "967.00000", "2012-12-31": "556.00000", "2012-09-30": "900.00000", "2012-06-30": "724.00000", "2012-03-31": "736.00000", "2011-12-31": "485.00000", "2011-09-30": "834.00000", "2011-06-30": "812.00000", "2011-03-31": "729.00000", "2010-12-31": "", "2009-12-31": "", "2008-12-31": ""}, "Pre-Tax Income": {"2020-12-31": "-691.00000", "2020-09-30": "-1350.00000", "2020-06-30": "-445.00000", "2020-03-31": "-2478.00000", "2019-12-31": "1066.00000", "2019-09-30": "943.00000", "2019-06-30": "1829.00000", "2019-03-31": "340.00000", "2018-12-31": "2918.00000", "2018-09-30": "1975.00000", "2018-06-30": "1835.00000", "2018-03-31": "717.00000", "2017-12-31": "654.00000", "2017-09-30": "1256.00000", "2017-06-30": "848.00000", "2017-03-31": "797.00000", "2016-12-31": "62.00000", "2016-09-30": "813.00000", "2016-06-30": "720.00000", "2016-03-31": "596.00000", "2015-12-31": "832.00000", "2015-09-30": "2359.00000", "2015-06-30": "1465.00000", "2015-03-31": "1388.00000", "2014-12-31": "1361.00000", "2014-09-30": "1727.00000", "2014-06-30": "1359.00000", "2014-03-31": "1298.00000", "2013-12-31": "1211.00000", "2013-09-30": "804.00000", "2013-06-30": "1453.00000", "2013-03-31": "2058.00000", "2012-12-31": "1144.00000", "2012-09-30": "2449.00000", "2012-06-30": "1894.00000", "2012-03-31": "1069.00000", "2011-12-31": "2286.00000", "2011-09-30": "1550.00000", "2011-06-30": "1628.00000", "2011-03-31": "1095.00000", "2010-12-31": "", "2009-12-31": "", "2008-12-31": ""}, "Income Taxes": {"2020-12-31": "-197.00000", "2020-09-30": "-624.00000", "2020-06-30": "-378.00000", "2020-03-31": "-51.00000", "2019-12-31": "256.00000", "2019-09-30": "150.00000", "2019-06-30": "325.00000", "2019-03-31": "70.00000", "2018-12-31": "602.00000", "2018-09-30": "407.00000", "2018-06-30": "431.00000", "2018-03-31": "132.00000", "2017-12-31": "-2601.00000", "2017-09-30": "407.00000", "2017-06-30": "267.00000", "2017-03-31": "234.00000", "2016-12-31": "-132.00000", "2016-09-30": "277.00000", "2016-06-30": "204.00000", "2016-03-31": "198.00000", "2015-12-31": "166.00000", "2015-09-30": "767.00000", "2015-06-30": "440.00000", "2015-03-31": "391.00000", "2014-12-31": "203.00000", "2014-09-30": "538.00000", "2014-06-30": "487.00000", "2014-03-31": "426.00000", "2013-12-31": "396.00000", "2013-09-30": "278.00000", "2013-06-30": "507.00000", "2013-03-31": "663.00000", "2012-12-31": "482.00000", "2012-09-30": "848.00000", "2012-06-30": "712.00000", "2012-03-31": "431.00000", "2011-12-31": "317.00000", "2011-09-30": "499.00000", "2011-06-30": "588.00000", "2011-03-31": "418.00000", "2010-12-31": "", "2009-12-31": "", "2008-12-31": ""}, "Income After Taxes": {"2020-12-31": "-494.00000", "2020-09-30": "-726.00000", "2020-06-30": "-67.00000", "2020-03-31": "-2427.00000", "2019-12-31": "810.00000", "2019-09-30": "793.00000", "2019-06-30": "1504.00000", "2019-03-31": "270.00000", "2018-12-31": "2316.00000", "2018-09-30": "1568.00000", "2018-06-30": "1404.00000", "2018-03-31": "585.00000", "2017-12-31": "3255.00000", "2017-09-30": "849.00000", "2017-06-30": "581.00000", "2017-03-31": "563.00000", "2016-12-31": "194.00000", "2016-09-30": "536.00000", "2016-06-30": "516.00000", "2016-03-31": "398.00000", "2015-12-31": "666.00000", "2015-09-30": "1592.00000", "2015-06-30": "1025.00000", "2015-03-31": "997.00000", "2014-12-31": "1158.00000", "2014-09-30": "1189.00000", "2014-06-30": "872.00000", "2014-03-31": "872.00000", "2013-12-31": "815.00000", "2013-09-30": "526.00000", "2013-06-30": "946.00000", "2013-03-31": "1395.00000", "2012-12-31": "662.00000", "2012-09-30": "1601.00000", "2012-06-30": "1182.00000", "2012-03-31": "638.00000", "2011-12-31": "1969.00000", "2011-09-30": "1051.00000", "2011-06-30": "1040.00000", "2011-03-31": "677.00000", "2010-12-31": "", "2009-12-31": "", "2008-12-31": ""}, "Other Income": {"2020-12-31": "", "2020-09-30": "", "2020-06-30": "", "2020-03-31": "", "2019-12-31": "", "2019-09-30": "", "2019-06-30": "", "2019-03-31": "", "2018-12-31": "", "2018-09-30": "", "2018-06-30": "", "2018-03-31": "", "2017-12-31": "", "2017-09-30": "", "2017-06-30": "", "2017-03-31": "", "2016-12-31": "", "2016-09-30": "", "2016-06-30": "", "2016-03-31": "", "2015-12-31": "", "2015-09-30": "", "2015-06-30": "", "2015-03-31": "", "2014-12-31": "", "2014-09-30": "", "2014-06-30": "", "2014-03-31": "", "2013-12-31": "", "2013-09-30": "", "2013-06-30": "", "2013-03-31": "", "2012-12-31": "", "2012-09-30": "", "2012-06-30": "", "2012-03-31": "", "2011-12-31": "", "2011-09-30": "", "2011-06-30": "", "2011-03-31": "", "2010-12-31": "", "2009-12-31": "", "2008-12-31": ""}, "Income From Continuous Operations": {"2020-12-31": "-494.00000", "2020-09-30": "-726.00000", "2020-06-30": "-67.00000", "2020-03-31": "-2427.00000", "2019-12-31": "810.00000", "2019-09-30": "793.00000", "2019-06-30": "1504.00000", "2019-03-31": "270.00000", "2018-12-31": "2316.00000", "2018-09-30": "1568.00000", "2018-06-30": "1404.00000", "2018-03-31": "585.00000", "2017-12-31": "3255.00000", "2017-09-30": "849.00000", "2017-06-30": "581.00000", "2017-03-31": "563.00000", "2016-12-31": "194.00000", "2016-09-30": "536.00000", "2016-06-30": "516.00000", "2016-03-31": "398.00000", "2015-12-31": "666.00000", "2015-09-30": "1592.00000", "2015-06-30": "1025.00000", "2015-03-31": "997.00000", "2014-12-31": "1158.00000", "2014-09-30": "1189.00000", "2014-06-30": "872.00000", "2014-03-31": "872.00000", "2013-12-31": "815.00000", "2013-09-30": "526.00000", "2013-06-30": "946.00000", "2013-03-31": "1395.00000", "2012-12-31": "662.00000", "2012-09-30": "1601.00000", "2012-06-30": "1182.00000", "2012-03-31": "638.00000", "2011-12-31": "2011.00000", "2011-09-30": "1051.00000", "2011-06-30": "1040.00000", "2011-03-31": "677.00000", "2010-12-31": "", "2009-12-31": "", "2008-12-31": ""}, "Income From Discontinued Operations": {"2020-12-31": "", "2020-09-30": "", "2020-06-30": "", "2020-03-31": "", "2019-12-31": "", "2019-09-30": "", "2019-06-30": "", "2019-03-31": "", "2018-12-31": "", "2018-09-30": "", "2018-06-30": "", "2018-03-31": "", "2017-12-31": "", "2017-09-30": "", "2017-06-30": "", "2017-03-31": "", "2016-12-31": "", "2016-09-30": "", "2016-06-30": "", "2016-03-31": "", "2015-12-31": "", "2015-09-30": "", "2015-06-30": "", "2015-03-31": "", "2014-12-31": "", "2014-09-30": "", "2014-06-30": "", "2014-03-31": "706.00000", "2013-12-31": "18.00000", "2013-09-30": "14.00000", "2013-06-30": "14.00000", "2013-03-31": "15.00000", "2012-12-31": "", "2012-09-30": "", "2012-06-30": "", "2012-03-31": "", "2011-12-31": "0.00000", "2011-09-30": "", "2011-06-30": "", "2011-03-31": "", "2010-12-31": "", "2009-12-31": "", "2008-12-31": ""}, "Net Income": {"2020-12-31": "-539.00000", "2020-09-30": "-799.00000", "2020-06-30": "-141.00000", "2020-03-31": "-2496.00000", "2019-12-31": "736.00000", "2019-09-30": "712.00000", "2019-06-30": "1424.00000", "2019-03-31": "204.00000", "2018-12-31": "2240.00000", "2018-09-30": "1492.00000", "2018-06-30": "1339.00000", "2018-03-31": "524.00000", "2017-12-31": "3198.00000", "2017-09-30": "823.00000", "2017-06-30": "550.00000", "2017-03-31": "535.00000", "2016-12-31": "163.00000", "2016-09-30": "511.00000", "2016-06-30": "496.00000", "2016-03-31": "385.00000", "2015-12-31": "650.00000", "2015-09-30": "1578.00000", "2015-06-30": "1012.00000", "2015-03-31": "987.00000", "2014-12-31": "1147.00000", "2014-09-30": "1180.00000", "2014-06-30": "863.00000", "2014-03-31": "1572.00000", "2013-12-31": "826.00000", "2013-09-30": "535.00000", "2013-06-30": "958.00000", "2013-03-31": "1407.00000", "2012-12-31": "709.00000", "2012-09-30": "1598.00000", "2012-06-30": "1181.00000", "2012-03-31": "636.00000", "2011-12-31": "2011.00000", "2011-09-30": "1049.00000", "2011-06-30": "1039.00000", "2011-03-31": "676.00000", "2010-12-31": "", "2009-12-31": "", "2008-12-31": ""}, "EBITDA": {"2020-12-31": "", "2020-09-30": "-1205.00000", "2020-06-30": "-131.00000", "2020-03-31": "-2384.00000", "2019-12-31": "1063.00000", "2019-09-30": "886.00000", "2019-06-30": "1644.00000", "2019-03-31": "285.00000", "2018-12-31": "2651.00000", "2018-09-30": "1672.00000", "2018-06-30": "1556.00000", "2018-03-31": "742.00000", "2017-12-31": "739.00000", "2017-09-30": "1187.00000", "2017-06-30": "819.00000", "2017-03-31": "856.00000", "2016-12-31": "207.00000", "2016-09-30": "792.00000", "2016-06-30": "663.00000", "2016-03-31": "627.00000", "2015-12-31": "1064.00000", "2015-09-30": "2123.00000", "2015-06-30": "1417.00000", "2015-03-31": "1325.00000", "2014-12-31": "1303.00000", "2014-09-30": "1544.00000", "2014-06-30": "935.00000", "2014-03-31": "809.00000", "2013-12-31": "735.00000", "2013-09-30": "464.00000", "2013-06-30": "1121.00000", "2013-03-31": "1339.00000", "2012-12-31": "832.00000", "2012-09-30": "1785.00000", "2012-06-30": "1400.00000", "2012-03-31": "554.00000", "2011-12-31": "4547.00000", "2011-09-30": "943.00000", "2011-06-30": "1048.00000", "2011-03-31": "590.00000", "2010-12-31": "", "2009-12-31": "", "2008-12-31": ""}, "EBIT": {"2020-12-31": "-870.00000", "2020-09-30": "-1563.00000", "2020-06-30": "-479.00000", "2020-03-31": "-2732.00000", "2019-12-31": "717.00000", "2019-09-30": "544.00000", "2019-06-30": "1305.00000", "2019-03-31": "-52.00000", "2018-12-31": "2308.00000", "2018-09-30": "1321.00000", "2018-06-30": "1213.00000", "2018-03-31": "400.00000", "2017-12-31": "387.00000", "2017-09-30": "845.00000", "2017-06-30": "493.00000", "2017-03-31": "536.00000", "2016-12-31": "-104.00000", "2016-09-30": "494.00000", "2016-06-30": "368.00000", "2016-03-31": "342.00000", "2015-12-31": "778.00000", "2015-09-30": "1848.00000", "2015-06-30": "1137.00000", "2015-03-31": "1067.00000", "2014-12-31": "1024.00000", "2014-09-30": "1289.00000", "2014-06-30": "690.00000", "2014-03-31": "569.00000", "2013-12-31": "486.00000", "2013-09-30": "225.00000", "2013-06-30": "886.00000", "2013-03-31": "1091.00000", "2012-12-31": "588.00000", "2012-09-30": "1549.00000", "2012-06-30": "1170.00000", "2012-03-31": "333.00000", "2011-12-31": "4301.00000", "2011-09-30": "716.00000", "2011-06-30": "816.00000", "2011-03-31": "366.00000", "2010-12-31": "", "2009-12-31": "", "2008-12-31": ""}, "Basic Shares Outstanding": {"2020-12-31": "439.11500", "2020-09-30": "438.91600", "2020-06-30": "438.75600", "2020-03-31": "441.34500", "2019-12-31": "451.36400", "2019-09-30": "449.00500", "2019-06-30": "453.68100", "2019-03-31": "457.59900", "2018-12-31": "470.70800", "2018-09-30": "466.10900", "2018-06-30": "468.33100", "2018-03-31": "487.06500", "2017-12-31": "515.09000", "2017-09-30": "512.92300", "2017-06-30": "517.78500", "2017-03-31": "521.64700", "2016-12-31": "527.53100", "2016-09-30": "525.99100", "2016-06-30": "528.24700", "2016-03-31": "531.73900", "2015-12-31": "542.35500", "2015-09-30": "540.35700", "2015-06-30": "544.61700", "2015-03-31": "548.20000", "2014-12-31": "565.90200", "2014-09-30": "559.49200", "2014-06-30": "565.79900", "2014-03-31": "584.05300", "2013-12-31": "612.91800", "2013-09-30": "608.93400", "2013-06-30": "619.14300", "2013-03-31": "625.03000", "2012-12-31": "628.83500", "2012-09-30": "630.67200", "2012-06-30": "628.51000", "2012-03-31": "627.62800", "2011-12-31": "627.62800", "2011-09-30": "627.62800", "2011-06-30": "627.62800", "2011-03-31": "", "2010-12-31": "", "2009-12-31": "", "2008-12-31": ""}, "Shares Outstanding": {"2020-12-31": "439.11500", "2020-09-30": "438.91600", "2020-06-30": "438.75600", "2020-03-31": "441.34500", "2019-12-31": "453.88800", "2019-09-30": "451.00100", "2019-06-30": "455.58500", "2019-03-31": "459.28900", "2018-12-31": "474.04700", "2018-09-30": "469.44000", "2018-06-30": "471.63800", "2018-03-31": "489.66800", "2017-12-31": "518.50800", "2017-09-30": "515.96000", "2017-06-30": "520.16000", "2017-03-31": "524.52000", "2016-12-31": "530.06600", "2016-09-30": "528.79800", "2016-06-30": "531.06000", "2016-03-31": "534.70900", "2015-12-31": "546.97700", "2015-09-30": "544.69600", "2015-06-30": "548.92600", "2015-03-31": "552.33700", "2014-12-31": "571.50400", "2014-09-30": "564.95800", "2014-06-30": "571.28500", "2014-03-31": "589.57500", "2013-12-31": "618.98900", "2013-09-30": "614.51900", "2013-06-30": "624.90700", "2013-03-31": "631.28800", "2012-12-31": "636.76400", "2012-09-30": "637.91300", "2012-06-30": "635.15700", "2012-03-31": "634.64500", "2011-12-31": "634.64500", "2011-09-30": "634.64500", "2011-06-30": "634.64500", "2011-03-31": "", "2010-12-31": "", "2009-12-31": "", "2008-12-31": ""}, "Basic EPS": {"2020-12-31": "-1.23000", "2020-09-30": "-1.82000", "2020-06-30": "-0.33000", "2020-03-31": "-5.66000", "2019-12-31": "1.65000", "2019-09-30": "1.58000", "2019-06-30": "3.13000", "2019-03-31": "0.44000", "2018-12-31": "4.74000", "2018-09-30": "3.20000", "2018-06-30": "2.86000", "2018-03-31": "1.07000", "2017-12-31": "6.22000", "2017-09-30": "1.60000", "2017-06-30": "1.06000", "2017-03-31": "1.02000", "2016-12-31": "0.31000", "2016-09-30": "0.97000", "2016-06-30": "0.94000", "2016-03-31": "0.72000", "2015-12-31": "1.21000", "2015-09-30": "2.92000", "2015-06-30": "1.85000", "2015-03-31": "1.80000", "2014-12-31": "2.08000", "2014-09-30": "2.11000", "2014-06-30": "1.52000", "2014-03-31": "2.69000", "2013-12-31": "1.39000", "2013-09-30": "0.88000", "2013-06-30": "1.55000", "2013-03-31": "2.25000", "2012-12-31": "1.13000", "2012-09-30": "2.53000", "2012-06-30": "1.88000", "2012-03-31": "1.01000", "2011-12-31": "3.20000", "2011-09-30": "1.67000", "2011-06-30": "1.66000", "2011-03-31": "", "2010-12-31": "", "2009-12-31": "", "2008-12-31": ""}, "EPS - Earnings Per Share": {"2020-12-31": "-1.23000", "2020-09-30": "-1.82000", "2020-06-30": "-0.33000", "2020-03-31": "-5.66000", "2019-12-31": "1.63000", "2019-09-30": "1.58000", "2019-06-30": "3.12000", "2019-03-31": "0.44000", "2018-12-31": "4.71000", "2018-09-30": "3.18000", "2018-06-30": "2.84000", "2018-03-31": "1.07000", "2017-12-31": "6.17000", "2017-09-30": "1.60000", "2017-06-30": "1.06000", "2017-03-31": "1.02000", "2016-12-31": "0.31000", "2016-09-30": "0.96000", "2016-06-30": "0.93000", "2016-03-31": "0.72000", "2015-12-31": "1.20000", "2015-09-30": "2.90000", "2015-06-30": "1.84000", "2015-03-31": "1.79000", "2014-12-31": "2.06000", "2014-09-30": "2.09000", "2014-06-30": "1.51000", "2014-03-31": "2.67000", "2013-12-31": "1.39000", "2013-09-30": "0.87000", "2013-06-30": "1.53000", "2013-03-31": "2.23000", "2012-12-31": "1.11000", "2012-09-30": "2.51000", "2012-06-30": "1.86000", "2012-03-31": "1.00000", "2011-12-31": "3.17000", "2011-09-30": "1.65000", "2011-06-30": "1.64000", "2011-03-31": "0.00000", "2010-12-31": "0.00000", "2009-12-31": "0.00000", "2008-12-31": "0.00000"}}, "balance sheet": {"Cash On Hand": {"2020-12-31": "", "2019-12-31": "1614.00000", "2018-12-31": "3019.00000", "2017-12-31": "3119.00000", "2016-12-31": "2711.00000", "2015-12-31": "3074.00000", "2014-12-31": "5207.00000", "2013-12-31": "5400.00000", "2012-12-31": "3474.00000", "2011-12-31": "", "2010-12-31": "", "2009-12-31": "", "2008-12-31": ""}, "Receivables": {"2020-12-31": "", "2019-12-31": "8510.00000", "2018-12-31": "6173.00000", "2017-12-31": "7506.00000", "2016-12-31": "6397.00000", "2015-12-31": "5173.00000", "2014-12-31": "7255.00000", "2013-12-31": "9632.00000", "2012-12-31": "10403.00000", "2011-12-31": "10025.00000", "2010-12-31": "10213.00000", "2009-12-31": "6842.00000", "2008-12-31": ""}, "Inventory": {"2020-12-31": "", "2019-12-31": "3776.00000", "2018-12-31": "3543.00000", "2017-12-31": "3395.00000", "2016-12-31": "3150.00000", "2015-12-31": "3477.00000", "2014-12-31": "3397.00000", "2013-12-31": "3354.00000", "2012-12-31": "3430.00000", "2011-12-31": "3466.00000", "2010-12-31": "4113.00000", "2009-12-31": "3842.00000", "2008-12-31": ""}, "Pre-Paid Expenses": {"2020-12-31": "", "2019-12-31": "495.00000", "2018-12-31": "474.00000", "2017-12-31": "370.00000", "2016-12-31": "422.00000", "2015-12-31": "532.00000", "2014-12-31": "833.00000", "2013-12-31": "851.00000", "2012-12-31": "655.00000", "2011-12-31": "457.00000", "2010-12-31": "378.00000", "2009-12-31": "684.00000", "2008-12-31": ""}, "Other Current Assets": {"2020-12-31": "", "2019-12-31": "", "2018-12-31": "", "2017-12-31": "", "2016-12-31": "", "2015-12-31": "", "2014-12-31": "", "2013-12-31": "", "2012-12-31": "", "2011-12-31": "", "2010-12-31": "", "2009-12-31": "", "2008-12-31": ""}, "Total Current Assets": {"2020-12-31": "", "2019-12-31": "14395.00000", "2018-12-31": "13209.00000", "2017-12-31": "14390.00000", "2016-12-31": "12680.00000", "2015-12-31": "12256.00000", "2014-12-31": "16692.00000", "2013-12-31": "19237.00000", "2012-12-31": "17962.00000", "2011-12-31": "13948.00000", "2010-12-31": "14704.00000", "2009-12-31": "11368.00000", "2008-12-31": ""}, "Property, Plant, And Equipment": {"2020-12-31": "", "2019-12-31": "23786.00000", "2018-12-31": "22018.00000", "2017-12-31": "21460.00000", "2016-12-31": "20855.00000", "2015-12-31": "19721.00000", "2014-12-31": "17346.00000", "2013-12-31": "15398.00000", "2012-12-31": "15407.00000", "2011-12-31": "14771.00000", "2010-12-31": "15409.00000", "2009-12-31": "17238.00000", "2008-12-31": ""}, "Long-Term Investments": {"2020-12-31": "", "2019-12-31": "14571.00000", "2018-12-31": "14421.00000", "2017-12-31": "13941.00000", "2016-12-31": "13534.00000", "2015-12-31": "12143.00000", "2014-12-31": "10189.00000", "2013-12-31": "11220.00000", "2012-12-31": "10471.00000", "2011-12-31": "10306.00000", "2010-12-31": "9918.00000", "2009-12-31": "9398.00000", "2008-12-31": ""}, "Goodwill And Intangible Assets": {"2020-12-31": "", "2019-12-31": "4139.00000", "2018-12-31": "4139.00000", "2017-12-31": "4146.00000", "2016-12-31": "4158.00000", "2015-12-31": "4181.00000", "2014-12-31": "4174.00000", "2013-12-31": "3794.00000", "2012-12-31": "4068.00000", "2011-12-31": "4064.00000", "2010-12-31": "4410.00000", "2009-12-31": "4426.00000", "2008-12-31": "0.00000"}, "Other Long-Term Assets": {"2020-12-31": "", "2019-12-31": "1829.00000", "2018-12-31": "515.00000", "2017-12-31": "434.00000", "2016-12-31": "426.00000", "2015-12-31": "279.00000", "2014-12-31": "291.00000", "2013-12-31": "149.00000", "2012-12-31": "165.00000", "2011-12-31": "122.00000", "2010-12-31": "514.00000", "2009-12-31": "450.00000", "2008-12-31": ""}, "Total Long-Term Assets": {"2020-12-31": "", "2019-12-31": "44325.00000", "2018-12-31": "41093.00000", "2017-12-31": "39981.00000", "2016-12-31": "38973.00000", "2015-12-31": "36324.00000", "2014-12-31": "32000.00000", "2013-12-31": "30561.00000", "2012-12-31": "30111.00000", "2011-12-31": "29263.00000", "2010-12-31": "30251.00000", "2009-12-31": "31512.00000", "2008-12-31": ""}, "Total Assets": {"2020-12-31": "0.00000", "2019-12-31": "58720.00000", "2018-12-31": "54302.00000", "2017-12-31": "54371.00000", "2016-12-31": "51653.00000", "2015-12-31": "48580.00000", "2014-12-31": "48692.00000", "2013-12-31": "49798.00000", "2012-12-31": "48073.00000", "2011-12-31": "43211.00000", "2010-12-31": "44955.00000", "2009-12-31": "42880.00000", "2008-12-31": "0.00000"}, "Total Current Liabilities": {"2020-12-31": "", "2019-12-31": "11646.00000", "2018-12-31": "8935.00000", "2017-12-31": "10107.00000", "2016-12-31": "9463.00000", "2015-12-31": "7531.00000", "2014-12-31": "11094.00000", "2013-12-31": "12931.00000", "2012-12-31": "12482.00000", "2011-12-31": "12384.00000", "2010-12-31": "12503.00000", "2009-12-31": "9335.00000", "2008-12-31": ""}, "Long Term Debt": {"2020-12-31": "", "2019-12-31": "11216.00000", "2018-12-31": "11093.00000", "2017-12-31": "10069.00000", "2016-12-31": "9588.00000", "2015-12-31": "8843.00000", "2014-12-31": "7793.00000", "2013-12-31": "6131.00000", "2012-12-31": "6961.00000", "2011-12-31": "361.00000", "2010-12-31": "388.00000", "2009-12-31": "403.00000", "2008-12-31": ""}, "Other Non-Current Liabilities": {"2020-12-31": "", "2019-12-31": "2092.00000", "2018-12-31": "979.00000", "2017-12-31": "875.00000", "2016-12-31": "918.00000", "2015-12-31": "942.00000", "2014-12-31": "972.00000", "2013-12-31": "1298.00000", "2012-12-31": "1055.00000", "2011-12-31": "1253.00000", "2010-12-31": "1110.00000", "2009-12-31": "1238.00000", "2008-12-31": ""}, "Total Long Term Liabilities": {"2020-12-31": "", "2019-12-31": "19905.00000", "2018-12-31": "18214.00000", "2017-12-31": "16836.00000", "2016-12-31": "18465.00000", "2015-12-31": "17111.00000", "2014-12-31": "15561.00000", "2013-12-31": "14475.00000", "2012-12-31": "14785.00000", "2011-12-31": "7534.00000", "2010-12-31": "6426.00000", "2009-12-31": "6605.00000", "2008-12-31": ""}, "Total Liabilities": {"2020-12-31": "", "2019-12-31": "31551.00000", "2018-12-31": "27149.00000", "2017-12-31": "26943.00000", "2016-12-31": "27928.00000", "2015-12-31": "24642.00000", "2014-12-31": "26655.00000", "2013-12-31": "27406.00000", "2012-12-31": "27267.00000", "2011-12-31": "19918.00000", "2010-12-31": "18929.00000", "2009-12-31": "15940.00000", "2008-12-31": "0.00000"}, "Common Stock Net": {"2020-12-31": "", "2019-12-31": "6.00000", "2018-12-31": "6.00000", "2017-12-31": "6.00000", "2016-12-31": "6.00000", "2015-12-31": "6.00000", "2014-12-31": "6.00000", "2013-12-31": "6.00000", "2012-12-31": "6.00000", "2011-12-31": "0.00000", "2010-12-31": "", "2009-12-31": "", "2008-12-31": "0.00000"}, "Retained Earnings (Accumulated Deficit)": {"2020-12-31": "", "2019-12-31": "22064.00000", "2018-12-31": "20489.00000", "2017-12-31": "16306.00000", "2016-12-31": "12608.00000", "2015-12-31": "12348.00000", "2014-12-31": "9309.00000", "2013-12-31": "5622.00000", "2012-12-31": "2713.00000", "2011-12-31": "", "2010-12-31": "", "2009-12-31": "", "2008-12-31": ""}, "Comprehensive Income": {"2020-12-31": "", "2019-12-31": "-788.00000", "2018-12-31": "-692.00000", "2017-12-31": "-617.00000", "2016-12-31": "-995.00000", "2015-12-31": "-653.00000", "2014-12-31": "-531.00000", "2013-12-31": "37.00000", "2012-12-31": "-314.00000", "2011-12-31": "122.00000", "2010-12-31": "214.00000", "2009-12-31": "329.00000", "2008-12-31": ""}, "Other Share Holders Equity": {"2020-12-31": "", "2019-12-31": "", "2018-12-31": "", "2017-12-31": "", "2016-12-31": "", "2015-12-31": "", "2014-12-31": "", "2013-12-31": "", "2012-12-31": "", "2011-12-31": "", "2010-12-31": "", "2009-12-31": "", "2008-12-31": "0.00000"}, "Share Holder Equity": {"2020-12-31": "", "2019-12-31": "27169.00000", "2018-12-31": "27153.00000", "2017-12-31": "27428.00000", "2016-12-31": "23725.00000", "2015-12-31": "23938.00000", "2014-12-31": "22037.00000", "2013-12-31": "22392.00000", "2012-12-31": "20806.00000", "2011-12-31": "23293.00000", "2010-12-31": "26026.00000", "2009-12-31": "26940.00000", "2008-12-31": "0.00000"}, "Total Liabilities And Share Holders Equity": {"2020-12-31": "", "2019-12-31": "58720.00000", "2018-12-31": "54302.00000", "2017-12-31": "54371.00000", "2016-12-31": "51653.00000", "2015-12-31": "48580.00000", "2014-12-31": "48692.00000", "2013-12-31": "49798.00000", "2012-12-31": "48073.00000", "2011-12-31": "43211.00000", "2010-12-31": "44955.00000", "2009-12-31": "42880.00000", "2008-12-31": "0.00000"}}, "balance sheet, quarterly": {"Cash On Hand": {"2020-12-31": "", "2020-09-30": "1462.00000", "2020-06-30": "1890.00000", "2020-03-31": "1221.00000", "2019-12-31": "1614.00000", "2019-09-30": "2268.00000", "2019-06-30": "1819.00000", "2019-03-31": "1253.00000", "2018-12-31": "3019.00000", "2018-09-30": "924.00000", "2018-06-30": "1884.00000", "2018-03-31": "842.00000", "2017-12-31": "3119.00000", "2017-09-30": "1547.00000", "2017-06-30": "2161.00000", "2017-03-31": "1513.00000", "2016-12-31": "2711.00000", "2016-09-30": "2337.00000", "2016-06-30": "2232.00000", "2016-03-31": "1723.00000", "2015-12-31": "3074.00000", "2015-09-30": "4822.00000", "2015-06-30": "5089.00000", "2015-03-31": "5390.00000", "2014-12-31": "5207.00000", "2014-09-30": "3108.00000", "2014-06-30": "4956.00000", "2014-03-31": "5326.00000", "2013-12-31": "5400.00000", "2013-09-30": "5942.00000", "2013-06-30": "4220.00000", "2013-03-31": "4753.00000", "2012-12-31": "3474.00000", "2012-09-30": "4430.00000", "2012-06-30": "3104.00000", "2012-03-31": "6050.00000", "2011-12-31": "", "2011-09-30": "", "2011-06-30": "", "2011-03-31": "", "2010-12-31": "", "2009-12-31": "", "2008-12-31": ""}, "Receivables": {"2020-12-31": "", "2020-09-30": "5963.00000", "2020-06-30": "4852.00000", "2020-03-31": "4559.00000", "2019-12-31": "8510.00000", "2019-09-30": "7086.00000", "2019-06-30": "6727.00000", "2019-03-31": "7303.00000", "2018-12-31": "6173.00000", "2018-09-30": "7971.00000", "2018-06-30": "7173.00000", "2018-03-31": "6124.00000", "2017-12-31": "7506.00000", "2017-09-30": "6355.00000", "2017-06-30": "5594.00000", "2017-03-31": "5690.00000", "2016-12-31": "6397.00000", "2016-09-30": "5001.00000", "2016-06-30": "5597.00000", "2016-03-31": "4737.00000", "2015-12-31": "5173.00000", "2015-09-30": "5198.00000", "2015-06-30": "6567.00000", "2015-03-31": "5737.00000", "2014-12-31": "7255.00000", "2014-09-30": "8766.00000", "2014-06-30": "10110.00000", "2014-03-31": "9120.00000", "2013-12-31": "9632.00000", "2013-09-30": "9744.00000", "2013-06-30": "9793.00000", "2013-03-31": "9910.00000", "2012-12-31": "10403.00000", "2012-09-30": "10793.00000", "2012-06-30": "9213.00000", "2012-03-31": "11320.00000", "2011-12-31": "10025.00000", "2011-09-30": "", "2011-06-30": "", "2011-03-31": "", "2010-12-31": "10213.00000", "2009-12-31": "6842.00000", "2008-12-31": ""}, "Inventory": {"2020-12-31": "", "2020-09-30": "4897.00000", "2020-06-30": "5136.00000", "2020-03-31": "5331.00000", "2019-12-31": "3776.00000", "2019-09-30": "5521.00000", "2019-06-30": "5093.00000", "2019-03-31": "5344.00000", "2018-12-31": "3543.00000", "2018-09-30": "5544.00000", "2018-06-30": "4901.00000", "2018-03-31": "4743.00000", "2017-12-31": "3395.00000", "2017-09-30": "4455.00000", "2017-06-30": "4245.00000", "2017-03-31": "4387.00000", "2016-12-31": "3150.00000", "2016-09-30": "3905.00000", "2016-06-30": "3993.00000", "2016-03-31": "4108.00000", "2015-12-31": "3477.00000", "2015-09-30": "4388.00000", "2015-06-30": "4126.00000", "2015-03-31": "4166.00000", "2014-12-31": "3397.00000", "2014-09-30": "5673.00000", "2014-06-30": "4928.00000", "2014-03-31": "5908.00000", "2013-12-31": "3354.00000", "2013-09-30": "4737.00000", "2013-06-30": "5033.00000", "2013-03-31": "5811.00000", "2012-12-31": "3430.00000", "2012-09-30": "5743.00000", "2012-06-30": "5496.00000", "2012-03-31": "5040.00000", "2011-12-31": "3466.00000", "2011-09-30": "", "2011-06-30": "", "2011-03-31": "", "2010-12-31": "4113.00000", "2009-12-31": "3842.00000", "2008-12-31": ""}, "Pre-Paid Expenses": {"2020-12-31": "", "2020-09-30": "500.00000", "2020-06-30": "621.00000", "2020-03-31": "594.00000", "2019-12-31": "495.00000", "2019-09-30": "742.00000", "2019-06-30": "656.00000", "2019-03-31": "915.00000", "2018-12-31": "474.00000", "2018-09-30": "875.00000", "2018-06-30": "621.00000", "2018-03-31": "416.00000", "2017-12-31": "370.00000", "2017-09-30": "578.00000", "2017-06-30": "456.00000", "2017-03-31": "580.00000", "2016-12-31": "422.00000", "2016-09-30": "721.00000", "2016-06-30": "821.00000", "2016-03-31": "648.00000", "2015-12-31": "532.00000", "2015-09-30": "641.00000", "2015-06-30": "752.00000", "2015-03-31": "851.00000", "2014-12-31": "833.00000", "2014-09-30": "647.00000", "2014-06-30": "611.00000", "2014-03-31": "705.00000", "2013-12-31": "851.00000", "2013-09-30": "662.00000", "2013-06-30": "1483.00000", "2013-03-31": "696.00000", "2012-12-31": "655.00000", "2012-09-30": "907.00000", "2012-06-30": "713.00000", "2012-03-31": "718.00000", "2011-12-31": "457.00000", "2011-09-30": "", "2011-06-30": "", "2011-03-31": "", "2010-12-31": "", "2009-12-31": "", "2008-12-31": ""}, "Other Current Assets": {"2020-12-31": "", "2020-09-30": "", "2020-06-30": "", "2020-03-31": "", "2019-12-31": "", "2019-09-30": "", "2019-06-30": "", "2019-03-31": "", "2018-12-31": "", "2018-09-30": "", "2018-06-30": "", "2018-03-31": "", "2017-12-31": "", "2017-09-30": "", "2017-06-30": "", "2017-03-31": "", "2016-12-31": "", "2016-09-30": "", "2016-06-30": "", "2016-03-31": "", "2015-12-31": "", "2015-09-30": "", "2015-06-30": "", "2015-03-31": "", "2014-12-31": "", "2014-09-30": "", "2014-06-30": "", "2014-03-31": "", "2013-12-31": "", "2013-09-30": "", "2013-06-30": "", "2013-03-31": "", "2012-12-31": "", "2012-09-30": "", "2012-06-30": "", "2012-03-31": "", "2011-12-31": "", "2011-09-30": "", "2011-06-30": "", "2011-03-31": "", "2010-12-31": "378.00000", "2009-12-31": "684.00000", "2008-12-31": ""}, "Total Current Assets": {"2020-12-31": "", "2020-09-30": "12822.00000", "2020-06-30": "12499.00000", "2020-03-31": "11705.00000", "2019-12-31": "14395.00000", "2019-09-30": "15617.00000", "2019-06-30": "14295.00000", "2019-03-31": "14815.00000", "2018-12-31": "13209.00000", "2018-09-30": "15314.00000", "2018-06-30": "14579.00000", "2018-03-31": "12125.00000", "2017-12-31": "14390.00000", "2017-09-30": "12935.00000", "2017-06-30": "12456.00000", "2017-03-31": "12170.00000", "2016-12-31": "12680.00000", "2016-09-30": "11964.00000", "2016-06-30": "12643.00000", "2016-03-31": "11216.00000", "2015-12-31": "12256.00000", "2015-09-30": "15049.00000", "2015-06-30": "16534.00000", "2015-03-31": "16144.00000", "2014-12-31": "16692.00000", "2014-09-30": "18194.00000", "2014-06-30": "20605.00000", "2014-03-31": "21059.00000", "2013-12-31": "19237.00000", "2013-09-30": "21085.00000", "2013-06-30": "20529.00000", "2013-03-31": "21170.00000", "2012-12-31": "17962.00000", "2012-09-30": "21873.00000", "2012-06-30": "18526.00000", "2012-03-31": "23128.00000", "2011-12-31": "13948.00000", "2011-09-30": "", "2011-06-30": "", "2011-03-31": "", "2010-12-31": "14704.00000", "2009-12-31": "11368.00000", "2008-12-31": ""}, "Property, Plant, And Equipment": {"2020-12-31": "", "2020-09-30": "23489.00000", "2020-06-30": "24282.00000", "2020-03-31": "24051.00000", "2019-12-31": "23786.00000", "2019-09-30": "22954.00000", "2019-06-30": "22503.00000", "2019-03-31": "22263.00000", "2018-12-31": "22018.00000", "2018-09-30": "21625.00000", "2018-06-30": "21465.00000", "2018-03-31": "21500.00000", "2017-12-31": "21460.00000", "2017-09-30": "21303.00000", "2017-06-30": "21293.00000", "2017-03-31": "21240.00000", "2016-12-31": "20855.00000", "2016-09-30": "20447.00000", "2016-06-30": "20247.00000", "2016-03-31": "20075.00000", "2015-12-31": "19721.00000", "2015-09-30": "19257.00000", "2015-06-30": "18765.00000", "2015-03-31": "17918.00000", "2014-12-31": "17346.00000", "2014-09-30": "16951.00000", "2014-06-30": "16092.00000", "2014-03-31": "15751.00000", "2013-12-31": "15398.00000", "2013-09-30": "15077.00000", "2013-06-30": "14679.00000", "2013-03-31": "15257.00000", "2012-12-31": "15407.00000", "2012-09-30": "15311.00000", "2012-06-30": "15169.00000", "2012-03-31": "14854.00000", "2011-12-31": "14771.00000", "2011-09-30": "", "2011-06-30": "", "2011-03-31": "", "2010-12-31": "24616.00000", "2009-12-31": "24297.00000", "2008-12-31": ""}, "Long-Term Investments": {"2020-12-31": "", "2020-09-30": "13767.00000", "2020-06-30": "13628.00000", "2020-03-31": "13635.00000", "2019-12-31": "14571.00000", "2019-09-30": "14147.00000", "2019-06-30": "15006.00000", "2019-03-31": "14786.00000", "2018-12-31": "14421.00000", "2018-09-30": "14311.00000", "2018-06-30": "14177.00000", "2018-03-31": "13934.00000", "2017-12-31": "13941.00000", "2017-09-30": "13899.00000", "2017-06-30": "13507.00000", "2017-03-31": "13359.00000", "2016-12-31": "13534.00000", "2016-09-30": "13277.00000", "2016-06-30": "12936.00000", "2016-03-31": "12449.00000", "2015-12-31": "12143.00000", "2015-09-30": "10601.00000", "2015-06-30": "10070.00000", "2015-03-31": "10529.00000", "2014-12-31": "10189.00000", "2014-09-30": "10237.00000", "2014-06-30": "10038.00000", "2014-03-31": "10001.00000", "2013-12-31": "11220.00000", "2013-09-30": "10728.00000", "2013-06-30": "10624.00000", "2013-03-31": "10498.00000", "2012-12-31": "10471.00000", "2012-09-30": "10800.00000", "2012-06-30": "10640.00000", "2012-03-31": "10795.00000", "2011-12-31": "10306.00000", "2011-09-30": "", "2011-06-30": "", "2011-03-31": "", "2010-12-31": "9918.00000", "2009-12-31": "9398.00000", "2008-12-31": ""}, "Goodwill And Intangible Assets": {"2020-12-31": "", "2020-09-30": "2274.00000", "2020-06-30": "2299.00000", "2020-03-31": "2305.00000", "2019-12-31": "4139.00000", "2019-09-30": "4142.00000", "2019-06-30": "4141.00000", "2019-03-31": "4134.00000", "2018-12-31": "4139.00000", "2018-09-30": "4144.00000", "2018-06-30": "4136.00000", "2018-03-31": "4141.00000", "2017-12-31": "4146.00000", "2017-09-30": "4154.00000", "2017-06-30": "4159.00000", "2017-03-31": "4165.00000", "2016-12-31": "4158.00000", "2016-09-30": "4159.00000", "2016-06-30": "4171.00000", "2016-03-31": "4176.00000", "2015-12-31": "4181.00000", "2015-09-30": "4154.00000", "2015-06-30": "4155.00000", "2015-03-31": "4156.00000", "2014-12-31": "4174.00000", "2014-09-30": "4094.00000", "2014-06-30": "3875.00000", "2014-03-31": "3878.00000", "2013-12-31": "3794.00000", "2013-09-30": "3941.00000", "2013-06-30": "3944.00000", "2013-03-31": "4071.00000", "2012-12-31": "4068.00000", "2012-09-30": "4070.00000", "2012-06-30": "4072.00000", "2012-03-31": "4059.00000", "2011-12-31": "4064.00000", "2011-09-30": "0.00000", "2011-06-30": "0.00000", "2011-03-31": "0.00000", "2010-12-31": "4410.00000", "2009-12-31": "4426.00000", "2008-12-31": "0.00000"}, "Other Long-Term Assets": {"2020-12-31": "", "2020-09-30": "1929.00000", "2020-06-30": "1810.00000", "2020-03-31": "1764.00000", "2019-12-31": "1829.00000", "2019-09-30": "1881.00000", "2019-06-30": "1836.00000", "2019-03-31": "1857.00000", "2018-12-31": "515.00000", "2018-09-30": "490.00000", "2018-06-30": "469.00000", "2018-03-31": "432.00000", "2017-12-31": "434.00000", "2017-09-30": "421.00000", "2017-06-30": "413.00000", "2017-03-31": "471.00000", "2016-12-31": "426.00000", "2016-09-30": "407.00000", "2016-06-30": "364.00000", "2016-03-31": "330.00000", "2015-12-31": "279.00000", "2015-09-30": "354.00000", "2015-06-30": "350.00000", "2015-03-31": "330.00000", "2014-12-31": "291.00000", "2014-09-30": "174.00000", "2014-06-30": "212.00000", "2014-03-31": "158.00000", "2013-12-31": "149.00000", "2013-09-30": "152.00000", "2013-06-30": "153.00000", "2013-03-31": "155.00000", "2012-12-31": "165.00000", "2012-09-30": "176.00000", "2012-06-30": "168.00000", "2012-03-31": "162.00000", "2011-12-31": "122.00000", "2011-09-30": "", "2011-06-30": "", "2011-03-31": "", "2010-12-31": "514.00000", "2009-12-31": "450.00000", "2008-12-31": ""}, "Total Long-Term Assets": {"2020-12-31": "", "2020-09-30": "41459.00000", "2020-06-30": "42019.00000", "2020-03-31": "41755.00000", "2019-12-31": "44325.00000", "2019-09-30": "43124.00000", "2019-06-30": "43486.00000", "2019-03-31": "43040.00000", "2018-12-31": "41093.00000", "2018-09-30": "40570.00000", "2018-06-30": "40247.00000", "2018-03-31": "40007.00000", "2017-12-31": "39981.00000", "2017-09-30": "39777.00000", "2017-06-30": "39372.00000", "2017-03-31": "39235.00000", "2016-12-31": "38973.00000", "2016-09-30": "38290.00000", "2016-06-30": "37718.00000", "2016-03-31": "37030.00000", "2015-12-31": "36324.00000", "2015-09-30": "34366.00000", "2015-06-30": "33340.00000", "2015-03-31": "32933.00000", "2014-12-31": "32000.00000", "2014-09-30": "31456.00000", "2014-06-30": "30217.00000", "2014-03-31": "29788.00000", "2013-12-31": "30561.00000", "2013-09-30": "29898.00000", "2013-06-30": "29400.00000", "2013-03-31": "29981.00000", "2012-12-31": "30111.00000", "2012-09-30": "30357.00000", "2012-06-30": "30049.00000", "2012-03-31": "29870.00000", "2011-12-31": "29263.00000", "2011-09-30": "", "2011-06-30": "", "2011-03-31": "", "2010-12-31": "39458.00000", "2009-12-31": "38571.00000", "2008-12-31": ""}, "Total Assets": {"2020-12-31": "0.00000", "2020-09-30": "54281.00000", "2020-06-30": "54518.00000", "2020-03-31": "53460.00000", "2019-12-31": "58720.00000", "2019-09-30": "58741.00000", "2019-06-30": "57781.00000", "2019-03-31": "57855.00000", "2018-12-31": "54302.00000", "2018-09-30": "55884.00000", "2018-06-30": "54826.00000", "2018-03-31": "52132.00000", "2017-12-31": "54371.00000", "2017-09-30": "52712.00000", "2017-06-30": "51828.00000", "2017-03-31": "51405.00000", "2016-12-31": "51653.00000", "2016-09-30": "50254.00000", "2016-06-30": "50361.00000", "2016-03-31": "48246.00000", "2015-12-31": "48580.00000", "2015-09-30": "49415.00000", "2015-06-30": "49874.00000", "2015-03-31": "49077.00000", "2014-12-31": "48692.00000", "2014-09-30": "49650.00000", "2014-06-30": "50822.00000", "2014-03-31": "50847.00000", "2013-12-31": "49798.00000", "2013-09-30": "50983.00000", "2013-06-30": "49929.00000", "2013-03-31": "51151.00000", "2012-12-31": "48073.00000", "2012-09-30": "52230.00000", "2012-06-30": "48575.00000", "2012-03-31": "52998.00000", "2011-12-31": "43211.00000", "2011-09-30": "0.00000", "2011-06-30": "0.00000", "2011-03-31": "0.00000", "2010-12-31": "44955.00000", "2009-12-31": "42880.00000", "2008-12-31": "0.00000"}, "Total Current Liabilities": {"2020-12-31": "", "2020-09-30": "10513.00000", "2020-06-30": "10023.00000", "2020-03-31": "10529.00000", "2019-12-31": "11646.00000", "2019-09-30": "12083.00000", "2019-06-30": "11171.00000", "2019-03-31": "11328.00000", "2018-12-31": "8935.00000", "2018-09-30": "11974.00000", "2018-06-30": "11732.00000", "2018-03-31": "9236.00000", "2017-12-31": "10107.00000", "2017-09-30": "9905.00000", "2017-06-30": "8874.00000", "2017-03-31": "8730.00000", "2016-12-31": "9463.00000", "2016-09-30": "10100.00000", "2016-06-30": "10400.00000", "2016-03-31": "7419.00000", "2015-12-31": "7531.00000", "2015-09-30": "8875.00000", "2015-06-30": "10075.00000", "2015-03-31": "9864.00000", "2014-12-31": "11094.00000", "2014-09-30": "13769.00000", "2014-06-30": "15120.00000", "2014-03-31": "15164.00000", "2013-12-31": "12931.00000", "2013-09-30": "14680.00000", "2013-06-30": "14005.00000", "2013-03-31": "14951.00000", "2012-12-31": "12482.00000", "2012-09-30": "16386.00000", "2012-06-30": "14371.00000", "2012-03-31": "14712.00000", "2011-12-31": "12384.00000", "2011-09-30": "", "2011-06-30": "", "2011-03-31": "", "2010-12-31": "12503.00000", "2009-12-31": "9335.00000", "2008-12-31": ""}, "Long Term Debt": {"2020-12-31": "", "2020-09-30": "12666.00000", "2020-06-30": "12663.00000", "2020-03-31": "10720.00000", "2019-12-31": "11216.00000", "2019-09-30": "11083.00000", "2019-06-30": "10772.00000", "2019-03-31": "11268.00000", "2018-12-31": "11093.00000", "2018-09-30": "11021.00000", "2018-06-30": "11023.00000", "2018-03-31": "11579.00000", "2017-12-31": "10069.00000", "2017-09-30": "9495.00000", "2017-06-30": "9472.00000", "2017-03-31": "9601.00000", "2016-12-31": "9588.00000", "2016-09-30": "7275.00000", "2016-06-30": "7330.00000", "2016-03-31": "8803.00000", "2015-12-31": "8843.00000", "2015-09-30": "8908.00000", "2015-06-30": "8923.00000", "2015-03-31": "8914.00000", "2014-12-31": "7793.00000", "2014-09-30": "6178.00000", "2014-06-30": "6174.00000", "2014-03-31": "6177.00000", "2013-12-31": "6131.00000", "2013-09-30": "6132.00000", "2013-06-30": "6455.00000", "2013-03-31": "6958.00000", "2012-12-31": "6961.00000", "2012-09-30": "7393.00000", "2012-06-30": "7396.00000", "2012-03-31": "5971.00000", "2011-12-31": "361.00000", "2011-09-30": "", "2011-06-30": "", "2011-03-31": "", "2010-12-31": "388.00000", "2009-12-31": "403.00000", "2008-12-31": ""}, "Other Non-Current Liabilities": {"2020-12-31": "", "2020-09-30": "1896.00000", "2020-06-30": "1706.00000", "2020-03-31": "2085.00000", "2019-12-31": "2092.00000", "2019-09-30": "2075.00000", "2019-06-30": "2093.00000", "2019-03-31": "2183.00000", "2018-12-31": "979.00000", "2018-09-30": "990.00000", "2018-06-30": "1035.00000", "2018-03-31": "1019.00000", "2017-12-31": "875.00000", "2017-09-30": "871.00000", "2017-06-30": "861.00000", "2017-03-31": "873.00000", "2016-12-31": "918.00000", "2016-09-30": "939.00000", "2016-06-30": "989.00000", "2016-03-31": "982.00000", "2015-12-31": "942.00000", "2015-09-30": "950.00000", "2015-06-30": "929.00000", "2015-03-31": "929.00000", "2014-12-31": "972.00000", "2014-09-30": "1035.00000", "2014-06-30": "1062.00000", "2014-03-31": "1192.00000", "2013-12-31": "1298.00000", "2013-09-30": "1258.00000", "2013-06-30": "971.00000", "2013-03-31": "1018.00000", "2012-12-31": "1055.00000", "2012-09-30": "1328.00000", "2012-06-30": "1275.00000", "2012-03-31": "1245.00000", "2011-12-31": "1253.00000", "2011-09-30": "", "2011-06-30": "", "2011-03-31": "", "2010-12-31": "1221.00000", "2009-12-31": "1344.00000", "2008-12-31": ""}, "Total Long Term Liabilities": {"2020-12-31": "", "2020-09-30": "21463.00000", "2020-06-30": "21200.00000", "2020-03-31": "19292.00000", "2019-12-31": "19905.00000", "2019-09-30": "19566.00000", "2019-06-30": "19304.00000", "2019-03-31": "19782.00000", "2018-12-31": "18214.00000", "2018-09-30": "18115.00000", "2018-06-30": "18134.00000", "2018-03-31": "18596.00000", "2017-12-31": "16836.00000", "2017-09-30": "18848.00000", "2017-06-30": "19148.00000", "2017-03-31": "18950.00000", "2016-12-31": "18465.00000", "2016-09-30": "15843.00000", "2016-06-30": "15895.00000", "2016-03-31": "17184.00000", "2015-12-31": "17111.00000", "2015-09-30": "16508.00000", "2015-06-30": "16576.00000", "2015-03-31": "16618.00000", "2014-12-31": "15561.00000", "2014-09-30": "13687.00000", "2014-06-30": "13747.00000", "2014-03-31": "13854.00000", "2013-12-31": "14475.00000", "2013-09-30": "14309.00000", "2013-06-30": "14234.00000", "2013-03-31": "14822.00000", "2012-12-31": "14785.00000", "2012-09-30": "15238.00000", "2012-06-30": "15225.00000", "2012-03-31": "13343.00000", "2011-12-31": "7534.00000", "2011-09-30": "", "2011-06-30": "", "2011-03-31": "", "2010-12-31": "6426.00000", "2009-12-31": "6605.00000", "2008-12-31": ""}, "Total Liabilities": {"2020-12-31": "", "2020-09-30": "31976.00000", "2020-06-30": "31223.00000", "2020-03-31": "29821.00000", "2019-12-31": "31551.00000", "2019-09-30": "31649.00000", "2019-06-30": "30475.00000", "2019-03-31": "31110.00000", "2018-12-31": "27149.00000", "2018-09-30": "30089.00000", "2018-06-30": "29866.00000", "2018-03-31": "27832.00000", "2017-12-31": "26943.00000", "2017-09-30": "28753.00000", "2017-06-30": "28022.00000", "2017-03-31": "27680.00000", "2016-12-31": "27928.00000", "2016-09-30": "25943.00000", "2016-06-30": "26295.00000", "2016-03-31": "24603.00000", "2015-12-31": "24642.00000", "2015-09-30": "25383.00000", "2015-06-30": "26651.00000", "2015-03-31": "26482.00000", "2014-12-31": "26655.00000", "2014-09-30": "27456.00000", "2014-06-30": "28867.00000", "2014-03-31": "29018.00000", "2013-12-31": "27406.00000", "2013-09-30": "28989.00000", "2013-06-30": "28239.00000", "2013-03-31": "29773.00000", "2012-12-31": "27267.00000", "2012-09-30": "31624.00000", "2012-06-30": "29596.00000", "2012-03-31": "28055.00000", "2011-12-31": "19918.00000", "2011-09-30": "0.00000", "2011-06-30": "0.00000", "2011-03-31": "0.00000", "2010-12-31": "18929.00000", "2009-12-31": "15940.00000", "2008-12-31": "0.00000"}, "Common Stock Net": {"2020-12-31": "", "2020-09-30": "6.00000", "2020-06-30": "6.00000", "2020-03-31": "6.00000", "2019-12-31": "6.00000", "2019-09-30": "6.00000", "2019-06-30": "6.00000", "2019-03-31": "6.00000", "2018-12-31": "6.00000", "2018-09-30": "6.00000", "2018-06-30": "6.00000", "2018-03-31": "6.00000", "2017-12-31": "6.00000", "2017-09-30": "6.00000", "2017-06-30": "6.00000", "2017-03-31": "6.00000", "2016-12-31": "6.00000", "2016-09-30": "6.00000", "2016-06-30": "6.00000", "2016-03-31": "6.00000", "2015-12-31": "6.00000", "2015-09-30": "6.00000", "2015-06-30": "6.00000", "2015-03-31": "6.00000", "2014-12-31": "6.00000", "2014-09-30": "6.00000", "2014-06-30": "6.00000", "2014-03-31": "6.00000", "2013-12-31": "6.00000", "2013-09-30": "6.00000", "2013-06-30": "6.00000", "2013-03-31": "6.00000", "2012-12-31": "6.00000", "2012-09-30": "6.00000", "2012-06-30": "6.00000", "2012-03-31": "", "2011-12-31": "", "2011-09-30": "0.00000", "2011-06-30": "0.00000", "2011-03-31": "0.00000", "2010-12-31": "0.00000", "2009-12-31": "0.00000", "2008-12-31": "0.00000"}, "Retained Earnings (Accumulated Deficit)": {"2020-12-31": "", "2020-09-30": "17436.00000", "2020-06-30": "18631.00000", "2020-03-31": "19168.00000", "2019-12-31": "22064.00000", "2019-09-30": "21730.00000", "2019-06-30": "21423.00000", "2019-03-31": "20408.00000", "2018-12-31": "20489.00000", "2018-09-30": "18618.00000", "2018-06-30": "17500.00000", "2018-03-31": "16537.00000", "2017-12-31": "16306.00000", "2017-09-30": "13464.00000", "2017-06-30": "13001.00000", "2017-03-31": "12814.00000", "2016-12-31": "12608.00000", "2016-09-30": "12775.00000", "2016-06-30": "12597.00000", "2016-03-31": "12434.00000", "2015-12-31": "12348.00000", "2015-09-30": "12000.00000", "2015-06-30": "10726.00000", "2015-03-31": "10021.00000", "2014-12-31": "9309.00000", "2014-09-30": "8439.00000", "2014-06-30": "7541.00000", "2014-03-31": "6962.00000", "2013-12-31": "5622.00000", "2013-09-30": "5030.00000", "2013-06-30": "4687.00000", "2013-03-31": "3923.00000", "2012-12-31": "2713.00000", "2012-09-30": "2164.00000", "2012-06-30": "692.00000", "2012-03-31": "", "2011-12-31": "", "2011-09-30": "", "2011-06-30": "", "2011-03-31": "", "2010-12-31": "", "2009-12-31": "", "2008-12-31": ""}, "Comprehensive Income": {"2020-12-31": "", "2020-09-30": "-967.00000", "2020-06-30": "-1148.00000", "2020-03-31": "-991.00000", "2019-12-31": "-788.00000", "2019-09-30": "-871.00000", "2019-06-30": "-767.00000", "2019-03-31": "-709.00000", "2018-12-31": "-692.00000", "2018-09-30": "-639.00000", "2018-06-30": "-680.00000", "2018-03-31": "-504.00000", "2017-12-31": "-617.00000", "2017-09-30": "-684.00000", "2017-06-30": "-809.00000", "2017-03-31": "-952.00000", "2016-12-31": "-995.00000", "2016-09-30": "-792.00000", "2016-06-30": "-752.00000", "2016-03-31": "-657.00000", "2015-12-31": "-653.00000", "2015-09-30": "-588.00000", "2015-06-30": "-469.00000", "2015-03-31": "-694.00000", "2014-12-31": "-531.00000", "2014-09-30": "-25.00000", "2014-06-30": "186.00000", "2014-03-31": "77.00000", "2013-12-31": "37.00000", "2013-09-30": "-367.00000", "2013-06-30": "-566.00000", "2013-03-31": "-622.00000", "2012-12-31": "-314.00000", "2012-09-30": "-129.00000", "2012-06-30": "-358.00000", "2012-03-31": "160.00000", "2011-12-31": "122.00000", "2011-09-30": "", "2011-06-30": "", "2011-03-31": "", "2010-12-31": "", "2009-12-31": "", "2008-12-31": ""}, "Other Share Holders Equity": {"2020-12-31": "", "2020-09-30": "", "2020-06-30": "", "2020-03-31": "", "2019-12-31": "", "2019-09-30": "", "2019-06-30": "", "2019-03-31": "", "2018-12-31": "", "2018-09-30": "", "2018-06-30": "", "2018-03-31": "", "2017-12-31": "", "2017-09-30": "", "2017-06-30": "", "2017-03-31": "", "2016-12-31": "", "2016-09-30": "", "2016-06-30": "", "2016-03-31": "", "2015-12-31": "", "2015-09-30": "", "2015-06-30": "", "2015-03-31": "", "2014-12-31": "", "2014-09-30": "", "2014-06-30": "", "2014-03-31": "", "2013-12-31": "", "2013-09-30": "", "2013-06-30": "", "2013-03-31": "", "2012-12-31": "", "2012-09-30": "", "2012-06-30": "", "2012-03-31": "", "2011-12-31": "", "2011-09-30": "0.00000", "2011-06-30": "0.00000", "2011-03-31": "0.00000", "2010-12-31": "26026.00000", "2009-12-31": "26940.00000", "2008-12-31": "0.00000"}, "Share Holder Equity": {"2020-12-31": "", "2020-09-30": "22305.00000", "2020-06-30": "23295.00000", "2020-03-31": "23639.00000", "2019-12-31": "27169.00000", "2019-09-30": "27092.00000", "2019-06-30": "27306.00000", "2019-03-31": "26745.00000", "2018-12-31": "27153.00000", "2018-09-30": "25795.00000", "2018-06-30": "24960.00000", "2018-03-31": "24300.00000", "2017-12-31": "27428.00000", "2017-09-30": "23959.00000", "2017-06-30": "23806.00000", "2017-03-31": "23725.00000", "2016-12-31": "23725.00000", "2016-09-30": "24311.00000", "2016-06-30": "24066.00000", "2016-03-31": "23643.00000", "2015-12-31": "23938.00000", "2015-09-30": "24032.00000", "2015-06-30": "23223.00000", "2015-03-31": "22595.00000", "2014-12-31": "22037.00000", "2014-09-30": "22194.00000", "2014-06-30": "21955.00000", "2014-03-31": "21829.00000", "2013-12-31": "22392.00000", "2013-09-30": "21994.00000", "2013-06-30": "21690.00000", "2013-03-31": "21378.00000", "2012-12-31": "20806.00000", "2012-09-30": "20606.00000", "2012-06-30": "18979.00000", "2012-03-31": "24943.00000", "2011-12-31": "23293.00000", "2011-09-30": "0.00000", "2011-06-30": "0.00000", "2011-03-31": "0.00000", "2010-12-31": "26026.00000", "2009-12-31": "26940.00000", "2008-12-31": "0.00000"}, "Total Liabilities And Share Holders Equity": {"2020-12-31": "", "2020-09-30": "54281.00000", "2020-06-30": "54518.00000", "2020-03-31": "53460.00000", "2019-12-31": "58720.00000", "2019-09-30": "58741.00000", "2019-06-30": "57781.00000", "2019-03-31": "57855.00000", "2018-12-31": "54302.00000", "2018-09-30": "55884.00000", "2018-06-30": "54826.00000", "2018-03-31": "52132.00000", "2017-12-31": "54371.00000", "2017-09-30": "52712.00000", "2017-06-30": "51828.00000", "2017-03-31": "51405.00000", "2016-12-31": "51653.00000", "2016-09-30": "50254.00000", "2016-06-30": "50361.00000", "2016-03-31": "48246.00000", "2015-12-31": "48580.00000", "2015-09-30": "49415.00000", "2015-06-30": "49874.00000", "2015-03-31": "49077.00000", "2014-12-31": "48692.00000", "2014-09-30": "49650.00000", "2014-06-30": "50822.00000", "2014-03-31": "50847.00000", "2013-12-31": "49798.00000", "2013-09-30": "50983.00000", "2013-06-30": "49929.00000", "2013-03-31": "51151.00000", "2012-12-31": "48073.00000", "2012-09-30": "52230.00000", "2012-06-30": "48575.00000", "2012-03-31": "52998.00000", "2011-12-31": "43211.00000", "2011-09-30": "0.00000", "2011-06-30": "0.00000", "2011-03-31": "0.00000", "2010-12-31": "44955.00000", "2009-12-31": "42880.00000", "2008-12-31": "0.00000"}}, "cash flow statement": {"Net Income/Loss": {"2020-12-31": "-3714.00000", "2019-12-31": "3377.00000", "2018-12-31": "5873.00000", "2017-12-31": "5248.00000", "2016-12-31": "1644.00000", "2015-12-31": "4280.00000", "2014-12-31": "4797.00000", "2013-12-31": "3743.00000", "2012-12-31": "4131.00000", "2011-12-31": "4780.00000", "2010-12-31": "740.00000", "2009-12-31": "479.00000", "2008-12-31": "2665.00000"}, "Total Depreciation And Amortization - Cash Flow": {"2020-12-31": "1417.00000", "2019-12-31": "1364.00000", "2018-12-31": "1379.00000", "2017-12-31": "1340.00000", "2016-12-31": "1189.00000", "2015-12-31": "1099.00000", "2014-12-31": "1019.00000", "2013-12-31": "971.00000", "2012-12-31": "931.00000", "2011-12-31": "923.00000", "2010-12-31": "902.00000", "2009-12-31": "903.00000", "2008-12-31": "929.00000"}, "Other Non-Cash Items": {"2020-12-31": "4734.00000", "2019-12-31": "897.00000", "2018-12-31": "594.00000", "2017-12-31": "-3002.00000", "2016-12-31": "-371.00000", "2015-12-31": "555.00000", "2014-12-31": "-1267.00000", "2013-12-31": "433.00000", "2012-12-31": "374.00000", "2011-12-31": "-1011.00000", "2010-12-31": "649.00000", "2009-12-31": "-833.00000", "2008-12-31": "536.00000"}, "Total Non-Cash Items": {"2020-12-31": "6151.00000", "2019-12-31": "2261.00000", "2018-12-31": "1973.00000", "2017-12-31": "-1662.00000", "2016-12-31": "818.00000", "2015-12-31": "1654.00000", "2014-12-31": "-248.00000", "2013-12-31": "1404.00000", "2012-12-31": "1305.00000", "2011-12-31": "-88.00000", "2010-12-31": "1551.00000", "2009-12-31": "70.00000", "2008-12-31": "1465.00000"}, "Change In Accounts Receivable": {"2020-12-31": "", "2019-12-31": "-2308.00000", "2018-12-31": "1320.00000", "2017-12-31": "-1182.00000", "2016-12-31": "-1258.00000", "2015-12-31": "2129.00000", "2014-12-31": "2226.00000", "2013-12-31": "481.00000", "2012-12-31": "-132.00000", "2011-12-31": "-189.00000", "2010-12-31": "-3019.00000", "2009-12-31": "-2087.00000", "2008-12-31": "4433.00000"}, "Change In Inventories": {"2020-12-31": "", "2019-12-31": "-204.00000", "2018-12-31": "-202.00000", "2017-12-31": "-176.00000", "2016-12-31": "216.00000", "2015-12-31": "-144.00000", "2014-12-31": "-85.00000", "2013-12-31": "38.00000", "2012-12-31": "60.00000", "2011-12-31": "620.00000", "2010-12-31": "-344.00000", "2009-12-31": "237.00000", "2008-12-31": "-1012.00000"}, "Change In Accounts Payable": {"2020-12-31": "", "2019-12-31": "1941.00000", "2018-12-31": "-1546.00000", "2017-12-31": "1153.00000", "2016-12-31": "1579.00000", "2015-12-31": "-2300.00000", "2014-12-31": "-3323.00000", "2013-12-31": "360.00000", "2012-12-31": "-985.00000", "2011-12-31": "55.00000", "2010-12-31": "3003.00000", "2009-12-31": "2606.00000", "2008-12-31": "-4504.00000"}, "Change In Assets/Liabilities": {"2020-12-31": "-326.00000", "2019-12-31": "-14.00000", "2018-12-31": "-113.00000", "2017-12-31": "104.00000", "2016-12-31": "-147.00000", "2015-12-31": "324.00000", "2014-12-31": "-316.00000", "2013-12-31": "20.00000", "2012-12-31": "-48.00000", "2011-12-31": "28.00000", "2010-12-31": "-2.00000", "2009-12-31": "183.00000", "2008-12-31": "-95.00000"}, "Total Change In Assets/Liabilities": {"2020-12-31": "-326.00000", "2019-12-31": "-830.00000", "2018-12-31": "-273.00000", "2017-12-31": "62.00000", "2016-12-31": "501.00000", "2015-12-31": "-221.00000", "2014-12-31": "-1020.00000", "2013-12-31": "880.00000", "2012-12-31": "-1140.00000", "2011-12-31": "314.00000", "2010-12-31": "-199.00000", "2009-12-31": "397.00000", "2008-12-31": "-1254.00000"}, "Cash Flow From Operating Activities": {"2020-12-31": "2111.00000", "2019-12-31": "4808.00000", "2018-12-31": "7573.00000", "2017-12-31": "3648.00000", "2016-12-31": "2963.00000", "2015-12-31": "5713.00000", "2014-12-31": "3529.00000", "2013-12-31": "6027.00000", "2012-12-31": "4296.00000", "2011-12-31": "5006.00000", "2010-12-31": "2092.00000", "2009-12-31": "946.00000", "2008-12-31": "2876.00000"}, "Net Change In Property, Plant, And Equipment": {"2020-12-31": "-2920.00000", "2019-12-31": "-3873.00000", "2018-12-31": "-2639.00000", "2017-12-31": "-1832.00000", "2016-12-31": "-2844.00000", "2015-12-31": "-5764.00000", "2014-12-31": "-3773.00000", "2013-12-31": "-1779.00000", "2012-12-31": "-1701.00000", "2011-12-31": "-1016.00000", "2010-12-31": "-1150.00000", "2009-12-31": "-2461.00000", "2008-12-31": "-2573.00000"}, "Net Change In Intangible Assets": {"2020-12-31": "", "2019-12-31": "", "2018-12-31": "", "2017-12-31": "", "2016-12-31": "", "2015-12-31": "", "2014-12-31": "", "2013-12-31": "", "2012-12-31": "", "2011-12-31": "", "2010-12-31": "", "2009-12-31": "", "2008-12-31": ""}, "Net Acquisitions/Divestitures": {"2020-12-31": "", "2019-12-31": "", "2018-12-31": "", "2017-12-31": "", "2016-12-31": "", "2015-12-31": "", "2014-12-31": "", "2013-12-31": "", "2012-12-31": "", "2011-12-31": "", "2010-12-31": "", "2009-12-31": "", "2008-12-31": ""}, "Net Change In Short-term Investments": {"2020-12-31": "", "2019-12-31": "", "2018-12-31": "", "2017-12-31": "", "2016-12-31": "", "2015-12-31": "", "2014-12-31": "", "2013-12-31": "", "2012-12-31": "", "2011-12-31": "", "2010-12-31": "", "2009-12-31": "", "2008-12-31": ""}, "Net Change In Long-Term Investments": {"2020-12-31": "", "2019-12-31": "", "2018-12-31": "", "2017-12-31": "", "2016-12-31": "", "2015-12-31": "", "2014-12-31": "", "2013-12-31": "", "2012-12-31": "", "2011-12-31": "", "2010-12-31": "", "2009-12-31": "", "2008-12-31": ""}, "Net Change In Investments - Total": {"2020-12-31": "", "2019-12-31": "", "2018-12-31": "", "2017-12-31": "", "2016-12-31": "", "2015-12-31": "", "2014-12-31": "", "2013-12-31": "", "2012-12-31": "", "2011-12-31": "", "2010-12-31": "", "2009-12-31": "", "2008-12-31": ""}, "Investing Activities - Other": {"2020-12-31": "-159.00000", "2019-12-31": "185.00000", "2018-12-31": "168.00000", "2017-12-31": "686.00000", "2016-12-31": "-314.00000", "2015-12-31": "26.00000", "2014-12-31": "1477.00000", "2013-12-31": "1335.00000", "2012-12-31": "166.00000", "2011-12-31": "3508.00000", "2010-12-31": "498.00000", "2009-12-31": "488.00000", "2008-12-31": "576.00000"}, "Cash Flow From Investing Activities": {"2020-12-31": "-3079.00000", "2019-12-31": "-3688.00000", "2018-12-31": "-2471.00000", "2017-12-31": "-1146.00000", "2016-12-31": "-3158.00000", "2015-12-31": "-5738.00000", "2014-12-31": "-2296.00000", "2013-12-31": "-444.00000", "2012-12-31": "-1535.00000", "2011-12-31": "2492.00000", "2010-12-31": "-652.00000", "2009-12-31": "-1973.00000", "2008-12-31": "-1997.00000"}, "Net Long-Term Debt": {"2020-12-31": "4127.00000", "2019-12-31": "476.00000", "2018-12-31": "1040.00000", "2017-12-31": "-170.00000", "2016-12-31": "1257.00000", "2015-12-31": "243.00000", "2014-12-31": "2438.00000", "2013-12-31": "-1020.00000", "2012-12-31": "6584.00000", "2011-12-31": "-26.00000", "2010-12-31": "-26.00000", "2009-12-31": "-25.00000", "2008-12-31": "-30.00000"}, "Net Current Debt": {"2020-12-31": "", "2019-12-31": "", "2018-12-31": "", "2017-12-31": "", "2016-12-31": "", "2015-12-31": "", "2014-12-31": "", "2013-12-31": "", "2012-12-31": "", "2011-12-31": "", "2010-12-31": "", "2009-12-31": "", "2008-12-31": ""}, "Debt Issuance/Retirement Net - Total": {"2020-12-31": "4127.00000", "2019-12-31": "476.00000", "2018-12-31": "1040.00000", "2017-12-31": "-170.00000", "2016-12-31": "1257.00000", "2015-12-31": "243.00000", "2014-12-31": "2438.00000", "2013-12-31": "-1020.00000", "2012-12-31": "6584.00000", "2011-12-31": "-26.00000", "2010-12-31": "-26.00000", "2009-12-31": "-25.00000", "2008-12-31": "-30.00000"}, "Net Common Equity Issued/Repurchased": {"2020-12-31": "-433.00000", "2019-12-31": "-1445.00000", "2018-12-31": "-4478.00000", "2017-12-31": "-350.00000", "2016-12-31": "-36.00000", "2015-12-31": "-1097.00000", "2014-12-31": "-2281.00000", "2013-12-31": "-1836.00000", "2012-12-31": "-309.00000", "2011-12-31": "", "2010-12-31": "", "2009-12-31": "", "2008-12-31": ""}, "Net Total Equity Issued/Repurchased": {"2020-12-31": "-433.00000", "2019-12-31": "-1445.00000", "2018-12-31": "-4478.00000", "2017-12-31": "-350.00000", "2016-12-31": "-36.00000", "2015-12-31": "-1097.00000", "2014-12-31": "-2281.00000", "2013-12-31": "-1836.00000", "2012-12-31": "-309.00000", "2011-12-31": "", "2010-12-31": "", "2009-12-31": "", "2008-12-31": ""}, "Total Common And Preferred Stock Dividends Paid": {"2020-12-31": "-1864.00000", "2019-12-31": "-1811.00000", "2018-12-31": "-1643.00000", "2017-12-31": "-1515.00000", "2016-12-31": "-1357.00000", "2015-12-31": "-1218.00000", "2014-12-31": "-1092.00000", "2013-12-31": "-817.00000", "2012-12-31": "-287.00000", "2011-12-31": "-1.00000", "2010-12-31": "", "2009-12-31": "", "2008-12-31": ""}, "Financial Activities - Other": {"2020-12-31": "-39.00000", "2019-12-31": "269.00000", "2018-12-31": "-86.00000", "2017-12-31": "-76.00000", "2016-12-31": "-42.00000", "2015-12-31": "-45.00000", "2014-12-31": "-427.00000", "2013-12-31": "-6.00000", "2012-12-31": "-5289.00000", "2011-12-31": "-7471.00000", "2010-12-31": "-1414.00000", "2009-12-31": "1052.00000", "2008-12-31": "-849.00000"}, "Cash Flow From Financial Activities": {"2020-12-31": "1791.00000", "2019-12-31": "-2511.00000", "2018-12-31": "-5167.00000", "2017-12-31": "-2111.00000", "2016-12-31": "-178.00000", "2015-12-31": "-2117.00000", "2014-12-31": "-1362.00000", "2013-12-31": "-3679.00000", "2012-12-31": "699.00000", "2011-12-31": "-7498.00000", "2010-12-31": "-1440.00000", "2009-12-31": "1027.00000", "2008-12-31": "-879.00000"}, "Net Cash Flow": {"2020-12-31": "900.00000", "2019-12-31": "-1405.00000", "2018-12-31": "-100.00000", "2017-12-31": "408.00000", "2016-12-31": "-363.00000", "2015-12-31": "-2133.00000", "2014-12-31": "-193.00000", "2013-12-31": "1926.00000", "2012-12-31": "3474.00000", "2011-12-31": "0.00000", "2010-12-31": "0.00000", "2009-12-31": "", "2008-12-31": ""}, "Stock-Based Compensation": {"2020-12-31": "", "2019-12-31": "", "2018-12-31": "", "2017-12-31": "", "2016-12-31": "", "2015-12-31": "", "2014-12-31": "", "2013-12-31": "", "2012-12-31": "", "2011-12-31": "", "2010-12-31": "", "2009-12-31": "", "2008-12-31": ""}, "Common Stock Dividends Paid": {"2020-12-31": "-1864.00000", "2019-12-31": "-1811.00000", "2018-12-31": "-1643.00000", "2017-12-31": "-1515.00000", "2016-12-31": "-1357.00000", "2015-12-31": "-1218.00000", "2014-12-31": "-1092.00000", "2013-12-31": "-817.00000", "2012-12-31": "-287.00000", "2011-12-31": "-1.00000", "2010-12-31": "0.00000", "2009-12-31": "", "2008-12-31": ""}}, "cash flow statement, quarterly": {"Net Income/Loss": {"2020-12-31": -494, "2020-09-30": -726, "2020-06-30": -67, "2020-03-31": "-2427.00000", "2019-12-31": 810, "2019-09-30": 793, "2019-06-30": 1504, "2019-03-31": "270.00000", "2018-12-31": 2316, "2018-09-30": 1568, "2018-06-30": 1404, "2018-03-31": "585.00000", "2017-12-31": 3255, "2017-09-30": 849, "2017-06-30": 581, "2017-03-31": "563.00000", "2016-12-31": 194, "2016-09-30": 536, "2016-06-30": 516, "2016-03-31": "398.00000", "2015-12-31": 666, "2015-09-30": 1592, "2015-06-30": 1025, "2015-03-31": "997.00000", "2014-12-31": 1158, "2014-09-30": 1189, "2014-06-30": 872, "2014-03-31": "1578.00000", "2013-12-31": 833, "2013-09-30": 540, "2013-06-30": 960, "2013-03-31": "1410.00000", "2012-12-31": 710, "2012-09-30": 1601, "2012-06-30": 1182, "2012-03-31": "638.00000", "2011-12-31": 2012, "2011-09-30": 1051, "2011-06-30": 1040, "2011-03-31": "677.00000", "2010-12-31": 261, "2009-12-31": -2186, "2008-12-31": 2665}, "Total Depreciation And Amortization - Cash Flow": {"2020-12-31": 363, "2020-09-30": 358, "2020-06-30": 348, "2020-03-31": "348.00000", "2019-12-31": 346, "2019-09-30": 342, "2019-06-30": 339, "2019-03-31": "337.00000", "2018-12-31": 343, "2018-09-30": 351, "2018-06-30": 343, "2018-03-31": "342.00000", "2017-12-31": 352, "2017-09-30": 342, "2017-06-30": 326, "2017-03-31": "320.00000", "2016-12-31": 311, "2016-09-30": 298, "2016-06-30": 295, "2016-03-31": "285.00000", "2015-12-31": 286, "2015-09-30": 275, "2015-06-30": 280, "2015-03-31": "258.00000", "2014-12-31": 279, "2014-09-30": 255, "2014-06-30": 245, "2014-03-31": "240.00000", "2013-12-31": 249, "2013-09-30": 239, "2013-06-30": 235, "2013-03-31": "248.00000", "2012-12-31": 244, "2012-09-30": 236, "2012-06-30": 230, "2012-03-31": "221.00000", "2011-12-31": 246, "2011-09-30": 227, "2011-06-30": 232, "2011-03-31": "224.00000", "2010-12-31": -1, "2009-12-31": -26, "2008-12-31": 929}, "Other Non-Cash Items": {"2020-12-31": 367, "2020-09-30": 1163, "2020-06-30": 389, "2020-03-31": "2815.00000", "2019-12-31": 67, "2019-09-30": 678, "2019-06-30": -164, "2019-03-31": "316.00000", "2018-12-31": 147, "2018-09-30": 146, "2018-06-30": -75, "2018-03-31": "376.00000", "2017-12-31": -2589, "2017-09-30": -595, "2017-06-30": 317, "2017-03-31": "-135.00000", "2016-12-31": 131, "2016-09-30": -290, "2016-06-30": -251, "2016-03-31": "39.00000", "2015-12-31": 873, "2015-09-30": -397, "2015-06-30": 454, "2015-03-31": "-375.00000", "2014-12-31": -357, "2014-09-30": -187, "2014-06-30": -180, "2014-03-31": "-543.00000", "2013-12-31": 207, "2013-09-30": 94, "2013-06-30": -23, "2013-03-31": "155.00000", "2012-12-31": 733, "2012-09-30": -90, "2012-06-30": 48, "2012-03-31": "-317.00000", "2011-12-31": -1174, "2011-09-30": 542, "2011-06-30": -79, "2011-03-31": "-310.00000", "2010-12-31": 0, "2009-12-31": 0, "2008-12-31": 0}, "Total Non-Cash Items": {"2020-12-31": 730, "2020-09-30": 1521, "2020-06-30": 737, "2020-03-31": "3163.00000", "2019-12-31": 413, "2019-09-30": 1020, "2019-06-30": 175, "2019-03-31": "653.00000", "2018-12-31": 490, "2018-09-30": 497, "2018-06-30": 268, "2018-03-31": "718.00000", "2017-12-31": -2237, "2017-09-30": -253, "2017-06-30": 643, "2017-03-31": "185.00000", "2016-12-31": 442, "2016-09-30": 8, "2016-06-30": 44, "2016-03-31": "324.00000", "2015-12-31": 1159, "2015-09-30": -122, "2015-06-30": 734, "2015-03-31": "-117.00000", "2014-12-31": -78, "2014-09-30": 68, "2014-06-30": 65, "2014-03-31": "-303.00000", "2013-12-31": 456, "2013-09-30": 333, "2013-06-30": 212, "2013-03-31": "403.00000", "2012-12-31": 977, "2012-09-30": 146, "2012-06-30": 278, "2012-03-31": "-96.00000", "2011-12-31": 93, "2011-09-30": 769, "2011-06-30": 153, "2011-03-31": "-86.00000", "2010-12-31": -1, "2009-12-31": -26, "2008-12-31": 929}, "Change In Accounts Receivable": {"2020-12-31": -2684, "2020-09-30": -1130, "2020-06-30": -86, "2020-03-31": "3900.00000", "2019-12-31": -1399, "2019-09-30": -375, "2019-06-30": 636, "2019-03-31": "-1170.00000", "2018-12-31": 1798, "2018-09-30": -782, "2018-06-30": -1062, "2018-03-31": "1366.00000", "2017-12-31": -1149, "2017-09-30": -757, "2017-06-30": 103, "2017-03-31": "621.00000", "2016-12-31": -1443, "2016-09-30": 571, "2016-06-30": -910, "2016-03-31": "524.00000", "2015-12-31": -29, "2015-09-30": 1240, "2015-06-30": -766, "2015-03-31": "1684.00000", "2014-12-31": 1416, "2014-09-30": 1101, "2014-06-30": -910, "2014-03-31": "619.00000", "2013-12-31": -54, "2013-09-30": 124, "2013-06-30": 128, "2013-03-31": "283.00000", "2012-12-31": 545, "2012-09-30": -1341, "2012-06-30": 1955, "2012-03-31": "-1291.00000", "2011-12-31": 708, "2011-09-30": -724, "2011-06-30": 280, "2011-03-31": "-453.00000", "2010-12-31": 0, "2009-12-31": 0, "2008-12-31": 0}, "Change In Inventories": {"2020-12-31": 1134, "2020-09-30": 282, "2020-06-30": 204, "2020-03-31": "-1620.00000", "2019-12-31": 1800, "2019-09-30": -455, "2019-06-30": 241, "2019-03-31": "-1790.00000", "2018-12-31": 1976, "2018-09-30": -641, "2018-06-30": -207, "2018-03-31": "-1330.00000", "2017-12-31": 1052, "2017-09-30": -181, "2017-06-30": 175, "2017-03-31": "-1222.00000", "2016-12-31": 726, "2016-09-30": 26, "2016-06-30": 84, "2016-03-31": "-620.00000", "2015-12-31": 903, "2015-09-30": -300, "2015-06-30": 87, "2015-03-31": "-834.00000", "2014-12-31": 2251, "2014-09-30": -772, "2014-06-30": 1003, "2014-03-31": "-2567.00000", "2013-12-31": 1391, "2013-09-30": 315, "2013-06-30": 775, "2013-03-31": "-2443.00000", "2012-12-31": 2313, "2012-09-30": -207, "2012-06-30": -528, "2012-03-31": "-1518.00000", "2011-12-31": 2662, "2011-09-30": -211, "2011-06-30": 1072, "2011-03-31": "-2903.00000", "2010-12-31": 0, "2009-12-31": 0, "2008-12-31": 0}, "Change In Accounts Payable": {"2020-12-31": 2985, "2020-09-30": 136, "2020-06-30": 118, "2020-03-31": "-3239.00000", "2019-12-31": 163, "2019-09-30": 410, "2019-06-30": -1098, "2019-03-31": "2466.00000", "2018-12-31": -2826, "2018-09-30": -31, "2018-06-30": 1863, "2018-03-31": "-552.00000", "2017-12-31": 689, "2017-09-30": 772, "2017-06-30": 188, "2017-03-31": "-496.00000", "2016-12-31": 554, "2016-09-30": -487, "2016-06-30": 1414, "2016-03-31": "98.00000", "2015-12-31": -1164, "2015-09-30": -1530, "2015-06-30": 743, "2015-03-31": "-349.00000", "2014-12-31": -3622, "2014-09-30": -1369, "2014-06-30": 163, "2014-03-31": "1505.00000", "2013-12-31": -1657, "2013-09-30": 383, "2013-06-30": -831, "2013-03-31": "2465.00000", "2012-12-31": -2897, "2012-09-30": 1945, "2012-06-30": -2029, "2012-03-31": "1996.00000", "2011-12-31": -1808, "2011-09-30": 23, "2011-06-30": 268, "2011-03-31": "1572.00000", "2010-12-31": 0, "2009-12-31": 0, "2008-12-31": 0}, "Change In Assets/Liabilities": {"2020-12-31": -286, "2020-09-30": 86, "2020-06-30": -36, "2020-03-31": "-90.00000", "2019-12-31": 255, "2019-09-30": -87, "2019-06-30": 256, "2019-03-31": "-438.00000", "2018-12-31": 396, "2018-09-30": -252, "2018-06-30": -206, "2018-03-31": "-51.00000", "2017-12-31": 210, "2017-09-30": -123, "2017-06-30": 108, "2017-03-31": "-91.00000", "2016-12-31": 306, "2016-09-30": 51, "2016-06-30": -194, "2016-03-31": "-310.00000", "2015-12-31": 159, "2015-09-30": 105, "2015-06-30": 190, "2015-03-31": "-130.00000", "2014-12-31": -221, "2014-09-30": -61, "2014-06-30": 98, "2014-03-31": "-132.00000", "2013-12-31": 110, "2013-09-30": 64, "2013-06-30": -83, "2013-03-31": "-71.00000", "2012-12-31": 218, "2012-09-30": -105, "2012-06-30": 22, "2012-03-31": "-183.00000", "2011-12-31": 360, "2011-09-30": -91, "2011-06-30": 229, "2011-03-31": "-470.00000", "2010-12-31": 0, "2009-12-31": 0, "2008-12-31": 0}, "Total Change In Assets/Liabilities": {"2020-12-31": 403, "2020-09-30": -304, "2020-06-30": 94, "2020-03-31": "-519.00000", "2019-12-31": 471, "2019-09-30": -151, "2019-06-30": 251, "2019-03-31": "-1401.00000", "2018-12-31": 1333, "2018-09-30": -1483, "2018-06-30": 692, "2018-03-31": "-815.00000", "2017-12-31": 913, "2017-09-30": -195, "2017-06-30": 641, "2017-03-31": "-1297.00000", "2016-12-31": 31, "2016-09-30": 339, "2016-06-30": 595, "2016-03-31": "-464.00000", "2015-12-31": -328, "2015-09-30": -33, "2015-06-30": -332, "2015-03-31": "472.00000", "2014-12-31": -208, "2014-09-30": -828, "2014-06-30": -107, "2014-03-31": "123.00000", "2013-12-31": -392, "2013-09-30": 1076, "2013-06-30": -204, "2013-03-31": "400.00000", "2012-12-31": -382, "2012-09-30": 171, "2012-06-30": -26, "2012-03-31": "-903.00000", "2011-12-31": 1645, "2011-09-30": -1083, "2011-06-30": 1845, "2011-03-31": "-2091.00000", "2010-12-31": -596, "2009-12-31": 1651, "2008-12-31": -1254}, "Cash Flow From Operating Activities": {"2020-12-31": 639, "2020-09-30": 491, "2020-06-30": 764, "2020-03-31": "217.00000", "2019-12-31": 1694, "2019-09-30": 1662, "2019-06-30": 1930, "2019-03-31": "-478.00000", "2018-12-31": 4139, "2018-09-30": 582, "2018-06-30": 2364, "2018-03-31": "488.00000", "2017-12-31": 1931, "2017-09-30": 401, "2017-06-30": 1865, "2017-03-31": "-549.00000", "2016-12-31": 667, "2016-09-30": 883, "2016-06-30": 1155, "2016-03-31": "258.00000", "2015-12-31": 1497, "2015-09-30": 1437, "2015-06-30": 1427, "2015-03-31": "1352.00000", "2014-12-31": 872, "2014-09-30": 429, "2014-06-30": 830, "2014-03-31": "1398.00000", "2013-12-31": 897, "2013-09-30": 1949, "2013-06-30": 968, "2013-03-31": "2213.00000", "2012-12-31": 1305, "2012-09-30": 1918, "2012-06-30": 1434, "2012-03-31": "-361.00000", "2011-12-31": 2731, "2011-09-30": 737, "2011-06-30": 3038, "2011-03-31": "-1500.00000", "2010-12-31": 1146, "2009-12-31": -1930, "2008-12-31": 2876}, "Net Change In Property, Plant, And Equipment": {"2020-12-31": -506, "2020-09-30": -552, "2020-06-30": -939, "2020-03-31": "-923.00000", "2019-12-31": -1278, "2019-09-30": -867, "2019-06-30": -631, "2019-03-31": "-1097.00000", "2018-12-31": -994, "2018-09-30": -779, "2018-06-30": -538, "2018-03-31": "-328.00000", "2017-12-31": -537, "2017-09-30": -367, "2017-06-30": -458, "2017-03-31": "-470.00000", "2016-12-31": -813, "2016-09-30": -661, "2016-06-30": -620, "2016-03-31": "-750.00000", "2015-12-31": -2478, "2015-09-30": -992, "2015-06-30": -1213, "2015-03-31": "-1081.00000", "2014-12-31": -1126, "2014-09-30": -1514, "2014-06-30": -561, "2014-03-31": "-572.00000", "2013-12-31": -623, "2013-09-30": -408, "2013-06-30": -366, "2013-03-31": "-382.00000", "2012-12-31": -874, "2012-09-30": -339, "2012-06-30": -270, "2012-03-31": "-218.00000", "2011-12-31": -369, "2011-09-30": -260, "2011-06-30": -228, "2011-03-31": "-165.00000", "2010-12-31": 1311, "2009-12-31": 112, "2008-12-31": -2573}, "Net Change In Intangible Assets": {"2020-12-31": 0, "2020-09-30": 0, "2020-06-30": 0, "2020-03-31": "", "2019-12-31": 0, "2019-09-30": 0, "2019-06-30": 0, "2019-03-31": "", "2018-12-31": 0, "2018-09-30": 0, "2018-06-30": 0, "2018-03-31": "", "2017-12-31": 0, "2017-09-30": 0, "2017-06-30": 0, "2017-03-31": "", "2016-12-31": 0, "2016-09-30": 0, "2016-06-30": 0, "2016-03-31": "", "2015-12-31": 0, "2015-09-30": 0, "2015-06-30": 0, "2015-03-31": "", "2014-12-31": 0, "2014-09-30": 0, "2014-06-30": 0, "2014-03-31": "", "2013-12-31": 0, "2013-09-30": 0, "2013-06-30": 0, "2013-03-31": "", "2012-12-31": 0, "2012-09-30": 0, "2012-06-30": 0, "2012-03-31": "", "2011-12-31": 0, "2011-09-30": 0, "2011-06-30": 0, "2011-03-31": "", "2010-12-31": 0, "2009-12-31": 0, "2008-12-31": 0}, "Net Acquisitions/Divestitures": {"2020-12-31": 0, "2020-09-30": 0, "2020-06-30": 0, "2020-03-31": "", "2019-12-31": 0, "2019-09-30": 0, "2019-06-30": 0, "2019-03-31": "", "2018-12-31": 0, "2018-09-30": 0, "2018-06-30": 0, "2018-03-31": "", "2017-12-31": 0, "2017-09-30": 0, "2017-06-30": 0, "2017-03-31": "", "2016-12-31": 0, "2016-09-30": 0, "2016-06-30": 0, "2016-03-31": "", "2015-12-31": 0, "2015-09-30": 0, "2015-06-30": 0, "2015-03-31": "", "2014-12-31": 0, "2014-09-30": 0, "2014-06-30": 0, "2014-03-31": "", "2013-12-31": 0, "2013-09-30": 0, "2013-06-30": 0, "2013-03-31": "", "2012-12-31": 0, "2012-09-30": 0, "2012-06-30": 0, "2012-03-31": "", "2011-12-31": 0, "2011-09-30": 0, "2011-06-30": 0, "2011-03-31": "", "2010-12-31": 0, "2009-12-31": 0, "2008-12-31": 0}, "Net Change In Short-term Investments": {"2020-12-31": 0, "2020-09-30": 0, "2020-06-30": 0, "2020-03-31": "", "2019-12-31": 0, "2019-09-30": 0, "2019-06-30": 0, "2019-03-31": "", "2018-12-31": 0, "2018-09-30": 0, "2018-06-30": 0, "2018-03-31": "", "2017-12-31": 0, "2017-09-30": 0, "2017-06-30": 0, "2017-03-31": "", "2016-12-31": 0, "2016-09-30": 0, "2016-06-30": 0, "2016-03-31": "", "2015-12-31": 0, "2015-09-30": 0, "2015-06-30": 0, "2015-03-31": "", "2014-12-31": 0, "2014-09-30": 0, "2014-06-30": 0, "2014-03-31": "", "2013-12-31": 0, "2013-09-30": 0, "2013-06-30": 0, "2013-03-31": "", "2012-12-31": 0, "2012-09-30": 0, "2012-06-30": 0, "2012-03-31": "", "2011-12-31": 0, "2011-09-30": 0, "2011-06-30": 0, "2011-03-31": "", "2010-12-31": 0, "2009-12-31": 0, "2008-12-31": 0}, "Net Change In Long-Term Investments": {"2020-12-31": 0, "2020-09-30": 0, "2020-06-30": 0, "2020-03-31": "", "2019-12-31": 0, "2019-09-30": 0, "2019-06-30": 0, "2019-03-31": "", "2018-12-31": 0, "2018-09-30": 0, "2018-06-30": 0, "2018-03-31": "", "2017-12-31": 0, "2017-09-30": 0, "2017-06-30": 0, "2017-03-31": "", "2016-12-31": 0, "2016-09-30": 0, "2016-06-30": 0, "2016-03-31": "", "2015-12-31": 0, "2015-09-30": 0, "2015-06-30": 0, "2015-03-31": "", "2014-12-31": 0, "2014-09-30": 0, "2014-06-30": 0, "2014-03-31": "", "2013-12-31": 0, "2013-09-30": 0, "2013-06-30": 0, "2013-03-31": "", "2012-12-31": 0, "2012-09-30": 0, "2012-06-30": 0, "2012-03-31": "", "2011-12-31": 0, "2011-09-30": 0, "2011-06-30": 0, "2011-03-31": "", "2010-12-31": 0, "2009-12-31": 0, "2008-12-31": 0}, "Net Change In Investments - Total": {"2020-12-31": 0, "2020-09-30": 0, "2020-06-30": 0, "2020-03-31": "", "2019-12-31": 0, "2019-09-30": 0, "2019-06-30": 0, "2019-03-31": "", "2018-12-31": 0, "2018-09-30": 0, "2018-06-30": 0, "2018-03-31": "", "2017-12-31": 0, "2017-09-30": 0, "2017-06-30": 0, "2017-03-31": "", "2016-12-31": 0, "2016-09-30": 0, "2016-06-30": 0, "2016-03-31": "", "2015-12-31": 0, "2015-09-30": 0, "2015-06-30": 0, "2015-03-31": "", "2014-12-31": 0, "2014-09-30": 0, "2014-06-30": 0, "2014-03-31": "", "2013-12-31": 0, "2013-09-30": 0, "2013-06-30": 0, "2013-03-31": "", "2012-12-31": 0, "2012-09-30": 0, "2012-06-30": 0, "2012-03-31": "", "2011-12-31": 0, "2011-09-30": 0, "2011-06-30": 0, "2011-03-31": "", "2010-12-31": 0, "2009-12-31": 0, "2008-12-31": 0}, "Investing Activities - Other": {"2020-12-31": -7, "2020-09-30": 10, "2020-06-30": -208, "2020-03-31": "46.00000", "2019-12-31": 22, "2019-09-30": 21, "2019-06-30": 57, "2019-03-31": "85.00000", "2018-12-31": 63, "2018-09-30": 60, "2018-06-30": 74, "2018-03-31": "-29.00000", "2017-12-31": 67, "2017-09-30": -14, "2017-06-30": 5, "2017-03-31": "628.00000", "2016-12-31": -182, "2016-09-30": 110, "2016-06-30": -130, "2016-03-31": "-112.00000", "2015-12-31": -44, "2015-09-30": 28, "2015-06-30": -1, "2015-03-31": "43.00000", "2014-12-31": 658, "2014-09-30": 133, "2014-06-30": 200, "2014-03-31": "486.00000", "2013-12-31": 126, "2013-09-30": 1050, "2013-06-30": 100, "2013-03-31": "59.00000", "2012-12-31": 7, "2012-09-30": -81, "2012-06-30": 234, "2012-03-31": "6.00000", "2011-12-31": 2704, "2011-09-30": 274, "2011-06-30": 504, "2011-03-31": "32.00000", "2010-12-31": 10, "2009-12-31": -88, "2008-12-31": 576}, "Cash Flow From Investing Activities": {"2020-12-31": -513, "2020-09-30": -542, "2020-06-30": -1147, "2020-03-31": "-877.00000", "2019-12-31": -1256, "2019-09-30": -846, "2019-06-30": -574, "2019-03-31": "-1012.00000", "2018-12-31": -931, "2018-09-30": -719, "2018-06-30": -464, "2018-03-31": "-357.00000", "2017-12-31": -470, "2017-09-30": -381, "2017-06-30": -453, "2017-03-31": "158.00000", "2016-12-31": -995, "2016-09-30": -551, "2016-06-30": -750, "2016-03-31": "-862.00000", "2015-12-31": -2522, "2015-09-30": -964, "2015-06-30": -1214, "2015-03-31": "-1038.00000", "2014-12-31": -468, "2014-09-30": -1381, "2014-06-30": -361, "2014-03-31": "-86.00000", "2013-12-31": -497, "2013-09-30": 642, "2013-06-30": -266, "2013-03-31": "-323.00000", "2012-12-31": -867, "2012-09-30": -420, "2012-06-30": -36, "2012-03-31": "-212.00000", "2011-12-31": 2335, "2011-09-30": 14, "2011-06-30": 276, "2011-03-31": "-133.00000", "2010-12-31": 1321, "2009-12-31": 24, "2008-12-31": -1997}, "Net Long-Term Debt": {"2020-12-31": 1368, "2020-09-30": 70, "2020-06-30": 1497, "2020-03-31": "1192.00000", "2019-12-31": -278, "2019-09-30": 491, "2019-06-30": 130, "2019-03-31": "133.00000", "2018-12-31": -180, "2018-09-30": -29, "2018-06-30": -253, "2018-03-31": "1502.00000", "2017-12-31": -92, "2017-09-30": 229, "2017-06-30": -246, "2017-03-31": "-61.00000", "2016-12-31": 1275, "2016-09-30": -2, "2016-06-30": 34, "2016-03-31": "-50.00000", "2015-12-31": -8, "2015-09-30": -14, "2015-06-30": -9, "2015-03-31": "274.00000", "2014-12-31": 2468, "2014-09-30": -13, "2014-06-30": -9, "2014-03-31": "-8.00000", "2013-12-31": -5, "2013-09-30": -510, "2013-06-30": -502, "2013-03-31": "-3.00000", "2012-12-31": -1004, "2012-09-30": -8, "2012-06-30": 1809, "2012-03-31": "5787.00000", "2011-12-31": -6, "2011-09-30": -7, "2011-06-30": -7, "2011-03-31": "-6.00000", "2010-12-31": 0, "2009-12-31": 0, "2008-12-31": 0}, "Net Current Debt": {"2020-12-31": 0, "2020-09-30": 0, "2020-06-30": 0, "2020-03-31": "", "2019-12-31": 0, "2019-09-30": 0, "2019-06-30": 0, "2019-03-31": "", "2018-12-31": 0, "2018-09-30": 0, "2018-06-30": 0, "2018-03-31": "", "2017-12-31": 0, "2017-09-30": 0, "2017-06-30": 0, "2017-03-31": "", "2016-12-31": 0, "2016-09-30": 0, "2016-06-30": 0, "2016-03-31": "", "2015-12-31": 0, "2015-09-30": 0, "2015-06-30": 0, "2015-03-31": "", "2014-12-31": 0, "2014-09-30": 0, "2014-06-30": 0, "2014-03-31": "", "2013-12-31": 0, "2013-09-30": 0, "2013-06-30": 0, "2013-03-31": "", "2012-12-31": 0, "2012-09-30": 0, "2012-06-30": 0, "2012-03-31": "", "2011-12-31": 0, "2011-09-30": 0, "2011-06-30": 0, "2011-03-31": "", "2010-12-31": 0, "2009-12-31": 0, "2008-12-31": 0}, "Debt Issuance/Retirement Net - Total": {"2020-12-31": 1368, "2020-09-30": 70, "2020-06-30": 1497, "2020-03-31": "1192.00000", "2019-12-31": -278, "2019-09-30": 491, "2019-06-30": 130, "2019-03-31": "133.00000", "2018-12-31": -180, "2018-09-30": -29, "2018-06-30": -253, "2018-03-31": "1502.00000", "2017-12-31": -92, "2017-09-30": 229, "2017-06-30": -246, "2017-03-31": "-61.00000", "2016-12-31": 1275, "2016-09-30": -2, "2016-06-30": 34, "2016-03-31": "-50.00000", "2015-12-31": -8, "2015-09-30": -14, "2015-06-30": -9, "2015-03-31": "274.00000", "2014-12-31": 2468, "2014-09-30": -13, "2014-06-30": -9, "2014-03-31": "-8.00000", "2013-12-31": -5, "2013-09-30": -510, "2013-06-30": -502, "2013-03-31": "-3.00000", "2012-12-31": -1004, "2012-09-30": -8, "2012-06-30": 1809, "2012-03-31": "5787.00000", "2011-12-31": -6, "2011-09-30": -7, "2011-06-30": -7, "2011-03-31": "-6.00000", "2010-12-31": -1, "2009-12-31": 5, "2008-12-31": -30}, "Net Common Equity Issued/Repurchased": {"2020-12-31": 2, "2020-09-30": 0, "2020-06-30": 0, "2020-03-31": "-435.00000", "2019-12-31": -355, "2019-09-30": -342, "2019-06-30": -444, "2019-03-31": "-304.00000", "2018-12-31": -483, "2018-09-30": -349, "2018-06-30": -152, "2018-03-31": "-3494.00000", "2017-12-31": 583, "2017-09-30": -444, "2017-06-30": -248, "2017-03-31": "-241.00000", "2016-12-31": -210, "2016-09-30": 129, "2016-06-30": 432, "2016-03-31": "-387.00000", "2015-12-31": -348, "2015-09-30": -375, "2015-06-30": -334, "2015-03-31": "-40.00000", "2014-12-31": -532, "2014-09-30": -481, "2014-06-30": -608, "2014-03-31": "-660.00000", "2013-12-31": -634, "2013-09-30": -271, "2013-06-30": -543, "2013-03-31": "-388.00000", "2012-12-31": -221, "2012-09-30": -90, "2012-06-30": 2, "2012-03-31": "", "2011-12-31": 0, "2011-09-30": 0, "2011-06-30": 0, "2011-03-31": "", "2010-12-31": 0, "2009-12-31": 0, "2008-12-31": 0}, "Net Total Equity Issued/Repurchased": {"2020-12-31": 2, "2020-09-30": 0, "2020-06-30": 0, "2020-03-31": "-435.00000", "2019-12-31": -355, "2019-09-30": -342, "2019-06-30": -444, "2019-03-31": "-304.00000", "2018-12-31": -483, "2018-09-30": -349, "2018-06-30": -152, "2018-03-31": "-3494.00000", "2017-12-31": 583, "2017-09-30": -444, "2017-06-30": -248, "2017-03-31": "-241.00000", "2016-12-31": -210, "2016-09-30": 129, "2016-06-30": 432, "2016-03-31": "-387.00000", "2015-12-31": -348, "2015-09-30": -375, "2015-06-30": -334, "2015-03-31": "-40.00000", "2014-12-31": -532, "2014-09-30": -481, "2014-06-30": -608, "2014-03-31": "-660.00000", "2013-12-31": -634, "2013-09-30": -271, "2013-06-30": -543, "2013-03-31": "-388.00000", "2012-12-31": -221, "2012-09-30": -90, "2012-06-30": 2, "2012-03-31": "", "2011-12-31": 0, "2011-09-30": 0, "2011-06-30": 0, "2011-03-31": "", "2010-12-31": 0, "2009-12-31": 0, "2008-12-31": 0}, "Total Common And Preferred Stock Dividends Paid": {"2020-12-31": -481, "2020-09-30": -467, "2020-06-30": -459, "2020-03-31": "-457.00000", "2019-12-31": -463, "2019-09-30": -461, "2019-06-30": -467, "2019-03-31": "-420.00000", "2018-12-31": -428, "2018-09-30": -420, "2018-06-30": -423, "2018-03-31": "-372.00000", "2017-12-31": -390, "2017-09-30": -385, "2017-06-30": -390, "2017-03-31": "-350.00000", "2016-12-31": -358, "2016-09-30": -346, "2016-06-30": -346, "2016-03-31": "-307.00000", "2015-12-31": -314, "2015-09-30": -310, "2015-06-30": -316, "2015-03-31": "-278.00000", "2014-12-31": -287, "2014-09-30": -282, "2014-06-30": -290, "2014-03-31": "-233.00000", "2013-12-31": -241, "2013-09-30": -189, "2013-06-30": -193, "2013-03-31": "-194.00000", "2012-12-31": -162, "2012-09-30": -125, "2012-06-30": 0, "2012-03-31": "", "2011-12-31": 0, "2011-09-30": 0, "2011-06-30": 0, "2011-03-31": "", "2010-12-31": 0, "2009-12-31": 0, "2008-12-31": 0}, "Financial Activities - Other": {"2020-12-31": -17, "2020-09-30": -7, "2020-06-30": 9, "2020-03-31": "-24.00000", "2019-12-31": -13, "2019-09-30": -19, "2019-06-30": -6, "2019-03-31": "307.00000", "2018-12-31": -7, "2018-09-30": -21, "2018-06-30": -13, "2018-03-31": "-45.00000", "2017-12-31": -10, "2017-09-30": -12, "2017-06-30": -20, "2017-03-31": "-34.00000", "2016-12-31": -4, "2016-09-30": -11, "2016-06-30": 12, "2016-03-31": "-39.00000", "2015-12-31": -47, "2015-09-30": 0, "2015-06-30": 16, "2015-03-31": "-14.00000", "2014-12-31": 0, "2014-09-30": -2, "2014-06-30": 29, "2014-03-31": "-454.00000", "2013-12-31": -2, "2013-09-30": -1, "2013-06-30": -3, "2013-03-31": "", "2012-12-31": 6, "2012-09-30": 27, "2012-06-30": -108, "2012-03-31": "-5214.00000", "2011-12-31": -5060, "2011-09-30": -744, "2011-06-30": -3307, "2011-03-31": "1639.00000", "2010-12-31": -2466, "2009-12-31": 1901, "2008-12-31": -849}, "Cash Flow From Financial Activities": {"2020-12-31": 872, "2020-09-30": -404, "2020-06-30": 1047, "2020-03-31": "276.00000", "2019-12-31": -1109, "2019-09-30": -331, "2019-06-30": -787, "2019-03-31": "-284.00000", "2018-12-31": -1098, "2018-09-30": -819, "2018-06-30": -841, "2018-03-31": "-2409.00000", "2017-12-31": 91, "2017-09-30": -612, "2017-06-30": -904, "2017-03-31": "-686.00000", "2016-12-31": 703, "2016-09-30": -230, "2016-06-30": 132, "2016-03-31": "-783.00000", "2015-12-31": -717, "2015-09-30": -699, "2015-06-30": -643, "2015-03-31": "-58.00000", "2014-12-31": 1649, "2014-09-30": -778, "2014-06-30": -878, "2014-03-31": "-1355.00000", "2013-12-31": -882, "2013-09-30": -971, "2013-06-30": -1241, "2013-03-31": "-585.00000", "2012-12-31": -1381, "2012-09-30": -196, "2012-06-30": 1703, "2012-03-31": "573.00000", "2011-12-31": -5066, "2011-09-30": -751, "2011-06-30": -3314, "2011-03-31": "1633.00000", "2010-12-31": -2467, "2009-12-31": 1906, "2008-12-31": -879}, "Net Cash Flow": {"2020-12-31": 1052, "2020-09-30": -428, "2020-06-30": 669, "2020-03-31": "-393.00000", "2019-12-31": -654, "2019-09-30": 449, "2019-06-30": 566, "2019-03-31": "-1766.00000", "2018-12-31": 2095, "2018-09-30": -960, "2018-06-30": 1042, "2018-03-31": "-2277.00000", "2017-12-31": 1572, "2017-09-30": -614, "2017-06-30": 525, "2017-03-31": "-1075.00000", "2016-12-31": 374, "2016-09-30": 105, "2016-06-30": 509, "2016-03-31": "-1351.00000", "2015-12-31": -1748, "2015-09-30": -267, "2015-06-30": -301, "2015-03-31": "183.00000", "2014-12-31": 2099, "2014-09-30": -1848, "2014-06-30": -370, "2014-03-31": "-74.00000", "2013-12-31": -542, "2013-09-30": 1722, "2013-06-30": -533, "2013-03-31": "1279.00000", "2012-12-31": -956, "2012-09-30": 1326, "2012-06-30": 3104, "2012-03-31": "0.00000", "2011-12-31": 0, "2011-09-30": 0, "2011-06-30": 0, "2011-03-31": "", "2010-12-31": 0, "2009-12-31": 0, "2008-12-31": 0}, "Stock-Based Compensation": {"2020-12-31": 0, "2020-09-30": 0, "2020-06-30": 0, "2020-03-31": "", "2019-12-31": 0, "2019-09-30": 0, "2019-06-30": 0, "2019-03-31": "", "2018-12-31": 0, "2018-09-30": 0, "2018-06-30": 0, "2018-03-31": "", "2017-12-31": 0, "2017-09-30": 0, "2017-06-30": 0, "2017-03-31": "", "2016-12-31": 0, "2016-09-30": 0, "2016-06-30": 0, "2016-03-31": "", "2015-12-31": 0, "2015-09-30": 0, "2015-06-30": 0, "2015-03-31": "", "2014-12-31": 0, "2014-09-30": 0, "2014-06-30": 0, "2014-03-31": "", "2013-12-31": 0, "2013-09-30": 0, "2013-06-30": 0, "2013-03-31": "", "2012-12-31": 0, "2012-09-30": 0, "2012-06-30": 0, "2012-03-31": "", "2011-12-31": 0, "2011-09-30": 0, "2011-06-30": 0, "2011-03-31": "", "2010-12-31": 0, "2009-12-31": 0, "2008-12-31": 0}, "Common Stock Dividends Paid": {"2020-12-31": -481, "2020-09-30": -467, "2020-06-30": -459, "2020-03-31": "-457.00000", "2019-12-31": -463, "2019-09-30": -461, "2019-06-30": -467, "2019-03-31": "-420.00000", "2018-12-31": -428, "2018-09-30": -420, "2018-06-30": -423, "2018-03-31": "-372.00000", "2017-12-31": -390, "2017-09-30": -385, "2017-06-30": -390, "2017-03-31": "-350.00000", "2016-12-31": -358, "2016-09-30": -346, "2016-06-30": -346, "2016-03-31": "-307.00000", "2015-12-31": -314, "2015-09-30": -310, "2015-06-30": -316, "2015-03-31": "-278.00000", "2014-12-31": -287, "2014-09-30": -282, "2014-06-30": -290, "2014-03-31": "-233.00000", "2013-12-31": -241, "2013-09-30": -189, "2013-06-30": -193, "2013-03-31": "-194.00000", "2012-12-31": -162, "2012-09-30": -125, "2012-06-30": 0, "2012-03-31": "0.00000", "2011-12-31": -1, "2011-09-30": 0, "2011-06-30": 0, "2011-03-31": "", "2010-12-31": 0, "2009-12-31": 0, "2008-12-31": 0}}, "financial ratios": {"Current Ratio": {"2019-12-31": "1.23600", "2018-12-31": "1.47830", "2017-12-31": "1.42380", "2016-12-31": "1.34000", "2015-12-31": "1.62740", "2014-12-31": "1.50460", "2013-12-31": "1.48770", "2012-12-31": "1.43900", "2011-12-31": "1.12630", "2010-12-31": "1.17600", "2009-12-31": "1.21780", "2008-12-31": ""}, "Long-term Debt / Capital": {"2019-12-31": "0.29220", "2018-12-31": "0.29000", "2017-12-31": "0.26850", "2016-12-31": "0.28780", "2015-12-31": "0.26980", "2014-12-31": "0.26120", "2013-12-31": "0.21490", "2012-12-31": "0.25070", "2011-12-31": "0.01530", "2010-12-31": "0.01470", "2009-12-31": "0.01470", "2008-12-31": ""}, "Debt/Equity Ratio": {"2019-12-31": "0.43300", "2018-12-31": "0.41100", "2017-12-31": "0.36860", "2016-12-31": "0.42730", "2015-12-31": "0.37130", "2014-12-31": "0.39180", "2013-12-31": "0.27490", "2012-12-31": "0.33520", "2011-12-31": "0.01680", "2010-12-31": "0.01600", "2009-12-31": "0.01590", "2008-12-31": ""}, "Gross Margin": {"2019-12-31": "10.96440", "2018-12-31": "12.13970", "2017-12-31": "22.41730", "2016-12-31": "25.87950", "2015-12-31": "25.84090", "2014-12-31": "15.79540", "2013-12-31": "13.60810", "2012-12-31": "13.87530", "2011-12-31": "11.82200", "2010-12-31": "14.64850", "2009-12-31": "17.33580", "2008-12-31": "15.21850"}, "Operating Margin": {"2019-12-31": "2.34310", "2018-12-31": "4.70300", "2017-12-31": "2.20900", "2016-12-31": "1.30520", "2015-12-31": "4.88000", "2014-12-31": "2.21570", "2013-12-31": "1.56650", "2012-12-31": "2.03020", "2011-12-31": "1.88790", "2010-12-31": "-0.24560", "2009-12-31": "-0.26360", "2008-12-31": "1.45600"}, "EBIT Margin": {"2019-12-31": "2.34310", "2018-12-31": "4.70300", "2017-12-31": "2.20900", "2016-12-31": "1.30520", "2015-12-31": "4.88000", "2014-12-31": "2.21570", "2013-12-31": "1.56650", "2012-12-31": "2.03020", "2011-12-31": "1.88790", "2010-12-31": "-0.24560", "2009-12-31": "-0.26360", "2008-12-31": "1.45600"}, "EBITDA Margin": {"2019-12-31": "3.61440", "2018-12-31": "5.94020", "2017-12-31": "3.51820", "2016-12-31": "2.71600", "2015-12-31": "5.99040", "2014-12-31": "2.84780", "2013-12-31": "2.13230", "2012-12-31": "2.54950", "2011-12-31": "2.35900", "2010-12-31": "0.36980", "2009-12-31": "0.53770", "2008-12-31": "1.99700"}, "Pre-Tax Profit Margin": {"2019-12-31": "3.89400", "2018-12-31": "6.67950", "2017-12-31": "3.47320", "2016-12-31": "2.59970", "2015-12-31": "6.10660", "2014-12-31": "3.56360", "2013-12-31": "3.22040", "2012-12-31": "3.65660", "2011-12-31": "3.34760", "2010-12-31": "0.90000", "2009-12-31": "0.75160", "2008-12-31": "2.39600"}, "Net Profit Margin": {"2019-12-31": "2.86690", "2018-12-31": "5.01970", "2017-12-31": "4.98860", "2016-12-31": "1.84510", "2015-12-31": "4.27080", "2014-12-31": "2.95390", "2013-12-31": "2.17140", "2012-12-31": "2.30020", "2011-12-31": "2.43710", "2010-12-31": "0.50150", "2009-12-31": "0.42240", "2008-12-31": "1.55030"}, "Asset Turnover": {"2019-12-31": "1.82720", "2018-12-31": "2.05260", "2017-12-31": "1.88250", "2016-12-31": "1.63160", "2015-12-31": "2.03740", "2014-12-31": "3.31090", "2013-12-31": "3.44580", "2012-12-31": "3.72950", "2011-12-31": "4.53430", "2010-12-31": "3.26020", "2009-12-31": "2.62810", "2008-12-31": ""}, "Inventory Turnover Ratio": {"2019-12-31": "25.29900", "2018-12-31": "27.64040", "2017-12-31": "23.39000", "2016-12-31": "19.83110", "2015-12-31": "21.10990", "2014-12-31": "39.96110", "2013-12-31": "44.19950", "2012-12-31": "45.01840", "2011-12-31": "49.84650", "2010-12-31": "30.41380", "2009-12-31": "24.24680", "2008-12-31": ""}, "Receiveable Turnover": {"2019-12-31": "12.60790", "2018-12-31": "18.05620", "2017-12-31": "13.63630", "2016-12-31": "13.17480", "2015-12-31": "19.13300", "2014-12-31": "22.22080", "2013-12-31": "17.81520", "2012-12-31": "17.23450", "2011-12-31": "19.54420", "2010-12-31": "14.35040", "2009-12-31": "16.47060", "2008-12-31": ""}, "Days Sales In Receivables": {"2019-12-31": "28.95020", "2018-12-31": "20.21470", "2017-12-31": "26.76680", "2016-12-31": "27.70450", "2015-12-31": "19.07700", "2014-12-31": "16.42600", "2013-12-31": "20.48810", "2012-12-31": "21.17850", "2011-12-31": "18.67560", "2010-12-31": "25.43480", "2009-12-31": "22.16070", "2008-12-31": ""}, "ROE - Return On Equity": {"2019-12-31": "12.42960", "2018-12-31": "21.62930", "2017-12-31": "19.13370", "2016-12-31": "6.92940", "2015-12-31": "17.87950", "2014-12-31": "18.56420", "2013-12-31": "16.44340", "2012-12-31": "19.62420", "2011-12-31": "20.33660", "2010-12-31": "2.84330", "2009-12-31": "1.77800", "2008-12-31": ""}, "Return On Tangible Equity": {"2019-12-31": "14.66350", "2018-12-31": "25.51930", "2017-12-31": "22.54100", "2016-12-31": "8.40190", "2015-12-31": "21.66320", "2014-12-31": "22.90210", "2013-12-31": "19.79780", "2012-12-31": "24.39360", "2011-12-31": "24.63470", "2010-12-31": "3.42340", "2009-12-31": "2.12760", "2008-12-31": ""}, "ROA - Return On Assets": {"2019-12-31": "5.75100", "2018-12-31": "10.81540", "2017-12-31": "9.65220", "2016-12-31": "3.18280", "2015-12-31": "8.81020", "2014-12-31": "8.40180", "2013-12-31": "7.39390", "2012-12-31": "8.49330", "2011-12-31": "10.96250", "2010-12-31": "1.64610", "2009-12-31": "1.11710", "2008-12-31": ""}, "ROI - Return On Investment": {"2019-12-31": "8.79770", "2018-12-31": "15.35590", "2017-12-31": "13.99580", "2016-12-31": "4.93500", "2015-12-31": "13.05630", "2014-12-31": "13.71440", "2013-12-31": "12.90890", "2012-12-31": "14.70450", "2011-12-31": "20.02620", "2010-12-31": "2.80150", "2009-12-31": "1.75180", "2008-12-31": ""}, "Book Value Per Share": {"2019-12-31": "61.60410", "2018-12-31": "59.52450", "2017-12-31": "54.60810", "2016-12-31": "45.73340", "2015-12-31": "45.21640", "2014-12-31": "40.33260", "2013-12-31": "37.94100", "2012-12-31": "33.36720", "2011-12-31": "", "2010-12-31": "", "2009-12-31": "", "2008-12-31": ""}, "Operating Cash Flow Per Share": {"2019-12-31": -5.3823, "2018-12-31": 8.9396, "2017-12-31": 1.4457, "2016-12-31": -4.8548, "2015-12-31": 4.2698, "2014-12-31": -3.5619, "2013-12-31": 2.9902, "2012-12-31": -1.1413, "2011-12-31": 4.5916, "2010-12-31": 3.2963, "2009-12-31": 0, "2008-12-31": 0}, "Free Cash Flow Per Share": {"2019-12-31": -8.3483, "2018-12-31": 6.9059, "2017-12-31": 3.2779, "2016-12-31": 0.3177, "2015-12-31": 0.3337, "2014-12-31": -7.2897, "2013-12-31": 2.7875, "2012-12-31": -2.2117, "2011-12-31": 4.8027, "2010-12-31": 1.4843, "2009-12-31": 0, "2008-12-31": 0}}, "financial ratios, quarterly": {"Current Ratio": {"2020-09-30": "1.21960", "2020-06-30": "1.24700", "2020-03-31": "1.11170", "2019-12-31": "1.23600", "2019-09-30": "1.29250", "2019-06-30": "1.27970", "2019-03-31": "1.30780", "2018-12-31": "1.47830", "2018-09-30": "1.27890", "2018-06-30": "1.24270", "2018-03-31": "1.31280", "2017-12-31": "1.42380", "2017-09-30": "1.30590", "2017-06-30": "1.40370", "2017-03-31": "1.39400", "2016-12-31": "1.34000", "2016-09-30": "1.18460", "2016-06-30": "1.21570", "2016-03-31": "1.51180", "2015-12-31": "1.62740", "2015-09-30": "1.69570", "2015-06-30": "1.64110", "2015-03-31": "1.63670", "2014-12-31": "1.50460", "2014-09-30": "1.32140", "2014-06-30": "1.36280", "2014-03-31": "1.38880", "2013-12-31": "1.48770", "2013-09-30": "1.43630", "2013-06-30": "1.46580", "2013-03-31": "1.41600", "2012-12-31": "1.43900", "2012-09-30": "1.33490", "2012-06-30": "1.28910", "2012-03-31": "1.57210", "2011-12-31": "1.12630", "2011-09-30": "", "2011-06-30": "", "2011-03-31": "", "2010-12-31": "", "2009-12-31": "", "2008-12-31": ""}, "Long-term Debt / Capital": {"2020-09-30": "0.36220", "2020-06-30": "0.35220", "2020-03-31": "0.31200", "2019-12-31": "0.29220", "2019-09-30": "0.29030", "2019-06-30": "0.28290", "2019-03-31": "0.29640", "2018-12-31": "0.29000", "2018-09-30": "0.29940", "2018-06-30": "0.30630", "2018-03-31": "0.32270", "2017-12-31": "0.26850", "2017-09-30": "0.28380", "2017-06-30": "0.28460", "2017-03-31": "0.28810", "2016-12-31": "0.28780", "2016-09-30": "0.23030", "2016-06-30": "0.23350", "2016-03-31": "0.27130", "2015-12-31": "0.26980", "2015-09-30": "0.27040", "2015-06-30": "0.27760", "2015-03-31": "0.28290", "2014-12-31": "0.26120", "2014-09-30": "0.21770", "2014-06-30": "0.21950", "2014-03-31": "0.22060", "2013-12-31": "0.21490", "2013-09-30": "0.21800", "2013-06-30": "0.22930", "2013-03-31": "0.24560", "2012-12-31": "0.25070", "2012-09-30": "0.26400", "2012-06-30": "0.28040", "2012-03-31": "0.19310", "2011-12-31": "0.01530", "2011-09-30": "", "2011-06-30": "", "2011-03-31": "", "2010-12-31": "", "2009-12-31": "", "2008-12-31": ""}, "Debt/Equity Ratio": {"2020-09-30": "0.65120", "2020-06-30": "0.62010", "2020-03-31": "0.54840", "2019-12-31": "0.43300", "2019-09-30": "0.44020", "2019-06-30": "0.41890", "2019-03-31": "0.42240", "2018-12-31": "0.41100", "2018-09-30": "0.43950", "2018-06-30": "0.45530", "2018-03-31": "0.47820", "2017-12-31": "0.36860", "2017-09-30": "0.42580", "2017-06-30": "0.41860", "2017-03-31": "0.43030", "2016-12-31": "0.42730", "2016-09-30": "0.36440", "2016-06-30": "0.36820", "2016-03-31": "0.37370", "2015-12-31": "0.37130", "2015-09-30": "0.37250", "2015-06-30": "0.38600", "2015-03-31": "0.39610", "2014-12-31": "0.39180", "2014-09-30": "0.27990", "2014-06-30": "0.28290", "2014-03-31": "0.28480", "2013-12-31": "0.27490", "2013-09-30": "0.27990", "2013-06-30": "0.29820", "2013-03-31": "0.32610", "2012-12-31": "0.33520", "2012-09-30": "0.38720", "2012-06-30": "0.42080", "2012-03-31": "0.24770", "2011-12-31": "0.01680", "2011-09-30": "", "2011-06-30": "", "2011-03-31": "", "2010-12-31": "", "2009-12-31": "", "2008-12-31": ""}, "Gross Margin": {"2020-09-30": "8.91460", "2020-06-30": "11.95820", "2020-03-31": "11.67740", "2019-12-31": "10.33820", "2019-09-30": "12.53580", "2019-06-30": "11.82530", "2019-03-31": "8.86470", "2018-12-31": "15.25190", "2018-09-30": "11.42410", "2018-06-30": "11.15600", "2018-03-31": "10.41320", "2017-12-31": "19.60600", "2017-09-30": "24.05280", "2017-06-30": "23.80540", "2017-03-31": "22.77890", "2016-12-31": "21.44720", "2016-09-30": "26.18850", "2016-06-30": "25.86390", "2016-03-31": "31.47220", "2015-12-31": "27.50650", "2015-09-30": "27.96220", "2015-06-30": "21.95220", "2015-03-31": "26.70560", "2014-12-31": "18.63110", "2014-09-30": "16.86170", "2014-06-30": "13.68420", "2014-03-31": "14.65130", "2013-12-31": "13.98640", "2013-09-30": "12.29780", "2013-06-30": "13.73700", "2013-03-31": "14.48160", "2012-12-31": "14.41740", "2012-09-30": "15.73180", "2012-06-30": "13.58160", "2012-03-31": "11.91490", "2011-12-31": "17.82830", "2011-09-30": "13.24840", "2011-06-30": "11.39670", "2011-03-31": "12.12850", "2010-12-31": "", "2009-12-31": "", "2008-12-31": ""}, "Operating Margin": {"2020-09-30": "-9.81230", "2020-06-30": "-4.38930", "2020-03-31": "-13.08550", "2019-12-31": "2.46180", "2019-09-30": "1.99870", "2019-06-30": "4.68630", "2019-03-31": "-0.22510", "2018-12-31": "7.93180", "2018-09-30": "4.43470", "2018-06-30": "4.18560", "2018-03-31": "1.69530", "2017-12-31": "1.30100", "2017-09-30": "3.29730", "2017-06-30": "2.04670", "2017-03-31": "2.34120", "2016-12-31": "-0.44450", "2016-09-30": "2.28450", "2016-06-30": "1.68430", "2016-03-31": "1.96450", "2015-12-31": "3.55360", "2015-09-30": "7.16500", "2015-06-30": "3.98780", "2015-03-31": "4.68430", "2014-12-31": "2.92880", "2014-09-30": "3.18930", "2014-06-30": "1.51490", "2014-03-31": "1.41250", "2013-12-31": "1.12890", "2013-09-30": "0.50970", "2013-06-30": "2.05140", "2013-03-31": "2.64740", "2012-12-31": "1.34200", "2012-09-30": "3.60690", "2012-06-30": "2.50280", "2012-03-31": "0.72730", "2011-12-31": "8.52560", "2011-09-30": "1.41470", "2011-06-30": "1.55150", "2011-03-31": "0.81730", "2010-12-31": "", "2009-12-31": "", "2008-12-31": ""}, "EBIT Margin": {"2020-09-30": "-9.81230", "2020-06-30": "-4.38930", "2020-03-31": "-13.08550", "2019-12-31": "2.46180", "2019-09-30": "1.99870", "2019-06-30": "4.68630", "2019-03-31": "-0.22510", "2018-12-31": "7.93180", "2018-09-30": "4.43470", "2018-06-30": "4.18560", "2018-03-31": "1.69530", "2017-12-31": "1.30100", "2017-09-30": "3.29730", "2017-06-30": "2.04670", "2017-03-31": "2.34120", "2016-12-31": "-0.44450", "2016-09-30": "2.28450", "2016-06-30": "1.68430", "2016-03-31": "1.96450", "2015-12-31": "3.55360", "2015-09-30": "7.16500", "2015-06-30": "3.98780", "2015-03-31": "4.68430", "2014-12-31": "2.92880", "2014-09-30": "3.18930", "2014-06-30": "1.51490", "2014-03-31": "1.41250", "2013-12-31": "1.12890", "2013-09-30": "0.50970", "2013-06-30": "2.05140", "2013-03-31": "2.64740", "2012-12-31": "1.34200", "2012-09-30": "3.60690", "2012-06-30": "2.50280", "2012-03-31": "0.72730", "2011-12-31": "8.52560", "2011-09-30": "1.41470", "2011-06-30": "1.55150", "2011-03-31": "0.81730", "2010-12-31": "", "2009-12-31": "", "2008-12-31": ""}, "EBITDA Margin": {"2020-09-30": "", "2020-06-30": "", "2020-03-31": "", "2019-12-31": "", "2019-09-30": "", "2019-06-30": "", "2019-03-31": "", "2018-12-31": "", "2018-09-30": "", "2018-06-30": "", "2018-03-31": "", "2017-12-31": "", "2017-09-30": "", "2017-06-30": "", "2017-03-31": "", "2016-12-31": "", "2016-09-30": "", "2016-06-30": "", "2016-03-31": "", "2015-12-31": "", "2015-09-30": "", "2015-06-30": "", "2015-03-31": "", "2014-12-31": "", "2014-09-30": "", "2014-06-30": "", "2014-03-31": "", "2013-12-31": "", "2013-09-30": "", "2013-06-30": "", "2013-03-31": "", "2012-12-31": "", "2012-09-30": "", "2012-06-30": "", "2012-03-31": "", "2011-12-31": "", "2011-09-30": "", "2011-06-30": "", "2011-03-31": "", "2010-12-31": "", "2009-12-31": "", "2008-12-31": ""}, "Pre-Tax Profit Margin": {"2020-09-30": "-8.47510", "2020-06-30": "-4.07770", "2020-03-31": "-11.86900", "2019-12-31": "3.66010", "2019-09-30": "3.46460", "2019-06-30": "6.56800", "2019-03-31": "1.47170", "2018-12-31": "10.02820", "2018-09-30": "6.63020", "2018-06-30": "6.33200", "2018-03-31": "3.03880", "2017-12-31": "2.19860", "2017-09-30": "4.90110", "2017-06-30": "3.52060", "2017-03-31": "3.48130", "2016-12-31": "0.26500", "2016-09-30": "3.75970", "2016-06-30": "3.29530", "2016-03-31": "3.42350", "2015-12-31": "3.80030", "2015-09-30": "9.14620", "2015-06-30": "5.13820", "2015-03-31": "6.09360", "2014-12-31": "3.89270", "2014-09-30": "4.27300", "2014-06-30": "2.98360", "2014-03-31": "3.22220", "2013-12-31": "2.81310", "2013-09-30": "1.82120", "2013-06-30": "3.36420", "2013-03-31": "4.99380", "2012-12-31": "2.61100", "2012-09-30": "5.70260", "2012-06-30": "4.05160", "2012-03-31": "2.33490", "2011-12-31": "4.53140", "2011-09-30": "3.06260", "2011-06-30": "3.09540", "2011-03-31": "2.44530", "2010-12-31": "", "2009-12-31": "", "2008-12-31": ""}, "Net Profit Margin": {"2020-09-30": "-5.01600", "2020-06-30": "-1.29200", "2020-03-31": "-11.95520", "2019-12-31": "2.52700", "2019-09-30": "2.61590", "2019-06-30": "5.11370", "2019-03-31": "0.88300", "2018-12-31": "7.69810", "2018-09-30": "5.00870", "2018-06-30": "4.62040", "2018-03-31": "2.22080", "2017-12-31": "10.75100", "2017-09-30": "3.21150", "2017-06-30": "2.28340", "2017-03-31": "2.33690", "2016-12-31": "0.69670", "2016-09-30": "2.36310", "2016-06-30": "2.27010", "2016-03-31": "2.21150", "2015-12-31": "2.96900", "2015-09-30": "6.11820", "2015-06-30": "3.54940", "2015-03-31": "4.33310", "2014-12-31": "3.28060", "2014-09-30": "2.91960", "2014-06-30": "1.89470", "2014-03-31": "3.90240", "2013-12-31": "1.91870", "2013-09-30": "1.21190", "2013-06-30": "2.21810", "2013-03-31": "3.41410", "2012-12-31": "1.61820", "2012-09-30": "3.72100", "2012-06-30": "2.52640", "2012-03-31": "1.38920", "2011-12-31": "3.98630", "2011-09-30": "2.07270", "2011-06-30": "1.97550", "2011-03-31": "1.50960", "2010-12-31": "", "2009-12-31": "", "2008-12-31": ""}, "Asset Turnover": {"2020-09-30": "0.29350", "2020-06-30": "0.20020", "2020-03-31": "0.39050", "2019-12-31": "0.49600", "2019-09-30": "0.46340", "2019-06-30": "0.48190", "2019-03-31": "0.39930", "2018-12-31": "0.53590", "2018-09-30": "0.53300", "2018-06-30": "0.52860", "2018-03-31": "0.45260", "2017-12-31": "0.54710", "2017-09-30": "0.48620", "2017-06-30": "0.46470", "2017-03-31": "0.44540", "2016-12-31": "0.45300", "2016-09-30": "0.43030", "2016-06-30": "0.43380", "2016-03-31": "0.36080", "2015-12-31": "0.45070", "2015-09-30": "0.52190", "2015-06-30": "0.57170", "2015-03-31": "0.46410", "2014-12-31": "0.71800", "2014-09-30": "0.81400", "2014-06-30": "0.89620", "2014-03-31": "0.79220", "2013-12-31": "0.86450", "2013-09-30": "0.86590", "2013-06-30": "0.86500", "2013-03-31": "0.80570", "2012-12-31": "0.91140", "2012-09-30": "0.82220", "2012-06-30": "0.96240", "2012-03-31": "0.86390", "2011-12-31": "1.16750", "2011-09-30": "", "2011-06-30": "", "2011-03-31": "", "2010-12-31": "", "2009-12-31": "", "2008-12-31": ""}, "Inventory Turnover Ratio": {"2020-09-30": "2.96280", "2020-06-30": "1.87070", "2020-03-31": "3.45900", "2019-12-31": "6.91580", "2019-09-30": "4.31190", "2019-06-30": "4.82110", "2019-03-31": "3.93990", "2018-12-31": "6.96020", "2018-09-30": "4.75920", "2018-06-30": "5.25340", "2018-03-31": "4.45670", "2017-12-31": "7.04390", "2017-09-30": "4.36880", "2017-06-30": "4.32340", "2017-03-31": "4.02990", "2016-12-31": "5.83460", "2016-09-30": "4.08730", "2016-06-30": "4.05660", "2016-03-31": "2.90410", "2015-12-31": "4.56460", "2015-09-30": "4.23430", "2015-06-30": "5.39340", "2015-03-31": "4.00740", "2014-12-31": "8.37470", "2014-09-30": "5.92310", "2014-06-30": "7.97810", "2014-03-31": "5.81940", "2013-12-31": "11.04000", "2013-09-30": "8.17330", "2013-06-30": "7.40250", "2013-03-31": "6.06490", "2012-12-31": "10.93240", "2012-09-30": "6.30140", "2012-06-30": "7.35040", "2012-03-31": "8.00160", "2011-12-31": "12.38170", "2011-09-30": "", "2011-06-30": "", "2011-03-31": "", "2010-12-31": "", "2009-12-31": "", "2008-12-31": ""}, "Receiveable Turnover": {"2020-09-30": "2.67130", "2020-06-30": "2.24920", "2020-03-31": "4.57950", "2019-12-31": "3.42240", "2019-09-30": "3.84110", "2019-06-30": "4.13960", "2019-03-31": "3.16350", "2018-12-31": "4.71380", "2018-09-30": "3.73700", "2018-06-30": "4.04020", "2018-03-31": "3.85290", "2017-12-31": "3.96300", "2017-09-30": "4.03260", "2017-06-30": "4.30590", "2017-03-31": "4.02360", "2016-12-31": "3.65750", "2016-09-30": "4.32390", "2016-06-30": "3.90370", "2016-03-31": "3.67510", "2015-12-31": "4.23220", "2015-09-30": "4.96190", "2015-06-30": "4.34170", "2015-03-31": "3.97040", "2014-12-31": "4.81920", "2014-09-30": "4.61070", "2014-06-30": "4.50530", "2014-03-31": "4.41700", "2013-12-31": "4.46940", "2013-09-30": "4.53060", "2013-06-30": "4.41030", "2013-03-31": "4.15850", "2012-12-31": "4.21180", "2012-09-30": "3.97900", "2012-06-30": "5.07400", "2012-03-31": "4.04440", "2011-12-31": "5.03220", "2011-09-30": "", "2011-06-30": "", "2011-03-31": "", "2010-12-31": "", "2009-12-31": "", "2008-12-31": ""}, "Days Sales In Receivables": {"2020-09-30": "33.69140", "2020-06-30": "40.01470", "2020-03-31": "19.65270", "2019-12-31": "26.29700", "2019-09-30": "23.43080", "2019-06-30": "21.74130", "2019-03-31": "28.44960", "2018-12-31": "19.09310", "2018-09-30": "24.08320", "2018-06-30": "22.27640", "2018-03-31": "23.35920", "2017-12-31": "22.71030", "2017-09-30": "22.31830", "2017-06-30": "20.90170", "2017-03-31": "22.36830", "2016-12-31": "24.60700", "2016-09-30": "20.81440", "2016-06-30": "23.05510", "2016-03-31": "24.48910", "2015-12-31": "21.26570", "2015-09-30": "18.13820", "2015-06-30": "20.72920", "2015-03-31": "22.66790", "2014-12-31": "18.67550", "2014-09-30": "19.52000", "2014-06-30": "19.97630", "2014-03-31": "20.37580", "2013-12-31": "20.13710", "2013-09-30": "19.86500", "2013-06-30": "20.40680", "2013-03-31": "21.64230", "2012-12-31": "21.36870", "2012-09-30": "22.61890", "2012-06-30": "17.73740", "2012-03-31": "22.25280", "2011-12-31": "17.88480", "2011-09-30": "", "2011-06-30": "", "2011-03-31": "", "2010-12-31": "", "2009-12-31": "", "2008-12-31": ""}, "ROE - Return On Equity": {"2020-09-30": "-3.25490", "2020-06-30": "-0.28760", "2020-03-31": "-10.26690", "2019-12-31": "2.98130", "2019-09-30": "2.92710", "2019-06-30": "5.50790", "2019-03-31": "1.00950", "2018-12-31": "8.52940", "2018-09-30": "6.07870", "2018-06-30": "5.62500", "2018-03-31": "2.40740", "2017-12-31": "11.86740", "2017-09-30": "3.54360", "2017-06-30": "2.44060", "2017-03-31": "2.37300", "2016-12-31": "0.81770", "2016-09-30": "2.20480", "2016-06-30": "2.14410", "2016-03-31": "1.68340", "2015-12-31": "2.78220", "2015-09-30": "6.62450", "2015-06-30": "4.41370", "2015-03-31": "4.41250", "2014-12-31": "5.25480", "2014-09-30": "5.35730", "2014-06-30": "3.97180", "2014-03-31": "3.99470", "2013-12-31": "3.63970", "2013-09-30": "2.39160", "2013-06-30": "4.36150", "2013-03-31": "6.52540", "2012-12-31": "3.18180", "2012-09-30": "7.76960", "2012-06-30": "6.22790", "2012-03-31": "2.55780", "2011-12-31": "8.63350", "2011-09-30": "", "2011-06-30": "", "2011-03-31": "", "2010-12-31": "", "2009-12-31": "", "2008-12-31": ""}, "Return On Tangible Equity": {"2020-09-30": "-3.62440", "2020-06-30": "-0.31910", "2020-03-31": "-11.37620", "2019-12-31": "3.51720", "2019-09-30": "3.45530", "2019-06-30": "6.49260", "2019-03-31": "1.19410", "2018-12-31": "10.06340", "2018-09-30": "7.24220", "2018-06-30": "6.74220", "2018-03-31": "2.90190", "2017-12-31": "13.98080", "2017-09-30": "4.28680", "2017-06-30": "2.95720", "2017-03-31": "2.87830", "2016-12-31": "0.99150", "2016-09-30": "2.65980", "2016-06-30": "2.59360", "2016-03-31": "2.04450", "2015-12-31": "3.37100", "2015-09-30": "8.00890", "2015-06-30": "5.37550", "2015-03-31": "5.40700", "2014-12-31": "6.48270", "2014-09-30": "6.56910", "2014-06-30": "4.82300", "2014-03-31": "4.85770", "2013-12-31": "4.38220", "2013-09-30": "2.91360", "2013-06-30": "5.33080", "2013-03-31": "8.06030", "2012-12-31": "3.95510", "2012-09-30": "9.68190", "2012-06-30": "7.92920", "2012-03-31": "3.05500", "2011-12-31": "10.45820", "2011-09-30": "", "2011-06-30": "", "2011-03-31": "", "2010-12-31": "", "2009-12-31": "", "2008-12-31": ""}, "ROA - Return On Assets": {"2020-09-30": "-1.33750", "2020-06-30": "-0.12290", "2020-03-31": "-4.53980", "2019-12-31": "1.37940", "2019-09-30": "1.35000", "2019-06-30": "2.60290", "2019-03-31": "0.46670", "2018-12-31": "4.26500", "2018-09-30": "2.80580", "2018-06-30": "2.56080", "2018-03-31": "1.12220", "2017-12-31": "5.98660", "2017-09-30": "1.61060", "2017-06-30": "1.12100", "2017-03-31": "1.09520", "2016-12-31": "0.37560", "2016-09-30": "1.06660", "2016-06-30": "1.02460", "2016-03-31": "0.82490", "2015-12-31": "1.37090", "2015-09-30": "3.22170", "2015-06-30": "2.05520", "2015-03-31": "2.03150", "2014-12-31": "2.37820", "2014-09-30": "2.39480", "2014-06-30": "1.71580", "2014-03-31": "1.71490", "2013-12-31": "1.63660", "2013-09-30": "1.03170", "2013-06-30": "1.89470", "2013-03-31": "2.72720", "2012-12-31": "1.37710", "2012-09-30": "3.06530", "2012-06-30": "2.43340", "2012-03-31": "1.20380", "2011-12-31": "4.65390", "2011-09-30": "", "2011-06-30": "", "2011-03-31": "", "2010-12-31": "", "2009-12-31": "", "2008-12-31": ""}, "ROI - Return On Investment": {"2020-09-30": "-2.07600", "2020-06-30": "-0.18630", "2020-03-31": "-7.06370", "2019-12-31": "2.11020", "2019-09-30": "2.07730", "2019-06-30": "3.94980", "2019-03-31": "0.71030", "2018-12-31": "6.05550", "2018-09-30": "4.25900", "2018-06-30": "3.90180", "2018-03-31": "1.63050", "2017-12-31": "8.68070", "2017-09-30": "2.53780", "2017-06-30": "1.74590", "2017-03-31": "1.68940", "2016-12-31": "0.58240", "2016-09-30": "1.69700", "2016-06-30": "1.64350", "2016-03-31": "1.22670", "2015-12-31": "2.03170", "2015-09-30": "4.83300", "2015-06-30": "3.18860", "2015-03-31": "3.16420", "2014-12-31": "3.88200", "2014-09-30": "4.19080", "2014-06-30": "3.10000", "2014-03-31": "3.11360", "2013-12-31": "2.85730", "2013-09-30": "1.87020", "2013-06-30": "3.36120", "2013-03-31": "4.92310", "2012-12-31": "2.38410", "2012-09-30": "5.71810", "2012-06-30": "4.48150", "2012-03-31": "2.06380", "2011-12-31": "8.50170", "2011-09-30": "", "2011-06-30": "", "2011-03-31": "", "2010-12-31": "", "2009-12-31": "", "2008-12-31": ""}, "Book Value Per Share": {"2020-09-30": "51.06460", "2020-06-30": "53.34360", "2020-03-31": "54.13420", "2019-12-31": "61.60410", "2019-09-30": "60.96890", "2019-06-30": "60.87720", "2019-03-31": "58.96800", "2018-12-31": "59.52450", "2018-09-30": "55.93930", "2018-06-30": "53.76270", "2018-03-31": "52.16420", "2017-12-31": "54.60810", "2017-09-30": "47.28070", "2017-06-30": "46.54060", "2017-03-31": "45.97000", "2016-12-31": "45.73340", "2016-09-30": "46.67560", "2016-06-30": "46.02860", "2016-03-31": "44.98450", "2015-12-31": "45.21640", "2015-09-30": "45.05100", "2015-06-30": "43.19270", "2015-03-31": "41.71650", "2014-12-31": "40.33260", "2014-09-30": "40.09660", "2014-06-30": "39.28330", "2014-03-31": "38.57760", "2013-12-31": "37.94100", "2013-09-30": "36.68500", "2013-06-30": "35.49740", "2013-03-31": "34.52340", "2012-12-31": "33.36720", "2012-09-30": "32.92710", "2012-06-30": "30.27330", "2012-03-31": "", "2011-12-31": "", "2011-09-30": "", "2011-06-30": "", "2011-03-31": "", "2010-12-31": "", "2009-12-31": "", "2008-12-31": ""}, "Operating Cash Flow Per Share": {"2020-09-30": 1.1178, "2020-06-30": 1.7442, "2020-03-31": "0.49170", "2019-12-31": 3.6883, "2019-09-30": 3.7175, "2019-06-30": 4.2278, "2019-03-31": "-1.04070", "2018-12-31": 8.6601, "2018-09-30": 1.2681, "2018-06-30": 5.0504, "2018-03-31": "0.99660", "2017-12-31": 3.7078, "2017-09-30": 0.7978, "2017-06-30": 3.5767, "2017-03-31": "-1.04670", "2016-12-31": 1.248, "2016-09-30": 1.6812, "2016-06-30": 2.1782, "2016-03-31": "0.48250", "2015-12-31": 2.7046, "2015-09-30": 2.6775, "2015-06-30": 2.6148, "2015-03-31": "2.44780", "2014-12-31": 1.4719, "2014-09-30": 0.803, "2014-06-30": 1.5288, "2014-03-31": "2.37120", "2013-12-31": 1.3888, "2013-09-30": 3.2576, "2013-06-30": 1.5849, "2013-03-31": "3.50550", "2012-12-31": 2.0579, "2012-09-30": 2.9994, "2012-06-30": 2.2581, "2012-03-31": "-0.56880", "2011-12-31": 4.3032, "2011-09-30": 1.1613, "2011-06-30": 2.4234, "2011-03-31": "", "2010-12-31": 0, "2009-12-31": 0, "2008-12-31": 0}, "Free Cash Flow Per Share": {"2020-09-30": -0.1382, "2020-06-30": -0.4083, "2020-03-31": "-1.59970", "2019-12-31": 0.9092, "2019-09-30": 1.7566, "2019-06-30": 2.8234, "2019-03-31": "-3.42920", "2018-12-31": 6.5974, "2018-09-30": -0.4, "2018-06-30": 3.8841, "2018-03-31": "0.32680", "2017-12-31": 2.6845, "2017-09-30": 0.072, "2017-06-30": 2.6886, "2017-03-31": "-1.94270", "2016-12-31": -0.2766, "2016-09-30": 0.4201, "2016-06-30": 1.0011, "2016-03-31": "-0.92010", "2015-12-31": -1.8006, "2015-09-30": 0.8239, "2015-06-30": 0.3929, "2015-03-31": "0.49060", "2014-12-31": -0.4446, "2014-09-30": -1.899, "2014-06-30": 0.5157, "2014-03-31": "1.40100", "2013-12-31": 0.396, "2013-09-30": 2.5734, "2013-06-30": 0.993, "2013-03-31": "2.90040", "2012-12-31": 0.683, "2012-09-30": 2.4713, "2012-06-30": 1.8333, "2012-03-31": "-0.91230", "2011-12-31": 3.7217, "2011-09-30": 0.7516, "2011-06-30": 1.8042, "2011-03-31": "", "2010-12-31": 0, "2009-12-31": 0, "2008-12-31": 0}}, "revenue": {"Phillips 66 Annual Revenue (Millions of US $)": {"2020": "$64,129", "2019": "$107,293", "2018": "$111,461", "2017": "$102,354", "2016": "$84,279", "2015": "$98,975", "2014": "$161,212", "2013": "$171,596", "2012": "$179,290", "2011": "$195,931", "2010": "$146,561", "2009": "$112,692", "2008": "$171,706"}, "Phillips 66 Quarterly Revenue (Millions of US $)": {"2020-12-31": "$16,409", "2020-09-30": "$15,929", "2020-06-30": "$10,913", "2020-03-31": "$20,878", "2019-12-31": "$29,125", "2019-09-30": "$27,218", "2019-06-30": "$27,847", "2019-03-31": "$23,103", "2018-12-31": "$29,098", "2018-09-30": "$29,788", "2018-06-30": "$28,980", "2018-03-31": "$23,595", "2017-12-31": "$29,746", "2017-09-30": "$25,627", "2017-06-30": "$24,087", "2017-03-31": "$22,894", "2016-12-31": "$23,397", "2016-09-30": "$21,624", "2016-06-30": "$21,849", "2016-03-31": "$17,409", "2015-12-31": "$21,893", "2015-09-30": "$25,792", "2015-06-30": "$28,512", "2015-03-31": "$22,778", "2014-12-31": "$34,963", "2014-09-30": "$40,417", "2014-06-30": "$45,549", "2014-03-31": "$40,283", "2013-12-31": "$43,049", "2013-09-30": "$44,146", "2013-06-30": "$43,190", "2013-03-31": "$41,211", "2012-12-31": "$43,815", "2012-09-30": "$42,945", "2012-06-30": "$46,747", "2012-03-31": "$45,783", "2011-12-31": "$50,448", "2011-09-30": "$50,610", "2011-06-30": "$52,594", "2011-03-31": "$44,779", "2010-12-31": "", "2009-12-31": "", "2008-12-31": ""}}, "gross-profit": {"Phillips 66 Annual Gross Profit (Millions of US $)": {"2020": "$6,422", "2019": "$11,764", "2018": "$13,531", "2017": "$22,945", "2016": "$21,811", "2015": "$25,576", "2014": "$25,464", "2013": "$23,351", "2012": "$24,877", "2011": "$23,163", "2010": "$21,469", "2009": "$19,536", "2008": "$26,131"}, "Phillips 66 Quarterly Gross Profit (Millions of US $)": {"2020-12-31": "$1,259", "2020-09-30": "$1,420", "2020-06-30": "$1,305", "2020-03-31": "$2,438", "2019-12-31": "$3,011", "2019-09-30": "$3,412", "2019-06-30": "$3,293", "2019-03-31": "$2,048", "2018-12-31": "$4,438", "2018-09-30": "$3,403", "2018-06-30": "$3,233", "2018-03-31": "$2,457", "2017-12-31": "$5,832", "2017-09-30": "$6,164", "2017-06-30": "$5,734", "2017-03-31": "$5,215", "2016-12-31": "$5,018", "2016-09-30": "$5,663", "2016-06-30": "$5,651", "2016-03-31": "$5,479", "2015-12-31": "$6,022", "2015-09-30": "$7,212", "2015-06-30": "$6,259", "2015-03-31": "$6,083", "2014-12-31": "$6,514", "2014-09-30": "$6,815", "2014-06-30": "$6,233", "2014-03-31": "$5,902", "2013-12-31": "$6,021", "2013-09-30": "$5,429", "2013-06-30": "$5,933", "2013-03-31": "$5,968", "2012-12-31": "$6,317", "2012-09-30": "$6,756", "2012-06-30": "$6,349", "2012-03-31": "$5,455", "2011-12-31": "$7,533", "2011-09-30": "$6,705", "2011-06-30": "$5,994", "2011-03-31": "$5,431", "2010-12-31": "", "2009-12-31": "", "2008-12-31": ""}}, "operating-income": {"Phillips 66 Annual Operating Income (Millions of US $)": {"2020": "$-5,644", "2019": "$2,514", "2018": "$5,242", "2017": "$2,261", "2016": "$1,100", "2015": "$4,830", "2014": "$3,572", "2013": "$2,688", "2012": "$3,640", "2011": "$3,699", "2010": "$-360", "2009": "$-297", "2008": "$2,500"}, "Phillips 66 Quarterly Operating Income (Millions of US $)": {"2020-12-31": "$-870", "2020-09-30": "$-1,563", "2020-06-30": "$-479", "2020-03-31": "$-2,732", "2019-12-31": "$717", "2019-09-30": "$544", "2019-06-30": "$1,305", "2019-03-31": "$-52", "2018-12-31": "$2,308", "2018-09-30": "$1,321", "2018-06-30": "$1,213", "2018-03-31": "$400", "2017-12-31": "$387", "2017-09-30": "$845", "2017-06-30": "$493", "2017-03-31": "$536", "2016-12-31": "$-104", "2016-09-30": "$494", "2016-06-30": "$368", "2016-03-31": "$342", "2015-12-31": "$778", "2015-09-30": "$1,848", "2015-06-30": "$1,137", "2015-03-31": "$1,067", "2014-12-31": "$1,024", "2014-09-30": "$1,289", "2014-06-30": "$690", "2014-03-31": "$569", "2013-12-31": "$486", "2013-09-30": "$225", "2013-06-30": "$886", "2013-03-31": "$1,091", "2012-12-31": "$588", "2012-09-30": "$1,549", "2012-06-30": "$1,170", "2012-03-31": "$333", "2011-12-31": "$4,301", "2011-09-30": "$716", "2011-06-30": "$816", "2011-03-31": "$366", "2010-12-31": "", "2009-12-31": "", "2008-12-31": ""}}, "ebitda": {"Phillips 66 Annual EBITDA (Millions of US $)": {"2019": "$3,878", "2018": "$6,621", "2017": "$3,601", "2016": "$2,289", "2015": "$5,929", "2014": "$4,591", "2013": "$3,659", "2012": "$4,571", "2011": "$4,622", "2010": "$542", "2009": "$606", "2008": "$3,429"}, "Phillips 66 Quarterly EBITDA (Millions of US $)": {"2020-09-30": "$-1,205", "2020-06-30": "$-131", "2020-03-31": "$-2,384", "2019-12-31": "$1,063", "2019-09-30": "$886", "2019-06-30": "$1,644", "2019-03-31": "$285", "2018-12-31": "$2,651", "2018-09-30": "$1,672", "2018-06-30": "$1,556", "2018-03-31": "$742", "2017-12-31": "$739", "2017-09-30": "$1,187", "2017-06-30": "$819", "2017-03-31": "$856", "2016-12-31": "$207", "2016-09-30": "$792", "2016-06-30": "$663", "2016-03-31": "$627", "2015-12-31": "$1,064", "2015-09-30": "$2,123", "2015-06-30": "$1,417", "2015-03-31": "$1,325", "2014-12-31": "$1,303", "2014-09-30": "$1,544", "2014-06-30": "$935", "2014-03-31": "$809", "2013-12-31": "$735", "2013-09-30": "$464", "2013-06-30": "$1,121", "2013-03-31": "$1,339", "2012-12-31": "$832", "2012-09-30": "$1,785", "2012-06-30": "$1,400", "2012-03-31": "$554", "2011-12-31": "$4,547", "2011-09-30": "$943", "2011-06-30": "$1,048", "2011-03-31": "$590", "2010-12-31": "", "2009-12-31": "", "2008-12-31": ""}}, "net-income": {"Phillips 66 Annual Net Income (Millions of US $)": {"2020": "$-3,975", "2019": "$3,076", "2018": "$5,595", "2017": "$5,106", "2016": "$1,555", "2015": "$4,227", "2014": "$4,762", "2013": "$3,726", "2012": "$4,124", "2011": "$4,775", "2010": "$735", "2009": "$476", "2008": "$2,662"}, "Phillips 66 Quarterly Net Income (Millions of US $)": {"2020-12-31": "$-539", "2020-09-30": "$-799", "2020-06-30": "$-141", "2020-03-31": "$-2,496", "2019-12-31": "$736", "2019-09-30": "$712", "2019-06-30": "$1,424", "2019-03-31": "$204", "2018-12-31": "$2,240", "2018-09-30": "$1,492", "2018-06-30": "$1,339", "2018-03-31": "$524", "2017-12-31": "$3,198", "2017-09-30": "$823", "2017-06-30": "$550", "2017-03-31": "$535", "2016-12-31": "$163", "2016-09-30": "$511", "2016-06-30": "$496", "2016-03-31": "$385", "2015-12-31": "$650", "2015-09-30": "$1,578", "2015-06-30": "$1,012", "2015-03-31": "$987", "2014-12-31": "$1,147", "2014-09-30": "$1,180", "2014-06-30": "$863", "2014-03-31": "$1,572", "2013-12-31": "$826", "2013-09-30": "$535", "2013-06-30": "$958", "2013-03-31": "$1,407", "2012-12-31": "$709", "2012-09-30": "$1,598", "2012-06-30": "$1,181", "2012-03-31": "$636", "2011-12-31": "$2,011", "2011-09-30": "$1,049", "2011-06-30": "$1,039", "2011-03-31": "$676", "2010-12-31": "", "2009-12-31": "", "2008-12-31": ""}}, "eps-earnings-per-share-diluted": {"Phillips 66 Annual EPS": {"2020": "$-9.06", "2019": "$6.77", "2018": "$11.80", "2017": "$9.85", "2016": "$2.92", "2015": "$7.73", "2014": "$8.33", "2013": "$6.02", "2012": "$6.48", "2011": "$7.52", "2010": "$1.16", "2009": "$0.00", "2008": "$0.00"}, "Phillips 66 Quarterly EPS": {"2020-12-31": "$-1.23", "2020-09-30": "$-1.82", "2020-06-30": "$-0.33", "2020-03-31": "$-5.66", "2019-12-31": "$1.63", "2019-09-30": "$1.58", "2019-06-30": "$3.12", "2019-03-31": "$0.44", "2018-12-31": "$4.71", "2018-09-30": "$3.18", "2018-06-30": "$2.84", "2018-03-31": "$1.07", "2017-12-31": "$6.17", "2017-09-30": "$1.60", "2017-06-30": "$1.06", "2017-03-31": "$1.02", "2016-12-31": "$0.31", "2016-09-30": "$0.96", "2016-06-30": "$0.93", "2016-03-31": "$0.72", "2015-12-31": "$1.20", "2015-09-30": "$2.90", "2015-06-30": "$1.84", "2015-03-31": "$1.79", "2014-12-31": "$2.06", "2014-09-30": "$2.09", "2014-06-30": "$1.51", "2014-03-31": "$2.67", "2013-12-31": "$1.39", "2013-09-30": "$0.87", "2013-06-30": "$1.53", "2013-03-31": "$2.23", "2012-12-31": "$1.11", "2012-09-30": "$2.51", "2012-06-30": "$1.86", "2012-03-31": "$1.00", "2011-12-31": "$3.17", "2011-09-30": "$1.65", "2011-06-30": "$1.64", "2011-03-31": "$0.00", "2010-12-31": "$0.00", "2009-12-31": "$0.00", "2008-12-31": "$0.00"}}, "shares-outstanding": {"Phillips 66 Annual Shares Outstanding (Millions of Shares)": {"2020": "440", "2019": "454", "2018": "474", "2017": "519", "2016": "530", "2015": "547", "2014": "572", "2013": "619", "2012": "637", "2011": "635", "2010": "635", "2009": "", "2008": ""}, "Phillips 66 Quarterly Shares Outstanding (Millions of Shares)": {"2020-12-31": "439", "2020-09-30": "439", "2020-06-30": "439", "2020-03-31": "441", "2019-12-31": "454", "2019-09-30": "451", "2019-06-30": "456", "2019-03-31": "459", "2018-12-31": "474", "2018-09-30": "469", "2018-06-30": "472", "2018-03-31": "490", "2017-12-31": "519", "2017-09-30": "516", "2017-06-30": "520", "2017-03-31": "525", "2016-12-31": "530", "2016-09-30": "529", "2016-06-30": "531", "2016-03-31": "535", "2015-12-31": "547", "2015-09-30": "545", "2015-06-30": "549", "2015-03-31": "552", "2014-12-31": "572", "2014-09-30": "565", "2014-06-30": "571", "2014-03-31": "590", "2013-12-31": "619", "2013-09-30": "615", "2013-06-30": "625", "2013-03-31": "631", "2012-12-31": "637", "2012-09-30": "638", "2012-06-30": "635", "2012-03-31": "635", "2011-12-31": "635", "2011-09-30": "635", "2011-06-30": "635", "2011-03-31": "", "2010-12-31": "", "2009-12-31": "", "2008-12-31": ""}}, "total-assets": {"Phillips 66 Annual Total Assets (Millions of US $)": {"2019": "$58,720", "2018": "$54,302", "2017": "$54,371", "2016": "$51,653", "2015": "$48,580", "2014": "$48,692", "2013": "$49,798", "2012": "$48,073", "2011": "$43,211", "2010": "$44,955", "2009": "$42,880", "2008": "$0"}, "Phillips 66 Quarterly Total Assets (Millions of US $)": {"2020-09-30": "$54,281", "2020-06-30": "$54,518", "2020-03-31": "$53,460", "2019-12-31": "$58,720", "2019-09-30": "$58,741", "2019-06-30": "$57,781", "2019-03-31": "$57,855", "2018-12-31": "$54,302", "2018-09-30": "$55,884", "2018-06-30": "$54,826", "2018-03-31": "$52,132", "2017-12-31": "$54,371", "2017-09-30": "$52,712", "2017-06-30": "$51,828", "2017-03-31": "$51,405", "2016-12-31": "$51,653", "2016-09-30": "$50,254", "2016-06-30": "$50,361", "2016-03-31": "$48,246", "2015-12-31": "$48,580", "2015-09-30": "$49,415", "2015-06-30": "$49,874", "2015-03-31": "$49,077", "2014-12-31": "$48,692", "2014-09-30": "$49,650", "2014-06-30": "$50,822", "2014-03-31": "$50,847", "2013-12-31": "$49,798", "2013-09-30": "$50,983", "2013-06-30": "$49,929", "2013-03-31": "$51,151", "2012-12-31": "$48,073", "2012-09-30": "$52,230", "2012-06-30": "$48,575", "2012-03-31": "$52,998", "2011-12-31": "$43,211", "2011-09-30": "$0", "2011-06-30": "$0", "2011-03-31": "$0", "2010-12-31": "$44,955", "2009-12-31": "$42,880", "2008-12-31": "$0"}}, "cash-on-hand": {"Phillips 66 Annual Cash on Hand (Millions of US $)": {"2019": "$1,614", "2018": "$3,019", "2017": "$3,119", "2016": "$2,711", "2015": "$3,074", "2014": "$5,207", "2013": "$5,400", "2012": "$3,474", "2011": "$", "2010": "$", "2009": "$", "2008": "$"}, "Phillips 66 Quarterly Cash on Hand (Millions of US $)": {"2020-09-30": "$1,462", "2020-06-30": "$1,890", "2020-03-31": "$1,221", "2019-12-31": "$1,614", "2019-09-30": "$2,268", "2019-06-30": "$1,819", "2019-03-31": "$1,253", "2018-12-31": "$3,019", "2018-09-30": "$924", "2018-06-30": "$1,884", "2018-03-31": "$842", "2017-12-31": "$3,119", "2017-09-30": "$1,547", "2017-06-30": "$2,161", "2017-03-31": "$1,513", "2016-12-31": "$2,711", "2016-09-30": "$2,337", "2016-06-30": "$2,232", "2016-03-31": "$1,723", "2015-12-31": "$3,074", "2015-09-30": "$4,822", "2015-06-30": "$5,089", "2015-03-31": "$5,390", "2014-12-31": "$5,207", "2014-09-30": "$3,108", "2014-06-30": "$4,956", "2014-03-31": "$5,326", "2013-12-31": "$5,400", "2013-09-30": "$5,942", "2013-06-30": "$4,220", "2013-03-31": "$4,753", "2012-12-31": "$3,474", "2012-09-30": "$4,430", "2012-06-30": "$3,104", "2012-03-31": "$6,050", "2011-12-31": "", "2011-09-30": "", "2011-06-30": "", "2011-03-31": "", "2010-12-31": "", "2009-12-31": "", "2008-12-31": ""}}, "long-term-debt": {"Phillips 66 Annual Long Term Debt (Millions of US $)": {"2019": "$11,216", "2018": "$11,093", "2017": "$10,069", "2016": "$9,588", "2015": "$8,843", "2014": "$7,793", "2013": "$6,131", "2012": "$6,961", "2011": "$361", "2010": "$388", "2009": "$403", "2008": "$"}, "Phillips 66 Quarterly Long Term Debt (Millions of US $)": {"2020-09-30": "$12,666", "2020-06-30": "$12,663", "2020-03-31": "$10,720", "2019-12-31": "$11,216", "2019-09-30": "$11,083", "2019-06-30": "$10,772", "2019-03-31": "$11,268", "2018-12-31": "$11,093", "2018-09-30": "$11,021", "2018-06-30": "$11,023", "2018-03-31": "$11,579", "2017-12-31": "$10,069", "2017-09-30": "$9,495", "2017-06-30": "$9,472", "2017-03-31": "$9,601", "2016-12-31": "$9,588", "2016-09-30": "$7,275", "2016-06-30": "$7,330", "2016-03-31": "$8,803", "2015-12-31": "$8,843", "2015-09-30": "$8,908", "2015-06-30": "$8,923", "2015-03-31": "$8,914", "2014-12-31": "$7,793", "2014-09-30": "$6,178", "2014-06-30": "$6,174", "2014-03-31": "$6,177", "2013-12-31": "$6,131", "2013-09-30": "$6,132", "2013-06-30": "$6,455", "2013-03-31": "$6,958", "2012-12-31": "$6,961", "2012-09-30": "$7,393", "2012-06-30": "$7,396", "2012-03-31": "$5,971", "2011-12-31": "$361", "2011-09-30": "", "2011-06-30": "", "2011-03-31": "", "2010-12-31": "$388", "2009-12-31": "$403", "2008-12-31": ""}}, "total-liabilities": {"Phillips 66 Annual Total Liabilities (Millions of US $)": {"2019": "$31,551", "2018": "$27,149", "2017": "$26,943", "2016": "$27,928", "2015": "$24,642", "2014": "$26,655", "2013": "$27,406", "2012": "$27,267", "2011": "$19,918", "2010": "$18,929", "2009": "$15,940", "2008": "$0"}, "Phillips 66 Quarterly Total Liabilities (Millions of US $)": {"2020-09-30": "$31,976", "2020-06-30": "$31,223", "2020-03-31": "$29,821", "2019-12-31": "$31,551", "2019-09-30": "$31,649", "2019-06-30": "$30,475", "2019-03-31": "$31,110", "2018-12-31": "$27,149", "2018-09-30": "$30,089", "2018-06-30": "$29,866", "2018-03-31": "$27,832", "2017-12-31": "$26,943", "2017-09-30": "$28,753", "2017-06-30": "$28,022", "2017-03-31": "$27,680", "2016-12-31": "$27,928", "2016-09-30": "$25,943", "2016-06-30": "$26,295", "2016-03-31": "$24,603", "2015-12-31": "$24,642", "2015-09-30": "$25,383", "2015-06-30": "$26,651", "2015-03-31": "$26,482", "2014-12-31": "$26,655", "2014-09-30": "$27,456", "2014-06-30": "$28,867", "2014-03-31": "$29,018", "2013-12-31": "$27,406", "2013-09-30": "$28,989", "2013-06-30": "$28,239", "2013-03-31": "$29,773", "2012-12-31": "$27,267", "2012-09-30": "$31,624", "2012-06-30": "$29,596", "2012-03-31": "$28,055", "2011-12-31": "$19,918", "2011-09-30": "$0", "2011-06-30": "$0", "2011-03-31": "$0", "2010-12-31": "$18,929", "2009-12-31": "$15,940", "2008-12-31": "$0"}}, "total-share-holder-equity": {"Phillips 66 Annual Share Holder Equity (Millions of US $)": {"2019": "$27,169", "2018": "$27,153", "2017": "$27,428", "2016": "$23,725", "2015": "$23,938", "2014": "$22,037", "2013": "$22,392", "2012": "$20,806", "2011": "$23,293", "2010": "$26,026", "2009": "$26,940", "2008": "$0"}, "Phillips 66 Quarterly Share Holder Equity (Millions of US $)": {"2020-09-30": "$22,305", "2020-06-30": "$23,295", "2020-03-31": "$23,639", "2019-12-31": "$27,169", "2019-09-30": "$27,092", "2019-06-30": "$27,306", "2019-03-31": "$26,745", "2018-12-31": "$27,153", "2018-09-30": "$25,795", "2018-06-30": "$24,960", "2018-03-31": "$24,300", "2017-12-31": "$27,428", "2017-09-30": "$23,959", "2017-06-30": "$23,806", "2017-03-31": "$23,725", "2016-12-31": "$23,725", "2016-09-30": "$24,311", "2016-06-30": "$24,066", "2016-03-31": "$23,643", "2015-12-31": "$23,938", "2015-09-30": "$24,032", "2015-06-30": "$23,223", "2015-03-31": "$22,595", "2014-12-31": "$22,037", "2014-09-30": "$22,194", "2014-06-30": "$21,955", "2014-03-31": "$21,829", "2013-12-31": "$22,392", "2013-09-30": "$21,994", "2013-06-30": "$21,690", "2013-03-31": "$21,378", "2012-12-31": "$20,806", "2012-09-30": "$20,606", "2012-06-30": "$18,979", "2012-03-31": "$24,943", "2011-12-31": "$23,293", "2011-09-30": "$0", "2011-06-30": "$0", "2011-03-31": "$0", "2010-12-31": "$26,026", "2009-12-31": "$26,940", "2008-12-31": "$0"}}, "profit-margins": {"current": "-6.07%"}, "gross margin": {"2020-12-31": "10.01%", "2020-09-30": "10.64%", "2020-06-30": "11.53%", "2020-03-31": "11.57%", "2019-12-31": "10.96%", "2019-09-30": "12.30%", "2019-06-30": "12.00%", "2019-03-31": "11.82%", "2018-12-31": "12.14%", "2018-09-30": "13.31%", "2018-06-30": "16.38%", "2018-03-31": "19.59%", "2017-12-31": "22.42%", "2017-09-30": "23.05%", "2017-06-30": "23.51%", "2017-03-31": "24.00%", "2016-12-31": "25.88%", "2016-09-30": "27.56%", "2016-06-30": "28.02%", "2016-03-31": "26.68%", "2015-12-31": "25.84%", "2015-09-30": "23.27%", "2015-06-30": "20.27%", "2015-03-31": "17.85%", "2014-12-31": "15.80%", "2014-09-30": "14.75%", "2014-06-30": "13.63%", "2014-03-31": "13.64%", "2013-12-31": "13.61%", "2013-09-30": "13.72%", "2013-06-30": "14.59%", "2013-03-31": "14.53%", "2012-12-31": "13.88%", "2012-09-30": "14.03%", "2012-06-30": "13.45%", "2012-03-31": "12.88%", "2011-12-31": "12.93%"}, "operating margin": {"2020-12-31": "-8.80%", "2020-09-30": "-5.28%", "2020-06-30": "-2.21%", "2020-03-31": "-0.16%", "2019-12-31": "2.34%", "2019-09-30": "3.83%", "2019-06-30": "4.44%", "2019-03-31": "4.32%", "2018-12-31": "4.70%", "2018-09-30": "2.96%", "2018-06-30": "2.64%", "2018-03-31": "2.06%", "2017-12-31": "2.21%", "2017-09-30": "1.84%", "2017-06-30": "1.54%", "2017-03-31": "1.44%", "2016-12-31": "1.31%", "2016-09-30": "2.39%", "2016-06-30": "3.84%", "2016-03-31": "4.39%", "2015-12-31": "4.88%", "2015-09-30": "4.53%", "2015-06-30": "3.57%", "2015-03-31": "2.83%", "2014-12-31": "2.22%", "2014-09-30": "1.79%", "2014-06-30": "1.14%", "2014-03-31": "1.27%", "2013-12-31": "1.57%", "2013-09-30": "1.62%", "2013-06-30": "2.40%", "2013-03-31": "2.52%", "2012-12-31": "2.03%", "2012-09-30": "3.95%", "2012-06-30": "3.37%", "2012-03-31": "3.09%", "2011-12-31": "3.12%"}, "ebitda margin": {"2020-09-30": "-3.46%", "2020-06-30": "-0.64%", "2020-03-31": "1.15%", "2019-12-31": "3.61%", "2019-09-30": "5.10%", "2019-06-30": "5.69%", "2019-03-31": "5.55%", "2018-12-31": "5.94%", "2018-09-30": "4.20%", "2018-06-30": "3.91%", "2018-03-31": "3.38%", "2017-12-31": "3.52%", "2017-09-30": "3.20%", "2017-06-30": "2.91%", "2017-03-31": "2.81%", "2016-12-31": "2.72%", "2016-09-30": "3.80%", "2016-06-30": "5.15%", "2016-03-31": "5.59%", "2015-12-31": "5.99%", "2015-09-30": "5.50%", "2015-06-30": "4.41%", "2015-03-31": "3.55%", "2014-12-31": "2.85%", "2014-09-30": "2.38%", "2014-06-30": "1.70%", "2014-03-31": "1.83%", "2013-12-31": "2.13%", "2013-09-30": "2.18%", "2013-06-30": "2.97%", "2013-03-31": "3.07%", "2012-12-31": "2.55%", "2012-09-30": "4.46%", "2012-06-30": "3.85%", "2012-03-31": "3.56%", "2011-12-31": "3.59%"}, "pre tax profit margin": {"2020-12-31": "-7.74%", "2020-09-30": "-4.17%", "2020-06-30": "-1.04%", "2020-03-31": "1.29%", "2019-12-31": "3.89%", "2019-09-30": "5.62%", "2019-06-30": "6.43%", "2019-03-31": "6.37%", "2018-12-31": "6.68%", "2018-09-30": "4.62%", "2018-06-30": "4.13%", "2018-03-31": "3.37%", "2017-12-31": "3.47%", "2017-09-30": "3.09%", "2017-06-30": "2.74%", "2017-03-31": "2.66%", "2016-12-31": "2.60%", "2016-09-30": "3.58%", "2016-06-30": "5.18%", "2016-03-31": "5.61%", "2015-12-31": "6.11%", "2015-09-30": "5.87%", "2015-06-30": "4.69%", "2015-03-31": "4.06%", "2014-12-31": "3.56%", "2014-09-30": "3.30%", "2014-06-30": "2.70%", "2014-03-31": "2.79%", "2013-12-31": "3.22%", "2013-09-30": "3.17%", "2013-06-30": "4.15%", "2013-03-31": "4.32%", "2012-12-31": "3.66%", "2012-09-30": "4.14%", "2012-06-30": "3.51%", "2012-03-31": "3.28%", "2011-12-31": "3.31%"}, "net profit margin": {"2020-12-31": "-6.20%", "2020-09-30": "-3.51%", "2020-06-30": "-1.35%", "2020-03-31": "0.36%", "2019-12-31": "2.87%", "2019-09-30": "4.27%", "2019-06-30": "4.88%", "2019-03-31": "4.75%", "2018-12-31": "5.02%", "2018-09-30": "5.85%", "2018-06-30": "5.45%", "2018-03-31": "4.94%", "2017-12-31": "4.99%", "2017-09-30": "2.16%", "2017-06-30": "1.91%", "2017-03-31": "1.90%", "2016-12-31": "1.85%", "2016-09-30": "2.47%", "2016-06-30": "3.58%", "2016-03-31": "3.87%", "2015-12-31": "4.27%", "2015-09-30": "4.22%", "2015-06-30": "3.42%", "2015-03-31": "2.91%", "2014-12-31": "2.95%", "2014-09-30": "2.62%", "2014-06-30": "2.19%", "2014-03-31": "2.28%", "2013-12-31": "2.17%", "2013-09-30": "2.09%", "2013-06-30": "2.73%", "2013-03-31": "2.80%", "2012-12-31": "2.30%", "2012-09-30": "2.92%", "2012-06-30": "2.52%", "2012-03-31": "2.37%", "2011-12-31": "2.41%"}, "pe ratio": {"current": "0.00", "2021-02-11": "0.00", "2020-12-31": "0.00", "2020-09-30": "0.00", "2020-06-30": "0.00", "2020-03-31": "75.71", "2019-12-31": "15.61", "2019-09-30": "9.69", "2019-06-30": "7.56", "2019-03-31": "7.80", "2018-12-31": "6.63", "2018-09-30": "7.68", "2018-06-30": "8.63", "2018-03-31": "8.62", "2017-12-31": "9.07", "2017-09-30": "20.29", "2017-06-30": "21.63", "2017-03-31": "21.37", "2016-12-31": "25.50", "2016-09-30": "18.08", "2016-06-30": "11.71", "2016-03-31": "10.94", "2015-12-31": "8.84", "2015-09-30": "7.44", "2015-06-30": "8.55", "2015-03-31": "8.65", "2014-12-31": "7.01", "2014-09-30": "8.60", "2014-06-30": "10.06", "2014-03-31": "9.55", "2013-12-31": "10.21", "2013-09-30": "7.95", "2013-06-30": "6.27", "2013-03-31": "7.09"}, "price sales": {"2021-02-11": "0.53", "2020-12-31": "0.48", "2020-09-30": "0.30", "2020-06-30": "0.36", "2020-03-31": "0.22", "2019-12-31": "0.45", "2019-09-30": "0.41", "2019-06-30": "0.37", "2019-03-31": "0.37", "2018-12-31": "0.34", "2018-09-30": "0.44", "2018-06-30": "0.47", "2018-03-31": "0.43", "2017-12-31": "0.46", "2017-09-30": "0.44", "2017-06-30": "0.41", "2017-03-31": "0.41", "2016-12-31": "0.47", "2016-09-30": "0.45", "2016-06-30": "0.42", "2016-03-31": "0.42", "2015-12-31": "0.38", "2015-09-30": "0.32", "2015-06-30": "0.29", "2015-03-31": "0.25", "2014-12-31": "0.21", "2014-09-30": "0.23", "2014-06-30": "0.22", "2014-03-31": "0.22", "2013-12-31": "0.22", "2013-09-30": "0.17", "2013-06-30": "0.17", "2013-03-31": "0.20"}, "price book": {"current": "1.46", "2021-02-11": "1.51", "2020-09-30": "1.00", "2020-06-30": "1.31", "2020-03-31": "0.95", "2019-12-31": "1.72", "2019-09-30": "1.58", "2019-06-30": "1.44", "2019-03-31": "1.49", "2018-12-31": "1.33", "2018-09-30": "1.83", "2018-06-30": "1.89", "2018-03-31": "1.65", "2017-12-31": "1.65", "2017-09-30": "1.71", "2017-06-30": "1.56", "2017-03-31": "1.50", "2016-12-31": "1.63", "2016-09-30": "1.48", "2016-06-30": "1.46", "2016-03-31": "1.62", "2015-12-31": "1.51", "2015-09-30": "1.42", "2015-06-30": "1.54", "2015-03-31": "1.54", "2014-12-31": "1.45", "2014-09-30": "1.64", "2014-06-30": "1.64", "2014-03-31": "1.59", "2013-12-31": "1.61", "2013-09-30": "1.24", "2013-06-30": "1.30", "2013-03-31": "1.58", "2012-12-31": "1.23", "2012-09-30": "1.08", "2012-06-30": "0.84"}, "price fcf": {"2021-02-11": "", "2020-09-30": "$-1.24", "2020-06-30": "$0.66", "2020-03-31": "$3.89", "2019-12-31": "$2.06", "2019-09-30": "$7.75", "2019-06-30": "$5.59", "2019-03-31": "$6.65", "2018-12-31": "$10.41", "2018-09-30": "$6.50", "2018-06-30": "$6.97", "2018-03-31": "$5.77", "2017-12-31": "$3.50", "2017-09-30": "$0.54", "2017-06-30": "$0.89", "2017-03-31": "$-0.80", "2016-12-31": "$0.22", "2016-09-30": "$-1.30", "2016-06-30": "$-0.90", "2016-03-31": "$-1.50", "2015-12-31": "$-0.09", "2015-09-30": "$1.26", "2015-06-30": "$-1.46", "2015-03-31": "$-1.34", "2014-12-31": "$-0.43", "2014-09-30": "$0.41", "2014-06-30": "$4.89", "2014-03-31": "$5.36", "2013-12-31": "$6.86", "2013-09-30": "$7.15", "2013-06-30": "$7.05", "2013-03-31": "$6.98"}, "net worth": {"value": "$32.55B"}, "current ratio": {"2020-12-31": "0.00", "2020-09-30": "1.22", "2020-06-30": "1.25", "2020-03-31": "1.11", "2019-12-31": "1.24", "2019-09-30": "1.29", "2019-06-30": "1.28", "2019-03-31": "1.31", "2018-12-31": "1.48", "2018-09-30": "1.28", "2018-06-30": "1.24", "2018-03-31": "1.31", "2017-12-31": "1.42", "2017-09-30": "1.31", "2017-06-30": "1.40", "2017-03-31": "1.39", "2016-12-31": "1.34", "2016-09-30": "1.19", "2016-06-30": "1.22", "2016-03-31": "1.51", "2015-12-31": "1.63", "2015-09-30": "1.70", "2015-06-30": "1.64", "2015-03-31": "1.64", "2014-12-31": "1.51", "2014-09-30": "1.32", "2014-06-30": "1.36", "2014-03-31": "1.39", "2013-12-31": "1.49", "2013-09-30": "1.44", "2013-06-30": "1.47", "2013-03-31": "1.42", "2012-12-31": "1.44", "2012-09-30": "1.34", "2012-06-30": "1.29", "2012-03-31": "1.57", "2011-12-31": "1.13", "2011-09-30": "0.00", "2011-06-30": "0.00", "2011-03-31": "0.00", "2010-12-31": "1.18", "2009-12-31": "1.22", "2008-12-31": "0.00"}, "quick ratio": {"2020-12-31": "0.00", "2020-09-30": "0.75", "2020-06-30": "0.74", "2020-03-31": "0.61", "2019-12-31": "0.91", "2019-09-30": "0.84", "2019-06-30": "0.82", "2019-03-31": "0.84", "2018-12-31": "1.08", "2018-09-30": "0.82", "2018-06-30": "0.83", "2018-03-31": "0.80", "2017-12-31": "1.09", "2017-09-30": "0.86", "2017-06-30": "0.93", "2017-03-31": "0.89", "2016-12-31": "1.01", "2016-09-30": "0.80", "2016-06-30": "0.83", "2016-03-31": "0.96", "2015-12-31": "1.17", "2015-09-30": "1.20", "2015-06-30": "1.23", "2015-03-31": "1.21", "2014-12-31": "1.20", "2014-09-30": "0.91", "2014-06-30": "1.04", "2014-03-31": "1.00", "2013-12-31": "1.23", "2013-09-30": "1.11", "2013-06-30": "1.11", "2013-03-31": "1.03", "2012-12-31": "1.16", "2012-09-30": "0.98", "2012-06-30": "0.91", "2012-03-31": "1.23", "2011-12-31": "0.85", "2011-09-30": "0.00", "2011-06-30": "0.00", "2011-03-31": "0.00", "2010-12-31": "0.85", "2009-12-31": "0.81", "2008-12-31": "0.00"}, "debt equity ratio": {"current": "0.57", "2020-12-31": "0.00", "2020-09-30": "1.43", "2020-06-30": "1.34", "2020-03-31": "1.26", "2019-12-31": "1.16", "2019-09-30": "1.17", "2019-06-30": "1.12", "2019-03-31": "1.16", "2018-12-31": "1.00", "2018-09-30": "1.17", "2018-06-30": "1.20", "2018-03-31": "1.15", "2017-12-31": "0.98", "2017-09-30": "1.20", "2017-06-30": "1.18", "2017-03-31": "1.17", "2016-12-31": "1.18", "2016-09-30": "1.07", "2016-06-30": "1.09", "2016-03-31": "1.04", "2015-12-31": "1.03", "2015-09-30": "1.06", "2015-06-30": "1.15", "2015-03-31": "1.17", "2014-12-31": "1.21", "2014-09-30": "1.24", "2014-06-30": "1.32", "2014-03-31": "1.33", "2013-12-31": "1.22", "2013-09-30": "1.32", "2013-06-30": "1.30", "2013-03-31": "1.39", "2012-12-31": "1.31", "2012-09-30": "1.54", "2012-06-30": "1.56", "2012-03-31": "1.13", "2011-12-31": "0.86", "2011-09-30": "0.00", "2011-06-30": "0.00", "2011-03-31": "0.00", "2010-12-31": "0.73", "2009-12-31": "0.59", "2008-12-31": "0.00"}, "return on equity": {"2020-12-31": "-22.96%", "2020-09-30": "-11.20%", "2020-06-30": "-4.70%", "2020-03-31": "1.43%", "2019-12-31": "11.36%", "2019-09-30": "16.92%", "2019-06-30": "20.04%", "2019-03-31": "20.16%", "2018-12-31": "21.90%", "2018-09-30": "25.58%", "2018-06-30": "23.38%", "2018-03-31": "20.48%", "2017-12-31": "20.65%", "2017-09-30": "8.70%", "2017-06-30": "7.36%", "2017-03-31": "7.12%", "2016-12-31": "6.50%", "2016-09-30": "8.51%", "2016-06-30": "13.00%", "2016-03-31": "15.29%", "2015-12-31": "18.03%", "2015-09-30": "20.56%", "2015-06-30": "19.22%", "2015-03-31": "18.82%", "2014-12-31": "21.64%", "2014-09-30": "20.10%", "2014-06-30": "17.22%", "2014-03-31": "17.71%", "2013-12-31": "17.04%", "2013-09-30": "16.81%", "2013-06-30": "22.12%", "2013-03-31": "23.95%", "2012-12-31": "19.33%", "2012-09-30": "24.71%", "2012-06-30": "29.02%", "2012-03-31": "39.27%", "2011-12-31": "82.00%"}, "return on assets": {"2020-12-31": "-9.80%", "2020-09-30": "-4.89%", "2020-06-30": "-2.11%", "2020-03-31": "0.66%", "2019-12-31": "5.28%", "2019-09-30": "8.01%", "2019-06-30": "9.49%", "2019-03-31": "9.47%", "2018-12-31": "10.31%", "2018-09-30": "12.07%", "2018-06-30": "11.00%", "2018-03-31": "9.66%", "2017-12-31": "9.71%", "2017-09-30": "3.99%", "2017-06-30": "3.43%", "2017-03-31": "3.35%", "2016-12-31": "3.10%", "2016-09-30": "4.14%", "2016-06-30": "6.33%", "2016-03-31": "7.39%", "2015-12-31": "8.59%", "2015-09-30": "9.59%", "2015-06-30": "8.77%", "2015-03-31": "8.43%", "2014-12-31": "9.52%", "2014-09-30": "8.83%", "2014-06-30": "7.50%", "2014-03-31": "7.72%", "2013-12-31": "7.38%", "2013-09-30": "7.21%", "2013-06-30": "9.28%", "2013-03-31": "9.79%", "2012-12-31": "8.17%", "2012-09-30": "11.02%", "2012-06-30": "13.47%", "2012-03-31": "19.69%", "2011-12-31": "44.20%"}, "return on investments": {"2020-12-31": "-21.44%", "2020-09-30": "-11.30%", "2020-06-30": "-5.31%", "2020-03-31": "-0.45%", "2019-12-31": "6.59%", "2019-09-30": "10.77%", "2019-06-30": "12.92%", "2019-03-31": "12.85%", "2018-12-31": "14.27%", "2018-09-30": "9.09%", "2018-06-30": "7.97%", "2018-03-31": "6.07%", "2017-12-31": "6.57%", "2017-09-30": "5.31%", "2017-06-30": "4.32%", "2017-03-31": "3.99%", "2016-12-31": "3.42%", "2016-09-30": "6.18%", "2016-06-30": "10.30%", "2016-03-31": "12.60%", "2015-12-31": "14.93%", "2015-09-30": "16.06%", "2015-06-30": "14.83%", "2015-03-31": "13.82%", "2014-12-31": "12.50%", "2014-09-30": "10.74%", "2014-06-30": "6.99%", "2014-03-31": "7.68%", "2013-12-31": "9.50%", "2013-09-30": "9.93%", "2013-06-30": "14.66%", "2013-03-31": "15.92%", "2012-12-31": "12.88%", "2012-09-30": "27.00%", "2012-06-30": "32.22%", "2012-03-31": "45.20%", "2011-12-31": "104.83%"}, "return on tangible equity": {"2020-09-30": "-12.65%", "2020-06-30": "-5.39%", "2020-03-31": "1.66%", "2019-12-31": "13.41%", "2019-09-30": "19.97%", "2019-06-30": "23.71%", "2019-03-31": "23.95%", "2018-12-31": "26.13%", "2018-09-30": "30.51%", "2018-06-30": "28.00%", "2018-03-31": "24.59%", "2017-12-31": "24.82%", "2017-09-30": "10.54%", "2017-06-30": "8.91%", "2017-03-31": "8.61%", "2016-12-31": "7.87%", "2016-09-30": "10.30%", "2016-06-30": "15.74%", "2016-03-31": "18.55%", "2015-12-31": "21.92%", "2015-09-30": "25.11%", "2015-06-30": "23.55%", "2015-03-31": "23.05%", "2014-12-31": "26.46%", "2014-09-30": "24.42%", "2014-06-30": "20.89%", "2014-03-31": "21.51%", "2013-12-31": "20.79%", "2013-09-30": "20.67%", "2013-06-30": "27.35%", "2013-03-31": "29.90%", "2012-12-31": "23.88%", "2012-09-30": "30.33%", "2012-06-30": "35.46%", "2012-03-31": "47.22%", "2011-12-31": "99.33%"}, "dividend yield history": {"last payout": "$3.60", "last yield": "4.83%"}}