{"ticker": "PTC", "price": {"title": "PTC Historical Annual Stock Price Data", "value": 142.73, "historical": {"2021": {"Average Stock Price": "129.3325", "Year Open": "118.1800", "Year High": "142.7300", "Year Low": "118.1800", "Year Close": "142.7300", "Annual % Change": "19.33%"}, "2020": {"Average Stock Price": "82.4977", "Year Open": "76.3700", "Year High": "120.1400", "Year Low": "48.4500", "Year Close": "119.6100", "Annual % Change": "59.71%"}, "2019": {"Average Stock Price": "80.4558", "Year Open": "81.9200", "Year High": "101.8900", "Year Low": "62.7100", "Year Close": "74.8900", "Annual % Change": "-9.66%"}, "2018": {"Average Stock Price": "86.3420", "Year Open": "61.1600", "Year High": "106.1900", "Year Low": "61.1600", "Year Close": "82.9000", "Annual % Change": "36.42%"}, "2017": {"Average Stock Price": "56.3768", "Year Open": "46.6400", "Year High": "66.4500", "Year Low": "46.6400", "Year Close": "60.7700", "Annual % Change": "31.34%"}, "2016": {"Average Stock Price": "38.7924", "Year Open": "33.7300", "Year High": "49.7900", "Year Low": "27.7100", "Year Close": "46.2700", "Annual % Change": "33.61%"}, "2015": {"Average Stock Price": "36.2223", "Year Open": "36.3500", "Year High": "42.5300", "Year Low": "30.9700", "Year Close": "34.6300", "Annual % Change": "-5.51%"}, "2014": {"Average Stock Price": "37.0167", "Year Open": "34.7000", "Year High": "40.0300", "Year Low": "33.1400", "Year Close": "36.6500", "Annual % Change": "3.56%"}, "2013": {"Average Stock Price": "26.5212", "Year Open": "23.2800", "Year High": "35.3900", "Year Low": "21.8400", "Year Close": "35.3900", "Annual % Change": "57.22%"}, "2012": {"Average Stock Price": "22.0739", "Year Open": "18.7000", "Year High": "28.5000", "Year Low": "17.9600", "Year Close": "22.5100", "Annual % Change": "23.27%"}, "2011": {"Average Stock Price": "20.9481", "Year Open": "22.9800", "Year High": "24.4200", "Year Low": "14.5200", "Year Close": "18.2600", "Annual % Change": "-18.95%"}, "2010": {"Average Stock Price": "18.5852", "Year Open": "16.6700", "Year High": "23.2600", "Year Low": "15.3200", "Year Close": "22.5300", "Annual % Change": "37.88%"}, "2009": {"Average Stock Price": "12.3514", "Year Open": "12.7300", "Year High": "16.8500", "Year Low": "7.2100", "Year Close": "16.3400", "Annual % Change": "29.17%"}, "2008": {"Average Stock Price": "16.2362", "Year Open": "17.8900", "Year High": "21.3000", "Year Low": "9.4800", "Year Close": "12.6500", "Annual % Change": "-29.13%"}, "2007": {"Average Stock Price": "18.3592", "Year Open": "17.8300", "Year High": "21.7700", "Year Low": "16.0800", "Year Close": "17.8500", "Annual % Change": "-0.94%"}, "2006": {"Average Stock Price": "16.0675", "Year Open": "15.6500", "Year High": "20.0800", "Year Low": "11.7300", "Year Close": "18.0200", "Annual % Change": "18.16%"}, "2005": {"Average Stock Price": "15.0824", "Year Open": "14.1500", "Year High": "17.9250", "Year Low": "12.1000", "Year Close": "15.2500", "Annual % Change": "3.57%"}, "2004": {"Average Stock Price": "12.2161", "Year Open": "9.8750", "Year High": "15.2250", "Year Low": "9.8750", "Year Close": "14.7250", "Annual % Change": "49.49%"}, "2003": {"Average Stock Price": "7.6403", "Year Open": "5.4750", "Year High": "10.0250", "Year Low": "4.5500", "Year Close": "9.8500", "Annual % Change": "56.35%"}, "2002": {"Average Stock Price": "10.3558", "Year Open": "19.5250", "Year High": "20.8500", "Year Low": "4.1250", "Year Close": "6.3000", "Annual % Change": "-67.73%"}, "2001": {"Average Stock Price": "25.2391", "Year Open": "33.9000", "Year High": "41.5750", "Year Low": "11.5000", "Year Close": "19.5250", "Annual % Change": "-41.89%"}, "2000": {"Average Stock Price": "36.1232", "Year Open": "62.8250", "Year High": "79.8500", "Year Low": "20.0000", "Year Close": "33.6000", "Annual % Change": "-50.33%"}, "1999": {"Average Stock Price": "41.7043", "Year Open": "42.5000", "Year High": "82.2000", "Year Low": "29.8500", "Year Close": "67.6500", "Annual % Change": "66.52%"}, "1998": {"Average Stock Price": "54.6054", "Year Open": "58.9125", "Year High": "87.3500", "Year Low": "22.3500", "Year Close": "40.6250", "Annual % Change": "-31.41%"}, "1997": {"Average Stock Price": "60.2717", "Year Open": "64.6875", "Year High": "78.1250", "Year Low": "49.1375", "Year Close": "59.2250", "Annual % Change": "-7.79%"}, "1996": {"Average Stock Price": "54.0540", "Year Open": "40.9375", "Year High": "70.4750", "Year Low": "34.0625", "Year Close": "64.2250", "Annual % Change": "54.53%"}, "1995": {"Average Stock Price": "32.0460", "Year Open": "21.0938", "Year High": "44.5313", "Year Low": "20.3125", "Year Close": "41.5625", "Annual % Change": "92.75%"}, "1994": {"Average Stock Price": "19.1247", "Year Open": "23.2813", "Year High": "24.6875", "Year Low": "13.9063", "Year Close": "21.5625", "Annual % Change": "-10.97%"}, "1993": {"Average Stock Price": "20.8872", "Year Open": "16.1719", "Year High": "27.3438", "Year Low": "14.5313", "Year Close": "24.2188", "Annual % Change": "46.23%"}, "1992": {"Average Stock Price": "12.2442", "Year Open": "9.1016", "Year High": "17.1094", "Year Low": "7.9688", "Year Close": "16.5625", "Annual % Change": "75.93%"}, "1991": {"Average Stock Price": "4.7571", "Year Open": "2.6563", "Year High": "9.4141", "Year Low": "2.3958", "Year Close": "9.4141", "Annual % Change": "234.72%"}}}, "market cap": {"value": "$16.65B"}, "income statement": {"Revenue": {"2020-09-30": "1458.41500", "2019-09-30": "1255.63100", "2018-09-30": "1241.82400", "2017-09-30": "1164.03900", "2016-09-30": "1140.53300", "2015-09-30": "1255.24200", "2014-09-30": "1356.96700", "2013-09-30": "1293.54100", "2012-09-30": "1255.67900", "2011-09-30": "1166.94900", "2010-09-30": "1010.04900", "2009-09-30": "938.18500", "2008-09-30": "1070.33000", "2007-09-30": "941.27900", "2006-09-30": "847.98300", "2005-09-30": "707.97500"}, "Cost Of Goods Sold": {"2020-09-30": "334.27100", "2019-09-30": "325.37800", "2018-09-30": "326.50200", "2017-09-30": "328.50200", "2016-09-30": "325.66500", "2015-09-30": "334.73400", "2014-09-30": "373.68300", "2013-09-30": "373.03900", "2012-09-30": "372.12800", "2011-09-30": "356.76800", "2010-09-30": "307.69500", "2009-09-30": "309.75900", "2008-09-30": "330.78600", "2007-09-30": "290.81000", "2006-09-30": "269.74000", "2005-09-30": "208.24200"}, "Gross Profit": {"2020-09-30": "1124.14400", "2019-09-30": "930.25300", "2018-09-30": "915.32200", "2017-09-30": "835.53690", "2016-09-30": "814.86790", "2015-09-30": "920.50790", "2014-09-30": "983.28410", "2013-09-30": "920.50200", "2012-09-30": "883.55100", "2011-09-30": "810.18100", "2010-09-30": "702.35400", "2009-09-30": "628.42600", "2008-09-30": "739.54390", "2007-09-30": "650.46900", "2006-09-30": "578.24300", "2005-09-30": "499.73300"}, "Research And Development Expenses": {"2020-09-30": "256.57500", "2019-09-30": "246.88800", "2018-09-30": "249.78600", "2017-09-30": "236.02800", "2016-09-30": "229.33100", "2015-09-30": "227.51300", "2014-09-30": "226.49600", "2013-09-30": "221.91800", "2012-09-30": "214.96000", "2011-09-30": "211.40600", "2010-09-30": "201.56700", "2009-09-30": "188.50100", "2008-09-30": "182.02200", "2007-09-30": "162.35100", "2006-09-30": "146.95700", "2005-09-30": "118.26700"}, "SG&A Expenses": {"2020-09-30": "595.27700", "2019-09-30": "545.36800", "2018-09-30": "557.80900", "2017-09-30": "517.69300", "2016-09-30": "513.08000", "2015-09-30": "505.50900", "2014-09-30": "499.67900", "2013-09-30": "492.57700", "2012-09-30": "495.26400", "2011-09-30": "463.34200", "2010-09-30": "410.40700", "2009-09-30": "382.03900", "2008-09-30": "394.70900", "2007-09-30": "371.99200", "2006-09-30": "350.65200", "2005-09-30": "307.36300"}, "Other Operating Income Or Expenses": {"2020-09-30": "", "2019-09-30": "", "2018-09-30": "", "2017-09-30": "", "2016-09-30": "", "2015-09-30": "-66.33200", "2014-09-30": "", "2013-09-30": "", "2012-09-30": "", "2011-09-30": "", "2010-09-30": "", "2009-09-30": "", "2008-09-30": "", "2007-09-30": "", "2006-09-30": "", "2005-09-30": ""}, "Operating Expenses": {"2020-09-30": "1247.55200", "2019-09-30": "1192.58900", "2018-09-30": "1169.21100", "2017-09-30": "1122.27300", "2016-09-30": "1177.54700", "2015-09-30": "1213.62600", "2014-09-30": "1160.39100", "2013-09-30": "1166.21700", "2012-09-30": "1127.58300", "2011-09-30": "1049.83500", "2010-09-30": "935.27400", "2009-09-30": "918.89000", "2008-09-30": "945.08500", "2007-09-30": "848.51100", "2006-09-30": "781.47000", "2005-09-30": "634.93300"}, "Operating Income": {"2020-09-30": "210.86320", "2019-09-30": "63.04200", "2018-09-30": "72.61290", "2017-09-30": "41.76590", "2016-09-30": "-37.01390", "2015-09-30": "41.61580", "2014-09-30": "196.57590", "2013-09-30": "127.32400", "2012-09-30": "128.09590", "2011-09-30": "117.11400", "2010-09-30": "74.77500", "2009-09-30": "19.29500", "2008-09-30": "125.24490", "2007-09-30": "92.76800", "2006-09-30": "66.51290", "2005-09-30": "73.04200"}, "Total Non-Operating Income/Expense": {"2020-09-30": "-76.15700", "2019-09-30": "-42.74200", "2018-09-30": "-43.95700", "2017-09-30": "-43.17200", "2016-09-30": "-30.17800", "2015-09-30": "-15.09100", "2014-09-30": "-10.46400", "2013-09-30": "-1.09000", "2012-09-30": "-7.36000", "2011-09-30": "-12.56600", "2010-09-30": "7.36100", "2009-09-30": "-2.12400", "2008-09-30": "-6.35900", "2007-09-30": "6.89200", "2006-09-30": "3.69900", "2005-09-30": "5.52600"}, "Pre-Tax Income": {"2020-09-30": "134.70600", "2019-09-30": "20.30000", "2018-09-30": "28.65600", "2017-09-30": "-1.40600", "2016-09-30": "-67.19200", "2015-09-30": "26.52500", "2014-09-30": "186.11200", "2013-09-30": "126.23400", "2012-09-30": "120.73600", "2011-09-30": "104.54800", "2010-09-30": "82.13600", "2009-09-30": "17.17100", "2008-09-30": "118.88600", "2007-09-30": "99.66000", "2006-09-30": "70.21200", "2005-09-30": "78.56800"}, "Income Taxes": {"2020-09-30": "4.01100", "2019-09-30": "47.76000", "2018-09-30": "-23.33100", "2017-09-30": "-7.64500", "2016-09-30": "-12.72700", "2015-09-30": "-21.03200", "2014-09-30": "25.91800", "2013-09-30": "-17.53500", "2012-09-30": "156.13400", "2011-09-30": "19.12400", "2010-09-30": "57.76800", "2009-09-30": "-14.35100", "2008-09-30": "39.18400", "2007-09-30": "-43.99600", "2006-09-30": "13.40800", "2005-09-30": "5.38100"}, "Income After Taxes": {"2020-09-30": "130.69500", "2019-09-30": "-27.46000", "2018-09-30": "51.98700", "2017-09-30": "6.23900", "2016-09-30": "-54.46500", "2015-09-30": "47.55700", "2014-09-30": "160.19400", "2013-09-30": "143.76900", "2012-09-30": "-35.39800", "2011-09-30": "85.42400", "2010-09-30": "24.36800", "2009-09-30": "31.52200", "2008-09-30": "79.70200", "2007-09-30": "143.65600", "2006-09-30": "56.80400", "2005-09-30": "73.18700"}, "Other Income": {"2020-09-30": "", "2019-09-30": "", "2018-09-30": "", "2017-09-30": "", "2016-09-30": "", "2015-09-30": "", "2014-09-30": "", "2013-09-30": "", "2012-09-30": "", "2011-09-30": "", "2010-09-30": "", "2009-09-30": "", "2008-09-30": "", "2007-09-30": "", "2006-09-30": "", "2005-09-30": ""}, "Income From Continuous Operations": {"2020-09-30": "130.69500", "2019-09-30": "-27.46000", "2018-09-30": "51.98700", "2017-09-30": "6.23900", "2016-09-30": "-54.46500", "2015-09-30": "47.55700", "2014-09-30": "160.19400", "2013-09-30": "143.76900", "2012-09-30": "-35.39800", "2011-09-30": "85.42400", "2010-09-30": "24.36800", "2009-09-30": "31.52200", "2008-09-30": "79.70200", "2007-09-30": "143.65600", "2006-09-30": "56.80400", "2005-09-30": "73.18700"}, "Income From Discontinued Operations": {"2020-09-30": "", "2019-09-30": "", "2018-09-30": "", "2017-09-30": "", "2016-09-30": "", "2015-09-30": "", "2014-09-30": "", "2013-09-30": "", "2012-09-30": "", "2011-09-30": "", "2010-09-30": "", "2009-09-30": "", "2008-09-30": "", "2007-09-30": "", "2006-09-30": "", "2005-09-30": ""}, "Net Income": {"2020-09-30": "130.69500", "2019-09-30": "-27.46000", "2018-09-30": "51.98700", "2017-09-30": "6.23900", "2016-09-30": "-54.46500", "2015-09-30": "47.55700", "2014-09-30": "160.19400", "2013-09-30": "143.76900", "2012-09-30": "-35.39800", "2011-09-30": "85.42400", "2010-09-30": "24.36800", "2009-09-30": "31.52200", "2008-09-30": "79.70200", "2007-09-30": "143.65600", "2006-09-30": "56.80400", "2005-09-30": "73.18700"}, "EBITDA": {"2020-09-30": "330.36720", "2019-09-30": "140.86600", "2018-09-30": "160.02090", "2017-09-30": "128.50790", "2016-09-30": "49.54010", "2015-09-30": "126.04880", "2014-09-30": "273.88290", "2013-09-30": "203.87500", "2012-09-30": "194.56700", "2011-09-30": "179.50800", "2010-09-30": "136.95700", "2009-09-30": "80.90500", "2008-09-30": "185.26590", "2007-09-30": "131.96700", "2006-09-30": "100.39990", "2005-09-30": "98.92300"}, "EBIT": {"2020-09-30": "210.86320", "2019-09-30": "63.04200", "2018-09-30": "72.61290", "2017-09-30": "41.76590", "2016-09-30": "-37.01390", "2015-09-30": "41.61580", "2014-09-30": "196.57590", "2013-09-30": "127.32400", "2012-09-30": "128.09590", "2011-09-30": "117.11400", "2010-09-30": "74.77500", "2009-09-30": "19.29500", "2008-09-30": "125.24490", "2007-09-30": "92.76800", "2006-09-30": "66.51290", "2005-09-30": "73.04200"}, "Basic Shares Outstanding": {"2020-09-30": "115.66300", "2019-09-30": "117.72400", "2018-09-30": "116.39000", "2017-09-30": "115.52300", "2016-09-30": "114.61200", "2015-09-30": "114.77500", "2014-09-30": "118.09400", "2013-09-30": "119.47300", "2012-09-30": "118.70500", "2011-09-30": "117.57900", "2010-09-30": "115.63900", "2009-09-30": "114.95000", "2008-09-30": "113.70300", "2007-09-30": "112.73400", "2006-09-30": "109.84900", "2005-09-30": "108.53600"}, "Shares Outstanding": {"2020-09-30": "116.26700", "2019-09-30": "117.72400", "2018-09-30": "118.15800", "2017-09-30": "117.35600", "2016-09-30": "114.61200", "2015-09-30": "116.01200", "2014-09-30": "119.98400", "2013-09-30": "121.24000", "2012-09-30": "118.70500", "2011-09-30": "120.97400", "2010-09-30": "119.92500", "2009-09-30": "117.35900", "2008-09-30": "117.87000", "2007-09-30": "117.49400", "2006-09-30": "113.38200", "2005-09-30": "111.98100"}, "Basic EPS": {"2020-09-30": "1.13000", "2019-09-30": "-0.23000", "2018-09-30": "0.45000", "2017-09-30": "0.05000", "2016-09-30": "-0.48000", "2015-09-30": "0.41000", "2014-09-30": "1.36000", "2013-09-30": "1.20000", "2012-09-30": "-0.30000", "2011-09-30": "0.73000", "2010-09-30": "0.21000", "2009-09-30": "0.27000", "2008-09-30": "0.70000", "2007-09-30": "1.27000", "2006-09-30": "0.52000", "2005-09-30": "0.67000"}, "EPS - Earnings Per Share": {"2020-09-30": "1.12000", "2019-09-30": "-0.23000", "2018-09-30": "0.44000", "2017-09-30": "0.05000", "2016-09-30": "-0.48000", "2015-09-30": "0.41000", "2014-09-30": "1.34000", "2013-09-30": "1.19000", "2012-09-30": "-0.30000", "2011-09-30": "0.71000", "2010-09-30": "0.20000", "2009-09-30": "0.27000", "2008-09-30": "0.68000", "2007-09-30": "1.22000", "2006-09-30": "0.50000", "2005-09-30": "0.65000"}}, "income statement, quarterly": {"Revenue": {"2020-12-31": "429.05000", "2020-09-30": "390.98110", "2020-06-30": "351.72100", "2020-03-31": "359.60300", "2019-12-31": "356.11000", "2019-09-30": "335.00500", "2019-06-30": "295.48600", "2019-03-31": "290.45100", "2018-12-31": "334.68900", "2018-09-30": "312.52000", "2018-06-30": "314.77700", "2018-03-31": "307.88300", "2017-12-31": "306.64400", "2017-09-30": "306.37890", "2017-06-30": "291.29300", "2017-03-31": "280.04000", "2016-12-31": "286.32700", "2016-09-30": "288.23700", "2016-06-30": "288.65200", "2016-03-31": "272.62700", "2015-12-31": "291.01700", "2015-09-30": "312.56790", "2015-06-30": "303.11300", "2015-03-31": "314.11900", "2014-12-31": "325.44200", "2014-09-30": "366.70800", "2014-06-30": "336.63400", "2014-03-31": "328.70000", "2013-12-31": "324.92500", "2013-09-30": "344.84510", "2013-06-30": "314.99600", "2013-03-31": "313.94900", "2012-12-31": "319.75100", "2012-09-30": "325.29500", "2012-06-30": "310.98300", "2012-03-31": "301.12500", "2011-12-31": "318.27600", "2011-09-30": "339.42500", "2011-06-30": "291.78300", "2011-03-31": "269.18900", "2010-12-31": "266.55200", "2010-09-30": "268.06600", "2010-06-30": "242.99800", "2010-03-31": "240.55600", "2009-12-31": "258.42900", "2009-09-30": "246.34300", "2009-06-30": "226.15900", "2009-03-31": "225.29200", "2008-12-31": "240.39100", "2008-09-30": "299.54690", "2008-06-30": "271.74800", "2008-03-31": "257.79300", "2007-12-31": "241.24200", "2007-09-30": "266.65200", "2007-06-30": "224.86400", "2007-03-31": "228.09600", "2006-12-31": "221.66700", "2006-09-30": "238.56700", "2006-06-30": "216.70400", "2006-03-31": "200.19400", "2005-12-31": "192.51800", "2005-09-30": "182.34800", "2005-06-30": "180.33400", "2005-03-31": "176.10300"}, "Cost Of Goods Sold": {"2020-12-31": "86.83000", "2020-09-30": "84.61500", "2020-06-30": "79.22400", "2020-03-31": "83.02700", "2019-12-31": "87.40500", "2019-09-30": "85.41700", "2019-06-30": "82.70500", "2019-03-31": "79.90400", "2018-12-31": "77.35200", "2018-09-30": "78.12600", "2018-06-30": "81.63300", "2018-03-31": "83.70800", "2017-12-31": "83.03500", "2017-09-30": "82.28900", "2017-06-30": "82.26800", "2017-03-31": "81.83000", "2016-12-31": "82.11500", "2016-09-30": "82.85700", "2016-06-30": "82.47000", "2016-03-31": "80.19100", "2015-12-31": "80.14700", "2015-09-30": "76.36200", "2015-06-30": "79.37600", "2015-03-31": "86.05400", "2014-12-31": "92.94200", "2014-09-30": "95.85400", "2014-06-30": "91.07600", "2014-03-31": "93.79700", "2013-12-31": "92.95600", "2013-09-30": "91.52900", "2013-06-30": "91.16800", "2013-03-31": "93.27000", "2012-12-31": "97.07200", "2012-09-30": "87.83900", "2012-06-30": "92.85400", "2012-03-31": "93.21600", "2011-12-31": "98.21900", "2011-09-30": "98.52700", "2011-06-30": "90.40900", "2011-03-31": "81.77100", "2010-12-31": "86.06100", "2010-09-30": "77.14700", "2010-06-30": "74.71100", "2010-03-31": "77.16600", "2009-12-31": "78.67100", "2009-09-30": "73.35000", "2009-06-30": "73.80600", "2009-03-31": "79.27800", "2008-12-31": "83.32500", "2008-09-30": "88.78600", "2008-06-30": "85.56200", "2008-03-31": "80.65300", "2007-12-31": "75.78500", "2007-09-30": "74.10000", "2007-06-30": "71.75700", "2007-03-31": "72.82500", "2006-12-31": "72.12800", "2006-09-30": "73.61100", "2006-06-30": "68.57400", "2006-03-31": "65.53000", "2005-12-31": "62.02500", "2005-09-30": "58.88600", "2005-06-30": "52.12600", "2005-03-31": "49.57300"}, "Gross Profit": {"2020-12-31": "342.22000", "2020-09-30": "306.36610", "2020-06-30": "272.49700", "2020-03-31": "276.57600", "2019-12-31": "268.70500", "2019-09-30": "249.58800", "2019-06-30": "212.78100", "2019-03-31": "210.54700", "2018-12-31": "257.33700", "2018-09-30": "234.39400", "2018-06-30": "233.14400", "2018-03-31": "224.17500", "2017-12-31": "223.60900", "2017-09-30": "224.08990", "2017-06-30": "209.02500", "2017-03-31": "198.21000", "2016-12-31": "204.21200", "2016-09-30": "205.38000", "2016-06-30": "206.18200", "2016-03-31": "192.43600", "2015-12-31": "210.87000", "2015-09-30": "236.20590", "2015-06-30": "223.73700", "2015-03-31": "228.06500", "2014-12-31": "232.50000", "2014-09-30": "270.85400", "2014-06-30": "245.55800", "2014-03-31": "234.90300", "2013-12-31": "231.96900", "2013-09-30": "253.31610", "2013-06-30": "223.82800", "2013-03-31": "220.67900", "2012-12-31": "222.67900", "2012-09-30": "237.45600", "2012-06-30": "218.12900", "2012-03-31": "207.90900", "2011-12-31": "220.05700", "2011-09-30": "240.89800", "2011-06-30": "201.37400", "2011-03-31": "187.41800", "2010-12-31": "180.49100", "2010-09-30": "190.91900", "2010-06-30": "168.28700", "2010-03-31": "163.39000", "2009-12-31": "179.75800", "2009-09-30": "172.99300", "2009-06-30": "152.35300", "2009-03-31": "146.01400", "2008-12-31": "157.06600", "2008-09-30": "210.76100", "2008-06-30": "186.18600", "2008-03-31": "177.14000", "2007-12-31": "165.45700", "2007-09-30": "192.55200", "2007-06-30": "153.10700", "2007-03-31": "155.27100", "2006-12-31": "149.53900", "2006-09-30": "164.95600", "2006-06-30": "148.13000", "2006-03-31": "134.66400", "2005-12-31": "130.49300", "2005-09-30": "123.46200", "2005-06-30": "128.20800", "2005-03-31": "126.53000"}, "Research And Development Expenses": {"2020-12-31": "70.83500", "2020-09-30": "69.88400", "2020-06-30": "61.42900", "2020-03-31": "59.95400", "2019-12-31": "65.30800", "2019-09-30": "64.11400", "2019-06-30": "60.59000", "2019-03-31": "61.40200", "2018-12-31": "60.78200", "2018-09-30": "62.39600", "2018-06-30": "61.22100", "2018-03-31": "62.19700", "2017-12-31": "63.97200", "2017-09-30": "60.55400", "2017-06-30": "59.85000", "2017-03-31": "57.71000", "2016-12-31": "57.91400", "2016-09-30": "57.93400", "2016-06-30": "57.11800", "2016-03-31": "56.61000", "2015-12-31": "57.66900", "2015-09-30": "52.18000", "2015-06-30": "54.07800", "2015-03-31": "60.15800", "2014-12-31": "61.09700", "2014-09-30": "60.38700", "2014-06-30": "57.40500", "2014-03-31": "55.63100", "2013-12-31": "53.07300", "2013-09-30": "55.12700", "2013-06-30": "53.83400", "2013-03-31": "55.52800", "2012-12-31": "57.42900", "2012-09-30": "52.13100", "2012-06-30": "53.26000", "2012-03-31": "54.57600", "2011-12-31": "54.99300", "2011-09-30": "55.73000", "2011-06-30": "51.10300", "2011-03-31": "53.05100", "2010-12-31": "51.52200", "2010-09-30": "50.32000", "2010-06-30": "50.59700", "2010-03-31": "49.96000", "2009-12-31": "50.69000", "2009-09-30": "48.82600", "2009-06-30": "46.56200", "2009-03-31": "44.75200", "2008-12-31": "48.36100", "2008-09-30": "47.36600", "2008-06-30": "47.37400", "2008-03-31": "45.73400", "2007-12-31": "41.54800", "2007-09-30": "44.41600", "2007-06-30": "39.79800", "2007-03-31": "40.15300", "2006-12-31": "37.98400", "2006-09-30": "39.48000", "2006-06-30": "36.90500", "2006-03-31": "35.98900", "2005-12-31": "34.58300", "2005-09-30": "35.39200", "2005-06-30": "28.06100", "2005-03-31": "28.34700"}, "SG&A Expenses": {"2020-12-31": "174.25300", "2020-09-30": "161.74600", "2020-06-30": "140.30300", "2020-03-31": "141.06700", "2019-12-31": "152.16100", "2019-09-30": "127.21800", "2019-06-30": "136.97500", "2019-03-31": "139.09300", "2018-12-31": "142.08200", "2018-09-30": "150.75600", "2018-06-30": "140.89900", "2018-03-31": "131.75900", "2017-12-31": "134.39500", "2017-09-30": "137.33600", "2017-06-30": "128.39500", "2017-03-31": "124.57700", "2016-12-31": "127.38500", "2016-09-30": "140.63200", "2016-06-30": "130.35900", "2016-03-31": "121.09300", "2015-12-31": "120.99600", "2015-09-30": "130.08200", "2015-06-30": "134.55400", "2015-03-31": "116.25900", "2014-12-31": "124.61400", "2014-09-30": "139.17900", "2014-06-30": "125.25700", "2014-03-31": "120.07400", "2013-12-31": "115.16900", "2013-09-30": "124.64400", "2013-06-30": "117.11000", "2013-03-31": "121.45700", "2012-12-31": "129.36600", "2012-09-30": "122.86100", "2012-06-30": "124.55700", "2012-03-31": "120.49600", "2011-12-31": "127.35000", "2011-09-30": "128.47400", "2011-06-30": "120.98800", "2011-03-31": "105.87500", "2010-12-31": "108.00500", "2010-09-30": "107.91800", "2010-06-30": "101.87600", "2010-03-31": "97.94400", "2009-12-31": "102.66900", "2009-09-30": "98.59200", "2009-06-30": "93.06800", "2009-03-31": "89.08000", "2008-12-31": "101.29900", "2008-09-30": "106.90700", "2008-06-30": "99.05600", "2008-03-31": "94.16700", "2007-12-31": "94.57900", "2007-09-30": "99.80900", "2007-06-30": "91.42800", "2007-03-31": "92.27100", "2006-12-31": "88.48400", "2006-09-30": "97.00800", "2006-06-30": "88.07100", "2006-03-31": "82.29900", "2005-12-31": "83.27400", "2005-09-30": "88.85500", "2005-06-30": "73.40700", "2005-03-31": "73.46900"}, "Other Operating Income Or Expenses": {"2020-12-31": "", "2020-09-30": "", "2020-06-30": "", "2020-03-31": "", "2019-12-31": "", "2019-09-30": "", "2019-06-30": "", "2019-03-31": "", "2018-12-31": "", "2018-09-30": "", "2018-06-30": "", "2018-03-31": "", "2017-12-31": "", "2017-09-30": "", "2017-06-30": "", "2017-03-31": "", "2016-12-31": "", "2016-09-30": "", "2016-06-30": "", "2016-03-31": "", "2015-12-31": "", "2015-09-30": "", "2015-06-30": "", "2015-03-31": "", "2014-12-31": "", "2014-09-30": "", "2014-06-30": "", "2014-03-31": "", "2013-12-31": "", "2013-09-30": "", "2013-06-30": "", "2013-03-31": "", "2012-12-31": "", "2012-09-30": "", "2012-06-30": "", "2012-03-31": "", "2011-12-31": "", "2011-09-30": "", "2011-06-30": "", "2011-03-31": "", "2010-12-31": "", "2010-09-30": "", "2010-06-30": "", "2010-03-31": "", "2009-12-31": "", "2009-09-30": "", "2009-06-30": "", "2009-03-31": "", "2008-12-31": "", "2008-09-30": "", "2008-06-30": "", "2008-03-31": "", "2007-12-31": "", "2007-09-30": "", "2007-06-30": "", "2007-03-31": "", "2006-12-31": "", "2006-09-30": "", "2006-06-30": "", "2006-03-31": "", "2005-12-31": "", "2005-09-30": "", "2005-06-30": "", "2005-03-31": ""}, "Operating Expenses": {"2020-12-31": "338.71200", "2020-09-30": "323.96890", "2020-06-30": "288.32000", "2020-03-31": "309.57800", "2019-12-31": "325.68500", "2019-09-30": "288.45400", "2019-06-30": "286.18100", "2019-03-31": "313.30900", "2018-12-31": "304.64500", "2018-09-30": "300.98010", "2018-06-30": "293.23000", "2018-03-31": "285.67300", "2017-12-31": "289.32800", "2017-09-30": "287.94310", "2017-06-30": "280.03700", "2017-03-31": "272.52700", "2016-12-31": "281.76600", "2016-09-30": "321.31280", "2016-06-30": "281.05600", "2016-03-31": "270.86900", "2015-12-31": "304.30900", "2015-09-30": "334.17820", "2015-06-30": "281.50600", "2015-03-31": "310.13100", "2014-12-31": "287.81100", "2014-09-30": "330.60010", "2014-06-30": "282.25000", "2014-03-31": "277.48700", "2013-12-31": "270.05400", "2013-09-30": "295.83900", "2013-06-30": "271.78100", "2013-03-31": "292.70500", "2012-12-31": "305.89200", "2012-09-30": "267.69000", "2012-06-30": "279.90000", "2012-03-31": "294.22200", "2011-12-31": "285.77100", "2011-09-30": "288.17700", "2011-06-30": "267.25300", "2011-03-31": "244.96300", "2010-12-31": "249.44200", "2010-09-30": "239.12100", "2010-06-30": "231.02000", "2010-03-31": "229.04500", "2009-12-31": "236.08800", "2009-09-30": "231.15200", "2009-06-30": "224.17200", "2009-03-31": "226.71300", "2008-12-31": "236.85300", "2008-09-30": "252.12100", "2008-06-30": "239.82600", "2008-03-31": "226.76100", "2007-12-31": "226.37700", "2007-09-30": "235.69900", "2007-06-30": "205.29100", "2007-03-31": "206.83700", "2006-12-31": "200.68400", "2006-09-30": "211.88100", "2006-06-30": "203.24300", "2006-03-31": "185.10600", "2005-12-31": "181.24000", "2005-09-30": "183.52400", "2005-06-30": "153.82000", "2005-03-31": "151.61100"}, "Operating Income": {"2020-12-31": "90.33800", "2020-09-30": "67.01220", "2020-06-30": "63.40100", "2020-03-31": "50.02500", "2019-12-31": "30.42500", "2019-09-30": "46.55100", "2019-06-30": "9.30500", "2019-03-31": "-22.85800", "2018-12-31": "30.04400", "2018-09-30": "11.53990", "2018-06-30": "21.54700", "2018-03-31": "22.21000", "2017-12-31": "17.31600", "2017-09-30": "18.43590", "2017-06-30": "11.25600", "2017-03-31": "7.51300", "2016-12-31": "4.56100", "2016-09-30": "-33.07590", "2016-06-30": "7.59600", "2016-03-31": "1.75800", "2015-12-31": "-13.29200", "2015-09-30": "-21.61030", "2015-06-30": "21.60700", "2015-03-31": "3.98800", "2014-12-31": "37.63100", "2014-09-30": "36.10790", "2014-06-30": "54.38400", "2014-03-31": "51.21300", "2013-12-31": "54.87100", "2013-09-30": "49.00600", "2013-06-30": "43.21500", "2013-03-31": "21.24400", "2012-12-31": "13.85900", "2012-09-30": "57.60500", "2012-06-30": "31.08300", "2012-03-31": "6.90300", "2011-12-31": "32.50500", "2011-09-30": "51.24800", "2011-06-30": "24.53000", "2011-03-31": "24.22600", "2010-12-31": "17.11000", "2010-09-30": "28.94500", "2010-06-30": "11.97800", "2010-03-31": "11.51100", "2009-12-31": "22.34100", "2009-09-30": "15.19100", "2009-06-30": "1.98700", "2009-03-31": "-1.42100", "2008-12-31": "3.53800", "2008-09-30": "47.42590", "2008-06-30": "31.92200", "2008-03-31": "31.03200", "2007-12-31": "14.86500", "2007-09-30": "30.95300", "2007-06-30": "19.57300", "2007-03-31": "21.25900", "2006-12-31": "20.98300", "2006-09-30": "26.68600", "2006-06-30": "13.46100", "2006-03-31": "15.08800", "2005-12-31": "11.27800", "2005-09-30": "-1.17600", "2005-06-30": "26.51400", "2005-03-31": "24.49200"}, "Total Non-Operating Income/Expense": {"2020-12-31": "-12.93100", "2020-09-30": "-11.63100", "2020-06-30": "-18.88500", "2020-03-31": "-34.24700", "2019-12-31": "-11.39400", "2019-09-30": "-12.76900", "2019-06-30": "-9.79000", "2019-03-31": "-10.56200", "2018-12-31": "-9.62100", "2018-09-30": "-10.87200", "2018-06-30": "-11.57600", "2018-03-31": "-10.66400", "2017-12-31": "-10.84500", "2017-09-30": "-12.98200", "2017-06-30": "-10.55700", "2017-03-31": "-8.56900", "2016-12-31": "-11.06400", "2016-09-30": "-10.29800", "2016-06-30": "-8.30000", "2016-03-31": "-5.32700", "2015-12-31": "-6.25300", "2015-09-30": "-4.59800", "2015-06-30": "-3.66800", "2015-03-31": "-3.60100", "2014-12-31": "-3.22400", "2014-09-30": "-3.74100", "2014-06-30": "-2.27800", "2014-03-31": "-2.69200", "2013-12-31": "-1.75300", "2013-09-30": "-0.59900", "2013-06-30": "3.18100", "2013-03-31": "-1.86700", "2012-12-31": "-1.80500", "2012-09-30": "-1.44600", "2012-06-30": "-0.30400", "2012-03-31": "-2.96700", "2011-12-31": "-2.64300", "2011-09-30": "-3.58700", "2011-06-30": "-6.27100", "2011-03-31": "-0.82200", "2010-12-31": "-1.88600", "2010-09-30": "8.81000", "2010-06-30": "-0.32000", "2010-03-31": "-0.60500", "2009-12-31": "-0.52400", "2009-09-30": "-0.31200", "2009-06-30": "-0.49100", "2009-03-31": "-0.25000", "2008-12-31": "-1.07100", "2008-09-30": "-0.50000", "2008-06-30": "-7.11000", "2008-03-31": "-0.35500", "2007-12-31": "1.60600", "2007-09-30": "2.49600", "2007-06-30": "2.26800", "2007-03-31": "1.34800", "2006-12-31": "0.78000", "2006-09-30": "0.95600", "2006-06-30": "0.84000", "2006-03-31": "0.80400", "2005-12-31": "1.09900", "2005-09-30": "1.30000", "2005-06-30": "2.47600", "2005-03-31": "2.23700"}, "Pre-Tax Income": {"2020-12-31": "77.40700", "2020-09-30": "55.38100", "2020-06-30": "44.51600", "2020-03-31": "15.77800", "2019-12-31": "19.03100", "2019-09-30": "33.78200", "2019-06-30": "-0.48500", "2019-03-31": "-33.42000", "2018-12-31": "20.42300", "2018-09-30": "0.66800", "2018-06-30": "9.97100", "2018-03-31": "11.54600", "2017-12-31": "6.47100", "2017-09-30": "5.45400", "2017-06-30": "0.69900", "2017-03-31": "-1.05600", "2016-12-31": "-6.50300", "2016-09-30": "-43.37400", "2016-06-30": "-0.70400", "2016-03-31": "-3.56900", "2015-12-31": "-19.54500", "2015-09-30": "-26.20800", "2015-06-30": "17.93900", "2015-03-31": "0.38700", "2014-12-31": "34.40700", "2014-09-30": "32.36700", "2014-06-30": "52.10600", "2014-03-31": "48.52100", "2013-12-31": "53.11800", "2013-09-30": "48.40700", "2013-06-30": "46.39600", "2013-03-31": "19.37700", "2012-12-31": "12.05400", "2012-09-30": "56.15900", "2012-06-30": "30.77900", "2012-03-31": "3.93600", "2011-12-31": "29.86200", "2011-09-30": "47.66100", "2011-06-30": "18.25900", "2011-03-31": "23.40400", "2010-12-31": "15.22400", "2010-09-30": "37.75500", "2010-06-30": "11.65800", "2010-03-31": "10.90600", "2009-12-31": "21.81700", "2009-09-30": "14.87900", "2009-06-30": "1.49600", "2009-03-31": "-1.67100", "2008-12-31": "2.46700", "2008-09-30": "46.92600", "2008-06-30": "24.81200", "2008-03-31": "30.67700", "2007-12-31": "16.47100", "2007-09-30": "33.44900", "2007-06-30": "21.84100", "2007-03-31": "22.60700", "2006-12-31": "21.76300", "2006-09-30": "27.64200", "2006-06-30": "14.30100", "2006-03-31": "15.89200", "2005-12-31": "12.37700", "2005-09-30": "0.12400", "2005-06-30": "28.99000", "2005-03-31": "26.72900"}, "Income Taxes": {"2020-12-31": "53.89200", "2020-09-30": "1.97500", "2020-06-30": "9.83800", "2020-03-31": "8.62200", "2019-12-31": "-16.42400", "2019-09-30": "23.95600", "2019-06-30": "14.27300", "2019-03-31": "10.09300", "2018-12-31": "-0.56200", "2018-09-30": "-12.52300", "2018-06-30": "-7.02600", "2018-03-31": "3.62400", "2017-12-31": "-7.40600", "2017-09-30": "-11.98100", "2017-06-30": "1.65000", "2017-03-31": "0.04800", "2016-12-31": "2.63800", "2016-09-30": "-14.90100", "2016-06-30": "-3.77700", "2016-03-31": "1.60400", "2015-12-31": "4.34700", "2015-09-30": "-20.65400", "2015-06-30": "0.50400", "2015-03-31": "-5.00500", "2014-12-31": "4.12300", "2014-09-30": "-6.38800", "2014-06-30": "14.08000", "2014-03-31": "4.76500", "2013-12-31": "13.46100", "2013-09-30": "-8.05900", "2013-06-30": "11.94100", "2013-03-31": "2.34000", "2012-12-31": "-23.75700", "2012-09-30": "140.14400", "2012-06-30": "7.88400", "2012-03-31": "0.36700", "2011-12-31": "7.73900", "2011-09-30": "10.04000", "2011-06-30": "2.73300", "2011-03-31": "4.38700", "2010-12-31": "1.96400", "2010-09-30": "50.97000", "2010-06-30": "0.94000", "2010-03-31": "1.90400", "2009-12-31": "3.95400", "2009-09-30": "-1.02100", "2009-06-30": "-2.29200", "2009-03-31": "-8.84600", "2008-12-31": "-2.19200", "2008-09-30": "10.42200", "2008-06-30": "10.34200", "2008-03-31": "11.82900", "2007-12-31": "6.59100", "2007-09-30": "2.81000", "2007-06-30": "-58.62400", "2007-03-31": "5.20800", "2006-12-31": "6.61000", "2006-09-30": "5.98100", "2006-06-30": "-2.57500", "2006-03-31": "5.14100", "2005-12-31": "4.86100", "2005-09-30": "-6.74600", "2005-06-30": "2.33600", "2005-03-31": "6.22500"}, "Income After Taxes": {"2020-12-31": "23.51500", "2020-09-30": "53.40600", "2020-06-30": "34.67800", "2020-03-31": "7.15600", "2019-12-31": "35.45500", "2019-09-30": "9.82600", "2019-06-30": "-14.75800", "2019-03-31": "-43.51300", "2018-12-31": "20.98500", "2018-09-30": "13.19100", "2018-06-30": "16.99700", "2018-03-31": "7.92200", "2017-12-31": "13.87700", "2017-09-30": "17.43500", "2017-06-30": "-0.95100", "2017-03-31": "-1.10400", "2016-12-31": "-9.14100", "2016-09-30": "-28.47300", "2016-06-30": "3.07300", "2016-03-31": "-5.17300", "2015-12-31": "-23.89200", "2015-09-30": "-5.55400", "2015-06-30": "17.43500", "2015-03-31": "5.39200", "2014-12-31": "30.28400", "2014-09-30": "38.75500", "2014-06-30": "38.02600", "2014-03-31": "43.75600", "2013-12-31": "39.65700", "2013-09-30": "56.46600", "2013-06-30": "34.45500", "2013-03-31": "17.03700", "2012-12-31": "35.81100", "2012-09-30": "-83.98500", "2012-06-30": "22.89500", "2012-03-31": "3.56900", "2011-12-31": "22.12300", "2011-09-30": "37.62100", "2011-06-30": "15.52600", "2011-03-31": "19.01700", "2010-12-31": "13.26000", "2010-09-30": "-13.21500", "2010-06-30": "10.71800", "2010-03-31": "9.00200", "2009-12-31": "17.86300", "2009-09-30": "15.90000", "2009-06-30": "3.78800", "2009-03-31": "7.17500", "2008-12-31": "4.65900", "2008-09-30": "36.50400", "2008-06-30": "14.47000", "2008-03-31": "18.84800", "2007-12-31": "9.88000", "2007-09-30": "30.63900", "2007-06-30": "80.46500", "2007-03-31": "17.39900", "2006-12-31": "15.15300", "2006-09-30": "21.66100", "2006-06-30": "16.87600", "2006-03-31": "10.75100", "2005-12-31": "7.51600", "2005-09-30": "6.87000", "2005-06-30": "26.65400", "2005-03-31": "20.50400"}, "Other Income": {"2020-12-31": "", "2020-09-30": "", "2020-06-30": "", "2020-03-31": "", "2019-12-31": "", "2019-09-30": "", "2019-06-30": "", "2019-03-31": "", "2018-12-31": "", "2018-09-30": "", "2018-06-30": "", "2018-03-31": "", "2017-12-31": "", "2017-09-30": "", "2017-06-30": "", "2017-03-31": "", "2016-12-31": "", "2016-09-30": "", "2016-06-30": "", "2016-03-31": "", "2015-12-31": "", "2015-09-30": "", "2015-06-30": "", "2015-03-31": "", "2014-12-31": "", "2014-09-30": "", "2014-06-30": "", "2014-03-31": "", "2013-12-31": "", "2013-09-30": "", "2013-06-30": "", "2013-03-31": "", "2012-12-31": "", "2012-09-30": "", "2012-06-30": "", "2012-03-31": "", "2011-12-31": "", "2011-09-30": "", "2011-06-30": "", "2011-03-31": "", "2010-12-31": "", "2010-09-30": "", "2010-06-30": "", "2010-03-31": "", "2009-12-31": "", "2009-09-30": "", "2009-06-30": "", "2009-03-31": "", "2008-12-31": "", "2008-09-30": "", "2008-06-30": "", "2008-03-31": "", "2007-12-31": "", "2007-09-30": "", "2007-06-30": "", "2007-03-31": "", "2006-12-31": "", "2006-09-30": "", "2006-06-30": "", "2006-03-31": "", "2005-12-31": "", "2005-09-30": "", "2005-06-30": "", "2005-03-31": ""}, "Income From Continuous Operations": {"2020-12-31": "23.51500", "2020-09-30": "53.40600", "2020-06-30": "34.67800", "2020-03-31": "7.15600", "2019-12-31": "35.45500", "2019-09-30": "9.82600", "2019-06-30": "-14.75800", "2019-03-31": "-43.51300", "2018-12-31": "20.98500", "2018-09-30": "13.19100", "2018-06-30": "16.99700", "2018-03-31": "7.92200", "2017-12-31": "13.87700", "2017-09-30": "17.43500", "2017-06-30": "-0.95100", "2017-03-31": "-1.10400", "2016-12-31": "-9.14100", "2016-09-30": "-28.47300", "2016-06-30": "3.07300", "2016-03-31": "-5.17300", "2015-12-31": "-23.89200", "2015-09-30": "-5.55400", "2015-06-30": "17.43500", "2015-03-31": "5.39200", "2014-12-31": "30.28400", "2014-09-30": "38.75500", "2014-06-30": "38.02600", "2014-03-31": "43.75600", "2013-12-31": "39.65700", "2013-09-30": "56.46600", "2013-06-30": "34.45500", "2013-03-31": "17.03700", "2012-12-31": "35.81100", "2012-09-30": "-83.98500", "2012-06-30": "22.89500", "2012-03-31": "3.56900", "2011-12-31": "22.12300", "2011-09-30": "37.62100", "2011-06-30": "15.52600", "2011-03-31": "19.01700", "2010-12-31": "13.26000", "2010-09-30": "-13.21500", "2010-06-30": "10.71800", "2010-03-31": "9.00200", "2009-12-31": "17.86300", "2009-09-30": "15.90000", "2009-06-30": "3.78800", "2009-03-31": "7.17500", "2008-12-31": "4.65900", "2008-09-30": "36.50400", "2008-06-30": "14.47000", "2008-03-31": "18.84800", "2007-12-31": "9.88000", "2007-09-30": "30.63900", "2007-06-30": "80.46500", "2007-03-31": "17.39900", "2006-12-31": "15.15300", "2006-09-30": "21.66100", "2006-06-30": "16.87600", "2006-03-31": "10.75100", "2005-12-31": "7.51600", "2005-09-30": "6.87000", "2005-06-30": "26.65400", "2005-03-31": "20.50400"}, "Income From Discontinued Operations": {"2020-12-31": "", "2020-09-30": "", "2020-06-30": "", "2020-03-31": "", "2019-12-31": "", "2019-09-30": "", "2019-06-30": "", "2019-03-31": "", "2018-12-31": "", "2018-09-30": "", "2018-06-30": "", "2018-03-31": "", "2017-12-31": "", "2017-09-30": "", "2017-06-30": "", "2017-03-31": "", "2016-12-31": "", "2016-09-30": "", "2016-06-30": "", "2016-03-31": "", "2015-12-31": "", "2015-09-30": "", "2015-06-30": "", "2015-03-31": "", "2014-12-31": "", "2014-09-30": "", "2014-06-30": "", "2014-03-31": "", "2013-12-31": "", "2013-09-30": "", "2013-06-30": "", "2013-03-31": "", "2012-12-31": "", "2012-09-30": "", "2012-06-30": "", "2012-03-31": "", "2011-12-31": "", "2011-09-30": "", "2011-06-30": "", "2011-03-31": "", "2010-12-31": "", "2010-09-30": "", "2010-06-30": "", "2010-03-31": "", "2009-12-31": "", "2009-09-30": "", "2009-06-30": "", "2009-03-31": "", "2008-12-31": "", "2008-09-30": "", "2008-06-30": "", "2008-03-31": "", "2007-12-31": "", "2007-09-30": "", "2007-06-30": "", "2007-03-31": "", "2006-12-31": "", "2006-09-30": "", "2006-06-30": "", "2006-03-31": "", "2005-12-31": "", "2005-09-30": "", "2005-06-30": "", "2005-03-31": ""}, "Net Income": {"2020-12-31": "23.51500", "2020-09-30": "53.40600", "2020-06-30": "34.67800", "2020-03-31": "7.15600", "2019-12-31": "35.45500", "2019-09-30": "9.82600", "2019-06-30": "-14.75800", "2019-03-31": "-43.51300", "2018-12-31": "20.98500", "2018-09-30": "13.19100", "2018-06-30": "16.99700", "2018-03-31": "7.92200", "2017-12-31": "13.87700", "2017-09-30": "17.43500", "2017-06-30": "-0.95100", "2017-03-31": "-1.10400", "2016-12-31": "-9.14100", "2016-09-30": "-28.47300", "2016-06-30": "3.07300", "2016-03-31": "-5.17300", "2015-12-31": "-23.89200", "2015-09-30": "-5.55400", "2015-06-30": "17.43500", "2015-03-31": "5.39200", "2014-12-31": "30.28400", "2014-09-30": "38.75500", "2014-06-30": "38.02600", "2014-03-31": "43.75600", "2013-12-31": "39.65700", "2013-09-30": "56.46600", "2013-06-30": "34.45500", "2013-03-31": "17.03700", "2012-12-31": "35.81100", "2012-09-30": "-83.98500", "2012-06-30": "22.89500", "2012-03-31": "3.56900", "2011-12-31": "22.12300", "2011-09-30": "37.62100", "2011-06-30": "15.52600", "2011-03-31": "19.01700", "2010-12-31": "13.26000", "2010-09-30": "-13.21500", "2010-06-30": "10.71800", "2010-03-31": "9.00200", "2009-12-31": "17.86300", "2009-09-30": "15.90000", "2009-06-30": "3.78800", "2009-03-31": "7.17500", "2008-12-31": "4.65900", "2008-09-30": "36.50400", "2008-06-30": "14.47000", "2008-03-31": "18.84800", "2007-12-31": "9.88000", "2007-09-30": "30.63900", "2007-06-30": "80.46500", "2007-03-31": "17.39900", "2006-12-31": "15.15300", "2006-09-30": "21.66100", "2006-06-30": "16.87600", "2006-03-31": "10.75100", "2005-12-31": "7.51600", "2005-09-30": "6.87000", "2005-06-30": "26.65400", "2005-03-31": "20.50400"}, "EBITDA": {"2020-12-31": "118.56390", "2020-09-30": "96.37220", "2020-06-30": "113.35200", "2020-03-31": "61.87300", "2019-12-31": "58.77000", "2019-09-30": "65.74100", "2019-06-30": "28.38100", "2019-03-31": "-3.35300", "2018-12-31": "50.09700", "2018-09-30": "33.64490", "2018-06-30": "44.12300", "2018-03-31": "43.89100", "2017-12-31": "38.36200", "2017-09-30": "40.99090", "2017-06-30": "32.76000", "2017-03-31": "28.74200", "2016-12-31": "26.01500", "2016-09-30": "-11.24290", "2016-06-30": "29.41300", "2016-03-31": "24.04900", "2015-12-31": "7.32100", "2015-09-30": "-0.63230", "2015-06-30": "42.85700", "2015-03-31": "24.95600", "2014-12-31": "58.86800", "2014-09-30": "56.11590", "2014-06-30": "73.41000", "2014-03-31": "70.38600", "2013-12-31": "73.97100", "2013-09-30": "68.12510", "2013-06-30": "61.78300", "2013-03-31": "40.63100", "2012-12-31": "33.33600", "2012-09-30": "73.92400", "2012-06-30": "47.95000", "2012-03-31": "23.16200", "2011-12-31": "49.53100", "2011-09-30": "69.09500", "2011-06-30": "40.35700", "2011-03-31": "38.87700", "2010-12-31": "31.17900", "2010-09-30": "43.58900", "2010-06-30": "27.61700", "2010-03-31": "27.48700", "2009-12-31": "38.26400", "2009-09-30": "31.24300", "2009-06-30": "17.58800", "2009-03-31": "13.74100", "2008-12-31": "18.33300", "2008-09-30": "63.96290", "2008-06-30": "48.55800", "2008-03-31": "45.94500", "2007-12-31": "26.80000", "2007-09-30": "41.27000", "2007-06-30": "29.23200", "2007-03-31": "30.94600", "2006-12-31": "30.51900", "2006-09-30": "35.76400", "2006-06-30": "22.14600", "2006-03-31": "23.15100", "2005-12-31": "19.33900", "2005-09-30": "6.39400", "2005-06-30": "32.22600", "2005-03-31": "30.61800"}, "EBIT": {"2020-12-31": "90.33800", "2020-09-30": "67.01220", "2020-06-30": "63.40100", "2020-03-31": "50.02500", "2019-12-31": "30.42500", "2019-09-30": "46.55100", "2019-06-30": "9.30500", "2019-03-31": "-22.85800", "2018-12-31": "30.04400", "2018-09-30": "11.54000", "2018-06-30": "21.54700", "2018-03-31": "22.21000", "2017-12-31": "17.31600", "2017-09-30": "18.43590", "2017-06-30": "11.25600", "2017-03-31": "7.51300", "2016-12-31": "4.56100", "2016-09-30": "-33.07590", "2016-06-30": "7.59600", "2016-03-31": "1.75800", "2015-12-31": "-13.29200", "2015-09-30": "-21.61010", "2015-06-30": "21.60700", "2015-03-31": "3.98800", "2014-12-31": "37.63100", "2014-09-30": "36.10790", "2014-06-30": "54.38400", "2014-03-31": "51.21300", "2013-12-31": "54.87100", "2013-09-30": "49.00600", "2013-06-30": "43.21500", "2013-03-31": "21.24400", "2012-12-31": "13.85900", "2012-09-30": "57.60500", "2012-06-30": "31.08300", "2012-03-31": "6.90300", "2011-12-31": "32.50500", "2011-09-30": "51.24800", "2011-06-30": "24.53000", "2011-03-31": "24.22600", "2010-12-31": "17.11000", "2010-09-30": "28.94500", "2010-06-30": "11.97800", "2010-03-31": "11.51100", "2009-12-31": "22.34100", "2009-09-30": "15.19100", "2009-06-30": "1.98700", "2009-03-31": "-1.42100", "2008-12-31": "3.53800", "2008-09-30": "47.42590", "2008-06-30": "31.92200", "2008-03-31": "31.03200", "2007-12-31": "14.86500", "2007-09-30": "30.95300", "2007-06-30": "19.57300", "2007-03-31": "21.25900", "2006-12-31": "20.98300", "2006-09-30": "26.68600", "2006-06-30": "13.46100", "2006-03-31": "15.08800", "2005-12-31": "11.27800", "2005-09-30": "-1.17600", "2005-06-30": "26.51400", "2005-03-31": "24.49200"}, "Basic Shares Outstanding": {"2020-12-31": "116.40100", "2020-09-30": "115.66300", "2020-06-30": "115.75900", "2020-03-31": "115.60600", "2019-12-31": "115.19000", "2019-09-30": "117.72400", "2019-06-30": "116.13300", "2019-03-31": "118.46100", "2018-12-31": "118.32300", "2018-09-30": "116.39000", "2018-06-30": "115.77400", "2018-03-31": "116.24100", "2017-12-31": "115.73100", "2017-09-30": "115.52300", "2017-06-30": "115.61500", "2017-03-31": "115.70900", "2016-12-31": "115.29000", "2016-09-30": "114.61200", "2016-06-30": "114.79500", "2016-03-31": "114.56300", "2015-12-31": "114.15100", "2015-09-30": "114.77500", "2015-06-30": "114.76400", "2015-03-31": "114.94400", "2014-12-31": "115.34100", "2014-09-30": "118.09400", "2014-06-30": "118.32800", "2014-03-31": "118.97800", "2013-12-31": "118.93300", "2013-09-30": "119.47300", "2013-06-30": "119.44000", "2013-03-31": "119.51800", "2012-12-31": "119.92700", "2012-09-30": "119.04800", "2012-06-30": "119.04200", "2012-03-31": "119.00300", "2011-12-31": "117.71500", "2011-09-30": "117.09500", "2011-06-30": "118.21400", "2011-03-31": "118.19400", "2010-12-31": "116.82700", "2010-09-30": "115.63900", "2010-06-30": "115.18800", "2010-03-31": "115.95100", "2009-12-31": "116.25300", "2009-09-30": "114.95000", "2009-06-30": "115.19400", "2009-03-31": "114.79300", "2008-12-31": "114.55500", "2008-09-30": "113.70300", "2008-06-30": "113.49100", "2008-03-31": "113.81100", "2007-12-31": "113.68000", "2007-09-30": "112.73400", "2007-06-30": "113.15400", "2007-03-31": "112.84500", "2006-12-31": "111.83000", "2006-09-30": "109.84900", "2006-06-30": "109.94700", "2006-03-31": "109.73900", "2005-12-31": "109.48500", "2005-09-30": "108.53600", "2005-06-30": "108.71600", "2005-03-31": "108.49900"}, "Shares Outstanding": {"2020-12-31": "117.60500", "2020-09-30": "116.26700", "2020-06-30": "116.22900", "2020-03-31": "116.01700", "2019-12-31": "115.69100", "2019-09-30": "117.72400", "2019-06-30": "116.13300", "2019-03-31": "118.46100", "2018-12-31": "119.63800", "2018-09-30": "118.15800", "2018-06-30": "117.50000", "2018-03-31": "117.90500", "2017-12-31": "117.65600", "2017-09-30": "117.35600", "2017-06-30": "115.61500", "2017-03-31": "115.70900", "2016-12-31": "115.29000", "2016-09-30": "114.61200", "2016-06-30": "115.69800", "2016-03-31": "114.56300", "2015-12-31": "114.15100", "2015-09-30": "116.01200", "2015-06-30": "116.02500", "2015-03-31": "115.92200", "2014-12-31": "117.02700", "2014-09-30": "119.98400", "2014-06-30": "119.90100", "2014-03-31": "120.69800", "2013-12-31": "121.10000", "2013-09-30": "121.24000", "2013-06-30": "120.82800", "2013-03-31": "121.07100", "2012-12-31": "121.80500", "2012-09-30": "119.04800", "2012-06-30": "120.72800", "2012-03-31": "121.40100", "2011-12-31": "120.57600", "2011-09-30": "120.09100", "2011-06-30": "121.16400", "2011-03-31": "121.50200", "2010-12-31": "121.15000", "2010-09-30": "119.92500", "2010-06-30": "119.00300", "2010-03-31": "119.85600", "2009-12-31": "121.11300", "2009-09-30": "117.35900", "2009-06-30": "117.07400", "2009-03-31": "115.65600", "2008-12-31": "117.35600", "2008-09-30": "117.87000", "2008-06-30": "117.36300", "2008-03-31": "117.24700", "2007-12-31": "118.08700", "2007-09-30": "117.49400", "2007-06-30": "117.50000", "2007-03-31": "117.48600", "2006-12-31": "117.28300", "2006-09-30": "113.38200", "2006-06-30": "112.87100", "2006-03-31": "113.40300", "2005-12-31": "112.67100", "2005-09-30": "111.98100", "2005-06-30": "112.03600", "2005-03-31": "111.95800"}, "Basic EPS": {"2020-12-31": "0.20000", "2020-09-30": "0.46000", "2020-06-30": "0.30000", "2020-03-31": "0.06000", "2019-12-31": "0.31000", "2019-09-30": "0.09000", "2019-06-30": "-0.13000", "2019-03-31": "-0.37000", "2018-12-31": "0.18000", "2018-09-30": "0.11000", "2018-06-30": "0.15000", "2018-03-31": "0.07000", "2017-12-31": "0.12000", "2017-09-30": "0.15000", "2017-06-30": "-0.01000", "2017-03-31": "-0.01000", "2016-12-31": "-0.08000", "2016-09-30": "-0.25000", "2016-06-30": "0.03000", "2016-03-31": "-0.05000", "2015-12-31": "-0.21000", "2015-09-30": "-0.05000", "2015-06-30": "0.15000", "2015-03-31": "0.05000", "2014-12-31": "0.26000", "2014-09-30": "0.34000", "2014-06-30": "0.32000", "2014-03-31": "0.37000", "2013-12-31": "0.33000", "2013-09-30": "0.47000", "2013-06-30": "0.29000", "2013-03-31": "0.14000", "2012-12-31": "0.30000", "2012-09-30": "-0.71000", "2012-06-30": "0.19000", "2012-03-31": "0.03000", "2011-12-31": "0.19000", "2011-09-30": "0.32000", "2011-06-30": "0.13000", "2011-03-31": "0.16000", "2010-12-31": "0.11000", "2010-09-30": "-0.11000", "2010-06-30": "0.09000", "2010-03-31": "0.08000", "2009-12-31": "0.15000", "2009-09-30": "0.14000", "2009-06-30": "0.03000", "2009-03-31": "0.06000", "2008-12-31": "0.04000", "2008-09-30": "0.31000", "2008-06-30": "0.13000", "2008-03-31": "0.17000", "2007-12-31": "0.09000", "2007-09-30": "0.27000", "2007-06-30": "0.71000", "2007-03-31": "0.15000", "2006-12-31": "0.14000", "2006-09-30": "0.20000", "2006-06-30": "0.15000", "2006-03-31": "0.10000", "2005-12-31": "0.07000", "2005-09-30": "0.05500", "2005-06-30": "0.25000", "2005-03-31": "0.19000"}, "EPS - Earnings Per Share": {"2020-12-31": "0.20000", "2020-09-30": "0.45000", "2020-06-30": "0.30000", "2020-03-31": "0.06000", "2019-12-31": "0.31000", "2019-09-30": "0.09000", "2019-06-30": "-0.13000", "2019-03-31": "-0.37000", "2018-12-31": "0.18000", "2018-09-30": "0.11000", "2018-06-30": "0.14000", "2018-03-31": "0.07000", "2017-12-31": "0.12000", "2017-09-30": "0.15000", "2017-06-30": "-0.01000", "2017-03-31": "-0.01000", "2016-12-31": "-0.08000", "2016-09-30": "-0.25000", "2016-06-30": "0.03000", "2016-03-31": "-0.05000", "2015-12-31": "-0.21000", "2015-09-30": "-0.05000", "2015-06-30": "0.15000", "2015-03-31": "0.05000", "2014-12-31": "0.26000", "2014-09-30": "0.33000", "2014-06-30": "0.32000", "2014-03-31": "0.36000", "2013-12-31": "0.33000", "2013-09-30": "0.47000", "2013-06-30": "0.29000", "2013-03-31": "0.14000", "2012-12-31": "0.29000", "2012-09-30": "-0.71000", "2012-06-30": "0.19000", "2012-03-31": "0.03000", "2011-12-31": "0.18000", "2011-09-30": "0.31000", "2011-06-30": "0.13000", "2011-03-31": "0.16000", "2010-12-31": "0.11000", "2010-09-30": "-0.12000", "2010-06-30": "0.09000", "2010-03-31": "0.08000", "2009-12-31": "0.15000", "2009-09-30": "0.14000", "2009-06-30": "0.03000", "2009-03-31": "0.06000", "2008-12-31": "0.04000", "2008-09-30": "0.32000", "2008-06-30": "0.12000", "2008-03-31": "0.16000", "2007-12-31": "0.08000", "2007-09-30": "0.26000", "2007-06-30": "0.68000", "2007-03-31": "0.15000", "2006-12-31": "0.13000", "2006-09-30": "0.19000", "2006-06-30": "0.15000", "2006-03-31": "0.09000", "2005-12-31": "0.07000", "2005-09-30": "0.05500", "2005-06-30": "0.24000", "2005-03-31": "0.18000"}}, "balance sheet": {"Cash On Hand": {"2020-09-30": "303.58700", "2019-09-30": "297.47000", "2018-09-30": "285.78200", "2017-09-30": "298.41100", "2016-09-30": "296.63000", "2015-09-30": "273.41700", "2014-09-30": "293.65400", "2013-09-30": "241.91300", "2012-09-30": "489.54300", "2011-09-30": "167.87800", "2010-09-30": "240.25300", "2009-09-30": "235.12200", "2008-09-30": "256.94100", "2007-09-30": "263.27100", "2006-09-30": "183.44800", "2005-09-30": "204.42300"}, "Receivables": {"2020-09-30": "415.22100", "2019-09-30": "372.74300", "2018-09-30": "129.29700", "2017-09-30": "152.29900", "2016-09-30": "161.35700", "2015-09-30": "197.27500", "2014-09-30": "235.68800", "2013-09-30": "229.10600", "2012-09-30": "217.37000", "2011-09-30": "230.22000", "2010-09-30": "169.28100", "2009-09-30": "166.59100", "2008-09-30": "201.50900", "2007-09-30": "217.10100", "2006-09-30": "181.00800", "2005-09-30": "147.49700"}, "Inventory": {"2020-09-30": "", "2019-09-30": "", "2018-09-30": "", "2017-09-30": "", "2016-09-30": "", "2015-09-30": "", "2014-09-30": "", "2013-09-30": "", "2012-09-30": "", "2011-09-30": "", "2010-09-30": "", "2009-09-30": "", "2008-09-30": "", "2007-09-30": "", "2006-09-30": "", "2005-09-30": ""}, "Pre-Paid Expenses": {"2020-09-30": "69.40800", "2019-09-30": "52.70100", "2018-09-30": "48.99700", "2017-09-30": "49.91300", "2016-09-30": "52.81900", "2015-09-30": "56.36500", "2014-09-30": "37.66700", "2013-09-30": "45.67400", "2012-09-30": "28.34100", "2011-09-30": "30.58200", "2010-09-30": "32.11600", "2009-09-30": "24.16600", "2008-09-30": "28.47400", "2007-09-30": "23.97200", "2006-09-30": "20.49500", "2005-09-30": "21.87500"}, "Other Current Assets": {"2020-09-30": "45.23100", "2019-09-30": "59.70700", "2018-09-30": "169.70800", "2017-09-30": "165.93300", "2016-09-30": "131.78300", "2015-09-30": "140.81900", "2014-09-30": "133.85900", "2013-09-30": "123.87800", "2012-09-30": "121.01900", "2011-09-30": "109.43300", "2010-09-30": "91.12600", "2009-09-30": "77.85600", "2008-09-30": "82.13600", "2007-09-30": "62.92200", "2006-09-30": "51.82400", "2005-09-30": "48.21000"}, "Total Current Assets": {"2020-09-30": "833.44700", "2019-09-30": "782.62100", "2018-09-30": "633.78400", "2017-09-30": "666.55600", "2016-09-30": "642.58900", "2015-09-30": "704.67900", "2014-09-30": "732.16700", "2013-09-30": "680.21600", "2012-09-30": "879.15200", "2011-09-30": "592.26400", "2010-09-30": "568.25700", "2009-09-30": "546.46600", "2008-09-30": "597.49400", "2007-09-30": "594.63100", "2006-09-30": "438.11600", "2005-09-30": "423.72700"}, "Property, Plant, And Equipment": {"2020-09-30": "101.49900", "2019-09-30": "105.53100", "2018-09-30": "80.61300", "2017-09-30": "63.60000", "2016-09-30": "67.11300", "2015-09-30": "65.16200", "2014-09-30": "67.78300", "2013-09-30": "64.65200", "2012-09-30": "63.46600", "2011-09-30": "62.56900", "2010-09-30": "58.06400", "2009-09-30": "58.10500", "2008-09-30": "55.25300", "2007-09-30": "54.74500", "2006-09-30": "51.60300", "2005-09-30": "52.55100"}, "Long-Term Investments": {"2020-09-30": "30.97000", "2019-09-30": "29.54400", "2018-09-30": "30.11500", "2017-09-30": "31.90700", "2016-09-30": "30.92100", "2015-09-30": "", "2014-09-30": "", "2013-09-30": "", "2012-09-30": "", "2011-09-30": "", "2010-09-30": "", "2009-09-30": "", "2008-09-30": "", "2007-09-30": "", "2006-09-30": "", "2005-09-30": ""}, "Goodwill And Intangible Assets": {"2020-09-30": "1863.35600", "2019-09-30": "1408.12800", "2018-09-30": "1382.65900", "2017-09-30": "1440.68000", "2016-09-30": "1480.11800", "2015-09-30": "1360.34200", "2014-09-30": "1349.40000", "2013-09-30": "1042.21600", "2012-09-30": "796.23200", "2011-09-30": "835.41100", "2010-09-30": "546.44000", "2009-09-30": "596.51700", "2008-09-30": "587.53700", "2007-09-30": "325.05200", "2006-09-30": "327.12200", "2005-09-30": "258.83800"}, "Other Long-Term Assets": {"2020-09-30": "212.57000", "2019-09-30": "140.13000", "2018-09-30": "36.28500", "2017-09-30": "34.47500", "2016-09-30": "35.29600", "2015-09-30": "40.79400", "2014-09-30": "41.64600", "2013-09-30": "34.12600", "2012-09-30": "32.12400", "2011-09-30": "41.37400", "2010-09-30": "43.84500", "2009-09-30": "38.93100", "2008-09-30": "38.11400", "2007-09-30": "45.91600", "2006-09-30": "75.39800", "2005-09-30": "49.08500"}, "Total Long-Term Assets": {"2020-09-30": "2549.29100", "2019-09-30": "1881.96700", "2018-09-30": "1695.23800", "2017-09-30": "1693.82800", "2016-09-30": "1703.14000", "2015-09-30": "1505.23400", "2014-09-30": "1467.78700", "2013-09-30": "1148.69000", "2012-09-30": "912.48200", "2011-09-30": "1037.41800", "2010-09-30": "738.80700", "2009-09-30": "803.74600", "2008-09-30": "752.07900", "2007-09-30": "495.68200", "2006-09-30": "463.27100", "2005-09-30": "362.89600"}, "Total Assets": {"2020-09-30": "3382.73800", "2019-09-30": "2664.58800", "2018-09-30": "2329.02200", "2017-09-30": "2360.38400", "2016-09-30": "2345.72900", "2015-09-30": "2209.91300", "2014-09-30": "2199.95400", "2013-09-30": "1828.90600", "2012-09-30": "1791.63400", "2011-09-30": "1629.68200", "2010-09-30": "1307.06400", "2009-09-30": "1350.21200", "2008-09-30": "1349.57300", "2007-09-30": "1090.31300", "2006-09-30": "901.38700", "2005-09-30": "786.62300"}, "Total Current Liabilities": {"2020-09-30": "680.76000", "2019-09-30": "638.15500", "2018-09-30": "735.27900", "2017-09-30": "678.90900", "2016-09-30": "654.51900", "2015-09-30": "617.26000", "2014-09-30": "626.66700", "2013-09-30": "528.61300", "2012-09-30": "481.74400", "2011-09-30": "465.32400", "2010-09-30": "452.99400", "2009-09-30": "491.43100", "2008-09-30": "566.35300", "2007-09-30": "430.34200", "2006-09-30": "384.87400", "2005-09-30": "344.76200"}, "Long Term Debt": {"2020-09-30": "1005.31400", "2019-09-30": "669.13400", "2018-09-30": "643.26800", "2017-09-30": "712.40600", "2016-09-30": "751.60100", "2015-09-30": "618.12500", "2014-09-30": "586.87500", "2013-09-30": "243.12500", "2012-09-30": "362.50000", "2011-09-30": "200.00000", "2010-09-30": "", "2009-09-30": "", "2008-09-30": "", "2007-09-30": "", "2006-09-30": "", "2005-09-30": ""}, "Other Non-Current Liabilities": {"2020-09-30": "55.93600", "2019-09-30": "102.49500", "2018-09-30": "58.44500", "2017-09-30": "53.14200", "2016-09-30": "69.95200", "2015-09-30": "53.38600", "2014-09-30": "82.64900", "2013-09-30": "78.63400", "2012-09-30": "106.05700", "2011-09-30": "101.36000", "2010-09-30": "77.29500", "2009-09-30": "62.65800", "2008-09-30": "42.47000", "2007-09-30": "57.04000", "2006-09-30": "97.41300", "2005-09-30": "101.43200"}, "Total Long Term Liabilities": {"2020-09-30": "1263.73000", "2019-09-30": "824.43490", "2018-09-30": "719.15400", "2017-09-30": "796.03910", "2016-09-30": "848.54410", "2015-09-30": "732.48200", "2014-09-30": "719.39800", "2013-09-30": "373.81300", "2012-09-30": "512.63100", "2011-09-30": "341.66800", "2010-09-30": "106.76600", "2009-09-30": "97.20000", "2008-09-30": "80.69500", "2007-09-30": "65.46400", "2006-09-30": "110.64100", "2005-09-30": "118.01700"}, "Total Liabilities": {"2020-09-30": "1944.49000", "2019-09-30": "1462.59000", "2018-09-30": "1454.43300", "2017-09-30": "1474.94800", "2016-09-30": "1503.06300", "2015-09-30": "1349.74200", "2014-09-30": "1346.06500", "2013-09-30": "902.42600", "2012-09-30": "994.37500", "2011-09-30": "806.99200", "2010-09-30": "559.76000", "2009-09-30": "588.63100", "2008-09-30": "647.04800", "2007-09-30": "495.80600", "2006-09-30": "495.51500", "2005-09-30": "462.77900"}, "Common Stock Net": {"2020-09-30": "1.16100", "2019-09-30": "1.14900", "2018-09-30": "1.18000", "2017-09-30": "1.15300", "2016-09-30": "1.15000", "2015-09-30": "1.13700", "2014-09-30": "1.15000", "2013-09-30": "1.18500", "2012-09-30": "1.19600", "2011-09-30": "1.16900", "2010-09-30": "1.15800", "2009-09-30": "1.16000", "2008-09-30": "1.15700", "2007-09-30": "1.14700", "2006-09-30": "1.11900", "2005-09-30": "1.10000"}, "Retained Earnings (Accumulated Deficit)": {"2020-09-30": "-62.26700", "2019-09-30": "-191.39000", "2018-09-30": "-599.40900", "2017-09-30": "-650.84000", "2016-09-30": "-657.07900", "2015-09-30": "-602.61400", "2014-09-30": "-650.17100", "2013-09-30": "-810.36500", "2012-09-30": "-954.13400", "2011-09-30": "-918.73600", "2010-09-30": "-1004.16000", "2009-09-30": "-1028.52800", "2008-09-30": "-1060.05000", "2007-09-30": "-1132.56500", "2006-09-30": "-1276.22100", "2005-09-30": "-1303.55800"}, "Comprehensive Income": {"2020-09-30": "-103.37400", "2019-09-30": "-110.71000", "2018-09-30": "-85.58500", "2017-09-30": "-73.90700", "2016-09-30": "-99.95300", "2015-09-30": "-91.74200", "2014-09-30": "-94.36700", "2013-09-30": "-51.16000", "2012-09-30": "-72.50100", "2011-09-30": "-64.76400", "2010-09-30": "-52.48000", "2009-09-30": "-33.59500", "2008-09-30": "-17.27600", "2007-09-30": "-33.53400", "2006-09-30": "-42.59600", "2005-09-30": "-49.03400"}, "Other Share Holders Equity": {"2020-09-30": "", "2019-09-30": "", "2018-09-30": "", "2017-09-30": "", "2016-09-30": "", "2015-09-30": "", "2014-09-30": "", "2013-09-30": "", "2012-09-30": "", "2011-09-30": "", "2010-09-30": "", "2009-09-30": "", "2008-09-30": "", "2007-09-30": "", "2006-09-30": "", "2005-09-30": ""}, "Share Holder Equity": {"2020-09-30": "1438.24800", "2019-09-30": "1201.99800", "2018-09-30": "874.58900", "2017-09-30": "885.43600", "2016-09-30": "842.66600", "2015-09-30": "860.17100", "2014-09-30": "853.88900", "2013-09-30": "926.48000", "2012-09-30": "797.25900", "2011-09-30": "822.69000", "2010-09-30": "747.30400", "2009-09-30": "761.58100", "2008-09-30": "702.52500", "2007-09-30": "594.50700", "2006-09-30": "405.87200", "2005-09-30": "323.84400"}, "Total Liabilities And Share Holders Equity": {"2020-09-30": "3382.73800", "2019-09-30": "2664.58800", "2018-09-30": "2329.02200", "2017-09-30": "2360.38400", "2016-09-30": "2345.72900", "2015-09-30": "2209.91300", "2014-09-30": "2199.95400", "2013-09-30": "1828.90600", "2012-09-30": "1791.63400", "2011-09-30": "1629.68200", "2010-09-30": "1307.06400", "2009-09-30": "1350.21200", "2008-09-30": "1349.57300", "2007-09-30": "1090.31300", "2006-09-30": "901.38700", "2005-09-30": "786.62300"}}, "balance sheet, quarterly": {"Cash On Hand": {"2020-12-31": "398.69700", "2020-09-30": "303.58700", "2020-06-30": "403.25800", "2020-03-31": "861.03000", "2019-12-31": "266.27700", "2019-09-30": "297.47000", "2019-06-30": "300.93500", "2019-03-31": "319.72700", "2018-12-31": "302.58800", "2018-09-30": "285.78200", "2018-06-30": "288.90800", "2018-03-31": "322.57300", "2017-12-31": "311.82500", "2017-09-30": "298.41100", "2017-06-30": "279.97200", "2017-03-31": "266.87100", "2016-12-31": "196.10500", "2016-09-30": "296.63000", "2016-06-30": "306.00600", "2016-03-31": "368.45600", "2015-12-31": "296.79700", "2015-09-30": "273.41700", "2015-06-30": "275.06000", "2015-03-31": "267.81500", "2014-12-31": "261.05200", "2014-09-30": "293.65400", "2014-06-30": "304.17300", "2014-03-31": "270.47000", "2013-12-31": "371.37700", "2013-09-30": "241.91300", "2013-06-30": "257.03100", "2013-03-31": "240.80900", "2012-12-31": "248.39200", "2012-09-30": "489.54300", "2012-06-30": "238.04700", "2012-03-31": "224.10700", "2011-12-31": "187.35100", "2011-09-30": "167.87800", "2011-06-30": "260.75100", "2011-03-31": "259.50400", "2010-12-31": "182.91500", "2010-09-30": "240.25300", "2010-06-30": "219.01900", "2010-03-31": "222.69200", "2009-12-31": "231.14400", "2009-09-30": "235.12200", "2009-06-30": "231.34500", "2009-03-31": "267.71800", "2008-12-31": "226.93300", "2008-09-30": "256.94100", "2008-06-30": "242.02000", "2008-03-31": "258.94600", "2007-12-31": "214.78800", "2007-09-30": "263.27100", "2007-06-30": "259.95600", "2007-03-31": "238.02700", "2006-12-31": "147.34100", "2006-09-30": "183.44800", "2006-06-30": "173.89300", "2006-03-31": "224.16500", "2005-12-31": "167.15200", "2005-09-30": "204.42300", "2005-06-30": "403.00800", "2005-03-31": "384.17000"}, "Receivables": {"2020-12-31": "415.83500", "2020-09-30": "415.22100", "2020-06-30": "319.24400", "2020-03-31": "352.67300", "2019-12-31": "344.41200", "2019-09-30": "372.74300", "2019-06-30": "321.42600", "2019-03-31": "352.21700", "2018-12-31": "385.67000", "2018-09-30": "129.29700", "2018-06-30": "130.07900", "2018-03-31": "127.15100", "2017-12-31": "131.05900", "2017-09-30": "152.29900", "2017-06-30": "128.56100", "2017-03-31": "142.62000", "2016-12-31": "132.85300", "2016-09-30": "161.35700", "2016-06-30": "151.71800", "2016-03-31": "146.66900", "2015-12-31": "161.40200", "2015-09-30": "197.27500", "2015-06-30": "183.14400", "2015-03-31": "201.37900", "2014-12-31": "201.39100", "2014-09-30": "235.68800", "2014-06-30": "228.62300", "2014-03-31": "221.28800", "2013-12-31": "212.57000", "2013-09-30": "229.10600", "2013-06-30": "200.88300", "2013-03-31": "213.25200", "2012-12-31": "221.68700", "2012-09-30": "217.37000", "2012-06-30": "203.26100", "2012-03-31": "204.43700", "2011-12-31": "221.43600", "2011-09-30": "230.22000", "2011-06-30": "186.87400", "2011-03-31": "178.55800", "2010-12-31": "174.58100", "2010-09-30": "169.28100", "2010-06-30": "149.03400", "2010-03-31": "151.11700", "2009-12-31": "160.53600", "2009-09-30": "166.59100", "2009-06-30": "149.19800", "2009-03-31": "131.88600", "2008-12-31": "185.00700", "2008-09-30": "201.50900", "2008-06-30": "180.09400", "2008-03-31": "181.38500", "2007-12-31": "193.13200", "2007-09-30": "217.10100", "2007-06-30": "171.76400", "2007-03-31": "185.00200", "2006-12-31": "195.75700", "2006-09-30": "181.00800", "2006-06-30": "163.16500", "2006-03-31": "149.73100", "2005-12-31": "155.11300", "2005-09-30": "147.49700", "2005-06-30": "129.40200", "2005-03-31": "138.02300"}, "Inventory": {"2020-12-31": "", "2020-09-30": "", "2020-06-30": "", "2020-03-31": "", "2019-12-31": "", "2019-09-30": "", "2019-06-30": "", "2019-03-31": "", "2018-12-31": "", "2018-09-30": "", "2018-06-30": "", "2018-03-31": "", "2017-12-31": "", "2017-09-30": "", "2017-06-30": "", "2017-03-31": "", "2016-12-31": "", "2016-09-30": "", "2016-06-30": "", "2016-03-31": "", "2015-12-31": "", "2015-09-30": "", "2015-06-30": "", "2015-03-31": "", "2014-12-31": "", "2014-09-30": "", "2014-06-30": "", "2014-03-31": "", "2013-12-31": "", "2013-09-30": "", "2013-06-30": "", "2013-03-31": "", "2012-12-31": "", "2012-09-30": "", "2012-06-30": "", "2012-03-31": "", "2011-12-31": "", "2011-09-30": "", "2011-06-30": "", "2011-03-31": "", "2010-12-31": "", "2010-09-30": "", "2010-06-30": "", "2010-03-31": "", "2009-12-31": "", "2009-09-30": "", "2009-06-30": "", "2009-03-31": "", "2008-12-31": "", "2008-09-30": "", "2008-06-30": "", "2008-03-31": "", "2007-12-31": "", "2007-09-30": "", "2007-06-30": "", "2007-03-31": "", "2006-12-31": "", "2006-09-30": "", "2006-06-30": "", "2006-03-31": "", "2005-12-31": "", "2005-09-30": "", "2005-06-30": "", "2005-03-31": ""}, "Pre-Paid Expenses": {"2020-12-31": "72.87700", "2020-09-30": "69.40800", "2020-06-30": "72.63000", "2020-03-31": "66.85400", "2019-12-31": "70.32300", "2019-09-30": "52.70100", "2019-06-30": "69.81900", "2019-03-31": "66.21000", "2018-12-31": "63.04500", "2018-09-30": "48.99700", "2018-06-30": "46.60000", "2018-03-31": "62.09400", "2017-12-31": "60.13700", "2017-09-30": "49.91300", "2017-06-30": "60.50700", "2017-03-31": "71.06800", "2016-12-31": "62.98100", "2016-09-30": "52.81900", "2016-06-30": "56.98600", "2016-03-31": "63.81100", "2015-12-31": "56.53600", "2015-09-30": "56.36500", "2015-06-30": "148.73200", "2015-03-31": "203.72600", "2014-12-31": "203.54900", "2014-09-30": "37.66700", "2014-06-30": "139.46400", "2014-03-31": "171.21700", "2013-12-31": "148.47000", "2013-09-30": "45.67400", "2013-06-30": "46.30200", "2013-03-31": "44.12900", "2012-12-31": "33.72700", "2012-09-30": "28.34100", "2012-06-30": "30.06500", "2012-03-31": "32.39800", "2011-12-31": "31.40500", "2011-09-30": "30.58200", "2011-06-30": "42.43000", "2011-03-31": "44.58900", "2010-12-31": "33.43300", "2010-09-30": "32.11600", "2010-06-30": "45.24500", "2010-03-31": "28.77300", "2009-12-31": "23.88000", "2009-09-30": "24.16600", "2009-06-30": "31.70500", "2009-03-31": "31.58700", "2008-12-31": "30.43100", "2008-09-30": "28.47400", "2008-06-30": "29.78000", "2008-03-31": "34.11200", "2007-12-31": "32.32600", "2007-09-30": "23.97200", "2007-06-30": "26.99500", "2007-03-31": "24.77900", "2006-12-31": "21.00100", "2006-09-30": "20.49500", "2006-06-30": "21.60600", "2006-03-31": "22.79700", "2005-12-31": "20.83200", "2005-09-30": "21.87500", "2005-06-30": "24.75200", "2005-03-31": "25.65600"}, "Other Current Assets": {"2020-12-31": "48.79500", "2020-09-30": "45.23100", "2020-06-30": "52.10600", "2020-03-31": "60.86900", "2019-12-31": "58.15700", "2019-09-30": "59.70700", "2019-06-30": "60.48300", "2019-03-31": "52.44800", "2018-12-31": "48.68200", "2018-09-30": "169.70800", "2018-06-30": "122.62500", "2018-03-31": "137.34200", "2017-12-31": "116.43800", "2017-09-30": "165.93300", "2017-06-30": "140.41900", "2017-03-31": "191.16400", "2016-12-31": "121.24900", "2016-09-30": "131.78300", "2016-06-30": "120.57600", "2016-03-31": "162.45400", "2015-12-31": "144.85300", "2015-09-30": "140.81900", "2015-06-30": "", "2015-03-31": "", "2014-12-31": "", "2014-09-30": "133.85900", "2014-06-30": "", "2014-03-31": "", "2013-12-31": "", "2013-09-30": "123.87800", "2013-06-30": "99.15400", "2013-03-31": "111.53900", "2012-12-31": "94.67200", "2012-09-30": "121.01900", "2012-06-30": "82.48700", "2012-03-31": "116.19000", "2011-12-31": "94.04600", "2011-09-30": "109.43300", "2011-06-30": "93.40500", "2011-03-31": "107.03900", "2010-12-31": "112.40100", "2010-09-30": "91.12600", "2010-06-30": "78.16700", "2010-03-31": "105.45400", "2009-12-31": "108.01100", "2009-09-30": "77.85600", "2009-06-30": "71.88600", "2009-03-31": "81.14300", "2008-12-31": "86.30100", "2008-09-30": "82.13600", "2008-06-30": "64.66100", "2008-03-31": "82.06700", "2007-12-31": "75.15700", "2007-09-30": "62.92200", "2007-06-30": "52.96000", "2007-03-31": "65.90700", "2006-12-31": "58.31400", "2006-09-30": "51.82400", "2006-06-30": "48.43000", "2006-03-31": "58.93100", "2005-12-31": "50.65400", "2005-09-30": "48.21000", "2005-06-30": "48.20600", "2005-03-31": "62.77500"}, "Total Current Assets": {"2020-12-31": "936.20400", "2020-09-30": "833.44700", "2020-06-30": "847.23800", "2020-03-31": "1341.42600", "2019-12-31": "739.16900", "2019-09-30": "782.62100", "2019-06-30": "752.66300", "2019-03-31": "790.60200", "2018-12-31": "799.98500", "2018-09-30": "633.78400", "2018-06-30": "588.21200", "2018-03-31": "649.16000", "2017-12-31": "619.45900", "2017-09-30": "666.55600", "2017-06-30": "609.45900", "2017-03-31": "671.72300", "2016-12-31": "513.18800", "2016-09-30": "642.58900", "2016-06-30": "635.28600", "2016-03-31": "741.39000", "2015-12-31": "659.58800", "2015-09-30": "704.67900", "2015-06-30": "635.20500", "2015-03-31": "706.25200", "2014-12-31": "696.06500", "2014-09-30": "732.16700", "2014-06-30": "711.22900", "2014-03-31": "703.44400", "2013-12-31": "769.10000", "2013-09-30": "680.21600", "2013-06-30": "639.94800", "2013-03-31": "645.23800", "2012-12-31": "633.49800", "2012-09-30": "879.15200", "2012-06-30": "607.97100", "2012-03-31": "631.26000", "2011-12-31": "588.28800", "2011-09-30": "592.26400", "2011-06-30": "618.25800", "2011-03-31": "625.00300", "2010-12-31": "538.83500", "2010-09-30": "568.25700", "2010-06-30": "534.23100", "2010-03-31": "550.70100", "2009-12-31": "566.25400", "2009-09-30": "546.46600", "2009-06-30": "512.88900", "2009-03-31": "540.92400", "2008-12-31": "539.27300", "2008-09-30": "597.49400", "2008-06-30": "543.97800", "2008-03-31": "584.23800", "2007-12-31": "543.42500", "2007-09-30": "594.63100", "2007-06-30": "534.95800", "2007-03-31": "515.44300", "2006-12-31": "423.74000", "2006-09-30": "438.11600", "2006-06-30": "408.65900", "2006-03-31": "457.19200", "2005-12-31": "395.42800", "2005-09-30": "423.72700", "2005-06-30": "605.36800", "2005-03-31": "610.62400"}, "Property, Plant, And Equipment": {"2020-12-31": "98.27800", "2020-09-30": "101.49900", "2020-06-30": "101.61700", "2020-03-31": "104.14700", "2019-12-31": "105.17100", "2019-09-30": "105.53100", "2019-06-30": "107.75200", "2019-03-31": "106.83700", "2018-12-31": "107.35900", "2018-09-30": "80.61300", "2018-06-30": "64.45600", "2018-03-31": "59.21000", "2017-12-31": "61.21900", "2017-09-30": "63.60000", "2017-06-30": "63.44300", "2017-03-31": "63.42900", "2016-12-31": "65.88500", "2016-09-30": "67.11300", "2016-06-30": "62.90900", "2016-03-31": "62.86700", "2015-12-31": "60.87800", "2015-09-30": "65.16200", "2015-06-30": "65.02000", "2015-03-31": "65.19100", "2014-12-31": "65.76600", "2014-09-30": "67.78300", "2014-06-30": "63.58200", "2014-03-31": "60.63200", "2013-12-31": "63.15200", "2013-09-30": "64.65200", "2013-06-30": "61.48200", "2013-03-31": "62.73100", "2012-12-31": "66.10900", "2012-09-30": "63.46600", "2012-06-30": "61.84900", "2012-03-31": "64.02100", "2011-12-31": "62.15600", "2011-09-30": "62.56900", "2011-06-30": "60.70400", "2011-03-31": "55.78000", "2010-12-31": "56.51700", "2010-09-30": "58.06400", "2010-06-30": "59.47300", "2010-03-31": "61.93500", "2009-12-31": "58.90100", "2009-09-30": "58.10500", "2009-06-30": "58.56000", "2009-03-31": "57.85300", "2008-12-31": "57.52600", "2008-09-30": "55.25300", "2008-06-30": "56.85100", "2008-03-31": "54.47800", "2007-12-31": "53.87400", "2007-09-30": "54.74500", "2007-06-30": "55.35800", "2007-03-31": "52.28400", "2006-12-31": "52.44100", "2006-09-30": "51.60300", "2006-06-30": "51.20700", "2006-03-31": "50.18400", "2005-12-31": "50.54300", "2005-09-30": "52.55100", "2005-06-30": "53.05700", "2005-03-31": "54.76400"}, "Long-Term Investments": {"2020-12-31": "", "2020-09-30": "30.97000", "2020-06-30": "31.95800", "2020-03-31": "22.68700", "2019-12-31": "28.22000", "2019-09-30": "29.54400", "2019-06-30": "21.55300", "2019-03-31": "30.98700", "2018-12-31": "30.05400", "2018-09-30": "30.11500", "2018-06-30": "31.81600", "2018-03-31": "32.46700", "2017-12-31": "30.42100", "2017-09-30": "31.90700", "2017-06-30": "30.91200", "2017-03-31": "24.63600", "2016-12-31": "27.09600", "2016-09-30": "30.92100", "2016-06-30": "33.22600", "2016-03-31": "", "2015-12-31": "", "2015-09-30": "", "2015-06-30": "", "2015-03-31": "", "2014-12-31": "", "2014-09-30": "", "2014-06-30": "", "2014-03-31": "", "2013-12-31": "", "2013-09-30": "", "2013-06-30": "", "2013-03-31": "", "2012-12-31": "", "2012-09-30": "", "2012-06-30": "", "2012-03-31": "", "2011-12-31": "", "2011-09-30": "", "2011-06-30": "", "2011-03-31": "", "2010-12-31": "", "2010-09-30": "", "2010-06-30": "", "2010-03-31": "", "2009-12-31": "", "2009-09-30": "", "2009-06-30": "", "2009-03-31": "", "2008-12-31": "", "2008-09-30": "", "2008-06-30": "", "2008-03-31": "", "2007-12-31": "", "2007-09-30": "", "2007-06-30": "", "2007-03-31": "", "2006-12-31": "", "2006-09-30": "", "2006-06-30": "", "2006-03-31": "", "2005-12-31": "", "2005-09-30": "", "2005-06-30": "", "2005-03-31": ""}, "Goodwill And Intangible Assets": {"2020-12-31": "1861.17700", "2020-09-30": "1863.35600", "2020-06-30": "1852.37700", "2020-03-31": "1854.27200", "2019-12-31": "1872.05900", "2019-09-30": "1408.12800", "2019-06-30": "1428.26400", "2019-03-31": "1421.91300", "2018-12-31": "1435.98500", "2018-09-30": "1382.65900", "2018-06-30": "1397.11900", "2018-03-31": "1421.63300", "2017-12-31": "1427.98800", "2017-09-30": "1440.68000", "2017-06-30": "1445.45300", "2017-03-31": "1441.57700", "2016-12-31": "1453.21900", "2016-09-30": "1480.11800", "2016-06-30": "1493.04200", "2016-03-31": "1511.41600", "2015-12-31": "1403.90000", "2015-09-30": "1360.34200", "2015-06-30": "1377.32300", "2015-03-31": "1286.39600", "2014-12-31": "1320.01300", "2014-09-30": "1349.40000", "2014-06-30": "1138.78400", "2014-03-31": "1149.22500", "2013-12-31": "1029.42200", "2013-09-30": "1042.21600", "2013-06-30": "1013.58100", "2013-03-31": "1026.99900", "2012-12-31": "1048.00000", "2012-09-30": "796.23200", "2012-06-30": "799.74100", "2012-03-31": "821.72700", "2011-12-31": "822.06990", "2011-09-30": "835.41100", "2011-06-30": "851.88200", "2011-03-31": "541.75300", "2010-12-31": "534.56500", "2010-09-30": "546.44000", "2010-06-30": "534.00900", "2010-03-31": "559.43900", "2009-12-31": "582.42200", "2009-09-30": "596.51700", "2009-06-30": "593.28000", "2009-03-31": "565.75400", "2008-12-31": "581.30500", "2008-09-30": "587.53700", "2008-06-30": "617.57400", "2008-03-31": "630.64300", "2007-12-31": "613.43400", "2007-09-30": "325.05200", "2007-06-30": "327.36500", "2007-03-31": "342.19200", "2006-12-31": "343.38100", "2006-09-30": "327.12200", "2006-06-30": "328.62200", "2006-03-31": "265.50400", "2005-12-31": "267.99300", "2005-09-30": "258.83800", "2005-06-30": "63.55100", "2005-03-31": "56.60900"}, "Other Long-Term Assets": {"2020-12-31": "221.44100", "2020-09-30": "212.57000", "2020-06-30": "195.23400", "2020-03-31": "184.24000", "2019-12-31": "161.85900", "2019-09-30": "140.13000", "2019-06-30": "148.99800", "2019-03-31": "169.59600", "2018-12-31": "178.43700", "2018-09-30": "36.28500", "2018-06-30": "35.07000", "2018-03-31": "36.48200", "2017-12-31": "36.96900", "2017-09-30": "34.47500", "2017-06-30": "32.32200", "2017-03-31": "33.29600", "2016-12-31": "44.15900", "2016-09-30": "35.29600", "2016-06-30": "43.21600", "2016-03-31": "38.74000", "2015-12-31": "41.89600", "2015-09-30": "40.79400", "2015-06-30": "41.11500", "2015-03-31": "30.15200", "2014-12-31": "41.05200", "2014-09-30": "41.64600", "2014-06-30": "37.52500", "2014-03-31": "37.66600", "2013-12-31": "35.15700", "2013-09-30": "34.12600", "2013-06-30": "36.55800", "2013-03-31": "32.19700", "2012-12-31": "34.36800", "2012-09-30": "32.12400", "2012-06-30": "29.56200", "2012-03-31": "29.51600", "2011-12-31": "36.68800", "2011-09-30": "41.37400", "2011-06-30": "34.05400", "2011-03-31": "32.99600", "2010-12-31": "45.03100", "2010-09-30": "43.84500", "2010-06-30": "37.57500", "2010-03-31": "33.05100", "2009-12-31": "32.57600", "2009-09-30": "38.93100", "2009-06-30": "23.36700", "2009-03-31": "24.70600", "2008-12-31": "34.90800", "2008-09-30": "38.11400", "2008-06-30": "37.89100", "2008-03-31": "40.28700", "2007-12-31": "43.70200", "2007-09-30": "45.91600", "2007-06-30": "69.98600", "2007-03-31": "68.84400", "2006-12-31": "74.14200", "2006-09-30": "75.39800", "2006-06-30": "60.63300", "2006-03-31": "53.74300", "2005-12-31": "55.61200", "2005-09-30": "49.08500", "2005-06-30": "32.83400", "2005-03-31": "29.69400"}, "Total Long-Term Assets": {"2020-12-31": "2512.68400", "2020-09-30": "2549.29100", "2020-06-30": "2528.93100", "2020-03-31": "2525.04500", "2019-12-31": "2540.65800", "2019-09-30": "1881.96700", "2019-06-30": "1895.93800", "2019-03-31": "1925.21700", "2018-12-31": "1952.98400", "2018-09-30": "1695.23800", "2018-06-30": "1667.41900", "2018-03-31": "1679.65400", "2017-12-31": "1686.48300", "2017-09-30": "1693.82800", "2017-06-30": "1682.30200", "2017-03-31": "1662.02500", "2016-12-31": "1683.75300", "2016-09-30": "1703.14000", "2016-06-30": "1703.86000", "2016-03-31": "1670.11200", "2015-12-31": "1556.30500", "2015-09-30": "1505.23400", "2015-06-30": "1511.39600", "2015-03-31": "1402.37800", "2014-12-31": "1441.15800", "2014-09-30": "1467.78700", "2014-06-30": "1246.97700", "2014-03-31": "1255.68200", "2013-12-31": "1135.64200", "2013-09-30": "1148.69000", "2013-06-30": "1116.82900", "2013-03-31": "1139.58100", "2012-12-31": "1169.14800", "2012-09-30": "912.48200", "2012-06-30": "1003.49000", "2012-03-31": "1027.35600", "2011-12-31": "1025.09700", "2011-09-30": "1037.41800", "2011-06-30": "1063.25500", "2011-03-31": "722.09790", "2010-12-31": "728.67600", "2010-09-30": "738.80700", "2010-06-30": "734.80900", "2010-03-31": "761.12400", "2009-12-31": "781.43200", "2009-09-30": "803.74600", "2009-06-30": "783.63310", "2009-03-31": "725.93800", "2008-12-31": "763.41900", "2008-09-30": "752.07900", "2008-06-30": "779.06000", "2008-03-31": "792.81700", "2007-12-31": "780.27400", "2007-09-30": "495.68200", "2007-06-30": "516.40300", "2007-03-31": "464.74000", "2006-12-31": "472.94700", "2006-09-30": "463.27100", "2006-06-30": "443.29500", "2006-03-31": "372.10900", "2005-12-31": "376.63000", "2005-09-30": "362.89600", "2005-06-30": "149.44200", "2005-03-31": "141.06700"}, "Total Assets": {"2020-12-31": "3448.88800", "2020-09-30": "3382.73800", "2020-06-30": "3376.16900", "2020-03-31": "3866.47100", "2019-12-31": "3279.82700", "2019-09-30": "2664.58800", "2019-06-30": "2648.60100", "2019-03-31": "2715.81900", "2018-12-31": "2752.96900", "2018-09-30": "2329.02200", "2018-06-30": "2255.63100", "2018-03-31": "2328.81400", "2017-12-31": "2305.94200", "2017-09-30": "2360.38400", "2017-06-30": "2291.76100", "2017-03-31": "2333.74800", "2016-12-31": "2196.94100", "2016-09-30": "2345.72900", "2016-06-30": "2339.14600", "2016-03-31": "2411.50200", "2015-12-31": "2215.89300", "2015-09-30": "2209.91300", "2015-06-30": "2146.60100", "2015-03-31": "2108.63000", "2014-12-31": "2137.22300", "2014-09-30": "2199.95400", "2014-06-30": "1958.20600", "2014-03-31": "1959.12600", "2013-12-31": "1904.74200", "2013-09-30": "1828.90600", "2013-06-30": "1756.77700", "2013-03-31": "1784.81900", "2012-12-31": "1802.64600", "2012-09-30": "1791.63400", "2012-06-30": "1611.46100", "2012-03-31": "1658.61600", "2011-12-31": "1613.38500", "2011-09-30": "1629.68200", "2011-06-30": "1681.51300", "2011-03-31": "1347.10100", "2010-12-31": "1267.51100", "2010-09-30": "1307.06400", "2010-06-30": "1269.04000", "2010-03-31": "1311.82500", "2009-12-31": "1347.68600", "2009-09-30": "1350.21200", "2009-06-30": "1296.52200", "2009-03-31": "1266.86200", "2008-12-31": "1302.69200", "2008-09-30": "1349.57300", "2008-06-30": "1323.03800", "2008-03-31": "1377.05500", "2007-12-31": "1323.69900", "2007-09-30": "1090.31300", "2007-06-30": "1051.36100", "2007-03-31": "980.18300", "2006-12-31": "896.68700", "2006-09-30": "901.38700", "2006-06-30": "851.95400", "2006-03-31": "829.30100", "2005-12-31": "772.05800", "2005-09-30": "786.62300", "2005-06-30": "754.81000", "2005-03-31": "751.69100"}, "Total Current Liabilities": {"2020-12-31": "712.23800", "2020-09-30": "680.76000", "2020-06-30": "666.29100", "2020-03-31": "1192.17200", "2019-12-31": "631.51200", "2019-09-30": "638.15500", "2019-06-30": "601.22200", "2019-03-31": "598.38300", "2018-12-31": "540.96900", "2018-09-30": "735.27900", "2018-06-30": "665.11000", "2018-03-31": "689.32600", "2017-12-31": "604.33600", "2017-09-30": "678.90900", "2017-06-30": "650.94000", "2017-03-31": "683.94500", "2016-12-31": "556.73000", "2016-09-30": "654.51900", "2016-06-30": "603.89400", "2016-03-31": "618.80600", "2015-12-31": "579.38700", "2015-09-30": "617.26000", "2015-06-30": "638.19300", "2015-03-31": "660.73600", "2014-12-31": "588.98200", "2014-09-30": "626.66700", "2014-06-30": "548.35100", "2014-03-31": "525.81500", "2013-12-31": "455.93700", "2013-09-30": "528.61300", "2013-06-30": "494.02800", "2013-03-31": "499.06900", "2012-12-31": "453.32000", "2012-09-30": "481.74400", "2012-06-30": "482.29500", "2012-03-31": "506.53200", "2011-12-31": "428.39300", "2011-09-30": "465.32400", "2011-06-30": "485.23000", "2011-03-31": "437.70900", "2010-12-31": "398.12800", "2010-09-30": "452.99400", "2010-06-30": "439.03200", "2010-03-31": "473.77100", "2009-12-31": "474.92700", "2009-09-30": "491.43100", "2009-06-30": "483.40700", "2009-03-31": "489.15900", "2008-12-31": "529.11100", "2008-09-30": "566.35300", "2008-06-30": "583.56700", "2008-03-31": "660.71800", "2007-12-31": "626.72000", "2007-09-30": "430.34200", "2007-06-30": "359.41800", "2007-03-31": "378.98700", "2006-12-31": "324.15400", "2006-09-30": "384.87400", "2006-06-30": "346.24400", "2006-03-31": "351.74300", "2005-12-31": "315.17800", "2005-09-30": "344.76200", "2005-06-30": "353.86500", "2005-03-31": "372.69100"}, "Long Term Debt": {"2020-12-31": "987.85700", "2020-09-30": "1005.31400", "2020-06-30": "1124.70200", "2020-03-31": "1134.28700", "2019-12-31": "1124.34500", "2019-09-30": "669.13400", "2019-06-30": "698.91600", "2019-03-31": "738.70000", "2018-12-31": "778.48400", "2018-09-30": "643.26800", "2018-06-30": "693.05300", "2018-03-31": "642.83700", "2017-12-31": "742.62200", "2017-09-30": "712.40600", "2017-06-30": "712.19100", "2017-03-31": "711.97600", "2016-12-31": "731.76200", "2016-09-30": "751.60100", "2016-06-30": "778.12500", "2016-03-31": "838.12500", "2015-12-31": "718.12500", "2015-09-30": "618.12500", "2015-06-30": "580.62500", "2015-03-31": "493.12500", "2014-12-31": "574.37500", "2014-09-30": "586.87500", "2014-06-30": "299.37500", "2014-03-31": "305.62500", "2013-12-31": "353.12500", "2013-09-30": "243.12500", "2013-06-30": "258.75000", "2013-03-31": "300.62500", "2012-12-31": "362.50000", "2012-09-30": "362.50000", "2012-06-30": "140.00000", "2012-03-31": "160.00000", "2011-12-31": "200.00000", "2011-09-30": "200.00000", "2011-06-30": "250.00000", "2011-03-31": "", "2010-12-31": "", "2010-09-30": "", "2010-06-30": "", "2010-03-31": "", "2009-12-31": "", "2009-09-30": "", "2009-06-30": "", "2009-03-31": "", "2008-12-31": "", "2008-09-30": "", "2008-06-30": "", "2008-03-31": "", "2007-12-31": "", "2007-09-30": "", "2007-06-30": "", "2007-03-31": "", "2006-12-31": "", "2006-09-30": "", "2006-06-30": "", "2006-03-31": "", "2005-12-31": "", "2005-09-30": "", "2005-06-30": "", "2005-03-31": ""}, "Other Non-Current Liabilities": {"2020-12-31": "56.34000", "2020-09-30": "55.93600", "2020-06-30": "52.34800", "2020-03-31": "51.89400", "2019-12-31": "55.63800", "2019-09-30": "102.49500", "2019-06-30": "87.22600", "2019-03-31": "84.28700", "2018-12-31": "65.88900", "2018-09-30": "58.44500", "2018-06-30": "48.22700", "2018-03-31": "52.72700", "2017-12-31": "52.51200", "2017-09-30": "53.14200", "2017-06-30": "61.05300", "2017-03-31": "64.26600", "2016-12-31": "64.49500", "2016-09-30": "69.95200", "2016-06-30": "59.68800", "2016-03-31": "70.74200", "2015-12-31": "53.24200", "2015-09-30": "53.38600", "2015-06-30": "49.57000", "2015-03-31": "52.70600", "2014-12-31": "70.51400", "2014-09-30": "82.64900", "2014-06-30": "87.10000", "2014-03-31": "93.89100", "2013-12-31": "78.59800", "2013-09-30": "78.63400", "2013-06-30": "102.43600", "2013-03-31": "102.34000", "2012-12-31": "104.64000", "2012-09-30": "106.05700", "2012-06-30": "89.42000", "2012-03-31": "96.22000", "2011-12-31": "97.34400", "2011-09-30": "101.36000", "2011-06-30": "80.55400", "2011-03-31": "79.31200", "2010-12-31": "78.35000", "2010-09-30": "77.29500", "2010-06-30": "65.22600", "2010-03-31": "65.02300", "2009-12-31": "66.64300", "2009-09-30": "62.65800", "2009-06-30": "37.58100", "2009-03-31": "37.70100", "2008-12-31": "39.06300", "2008-09-30": "42.47000", "2008-06-30": "62.35600", "2008-03-31": "66.89300", "2007-12-31": "68.48900", "2007-09-30": "57.04000", "2007-06-30": "96.06500", "2007-03-31": "96.95700", "2006-12-31": "96.99600", "2006-09-30": "97.41300", "2006-06-30": "100.66700", "2006-03-31": "101.77100", "2005-12-31": "101.92100", "2005-09-30": "101.43200", "2005-06-30": "84.09200", "2005-03-31": "86.14800"}, "Total Long Term Liabilities": {"2020-12-31": "1241.72100", "2020-09-30": "1263.73000", "2020-06-30": "1382.31100", "2020-03-31": "1400.21800", "2019-12-31": "1400.49800", "2019-09-30": "824.43490", "2019-06-30": "831.78410", "2019-03-31": "869.72800", "2018-12-31": "890.83100", "2018-09-30": "719.15400", "2018-06-30": "756.13600", "2018-03-31": "711.76390", "2017-12-31": "812.50700", "2017-09-30": "796.03910", "2017-06-30": "805.44100", "2017-03-31": "802.45900", "2016-12-31": "821.24600", "2016-09-30": "848.54410", "2016-06-30": "872.59090", "2016-03-31": "938.59200", "2015-12-31": "800.56900", "2015-09-30": "732.48200", "2015-06-30": "678.08500", "2015-03-31": "593.67400", "2014-12-31": "692.78800", "2014-09-30": "719.39800", "2014-06-30": "437.38600", "2014-03-31": "450.89000", "2013-12-31": "480.15700", "2013-09-30": "373.81300", "2013-06-30": "412.04400", "2013-03-31": "457.95100", "2012-12-31": "523.36800", "2012-09-30": "512.63100", "2012-06-30": "266.16300", "2012-03-31": "294.09100", "2011-12-31": "337.26300", "2011-09-30": "341.66800", "2011-06-30": "394.13900", "2011-03-31": "106.36400", "2010-12-31": "105.34300", "2010-09-30": "106.76600", "2010-06-30": "95.41300", "2010-03-31": "96.29500", "2009-12-31": "100.84500", "2009-09-30": "97.20000", "2009-06-30": "68.08000", "2009-03-31": "68.18500", "2008-12-31": "73.34500", "2008-09-30": "80.69500", "2008-06-30": "87.04800", "2008-03-31": "94.07500", "2007-12-31": "94.54400", "2007-09-30": "65.46400", "2007-06-30": "104.29000", "2007-03-31": "106.57200", "2006-12-31": "106.53600", "2006-09-30": "110.64100", "2006-06-30": "112.66200", "2006-03-31": "114.10200", "2005-12-31": "115.37800", "2005-09-30": "118.01700", "2005-06-30": "84.09200", "2005-03-31": "86.14800"}, "Total Liabilities": {"2020-12-31": "1953.95900", "2020-09-30": "1944.49000", "2020-06-30": "2048.60200", "2020-03-31": "2592.39000", "2019-12-31": "2032.01000", "2019-09-30": "1462.59000", "2019-06-30": "1433.00600", "2019-03-31": "1468.11100", "2018-12-31": "1431.80000", "2018-09-30": "1454.43300", "2018-06-30": "1421.24600", "2018-03-31": "1401.09000", "2017-12-31": "1416.84300", "2017-09-30": "1474.94800", "2017-06-30": "1456.38100", "2017-03-31": "1486.40400", "2016-12-31": "1377.97600", "2016-09-30": "1503.06300", "2016-06-30": "1476.48500", "2016-03-31": "1557.39800", "2015-12-31": "1379.95600", "2015-09-30": "1349.74200", "2015-06-30": "1316.27800", "2015-03-31": "1254.41000", "2014-12-31": "1281.77000", "2014-09-30": "1346.06500", "2014-06-30": "985.73700", "2014-03-31": "976.70500", "2013-12-31": "936.09400", "2013-09-30": "902.42600", "2013-06-30": "906.07200", "2013-03-31": "957.02000", "2012-12-31": "976.68800", "2012-09-30": "994.37500", "2012-06-30": "748.45800", "2012-03-31": "800.62300", "2011-12-31": "765.65600", "2011-09-30": "806.99200", "2011-06-30": "879.36900", "2011-03-31": "544.07300", "2010-12-31": "503.47100", "2010-09-30": "559.76000", "2010-06-30": "534.44500", "2010-03-31": "570.06600", "2009-12-31": "575.77200", "2009-09-30": "588.63100", "2009-06-30": "551.48700", "2009-03-31": "557.34400", "2008-12-31": "602.45600", "2008-09-30": "647.04800", "2008-06-30": "670.61500", "2008-03-31": "754.79300", "2007-12-31": "721.26400", "2007-09-30": "495.80600", "2007-06-30": "463.70800", "2007-03-31": "485.55900", "2006-12-31": "430.69000", "2006-09-30": "495.51500", "2006-06-30": "458.90600", "2006-03-31": "465.84500", "2005-12-31": "430.55600", "2005-09-30": "462.77900", "2005-06-30": "437.95700", "2005-03-31": "458.83900"}, "Common Stock Net": {"2020-12-31": "1.16700", "2020-09-30": "1.16100", "2020-06-30": "1.16000", "2020-03-31": "1.15700", "2019-12-31": "1.15500", "2019-09-30": "1.14900", "2019-06-30": "1.15100", "2019-03-31": "1.18100", "2018-12-31": "1.18700", "2018-09-30": "1.18000", "2018-06-30": "1.15500", "2018-03-31": "1.16300", "2017-12-31": "1.16100", "2017-09-30": "1.15300", "2017-06-30": "1.15400", "2017-03-31": "1.15800", "2016-12-31": "1.15600", "2016-09-30": "1.15000", "2016-06-30": "1.15000", "2016-03-31": "1.14600", "2015-12-31": "1.14500", "2015-09-30": "1.13700", "2015-06-30": "1.14200", "2015-03-31": "1.15000", "2014-12-31": "1.14900", "2014-09-30": "1.15000", "2014-06-30": "1.17300", "2014-03-31": "1.18600", "2013-12-31": "1.19500", "2013-09-30": "1.18500", "2013-06-30": "1.19000", "2013-03-31": "1.19600", "2012-12-31": "1.19900", "2012-09-30": "1.19600", "2012-06-30": "1.18800", "2012-03-31": "1.19500", "2011-12-31": "1.18600", "2011-09-30": "1.16900", "2011-06-30": "1.17500", "2011-03-31": "1.18800", "2010-12-31": "1.18000", "2010-09-30": "1.15800", "2010-06-30": "1.15300", "2010-03-31": "1.16000", "2009-12-31": "1.17600", "2009-09-30": "1.16000", "2009-06-30": "1.16100", "2009-03-31": "1.15900", "2008-12-31": "1.15600", "2008-09-30": "1.15700", "2008-06-30": "1.15300", "2008-03-31": "1.15100", "2007-12-31": "1.16000", "2007-09-30": "1.14700", "2007-06-30": "1.15000", "2007-03-31": "1.14800", "2006-12-31": "1.13900", "2006-09-30": "1.11900", "2006-06-30": "1.11500", "2006-03-31": "1.11300", "2005-12-31": "2.77500", "2005-09-30": "1.10000", "2005-06-30": "2.72100", "2005-03-31": "2.71600"}, "Retained Earnings (Accumulated Deficit)": {"2020-12-31": "-38.75200", "2020-09-30": "-62.26700", "2020-06-30": "-115.67300", "2020-03-31": "-150.35100", "2019-12-31": "-157.50700", "2019-09-30": "-191.39000", "2019-06-30": "-197.05600", "2019-03-31": "-182.29800", "2018-12-31": "-138.78500", "2018-09-30": "-599.40900", "2018-06-30": "-612.60000", "2018-03-31": "-629.59700", "2017-12-31": "-637.51900", "2017-09-30": "-650.84000", "2017-06-30": "-668.27500", "2017-03-31": "-667.32400", "2016-12-31": "-666.22000", "2016-09-30": "-657.07900", "2016-06-30": "-628.60600", "2016-03-31": "-631.67900", "2015-12-31": "-626.50600", "2015-09-30": "-602.61400", "2015-06-30": "-597.06000", "2015-03-31": "-614.49500", "2014-12-31": "-619.88700", "2014-09-30": "-650.17100", "2014-06-30": "-688.92600", "2014-03-31": "-726.95200", "2013-12-31": "-770.70800", "2013-09-30": "-810.36500", "2013-06-30": "-866.83000", "2013-03-31": "-901.28600", "2012-12-31": "-918.32200", "2012-09-30": "-954.13400", "2012-06-30": "-870.14900", "2012-03-31": "-893.04300", "2011-12-31": "-896.61300", "2011-09-30": "-918.73600", "2011-06-30": "-956.35800", "2011-03-31": "-971.88300", "2010-12-31": "-990.90000", "2010-09-30": "-1004.16000", "2010-06-30": "-990.94500", "2010-03-31": "-1001.66400", "2009-12-31": "-1010.66500", "2009-09-30": "-1028.52800", "2009-06-30": "-1044.42800", "2009-03-31": "-1048.21600", "2008-12-31": "-1055.39100", "2008-09-30": "-1060.05000", "2008-06-30": "-1096.55400", "2008-03-31": "-1111.02400", "2007-12-31": "-1128.07800", "2007-09-30": "-1132.56500", "2007-06-30": "-1122.91200", "2007-03-31": "-1210.14000", "2006-12-31": "-1227.53900", "2006-09-30": "-1276.22100", "2006-06-30": "-1268.41500", "2006-03-31": "-1285.29100", "2005-12-31": "-1296.04200", "2005-09-30": "-1303.55800", "2005-06-30": "-1320.83300", "2005-03-31": "-1347.48700"}, "Comprehensive Income": {"2020-12-31": "-90.86500", "2020-09-30": "-103.37400", "2020-06-30": "-110.21100", "2020-03-31": "-113.49500", "2019-12-31": "-103.86100", "2019-09-30": "-110.71000", "2019-06-30": "-93.01200", "2019-03-31": "-95.12400", "2018-12-31": "-95.10800", "2018-09-30": "-85.58500", "2018-06-30": "-78.56900", "2018-03-31": "-62.43000", "2017-12-31": "-69.08900", "2017-09-30": "-73.90700", "2017-06-30": "-95.31900", "2017-03-31": "-109.54600", "2016-12-31": "-113.85700", "2016-09-30": "-99.95300", "2016-06-30": "-94.55800", "2016-03-31": "-91.35500", "2015-12-31": "-100.49700", "2015-09-30": "-91.74200", "2015-06-30": "-130.06700", "2015-03-31": "-132.08100", "2014-12-31": "-112.82600", "2014-09-30": "-94.36700", "2014-06-30": "-48.18500", "2014-03-31": "-51.16800", "2013-12-31": "-49.20300", "2013-09-30": "-51.16000", "2013-06-30": "-74.83600", "2013-03-31": "-73.66000", "2012-12-31": "-67.00500", "2012-09-30": "-72.50100", "2012-06-30": "-71.98100", "2012-03-31": "-61.12300", "2011-12-31": "-69.68900", "2011-09-30": "-64.76400", "2011-06-30": "-41.79800", "2011-03-31": "-44.47300", "2010-12-31": "-55.35100", "2010-09-30": "-52.48000", "2010-06-30": "-62.95500", "2010-03-31": "-47.13800", "2009-12-31": "-36.98200", "2009-09-30": "-33.59500", "2009-06-30": "-21.81200", "2009-03-31": "-27.18600", "2008-12-31": "-24.68500", "2008-09-30": "-17.27600", "2008-06-30": "-14.09400", "2008-03-31": "-19.86100", "2007-12-31": "-33.87800", "2007-09-30": "-33.53400", "2007-06-30": "-42.49200", "2007-03-31": "-41.99800", "2006-12-31": "-42.11500", "2006-09-30": "-42.59600", "2006-06-30": "-48.19500", "2006-03-31": "-49.69300", "2005-12-31": "-49.28600", "2005-09-30": "-49.03400", "2005-06-30": "-36.34000", "2005-03-31": "-32.28600"}, "Other Share Holders Equity": {"2020-12-31": "", "2020-09-30": "", "2020-06-30": "", "2020-03-31": "", "2019-12-31": "", "2019-09-30": "", "2019-06-30": "", "2019-03-31": "", "2018-12-31": "", "2018-09-30": "", "2018-06-30": "", "2018-03-31": "", "2017-12-31": "", "2017-09-30": "", "2017-06-30": "", "2017-03-31": "", "2016-12-31": "", "2016-09-30": "", "2016-06-30": "", "2016-03-31": "", "2015-12-31": "", "2015-09-30": "", "2015-06-30": "", "2015-03-31": "", "2014-12-31": "", "2014-09-30": "", "2014-06-30": "", "2014-03-31": "", "2013-12-31": "", "2013-09-30": "", "2013-06-30": "", "2013-03-31": "", "2012-12-31": "", "2012-09-30": "", "2012-06-30": "", "2012-03-31": "", "2011-12-31": "", "2011-09-30": "", "2011-06-30": "", "2011-03-31": "", "2010-12-31": "", "2010-09-30": "", "2010-06-30": "", "2010-03-31": "", "2009-12-31": "", "2009-09-30": "", "2009-06-30": "", "2009-03-31": "", "2008-12-31": "", "2008-09-30": "", "2008-06-30": "", "2008-03-31": "", "2007-12-31": "", "2007-09-30": "", "2007-06-30": "", "2007-03-31": "", "2006-12-31": "", "2006-09-30": "", "2006-06-30": "", "2006-03-31": "", "2005-12-31": "", "2005-09-30": "", "2005-06-30": "", "2005-03-31": ""}, "Share Holder Equity": {"2020-12-31": "1494.92900", "2020-09-30": "1438.24800", "2020-06-30": "1327.56700", "2020-03-31": "1274.08100", "2019-12-31": "1247.81700", "2019-09-30": "1201.99800", "2019-06-30": "1215.59500", "2019-03-31": "1247.70800", "2018-12-31": "1321.16900", "2018-09-30": "874.58900", "2018-06-30": "834.38500", "2018-03-31": "927.72400", "2017-12-31": "889.09900", "2017-09-30": "885.43600", "2017-06-30": "835.38000", "2017-03-31": "847.34400", "2016-12-31": "818.96500", "2016-09-30": "842.66600", "2016-06-30": "862.66100", "2016-03-31": "854.10400", "2015-12-31": "835.93700", "2015-09-30": "860.17100", "2015-06-30": "830.32300", "2015-03-31": "854.22000", "2014-12-31": "855.45300", "2014-09-30": "853.88900", "2014-06-30": "972.46900", "2014-03-31": "982.42100", "2013-12-31": "968.64800", "2013-09-30": "926.48000", "2013-06-30": "850.70500", "2013-03-31": "827.79900", "2012-12-31": "825.95800", "2012-09-30": "797.25900", "2012-06-30": "863.00300", "2012-03-31": "857.99300", "2011-12-31": "847.72900", "2011-09-30": "822.69000", "2011-06-30": "802.14400", "2011-03-31": "803.02800", "2010-12-31": "764.04000", "2010-09-30": "747.30400", "2010-06-30": "734.59500", "2010-03-31": "741.75900", "2009-12-31": "771.91400", "2009-09-30": "761.58100", "2009-06-30": "745.03500", "2009-03-31": "709.51800", "2008-12-31": "700.23600", "2008-09-30": "702.52500", "2008-06-30": "652.42300", "2008-03-31": "622.26200", "2007-12-31": "602.43500", "2007-09-30": "594.50700", "2007-06-30": "587.65300", "2007-03-31": "494.62400", "2006-12-31": "465.99700", "2006-09-30": "405.87200", "2006-06-30": "393.04800", "2006-03-31": "363.45600", "2005-12-31": "341.50200", "2005-09-30": "323.84400", "2005-06-30": "316.85300", "2005-03-31": "292.85200"}, "Total Liabilities And Share Holders Equity": {"2020-12-31": "3448.88800", "2020-09-30": "3382.73800", "2020-06-30": "3376.16900", "2020-03-31": "3866.47100", "2019-12-31": "3279.82700", "2019-09-30": "2664.58800", "2019-06-30": "2648.60100", "2019-03-31": "2715.81900", "2018-12-31": "2752.96900", "2018-09-30": "2329.02200", "2018-06-30": "2255.63100", "2018-03-31": "2328.81400", "2017-12-31": "2305.94200", "2017-09-30": "2360.38400", "2017-06-30": "2291.76100", "2017-03-31": "2333.74800", "2016-12-31": "2196.94100", "2016-09-30": "2345.72900", "2016-06-30": "2339.14600", "2016-03-31": "2411.50200", "2015-12-31": "2215.89300", "2015-09-30": "2209.91300", "2015-06-30": "2146.60100", "2015-03-31": "2108.63000", "2014-12-31": "2137.22300", "2014-09-30": "2199.95400", "2014-06-30": "1958.20600", "2014-03-31": "1959.12600", "2013-12-31": "1904.74200", "2013-09-30": "1828.90600", "2013-06-30": "1756.77700", "2013-03-31": "1784.81900", "2012-12-31": "1802.64600", "2012-09-30": "1791.63400", "2012-06-30": "1611.46100", "2012-03-31": "1658.61600", "2011-12-31": "1613.38500", "2011-09-30": "1629.68200", "2011-06-30": "1681.51300", "2011-03-31": "1347.10100", "2010-12-31": "1267.51100", "2010-09-30": "1307.06400", "2010-06-30": "1269.04000", "2010-03-31": "1311.82500", "2009-12-31": "1347.68600", "2009-09-30": "1350.21200", "2009-06-30": "1296.52200", "2009-03-31": "1266.86200", "2008-12-31": "1302.69200", "2008-09-30": "1349.57300", "2008-06-30": "1323.03800", "2008-03-31": "1377.05500", "2007-12-31": "1323.69900", "2007-09-30": "1090.31300", "2007-06-30": "1051.36100", "2007-03-31": "980.18300", "2006-12-31": "896.68700", "2006-09-30": "901.38700", "2006-06-30": "851.95400", "2006-03-31": "829.30100", "2005-12-31": "772.05800", "2005-09-30": "786.62300", "2005-06-30": "754.81000", "2005-03-31": "751.69100"}}, "cash flow statement": {"Net Income/Loss": {"2020-09-30": "130.69500", "2019-09-30": "-27.46000", "2018-09-30": "51.98700", "2017-09-30": "6.23900", "2016-09-30": "-54.46500", "2015-09-30": "47.55700", "2014-09-30": "160.19400", "2013-09-30": "143.76900", "2012-09-30": "-35.39800", "2011-09-30": "85.42400", "2010-09-30": "24.36800", "2009-09-30": "31.52200", "2008-09-30": "79.70200", "2007-09-30": "143.65600", "2006-09-30": "56.80400", "2005-09-30": "73.18700"}, "Total Depreciation And Amortization - Cash Flow": {"2020-09-30": "119.50400", "2019-09-30": "77.82400", "2018-09-30": "87.40800", "2017-09-30": "86.74200", "2016-09-30": "86.55400", "2015-09-30": "84.43300", "2014-09-30": "77.30700", "2013-09-30": "76.55100", "2012-09-30": "66.47100", "2011-09-30": "62.39400", "2010-09-30": "62.18200", "2009-09-30": "61.61000", "2008-09-30": "60.02100", "2007-09-30": "39.19900", "2006-09-30": "33.88700", "2005-09-30": "25.88100"}, "Other Non-Cash Items": {"2020-09-30": "87.34100", "2019-09-30": "83.96000", "2018-09-30": "26.91700", "2017-09-30": "50.69100", "2016-09-30": "22.78000", "2015-09-30": "0.95400", "2014-09-30": "19.75500", "2013-09-30": "9.07800", "2012-09-30": "155.03700", "2011-09-30": "10.44500", "2010-09-30": "72.19900", "2009-09-30": "-10.06500", "2008-09-30": "52.50900", "2007-09-30": "-31.59800", "2006-09-30": "40.21500", "2005-09-30": "9.22600"}, "Total Non-Cash Items": {"2020-09-30": "206.84500", "2019-09-30": "161.78400", "2018-09-30": "114.32500", "2017-09-30": "137.43300", "2016-09-30": "109.33400", "2015-09-30": "85.38700", "2014-09-30": "97.06200", "2013-09-30": "85.62900", "2012-09-30": "221.50800", "2011-09-30": "72.83900", "2010-09-30": "134.38100", "2009-09-30": "51.54500", "2008-09-30": "112.53000", "2007-09-30": "7.60100", "2006-09-30": "74.10200", "2005-09-30": "35.10700"}, "Change In Accounts Receivable": {"2020-09-30": "-32.36500", "2019-09-30": "29.44600", "2018-09-30": "20.39600", "2017-09-30": "12.83200", "2016-09-30": "52.61700", "2015-09-30": "29.72300", "2014-09-30": "7.55400", "2013-09-30": "17.30800", "2012-09-30": "32.30900", "2011-09-30": "-32.33400", "2010-09-30": "-0.53100", "2009-09-30": "55.34700", "2008-09-30": "42.00600", "2007-09-30": "-2.78400", "2006-09-30": "-15.65700", "2005-09-30": "-10.31300"}, "Change In Inventories": {"2020-09-30": "", "2019-09-30": "", "2018-09-30": "", "2017-09-30": "", "2016-09-30": "", "2015-09-30": "", "2014-09-30": "", "2013-09-30": "", "2012-09-30": "", "2011-09-30": "", "2010-09-30": "", "2009-09-30": "", "2008-09-30": "", "2007-09-30": "", "2006-09-30": "", "2005-09-30": ""}, "Change In Accounts Payable": {"2020-09-30": "", "2019-09-30": "", "2018-09-30": "", "2017-09-30": "", "2016-09-30": "", "2015-09-30": "", "2014-09-30": "", "2013-09-30": "", "2012-09-30": "", "2011-09-30": "", "2010-09-30": "", "2009-09-30": "", "2008-09-30": "", "2007-09-30": "", "2006-09-30": "", "2005-09-30": ""}, "Change In Assets/Liabilities": {"2020-09-30": "-49.89800", "2019-09-30": "117.04100", "2018-09-30": "52.45800", "2017-09-30": "-5.97200", "2016-09-30": "22.26700", "2015-09-30": "46.58800", "2014-09-30": "12.07000", "2013-09-30": "-13.02000", "2012-09-30": "11.13400", "2011-09-30": "-4.78900", "2010-09-30": "-11.04200", "2009-09-30": "-24.87100", "2008-09-30": "-6.07600", "2007-09-30": "-27.53000", "2006-09-30": "-20.81200", "2005-09-30": "8.38400"}, "Total Change In Assets/Liabilities": {"2020-09-30": "-103.73200", "2019-09-30": "150.82100", "2018-09-30": "81.44000", "2017-09-30": "-8.46900", "2016-09-30": "128.39200", "2015-09-30": "46.95900", "2014-09-30": "47.29600", "2013-09-30": "-4.71500", "2012-09-30": "31.86500", "2011-09-30": "-74.16700", "2010-09-30": "-1.88400", "2009-09-30": "-0.29700", "2008-09-30": "30.00800", "2007-09-30": "-23.88300", "2006-09-30": "-65.62500", "2005-09-30": "21.87400"}, "Cash Flow From Operating Activities": {"2020-09-30": "233.80800", "2019-09-30": "285.14500", "2018-09-30": "247.75200", "2017-09-30": "135.20300", "2016-09-30": "183.26100", "2015-09-30": "179.90300", "2014-09-30": "304.55200", "2013-09-30": "224.68300", "2012-09-30": "217.97500", "2011-09-30": "78.69800", "2010-09-30": "156.64400", "2009-09-30": "69.67600", "2008-09-30": "222.24000", "2007-09-30": "127.37400", "2006-09-30": "65.28100", "2005-09-30": "130.16800"}, "Net Change In Property, Plant, And Equipment": {"2020-09-30": "-20.19600", "2019-09-30": "-64.41100", "2018-09-30": "-36.04100", "2017-09-30": "-25.44400", "2016-09-30": "-26.18900", "2015-09-30": "-30.62800", "2014-09-30": "-25.27500", "2013-09-30": "-29.32800", "2012-09-30": "-31.41300", "2011-09-30": "-27.81700", "2010-09-30": "-26.72900", "2009-09-30": "-30.08700", "2008-09-30": "-25.43900", "2007-09-30": "-24.05700", "2006-09-30": "-19.47200", "2005-09-30": "-14.95800"}, "Net Change In Intangible Assets": {"2020-09-30": "-11.05000", "2019-09-30": "", "2018-09-30": "-3.00000", "2017-09-30": "", "2016-09-30": "", "2015-09-30": "", "2014-09-30": "", "2013-09-30": "", "2012-09-30": "", "2011-09-30": "", "2010-09-30": "", "2009-09-30": "", "2008-09-30": "", "2007-09-30": "", "2006-09-30": "", "2005-09-30": "-1.17700"}, "Net Acquisitions/Divestitures": {"2020-09-30": "-483.47800", "2019-09-30": "-86.73700", "2018-09-30": "-3.00000", "2017-09-30": "-4.96000", "2016-09-30": "-165.80200", "2015-09-30": "-98.41100", "2014-09-30": "-323.52500", "2013-09-30": "-245.84300", "2012-09-30": "-0.22000", "2011-09-30": "-280.02600", "2010-09-30": "-2.72100", "2009-09-30": "-32.79000", "2008-09-30": "-261.59200", "2007-09-30": "-27.12000", "2006-09-30": "-75.08400", "2005-09-30": "-198.89700"}, "Net Change In Short-term Investments": {"2020-09-30": "-3.34800", "2019-09-30": "-2.55800", "2018-09-30": "-6.17100", "2017-09-30": "-0.94100", "2016-09-30": "-44.60500", "2015-09-30": "", "2014-09-30": "", "2013-09-30": "", "2012-09-30": "", "2011-09-30": "", "2010-09-30": "", "2009-09-30": "", "2008-09-30": "", "2007-09-30": "", "2006-09-30": "", "2005-09-30": ""}, "Net Change In Long-Term Investments": {"2020-09-30": "1.52100", "2019-09-30": "-5.99300", "2018-09-30": "-1.00000", "2017-09-30": "15.21800", "2016-09-30": "-0.56000", "2015-09-30": "-11.00000", "2014-09-30": "", "2013-09-30": "", "2012-09-30": "", "2011-09-30": "", "2010-09-30": "", "2009-09-30": "", "2008-09-30": "", "2007-09-30": "", "2006-09-30": "", "2005-09-30": ""}, "Net Change In Investments - Total": {"2020-09-30": "-1.82700", "2019-09-30": "-8.55100", "2018-09-30": "-7.17100", "2017-09-30": "14.27700", "2016-09-30": "-45.16500", "2015-09-30": "-11.00000", "2014-09-30": "", "2013-09-30": "", "2012-09-30": "", "2011-09-30": "", "2010-09-30": "", "2009-09-30": "", "2008-09-30": "", "2007-09-30": "", "2006-09-30": "", "2005-09-30": ""}, "Investing Activities - Other": {"2020-09-30": "-9.42100", "2019-09-30": "9.67500", "2018-09-30": "", "2017-09-30": "", "2016-09-30": "", "2015-09-30": "", "2014-09-30": "", "2013-09-30": "0.72100", "2012-09-30": "", "2011-09-30": "", "2010-09-30": "", "2009-09-30": "", "2008-09-30": "", "2007-09-30": "-3.97200", "2006-09-30": "", "2005-09-30": ""}, "Cash Flow From Investing Activities": {"2020-09-30": "-525.97200", "2019-09-30": "-150.02400", "2018-09-30": "-49.21200", "2017-09-30": "-16.12700", "2016-09-30": "-237.15600", "2015-09-30": "-140.03900", "2014-09-30": "-348.80000", "2013-09-30": "-274.45000", "2012-09-30": "-31.63300", "2011-09-30": "-307.84300", "2010-09-30": "-29.45000", "2009-09-30": "-62.87700", "2008-09-30": "-287.03100", "2007-09-30": "-55.14900", "2006-09-30": "-94.55600", "2005-09-30": "-215.03200"}, "Net Long-Term Debt": {"2020-09-30": "500.00000", "2019-09-30": "", "2018-09-30": "", "2017-09-30": "", "2016-09-30": "", "2015-09-30": "", "2014-09-30": "", "2013-09-30": "", "2012-09-30": "", "2011-09-30": "", "2010-09-30": "", "2009-09-30": "", "2008-09-30": "", "2007-09-30": "-0.49600", "2006-09-30": "-0.44200", "2005-09-30": "-0.27000"}, "Net Current Debt": {"2020-09-30": "-155.12500", "2019-09-30": "25.00000", "2018-09-30": "-70.00000", "2017-09-30": "-40.00000", "2016-09-30": "90.00000", "2015-09-30": "56.25000", "2014-09-30": "353.75000", "2013-09-30": "-111.87500", "2012-09-30": "170.00000", "2011-09-30": "200.00000", "2010-09-30": "-50.83200", "2009-09-30": "-31.95100", "2008-09-30": "88.13900", "2007-09-30": "", "2006-09-30": "", "2005-09-30": ""}, "Debt Issuance/Retirement Net - Total": {"2020-09-30": "344.87500", "2019-09-30": "25.00000", "2018-09-30": "-70.00000", "2017-09-30": "-40.00000", "2016-09-30": "90.00000", "2015-09-30": "56.25000", "2014-09-30": "353.75000", "2013-09-30": "-111.87500", "2012-09-30": "170.00000", "2011-09-30": "200.00000", "2010-09-30": "-50.83200", "2009-09-30": "-31.95100", "2008-09-30": "88.13900", "2007-09-30": "-0.49600", "2006-09-30": "-0.44200", "2005-09-30": "-0.27000"}, "Net Common Equity Issued/Repurchased": {"2020-09-30": "18.38200", "2019-09-30": "-102.01900", "2018-09-30": "-84.34600", "2017-09-30": "-40.21300", "2016-09-30": "0.02100", "2015-09-30": "-64.89900", "2014-09-30": "-224.03800", "2013-09-30": "-69.98700", "2012-09-30": "-13.74300", "2011-09-30": "-30.16500", "2010-09-30": "-47.25800", "2009-09-30": "-9.02100", "2008-09-30": "-14.59600", "2007-09-30": "5.69700", "2006-09-30": "7.83100", "2005-09-30": "10.16200"}, "Net Total Equity Issued/Repurchased": {"2020-09-30": "18.38200", "2019-09-30": "-102.01900", "2018-09-30": "-84.34600", "2017-09-30": "-40.21300", "2016-09-30": "0.02100", "2015-09-30": "-64.89900", "2014-09-30": "-224.03800", "2013-09-30": "-69.98700", "2012-09-30": "-13.74300", "2011-09-30": "-30.16500", "2010-09-30": "-47.25800", "2009-09-30": "-9.02100", "2008-09-30": "-14.59600", "2007-09-30": "5.69700", "2006-09-30": "7.83100", "2005-09-30": "10.16200"}, "Total Common And Preferred Stock Dividends Paid": {"2020-09-30": "", "2019-09-30": "", "2018-09-30": "", "2017-09-30": "", "2016-09-30": "", "2015-09-30": "", "2014-09-30": "", "2013-09-30": "", "2012-09-30": "", "2011-09-30": "", "2010-09-30": "", "2009-09-30": "", "2008-09-30": "", "2007-09-30": "", "2006-09-30": "", "2005-09-30": ""}, "Financial Activities - Other": {"2020-09-30": "-65.84700", "2019-09-30": "-45.94100", "2018-09-30": "-56.50000", "2017-09-30": "-37.89200", "2016-09-30": "-38.41500", "2015-09-30": "-33.50600", "2014-09-30": "-24.35900", "2013-09-30": "-14.66200", "2012-09-30": "-21.59400", "2011-09-30": "-19.41500", "2010-09-30": "-22.64500", "2009-09-30": "8.52000", "2008-09-30": "-11.08600", "2007-09-30": "-6.22500", "2006-09-30": "-0.96200", "2005-09-30": "-13.93900"}, "Cash Flow From Financial Activities": {"2020-09-30": "297.41000", "2019-09-30": "-122.96000", "2018-09-30": "-210.84600", "2017-09-30": "-118.10500", "2016-09-30": "51.60600", "2015-09-30": "-42.15500", "2014-09-30": "105.35300", "2013-09-30": "-196.52400", "2012-09-30": "134.66300", "2011-09-30": "150.42000", "2010-09-30": "-120.73500", "2009-09-30": "-32.45200", "2008-09-30": "62.45700", "2007-09-30": "-1.02400", "2006-09-30": "6.42700", "2005-09-30": "-4.04700"}, "Net Cash Flow": {"2020-09-30": "5.27100", "2019-09-30": "9.59600", "2018-09-30": "-20.11600", "2017-09-30": "2.03700", "2016-09-30": "4.51800", "2015-09-30": "-20.23700", "2014-09-30": "51.74100", "2013-09-30": "-247.63000", "2012-09-30": "321.66500", "2011-09-30": "-72.37500", "2010-09-30": "5.13100", "2009-09-30": "-21.81900", "2008-09-30": "-6.33000", "2007-09-30": "79.82300", "2006-09-30": "-20.97500", "2005-09-30": "-90.46400"}, "Stock-Based Compensation": {"2020-09-30": "115.14900", "2019-09-30": "86.40000", "2018-09-30": "82.93900", "2017-09-30": "76.70800", "2016-09-30": "65.99600", "2015-09-30": "50.18200", "2014-09-30": "50.88900", "2013-09-30": "48.78700", "2012-09-30": "51.30500", "2011-09-30": "45.40200", "2010-09-30": "48.91100", "2009-09-30": "43.32800", "2008-09-30": "44.39600", "2007-09-30": "36.44500", "2006-09-30": "38.20700", "2005-09-30": "15.46600"}, "Common Stock Dividends Paid": {"2020-09-30": "", "2019-09-30": "", "2018-09-30": "", "2017-09-30": "", "2016-09-30": "", "2015-09-30": "", "2014-09-30": "", "2013-09-30": "", "2012-09-30": "", "2011-09-30": "", "2010-09-30": "", "2009-09-30": "", "2008-09-30": "", "2007-09-30": "", "2006-09-30": "", "2005-09-30": ""}}, "cash flow statement, quarterly": {"Net Income/Loss": {"2020-12-31": "23.51500", "2020-09-30": 53.406, "2020-06-30": 34.678, "2020-03-31": 7.156, "2019-12-31": "35.45500", "2019-09-30": 9.826, "2019-06-30": -14.758, "2019-03-31": -43.513, "2018-12-31": "20.98500", "2018-09-30": 13.191, "2018-06-30": 16.997, "2018-03-31": 7.922, "2017-12-31": "13.87700", "2017-09-30": 17.435, "2017-06-30": -0.951, "2017-03-31": -1.104, "2016-12-31": "-9.14100", "2016-09-30": -28.473, "2016-06-30": 3.073, "2016-03-31": -5.173, "2015-12-31": "-23.89200", "2015-09-30": -5.554, "2015-06-30": 17.435, "2015-03-31": 5.392, "2014-12-31": "30.28400", "2014-09-30": 38.755, "2014-06-30": 38.026, "2014-03-31": 43.756, "2013-12-31": "39.65700", "2013-09-30": 56.466, "2013-06-30": 34.455, "2013-03-31": 17.037, "2012-12-31": "35.81100", "2012-09-30": -83.985, "2012-06-30": 22.895, "2012-03-31": 3.569, "2011-12-31": "22.12300", "2011-09-30": 37.621, "2011-06-30": 15.526, "2011-03-31": 19.017, "2010-12-31": "13.26000", "2010-09-30": -13.215, "2010-06-30": 10.718, "2010-03-31": 9.002, "2009-12-31": "17.86300", "2009-09-30": 15.9, "2009-06-30": 3.788, "2009-03-31": 7.175, "2008-12-31": "4.65900", "2008-09-30": 36.504, "2008-06-30": 14.47, "2008-03-31": 18.848, "2007-12-31": "9.88000", "2007-09-30": 30.639, "2007-06-30": 80.465, "2007-03-31": 17.399, "2006-12-31": "15.15300", "2006-09-30": 21.661, "2006-06-30": 16.876, "2006-03-31": 10.751, "2005-12-31": "7.51600", "2005-09-30": 6.87, "2005-06-30": 26.654, "2005-03-31": 39.663}, "Total Depreciation And Amortization - Cash Flow": {"2020-12-31": "28.22600", "2020-09-30": 29.36, "2020-06-30": 49.951, "2020-03-31": 11.848, "2019-12-31": "28.34500", "2019-09-30": 19.19, "2019-06-30": 19.076, "2019-03-31": 19.505, "2018-12-31": "20.05300", "2018-09-30": 22.105, "2018-06-30": 22.576, "2018-03-31": 21.681, "2017-12-31": "21.04600", "2017-09-30": 22.555, "2017-06-30": 21.504, "2017-03-31": 21.229, "2016-12-31": "21.45400", "2016-09-30": 21.833, "2016-06-30": 21.817, "2016-03-31": 22.291, "2015-12-31": "20.61300", "2015-09-30": 20.978, "2015-06-30": 21.25, "2015-03-31": 20.968, "2014-12-31": "21.23700", "2014-09-30": 20.008, "2014-06-30": 19.026, "2014-03-31": 19.173, "2013-12-31": "19.10000", "2013-09-30": 19.119, "2013-06-30": 18.568, "2013-03-31": 19.387, "2012-12-31": "19.47700", "2012-09-30": 16.319, "2012-06-30": 16.867, "2012-03-31": 16.259, "2011-12-31": "17.02600", "2011-09-30": 17.847, "2011-06-30": 15.827, "2011-03-31": 14.651, "2010-12-31": "14.06900", "2010-09-30": 14.644, "2010-06-30": 15.639, "2010-03-31": 15.976, "2009-12-31": "15.92300", "2009-09-30": 16.052, "2009-06-30": 15.601, "2009-03-31": 15.162, "2008-12-31": "14.79500", "2008-09-30": 16.537, "2008-06-30": 16.636, "2008-03-31": 14.913, "2007-12-31": "11.93500", "2007-09-30": 10.317, "2007-06-30": 9.659, "2007-03-31": 9.687, "2006-12-31": "9.53600", "2006-09-30": 9.078, "2006-06-30": 8.685, "2006-03-31": 8.063, "2005-12-31": "8.06100", "2005-09-30": 7.57, "2005-06-30": 5.712, "2005-03-31": 12.599}, "Other Non-Cash Items": {"2020-12-31": "45.75700", "2020-09-30": 16.522, "2020-06-30": 24.094, "2020-03-31": 20.012, "2019-12-31": "26.71300", "2019-09-30": 15.073, "2019-06-30": 12.234, "2019-03-31": 27.251, "2018-12-31": "29.40200", "2018-09-30": -25.402, "2018-06-30": 16.751, "2018-03-31": 16.876, "2017-12-31": "18.69200", "2017-09-30": -6.984, "2017-06-30": 17.371, "2017-03-31": 21.726, "2016-12-31": "18.57800", "2016-09-30": -29.193, "2016-06-30": 13.8, "2016-03-31": 14.995, "2015-12-31": "23.17800", "2015-09-30": -37.199, "2015-06-30": 14.253, "2015-03-31": 12.992, "2014-12-31": "10.90800", "2014-09-30": -8.38, "2014-06-30": 10.271, "2014-03-31": 11.815, "2013-12-31": "6.04900", "2013-09-30": -25.838, "2013-06-30": 11.214, "2013-03-31": 11.809, "2012-12-31": "11.89300", "2012-09-30": 115.778, "2012-06-30": 13.427, "2012-03-31": 12.499, "2011-12-31": "13.33300", "2011-09-30": -19.571, "2011-06-30": 9.494, "2011-03-31": 9.73, "2010-12-31": "10.79200", "2010-09-30": 33.858, "2010-06-30": 11.624, "2010-03-31": 12.771, "2009-12-31": "13.94600", "2009-09-30": -27.045, "2009-06-30": -0.867, "2009-03-31": 6.904, "2008-12-31": "10.94300", "2008-09-30": 10.314, "2008-06-30": 17.949, "2008-03-31": 10.599, "2007-12-31": "13.64700", "2007-09-30": 3.502, "2007-06-30": -54.106, "2007-03-31": 10.307, "2006-12-31": "8.69900", "2006-09-30": 6.884, "2006-06-30": 13.07, "2006-03-31": 9.955, "2005-12-31": "10.30600", "2005-09-30": 9.994, "2005-06-30": -1.323, "2005-03-31": 0.555}, "Total Non-Cash Items": {"2020-12-31": "73.98300", "2020-09-30": 45.882, "2020-06-30": 74.045, "2020-03-31": 31.86, "2019-12-31": "55.05800", "2019-09-30": 34.263, "2019-06-30": 31.31, "2019-03-31": 46.756, "2018-12-31": "49.45500", "2018-09-30": -3.297, "2018-06-30": 39.327, "2018-03-31": 38.557, "2017-12-31": "39.73800", "2017-09-30": 15.571, "2017-06-30": 38.875, "2017-03-31": 42.955, "2016-12-31": "40.03200", "2016-09-30": -7.36, "2016-06-30": 35.617, "2016-03-31": 37.286, "2015-12-31": "43.79100", "2015-09-30": -16.221, "2015-06-30": 35.503, "2015-03-31": 33.96, "2014-12-31": "32.14500", "2014-09-30": 11.628, "2014-06-30": 29.297, "2014-03-31": 30.988, "2013-12-31": "25.14900", "2013-09-30": -6.719, "2013-06-30": 29.782, "2013-03-31": 31.196, "2012-12-31": "31.37000", "2012-09-30": 132.097, "2012-06-30": 30.294, "2012-03-31": 28.758, "2011-12-31": "30.35900", "2011-09-30": -1.724, "2011-06-30": 25.321, "2011-03-31": 24.381, "2010-12-31": "24.86100", "2010-09-30": 48.502, "2010-06-30": 27.263, "2010-03-31": 28.747, "2009-12-31": "29.86900", "2009-09-30": -10.993, "2009-06-30": 14.734, "2009-03-31": 22.066, "2008-12-31": "25.73800", "2008-09-30": 26.851, "2008-06-30": 34.585, "2008-03-31": 25.512, "2007-12-31": "25.58200", "2007-09-30": 13.819, "2007-06-30": -44.447, "2007-03-31": 19.994, "2006-12-31": "18.23500", "2006-09-30": 15.962, "2006-06-30": 21.755, "2006-03-31": 18.018, "2005-12-31": "18.36700", "2005-09-30": 17.564, "2005-06-30": 4.389, "2005-03-31": 13.154}, "Change In Accounts Receivable": {"2020-12-31": "10.31500", "2020-09-30": -87.027, "2020-06-30": 34.475, "2020-03-31": -14.127, "2019-12-31": "34.31400", "2019-09-30": -58.808, "2019-06-30": 33.753, "2019-03-31": 30.476, "2018-12-31": "24.02500", "2018-09-30": -0.799, "2018-06-30": -10.832, "2018-03-31": 10.424, "2017-12-31": "21.60300", "2017-09-30": -22.081, "2017-06-30": 19.54, "2017-03-31": -5.811, "2016-12-31": "21.18400", "2016-09-30": -5.882, "2016-06-30": -5.118, "2016-03-31": 28.398, "2015-12-31": "35.21900", "2015-09-30": -15.183, "2015-06-30": 22.195, "2015-03-31": -3.089, "2014-12-31": "25.80000", "2014-09-30": -7.071, "2014-06-30": -2.112, "2014-03-31": -2.536, "2013-12-31": "19.27300", "2013-09-30": -18.566, "2013-06-30": 13.689, "2013-03-31": 6.043, "2012-12-31": "16.14200", "2012-09-30": -9.473, "2012-06-30": 3.084, "2012-03-31": 25.403, "2011-12-31": "13.29500", "2011-09-30": -50.393, "2011-06-30": 2.16, "2011-03-31": 16.857, "2010-12-31": "-0.95800", "2010-09-30": -11.759, "2010-06-30": 2.467, "2010-03-31": 4.55, "2009-12-31": "4.21100", "2009-09-30": -12.108, "2009-06-30": -9.56, "2009-03-31": 53.576, "2008-12-31": "23.43900", "2008-09-30": -27.813, "2008-06-30": 0.268, "2008-03-31": 31.451, "2007-12-31": "38.10000", "2007-09-30": -36.267, "2007-06-30": 18.751, "2007-03-31": 23.034, "2006-12-31": "-8.30200", "2006-09-30": -16.294, "2006-06-30": -5.084, "2006-03-31": 10.441, "2005-12-31": "-4.72000", "2005-09-30": -10.715, "2005-06-30": 5.759, "2005-03-31": -5.357}, "Change In Inventories": {"2020-12-31": "", "2020-09-30": 0, "2020-06-30": 0, "2020-03-31": 0, "2019-12-31": "", "2019-09-30": 0, "2019-06-30": 0, "2019-03-31": 0, "2018-12-31": "", "2018-09-30": 0, "2018-06-30": 0, "2018-03-31": 0, "2017-12-31": "", "2017-09-30": 0, "2017-06-30": 0, "2017-03-31": 0, "2016-12-31": "", "2016-09-30": 0, "2016-06-30": 0, "2016-03-31": 0, "2015-12-31": "", "2015-09-30": 0, "2015-06-30": 0, "2015-03-31": 0, "2014-12-31": "", "2014-09-30": 0, "2014-06-30": 0, "2014-03-31": 0, "2013-12-31": "", "2013-09-30": 0, "2013-06-30": 0, "2013-03-31": 0, "2012-12-31": "", "2012-09-30": 0, "2012-06-30": 0, "2012-03-31": 0, "2011-12-31": "", "2011-09-30": 0, "2011-06-30": 0, "2011-03-31": 0, "2010-12-31": "", "2010-09-30": 0, "2010-06-30": 0, "2010-03-31": 0, "2009-12-31": "", "2009-09-30": 0, "2009-06-30": 0, "2009-03-31": 0, "2008-12-31": "", "2008-09-30": 0, "2008-06-30": 0, "2008-03-31": 0, "2007-12-31": "", "2007-09-30": 0, "2007-06-30": 0, "2007-03-31": 0, "2006-12-31": "", "2006-09-30": 0, "2006-06-30": 0, "2006-03-31": 0, "2005-12-31": "", "2005-09-30": 0, "2005-06-30": 0, "2005-03-31": 0}, "Change In Accounts Payable": {"2020-12-31": "", "2020-09-30": 0, "2020-06-30": 0, "2020-03-31": 0, "2019-12-31": "", "2019-09-30": 0, "2019-06-30": 0, "2019-03-31": 0, "2018-12-31": "", "2018-09-30": 0, "2018-06-30": 0, "2018-03-31": 0, "2017-12-31": "", "2017-09-30": 0, "2017-06-30": 0, "2017-03-31": 0, "2016-12-31": "", "2016-09-30": 0, "2016-06-30": 0, "2016-03-31": 0, "2015-12-31": "", "2015-09-30": 0, "2015-06-30": 0, "2015-03-31": 0, "2014-12-31": "", "2014-09-30": 0, "2014-06-30": 0, "2014-03-31": 0, "2013-12-31": "", "2013-09-30": 0, "2013-06-30": 0, "2013-03-31": 0, "2012-12-31": "", "2012-09-30": 0, "2012-06-30": 0, "2012-03-31": 0, "2011-12-31": "", "2011-09-30": 0, "2011-06-30": 0, "2011-03-31": 0, "2010-12-31": "", "2010-09-30": 0, "2010-06-30": 0, "2010-03-31": 0, "2009-12-31": "", "2009-09-30": 0, "2009-06-30": 0, "2009-03-31": 0, "2008-12-31": "", "2008-09-30": 0, "2008-06-30": 0, "2008-03-31": 0, "2007-12-31": "", "2007-09-30": 0, "2007-06-30": 0, "2007-03-31": 0, "2006-12-31": "", "2006-09-30": 0, "2006-06-30": 0, "2006-03-31": 0, "2005-12-31": "", "2005-09-30": 0, "2005-06-30": 0, "2005-03-31": 0}, "Change In Assets/Liabilities": {"2020-12-31": "-41.71700", "2020-09-30": 3.87, "2020-06-30": -35.632, "2020-03-31": 40.955, "2019-12-31": "-59.09100", "2019-09-30": 33.506, "2019-06-30": 5.83, "2019-03-31": 92.156, "2018-12-31": "-14.45100", "2018-09-30": -24.613, "2018-06-30": 19.33, "2018-03-31": 40.115, "2017-12-31": "17.62600", "2017-09-30": -28.612, "2017-06-30": 26.939, "2017-03-31": 35.948, "2016-12-31": "-40.24700", "2016-09-30": -25.459, "2016-06-30": 26.698, "2016-03-31": 21.912, "2015-12-31": "-0.88400", "2015-09-30": 18.113, "2015-06-30": 13.58, "2015-03-31": 35.621, "2014-12-31": "-20.72600", "2014-09-30": -33.482, "2014-06-30": 23.123, "2014-03-31": 34.797, "2013-12-31": "-12.36800", "2013-09-30": -27.39, "2013-06-30": -9.758, "2013-03-31": 32.078, "2012-12-31": "-7.95000", "2012-09-30": -40.533, "2012-06-30": 16.371, "2012-03-31": 29.323, "2011-12-31": "5.97300", "2011-09-30": -24.773, "2011-06-30": 0.52, "2011-03-31": 21.234, "2010-12-31": "-1.77000", "2010-09-30": -45.725, "2010-06-30": 18.986, "2010-03-31": 26.999, "2009-12-31": "-11.30200", "2009-09-30": -26.816, "2009-06-30": -15.788, "2009-03-31": 19.925, "2008-12-31": "-2.19200", "2008-09-30": -15.996, "2008-06-30": 3.806, "2008-03-31": 27.515, "2007-12-31": "-21.40100", "2007-09-30": -31.642, "2007-06-30": -4.48, "2007-03-31": 25.147, "2006-12-31": "-16.55500", "2006-09-30": -29.767, "2006-06-30": -3.949, "2006-03-31": 24.175, "2005-12-31": "-11.27100", "2005-09-30": -0.734, "2005-06-30": -1.31, "2005-03-31": 10.428}, "Total Change In Assets/Liabilities": {"2020-12-31": "16.26400", "2020-09-30": -65.314, "2020-06-30": -4.218, "2020-03-31": 48.801, "2019-12-31": "-83.00100", "2019-09-30": 11.127, "2019-06-30": 51.033, "2019-03-31": 137.887, "2018-12-31": "-49.22600", "2018-09-30": 52.066, "2018-06-30": -7.13, "2018-03-31": 64.604, "2017-12-31": "-28.10000", "2017-09-30": -0.266, "2017-06-30": 35.989, "2017-03-31": 34.575, "2016-12-31": "-78.76700", "2016-09-30": 49.498, "2016-06-30": 20.767, "2016-03-31": 16.772, "2015-12-31": "41.35500", "2015-09-30": 9.215, "2015-06-30": 33.901, "2015-03-31": 52.64, "2014-12-31": "-48.79700", "2014-09-30": 0.782, "2014-06-30": 39.1, "2014-03-31": 35.978, "2013-12-31": "-28.56400", "2013-09-30": -6.086, "2013-06-30": 20.353, "2013-03-31": 34.563, "2012-12-31": "-53.54500", "2012-09-30": -27.181, "2012-06-30": 10.821, "2012-03-31": 64.222, "2011-12-31": "-15.99700", "2011-09-30": -30.472, "2011-06-30": 7.586, "2011-03-31": 34.878, "2010-12-31": "-86.15900", "2010-09-30": -19.498, "2010-06-30": 12.387, "2010-03-31": 30.199, "2009-12-31": "-24.97200", "2009-09-30": 13.66, "2009-06-30": -42.969, "2009-03-31": 44.985, "2008-12-31": "-15.97300", "2008-09-30": -22.221, "2008-06-30": 4.247, "2008-03-31": 62.889, "2007-12-31": "-14.90700", "2007-09-30": -32.156, "2007-06-30": 2.931, "2007-03-31": 55.068, "2006-12-31": "-49.72600", "2006-09-30": -25.703, "2006-06-30": -24.642, "2006-03-31": 32.172, "2005-12-31": "-47.45200", "2005-09-30": -13.711, "2005-06-30": 4.609, "2005-03-31": 30.976}, "Cash Flow From Operating Activities": {"2020-12-31": "113.76200", "2020-09-30": 33.974, "2020-06-30": 104.505, "2020-03-31": 87.817, "2019-12-31": "7.51200", "2019-09-30": 55.216, "2019-06-30": 67.585, "2019-03-31": 141.13, "2018-12-31": "21.21400", "2018-09-30": 61.96, "2018-06-30": 49.194, "2018-03-31": 111.083, "2017-12-31": "25.51500", "2017-09-30": 32.74, "2017-06-30": 73.913, "2017-03-31": 76.426, "2016-12-31": "-47.87600", "2016-09-30": 13.665, "2016-06-30": 59.457, "2016-03-31": 48.885, "2015-12-31": "61.25400", "2015-09-30": -12.56, "2015-06-30": 86.839, "2015-03-31": 91.992, "2014-12-31": "13.63200", "2014-09-30": 51.165, "2014-06-30": 106.423, "2014-03-31": 110.722, "2013-12-31": "36.24200", "2013-09-30": 43.661, "2013-06-30": 84.59, "2013-03-31": 82.796, "2012-12-31": "13.63600", "2012-09-30": 20.931, "2012-06-30": 64.01, "2012-03-31": 96.549, "2011-12-31": "36.48500", "2011-09-30": 0.027, "2011-06-30": 48.433, "2011-03-31": 78.276, "2010-12-31": "-48.03800", "2010-09-30": 15.568, "2010-06-30": 50.368, "2010-03-31": 67.948, "2009-12-31": "22.76000", "2009-09-30": 5.473, "2009-06-30": -24.447, "2009-03-31": 74.226, "2008-12-31": "14.42400", "2008-09-30": 41.134, "2008-06-30": 53.302, "2008-03-31": 107.249, "2007-12-31": "20.55500", "2007-09-30": 12.302, "2007-06-30": 38.949, "2007-03-31": 92.461, "2006-12-31": "-16.33800", "2006-09-30": 11.92, "2006-06-30": 13.989, "2006-03-31": 60.941, "2005-12-31": "-21.56900", "2005-09-30": 10.723, "2005-06-30": 35.652, "2005-03-31": 83.793}, "Net Change In Property, Plant, And Equipment": {"2020-12-31": "-2.85700", "2020-09-30": -4.784, "2020-06-30": -5.169, "2020-03-31": -5.536, "2019-12-31": "-4.70700", "2019-09-30": -4.832, "2019-06-30": -8.311, "2019-03-31": -20.936, "2018-12-31": "-30.33200", "2018-09-30": -17.375, "2018-06-30": -7.527, "2018-03-31": -4.762, "2017-12-31": "-6.37700", "2017-09-30": -6.111, "2017-06-30": -4.544, "2017-03-31": -7.689, "2016-12-31": "-7.10000", "2016-09-30": -9.557, "2016-06-30": -7.766, "2016-03-31": -4.681, "2015-12-31": "-4.18500", "2015-09-30": -9.991, "2015-06-30": -6.53, "2015-03-31": -6.16, "2014-12-31": "-7.94700", "2014-09-30": -8.554, "2014-06-30": -6.379, "2014-03-31": -4.568, "2013-12-31": "-5.77400", "2013-09-30": -10.2, "2013-06-30": -6.702, "2013-03-31": -5.033, "2012-12-31": "-7.39300", "2012-09-30": -8.907, "2012-06-30": -5.882, "2012-03-31": -9.054, "2011-12-31": "-7.57000", "2011-09-30": -9.522, "2011-06-30": -6.735, "2011-03-31": -6.148, "2010-12-31": "-5.41200", "2010-09-30": -5.045, "2010-06-30": -4.582, "2010-03-31": -9.225, "2009-12-31": "-7.87700", "2009-09-30": -6.278, "2009-06-30": -8.543, "2009-03-31": -7.094, "2008-12-31": "-8.17200", "2008-09-30": -4.947, "2008-06-30": -9.785, "2008-03-31": -5.877, "2007-12-31": "-4.83000", "2007-09-30": -6.918, "2007-06-30": -4.746, "2007-03-31": -6.048, "2006-12-31": "-6.34500", "2006-09-30": -6.407, "2006-06-30": -4.911, "2006-03-31": -4.804, "2005-12-31": "-3.35000", "2005-09-30": -3.397, "2005-06-30": -3.639, "2005-03-31": -7.922}, "Net Change In Intangible Assets": {"2020-12-31": "-0.55000", "2020-09-30": 0, "2020-06-30": -11.05, "2020-03-31": 0, "2019-12-31": "", "2019-09-30": 0, "2019-06-30": 0, "2019-03-31": 0, "2018-12-31": "", "2018-09-30": 0, "2018-06-30": 0, "2018-03-31": -0.5, "2017-12-31": "-2.50000", "2017-09-30": 0, "2017-06-30": 0, "2017-03-31": 0, "2016-12-31": "", "2016-09-30": 0, "2016-06-30": 0, "2016-03-31": 0, "2015-12-31": "", "2015-09-30": 0, "2015-06-30": 0, "2015-03-31": 0, "2014-12-31": "", "2014-09-30": 0, "2014-06-30": 0, "2014-03-31": 0, "2013-12-31": "", "2013-09-30": 0, "2013-06-30": 0, "2013-03-31": 0, "2012-12-31": "", "2012-09-30": 0, "2012-06-30": 0, "2012-03-31": 0, "2011-12-31": "", "2011-09-30": 0, "2011-06-30": 0, "2011-03-31": 0, "2010-12-31": "", "2010-09-30": 0, "2010-06-30": 0, "2010-03-31": 0, "2009-12-31": "", "2009-09-30": 0, "2009-06-30": 0, "2009-03-31": 0, "2008-12-31": "", "2008-09-30": 0, "2008-06-30": 0, "2008-03-31": 0, "2007-12-31": "", "2007-09-30": 0, "2007-06-30": 0, "2007-03-31": 0, "2006-12-31": "", "2006-09-30": 0, "2006-06-30": 0, "2006-03-31": 0, "2005-12-31": "", "2005-09-30": -0.004, "2005-06-30": 0, "2005-03-31": -1.173}, "Net Acquisitions/Divestitures": {"2020-12-31": "", "2020-09-30": -14.958, "2020-06-30": 0, "2020-03-31": -0.771, "2019-12-31": "-467.74900", "2019-09-30": 0, "2019-06-30": -17.284, "2019-03-31": 0.103, "2018-12-31": "-69.55600", "2018-09-30": 0, "2018-06-30": 0, "2018-03-31": -3, "2017-12-31": "", "2017-09-30": 0, "2017-06-30": -4.96, "2017-03-31": 0, "2016-12-31": "", "2016-09-30": -1.611, "2016-06-30": 0, "2016-03-31": -99.411, "2015-12-31": "-64.78000", "2015-09-30": 0, "2015-06-30": -98.591, "2015-03-31": 0, "2014-12-31": "0.18000", "2014-09-30": -212.006, "2014-06-30": 0, "2014-03-31": -111.519, "2013-12-31": "", "2013-09-30": -25.026, "2013-06-30": 1.606, "2013-03-31": 0, "2012-12-31": "-222.42300", "2012-09-30": 0.95, "2012-06-30": 0, "2012-03-31": -0.29, "2011-12-31": "-0.88000", "2011-09-30": -14.873, "2011-06-30": -265.153, "2011-03-31": 0, "2010-12-31": "", "2010-09-30": -0.634, "2010-06-30": 0, "2010-03-31": -1.505, "2009-12-31": "-0.58200", "2009-09-30": 0, "2009-06-30": -24.315, "2009-03-31": -0.113, "2008-12-31": "-8.36200", "2008-09-30": 0, "2008-06-30": 0, "2008-03-31": 0.693, "2007-12-31": "-262.28500", "2007-09-30": -2.574, "2007-06-30": -6.907, "2007-03-31": 0, "2006-12-31": "-17.63900", "2006-09-30": 0, "2006-06-30": -64.409, "2006-03-31": 0, "2005-12-31": "-10.67500", "2005-09-30": -192.087, "2005-06-30": -6.81, "2005-03-31": 0}, "Net Change In Short-term Investments": {"2020-12-31": "2.29900", "2020-09-30": -1.532, "2020-06-30": -1.636, "2020-03-31": -0.087, "2019-12-31": "-0.09300", "2019-09-30": -4.285, "2019-06-30": 1.96, "2019-03-31": -0.504, "2018-12-31": "0.27100", "2018-09-30": -1.748, "2018-06-30": 1.131, "2018-03-31": -5.046, "2017-12-31": "-0.50800", "2017-09-30": -0.208, "2017-06-30": -2.013, "2017-03-31": 1.28, "2016-12-31": "", "2016-09-30": -44.605, "2016-06-30": 0, "2016-03-31": 0, "2015-12-31": "", "2015-09-30": 0, "2015-06-30": 0, "2015-03-31": 0, "2014-12-31": "", "2014-09-30": 0, "2014-06-30": 0, "2014-03-31": 0, "2013-12-31": "", "2013-09-30": 0, "2013-06-30": 0, "2013-03-31": 0, "2012-12-31": "", "2012-09-30": 0, "2012-06-30": 0, "2012-03-31": 0, "2011-12-31": "", "2011-09-30": 0, "2011-06-30": 0, "2011-03-31": 0, "2010-12-31": "", "2010-09-30": 0, "2010-06-30": 0, "2010-03-31": 0, "2009-12-31": "", "2009-09-30": 0, "2009-06-30": 0, "2009-03-31": 0, "2008-12-31": "", "2008-09-30": 0, "2008-06-30": 0, "2008-03-31": 0, "2007-12-31": "", "2007-09-30": 0, "2007-06-30": 0, "2007-03-31": 0, "2006-12-31": "", "2006-09-30": 0, "2006-06-30": 0, "2006-03-31": 0, "2005-12-31": "", "2005-09-30": 0, "2005-06-30": 0, "2005-03-31": 0}, "Net Change In Long-Term Investments": {"2020-12-31": "55.17000", "2020-09-30": 0, "2020-06-30": 1.521, "2020-03-31": 0, "2019-12-31": "", "2019-09-30": 1.507, "2019-06-30": 0, "2019-03-31": -7.5, "2018-12-31": "", "2018-09-30": 0, "2018-06-30": -1, "2018-03-31": 0, "2017-12-31": "", "2017-09-30": 0, "2017-06-30": 0, "2017-03-31": 13.716, "2016-12-31": "1.50200", "2016-09-30": 44.045, "2016-06-30": -44.605, "2016-03-31": 0, "2015-12-31": "", "2015-09-30": 0, "2015-06-30": -10, "2015-03-31": 0, "2014-12-31": "-1.00000", "2014-09-30": 0, "2014-06-30": 0, "2014-03-31": 0, "2013-12-31": "", "2013-09-30": 0, "2013-06-30": 0, "2013-03-31": 0, "2012-12-31": "", "2012-09-30": 0, "2012-06-30": 0, "2012-03-31": 0, "2011-12-31": "", "2011-09-30": 0, "2011-06-30": 0, "2011-03-31": 0, "2010-12-31": "", "2010-09-30": 0, "2010-06-30": 0, "2010-03-31": 0, "2009-12-31": "", "2009-09-30": 0, "2009-06-30": 0, "2009-03-31": 0, "2008-12-31": "", "2008-09-30": 0, "2008-06-30": 0, "2008-03-31": 0, "2007-12-31": "", "2007-09-30": 0, "2007-06-30": 0, "2007-03-31": 0, "2006-12-31": "", "2006-09-30": 0, "2006-06-30": 0, "2006-03-31": 0, "2005-12-31": "", "2005-09-30": 0, "2005-06-30": 0, "2005-03-31": 0}, "Net Change In Investments - Total": {"2020-12-31": "57.46900", "2020-09-30": -1.532, "2020-06-30": -0.115, "2020-03-31": -0.087, "2019-12-31": "-0.09300", "2019-09-30": -2.778, "2019-06-30": 1.96, "2019-03-31": -8.004, "2018-12-31": "0.27100", "2018-09-30": -1.748, "2018-06-30": 0.131, "2018-03-31": -5.046, "2017-12-31": "-0.50800", "2017-09-30": -0.208, "2017-06-30": -2.013, "2017-03-31": 14.996, "2016-12-31": "1.50200", "2016-09-30": -0.56, "2016-06-30": -44.605, "2016-03-31": 0, "2015-12-31": "", "2015-09-30": 0, "2015-06-30": -10, "2015-03-31": 0, "2014-12-31": "-1.00000", "2014-09-30": 0, "2014-06-30": 0, "2014-03-31": 0, "2013-12-31": "", "2013-09-30": 0, "2013-06-30": 0, "2013-03-31": 0, "2012-12-31": "", "2012-09-30": 0, "2012-06-30": 0, "2012-03-31": 0, "2011-12-31": "", "2011-09-30": 0, "2011-06-30": 0, "2011-03-31": 0, "2010-12-31": "", "2010-09-30": 0, "2010-06-30": 0, "2010-03-31": 0, "2009-12-31": "", "2009-09-30": 0, "2009-06-30": 0, "2009-03-31": 0, "2008-12-31": "", "2008-09-30": 0, "2008-06-30": 0, "2008-03-31": 0, "2007-12-31": "", "2007-09-30": 0, "2007-06-30": 0, "2007-03-31": 0, "2006-12-31": "", "2006-09-30": 0, "2006-06-30": 0, "2006-03-31": 0, "2005-12-31": "", "2005-09-30": 0, "2005-06-30": 0, "2005-03-31": 0}, "Investing Activities - Other": {"2020-12-31": "-7.35900", "2020-09-30": -7.692, "2020-06-30": -3.929, "2020-03-31": 3.07, "2019-12-31": "-0.87000", "2019-09-30": 5.166, "2019-06-30": 4.395, "2019-03-31": 1.709, "2018-12-31": "-1.59500", "2018-09-30": 0, "2018-06-30": 0, "2018-03-31": 0, "2017-12-31": "", "2017-09-30": 0, "2017-06-30": 0, "2017-03-31": 0, "2016-12-31": "", "2016-09-30": 0, "2016-06-30": 0, "2016-03-31": 0, "2015-12-31": "", "2015-09-30": 0, "2015-06-30": 0, "2015-03-31": 0, "2014-12-31": "", "2014-09-30": 0, "2014-06-30": 0, "2014-03-31": 0, "2013-12-31": "", "2013-09-30": 0.721, "2013-06-30": 0, "2013-03-31": 0, "2012-12-31": "", "2012-09-30": 0, "2012-06-30": 0, "2012-03-31": 0, "2011-12-31": "", "2011-09-30": 0, "2011-06-30": 0, "2011-03-31": 0, "2010-12-31": "", "2010-09-30": 0, "2010-06-30": 0, "2010-03-31": 0, "2009-12-31": "", "2009-09-30": 0, "2009-06-30": 0, "2009-03-31": 0, "2008-12-31": "", "2008-09-30": 0, "2008-06-30": 0, "2008-03-31": 0, "2007-12-31": "", "2007-09-30": 0, "2007-06-30": -3.972, "2007-03-31": 0, "2006-12-31": "", "2006-09-30": 0, "2006-06-30": 0, "2006-03-31": 0, "2005-12-31": "", "2005-09-30": 0, "2005-06-30": 0, "2005-03-31": 0}, "Cash Flow From Investing Activities": {"2020-12-31": "46.70300", "2020-09-30": -28.966, "2020-06-30": -20.263, "2020-03-31": -3.324, "2019-12-31": "-473.41900", "2019-09-30": -2.444, "2019-06-30": -19.24, "2019-03-31": -27.128, "2018-12-31": "-101.21200", "2018-09-30": -19.123, "2018-06-30": -7.396, "2018-03-31": -13.308, "2017-12-31": "-9.38500", "2017-09-30": -6.319, "2017-06-30": -11.517, "2017-03-31": 7.307, "2016-12-31": "-5.59800", "2016-09-30": -11.728, "2016-06-30": -52.371, "2016-03-31": -104.092, "2015-12-31": "-68.96500", "2015-09-30": -9.991, "2015-06-30": -115.121, "2015-03-31": -6.16, "2014-12-31": "-8.76700", "2014-09-30": -220.56, "2014-06-30": -6.379, "2014-03-31": -116.087, "2013-12-31": "-5.77400", "2013-09-30": -34.505, "2013-06-30": -5.096, "2013-03-31": -5.033, "2012-12-31": "-229.81600", "2012-09-30": -7.957, "2012-06-30": -5.882, "2012-03-31": -9.344, "2011-12-31": "-8.45000", "2011-09-30": -24.395, "2011-06-30": -271.888, "2011-03-31": -6.148, "2010-12-31": "-5.41200", "2010-09-30": -5.679, "2010-06-30": -4.582, "2010-03-31": -10.73, "2009-12-31": "-8.45900", "2009-09-30": -6.278, "2009-06-30": -32.858, "2009-03-31": -7.207, "2008-12-31": "-16.53400", "2008-09-30": -4.947, "2008-06-30": -9.785, "2008-03-31": -5.184, "2007-12-31": "-267.11500", "2007-09-30": -9.492, "2007-06-30": -15.625, "2007-03-31": -6.048, "2006-12-31": "-23.98400", "2006-09-30": -6.407, "2006-06-30": -69.32, "2006-03-31": -4.804, "2005-12-31": "-14.02500", "2005-09-30": -195.488, "2005-06-30": -10.449, "2005-03-31": -9.095}, "Net Long-Term Debt": {"2020-12-31": "-0.27900", "2020-09-30": 0, "2020-06-30": -500, "2020-03-31": 1000, "2019-12-31": "", "2019-09-30": 0, "2019-06-30": 0, "2019-03-31": 0, "2018-12-31": "", "2018-09-30": 0, "2018-06-30": 0, "2018-03-31": 0, "2017-12-31": "", "2017-09-30": 0, "2017-06-30": 0, "2017-03-31": 0, "2016-12-31": "", "2016-09-30": -670, "2016-06-30": 500, "2016-03-31": 120, "2015-12-31": "50.00000", "2015-09-30": 0, "2015-06-30": 0, "2015-03-31": 0, "2014-12-31": "", "2014-09-30": 0, "2014-06-30": 0, "2014-03-31": 0, "2013-12-31": "", "2013-09-30": 0, "2013-06-30": 0, "2013-03-31": 0, "2012-12-31": "", "2012-09-30": 0, "2012-06-30": 0, "2012-03-31": 0, "2011-12-31": "", "2011-09-30": 0, "2011-06-30": 0, "2011-03-31": 0, "2010-12-31": "", "2010-09-30": 0, "2010-06-30": 0, "2010-03-31": 0, "2009-12-31": "", "2009-09-30": 0, "2009-06-30": 0, "2009-03-31": 0, "2008-12-31": "", "2008-09-30": 0.308, "2008-06-30": -0.108, "2008-03-31": -0.2, "2007-12-31": "", "2007-09-30": -0.127, "2007-06-30": -0.125, "2007-03-31": -0.123, "2006-12-31": "-0.12100", "2006-09-30": -0.119, "2006-06-30": -0.103, "2006-03-31": -0.126, "2005-12-31": "-0.09400", "2005-09-30": -0.093, "2005-06-30": -0.177, "2005-03-31": 0}, "Net Current Debt": {"2020-12-31": "-18.00000", "2020-09-30": -120, "2020-06-30": -10.125, "2020-03-31": -480, "2019-12-31": "455.00000", "2019-09-30": -30, "2019-06-30": -40, "2019-03-31": -40, "2018-12-31": "135.00000", "2018-09-30": -50, "2018-06-30": 50, "2018-03-31": -100, "2017-12-31": "30.00000", "2017-09-30": 0, "2017-06-30": 0, "2017-03-31": -20, "2016-12-31": "-20.00000", "2016-09-30": 650, "2016-06-30": -560, "2016-03-31": 0, "2015-12-31": "", "2015-09-30": 43.75, "2015-06-30": 93.75, "2015-03-31": -75, "2014-12-31": "-6.25000", "2014-09-30": 296.875, "2014-06-30": -3.125, "2014-03-31": -50, "2013-12-31": "110.00000", "2013-09-30": -10, "2013-06-30": -40, "2013-03-31": -60, "2012-12-31": "-1.87500", "2012-09-30": 230, "2012-06-30": -20, "2012-03-31": -40, "2011-12-31": "", "2011-09-30": -50, "2011-06-30": 250, "2011-03-31": 0, "2010-12-31": "", "2010-09-30": 0, "2010-06-30": -31.112, "2010-03-31": -19.72, "2009-12-31": "", "2009-09-30": 0, "2009-06-30": 0, "2009-03-31": -18.686, "2008-12-31": "-13.26500", "2008-09-30": -10.86, "2008-06-30": -53.643, "2008-03-31": -52.358, "2007-12-31": "205.00000", "2007-09-30": 0, "2007-06-30": 0, "2007-03-31": 0, "2006-12-31": "", "2006-09-30": 0, "2006-06-30": 0, "2006-03-31": 0, "2005-12-31": "", "2005-09-30": 0, "2005-06-30": 0, "2005-03-31": 0}, "Debt Issuance/Retirement Net - Total": {"2020-12-31": "-18.27900", "2020-09-30": -120, "2020-06-30": -510.125, "2020-03-31": 520, "2019-12-31": "455.00000", "2019-09-30": -30, "2019-06-30": -40, "2019-03-31": -40, "2018-12-31": "135.00000", "2018-09-30": -50, "2018-06-30": 50, "2018-03-31": -100, "2017-12-31": "30.00000", "2017-09-30": 0, "2017-06-30": 0, "2017-03-31": -20, "2016-12-31": "-20.00000", "2016-09-30": -20, "2016-06-30": -60, "2016-03-31": 120, "2015-12-31": "50.00000", "2015-09-30": 43.75, "2015-06-30": 93.75, "2015-03-31": -75, "2014-12-31": "-6.25000", "2014-09-30": 296.875, "2014-06-30": -3.125, "2014-03-31": -50, "2013-12-31": "110.00000", "2013-09-30": -10, "2013-06-30": -40, "2013-03-31": -60, "2012-12-31": "-1.87500", "2012-09-30": 230, "2012-06-30": -20, "2012-03-31": -40, "2011-12-31": "", "2011-09-30": -50, "2011-06-30": 250, "2011-03-31": 0, "2010-12-31": "", "2010-09-30": 0, "2010-06-30": -31.112, "2010-03-31": -19.72, "2009-12-31": "", "2009-09-30": 0, "2009-06-30": 0, "2009-03-31": -18.686, "2008-12-31": "-13.26500", "2008-09-30": -10.552, "2008-06-30": -53.751, "2008-03-31": -52.558, "2007-12-31": "205.00000", "2007-09-30": -0.127, "2007-06-30": -0.125, "2007-03-31": -0.123, "2006-12-31": "-0.12100", "2006-09-30": -0.119, "2006-06-30": -0.103, "2006-03-31": -0.126, "2005-12-31": "-0.09400", "2005-09-30": -0.093, "2005-06-30": -0.177, "2005-03-31": 0}, "Net Common Equity Issued/Repurchased": {"2020-12-31": "", "2020-09-30": 9.402, "2020-06-30": 0, "2020-03-31": 8.98, "2019-12-31": "", "2019-09-30": -16.182, "2019-06-30": -25.001, "2019-03-31": -56.196, "2018-12-31": "-4.64000", "2018-09-30": 8.182, "2018-06-30": -100, "2018-03-31": 7.472, "2017-12-31": "", "2017-09-30": -9.197, "2017-06-30": -34.994, "2017-03-31": 3.978, "2016-12-31": "", "2016-09-30": 0.002, "2016-06-30": 0.018, "2016-03-31": 0, "2015-12-31": "0.00100", "2015-09-30": -14.975, "2015-06-30": -49.93, "2015-03-31": 0.003, "2014-12-31": "0.00300", "2014-09-30": -124.924, "2014-06-30": -59.865, "2014-03-31": -39.6, "2013-12-31": "0.35100", "2013-09-30": -18.487, "2013-06-30": -19.427, "2013-03-31": -16.926, "2012-12-31": "-15.14700", "2012-09-30": 5.895, "2012-06-30": -18.778, "2012-03-31": -8.056, "2011-12-31": "7.19600", "2011-09-30": -12.479, "2011-06-30": -33.66, "2011-03-31": 3.742, "2010-12-31": "12.23200", "2010-09-30": 4.264, "2010-06-30": -13.495, "2010-03-31": -36.946, "2009-12-31": "-1.08100", "2009-09-30": -2.306, "2009-06-30": 0.75, "2009-03-31": 0.01, "2008-12-31": "-7.47500", "2008-09-30": 5.012, "2008-06-30": -1.248, "2008-03-31": -20.384, "2007-12-31": "2.02400", "2007-09-30": -6.369, "2007-06-30": 1.177, "2007-03-31": 3.101, "2006-12-31": "7.78800", "2006-09-30": 3.779, "2006-06-30": 1.15, "2006-03-31": 2.07, "2005-12-31": "0.83200", "2005-09-30": 1.219, "2005-06-30": 1.655, "2005-03-31": 7.288}, "Net Total Equity Issued/Repurchased": {"2020-12-31": "", "2020-09-30": 9.402, "2020-06-30": 0, "2020-03-31": 8.98, "2019-12-31": "", "2019-09-30": -16.182, "2019-06-30": -25.001, "2019-03-31": -56.196, "2018-12-31": "-4.64000", "2018-09-30": 8.182, "2018-06-30": -100, "2018-03-31": 7.472, "2017-12-31": "", "2017-09-30": -9.197, "2017-06-30": -34.994, "2017-03-31": 3.978, "2016-12-31": "", "2016-09-30": 0.002, "2016-06-30": 0.018, "2016-03-31": 0, "2015-12-31": "0.00100", "2015-09-30": -14.975, "2015-06-30": -49.93, "2015-03-31": 0.003, "2014-12-31": "0.00300", "2014-09-30": -124.924, "2014-06-30": -59.865, "2014-03-31": -39.6, "2013-12-31": "0.35100", "2013-09-30": -18.487, "2013-06-30": -19.427, "2013-03-31": -16.926, "2012-12-31": "-15.14700", "2012-09-30": 5.895, "2012-06-30": -18.778, "2012-03-31": -8.056, "2011-12-31": "7.19600", "2011-09-30": -12.479, "2011-06-30": -33.66, "2011-03-31": 3.742, "2010-12-31": "12.23200", "2010-09-30": 4.264, "2010-06-30": -13.495, "2010-03-31": -36.946, "2009-12-31": "-1.08100", "2009-09-30": -2.306, "2009-06-30": 0.75, "2009-03-31": 0.01, "2008-12-31": "-7.47500", "2008-09-30": 5.012, "2008-06-30": -1.248, "2008-03-31": -20.384, "2007-12-31": "2.02400", "2007-09-30": -6.369, "2007-06-30": 1.177, "2007-03-31": 3.101, "2006-12-31": "7.78800", "2006-09-30": 3.779, "2006-06-30": 1.15, "2006-03-31": 2.07, "2005-12-31": "0.83200", "2005-09-30": 1.219, "2005-06-30": 1.655, "2005-03-31": 7.288}, "Total Common And Preferred Stock Dividends Paid": {"2020-12-31": "", "2020-09-30": 0, "2020-06-30": 0, "2020-03-31": 0, "2019-12-31": "", "2019-09-30": 0, "2019-06-30": 0, "2019-03-31": 0, "2018-12-31": "", "2018-09-30": 0, "2018-06-30": 0, "2018-03-31": 0, "2017-12-31": "", "2017-09-30": 0, "2017-06-30": 0, "2017-03-31": 0, "2016-12-31": "", "2016-09-30": 0, "2016-06-30": 0, "2016-03-31": 0, "2015-12-31": "", "2015-09-30": 0, "2015-06-30": 0, "2015-03-31": 0, "2014-12-31": "", "2014-09-30": 0, "2014-06-30": 0, "2014-03-31": 0, "2013-12-31": "", "2013-09-30": 0, "2013-06-30": 0, "2013-03-31": 0, "2012-12-31": "", "2012-09-30": 0, "2012-06-30": 0, "2012-03-31": 0, "2011-12-31": "", "2011-09-30": 0, "2011-06-30": 0, "2011-03-31": 0, "2010-12-31": "", "2010-09-30": 0, "2010-06-30": 0, "2010-03-31": 0, "2009-12-31": "", "2009-09-30": 0, "2009-06-30": 0, "2009-03-31": 0, "2008-12-31": "", "2008-09-30": 0, "2008-06-30": 0, "2008-03-31": 0, "2007-12-31": "", "2007-09-30": 0, "2007-06-30": 0, "2007-03-31": 0, "2006-12-31": "", "2006-09-30": 0, "2006-06-30": 0, "2006-03-31": 0, "2005-12-31": "", "2005-09-30": 0, "2005-06-30": 0, "2005-03-31": 0}, "Financial Activities - Other": {"2020-12-31": "-24.50000", "2020-09-30": -0.532, "2020-06-30": -25.478, "2020-03-31": -15.983, "2019-12-31": "-23.85400", "2019-09-30": -0.175, "2019-06-30": -9.7, "2019-03-31": -0.703, "2018-12-31": "-35.36300", "2018-09-30": -3.953, "2018-06-30": -15.429, "2018-03-31": -0.454, "2017-12-31": "-36.66400", "2017-09-30": -0.41, "2017-06-30": -15.421, "2017-03-31": -0.727, "2016-12-31": "-21.33400", "2016-09-30": -0.493, "2016-06-30": -20.207, "2016-03-31": -0.638, "2015-12-31": "-17.07700", "2015-09-30": -4.318, "2015-06-30": -7.487, "2015-03-31": -0.195, "2014-12-31": "-21.50600", "2014-09-30": -3.066, "2014-06-30": -3.628, "2014-03-31": -5.104, "2013-12-31": "-12.56100", "2013-09-30": 0.141, "2013-06-30": -2.051, "2013-03-31": -3.432, "2012-12-31": "-9.32000", "2012-09-30": -1.154, "2012-06-30": -1.428, "2012-03-31": -6.501, "2011-12-31": "-12.51100", "2011-09-30": 0.33, "2011-06-30": 1.681, "2011-03-31": -4.52, "2010-12-31": "-16.90600", "2010-09-30": -2.621, "2010-06-30": -0.078, "2010-03-31": -4.514, "2009-12-31": "-15.43200", "2009-09-30": -0.014, "2009-06-30": 13.06, "2009-03-31": -1.929, "2008-12-31": "-2.59700", "2008-09-30": -0.392, "2008-06-30": -0.003, "2008-03-31": -1.721, "2007-12-31": "-8.97000", "2007-09-30": -0.021, "2007-06-30": 0.088, "2007-03-31": -0.837, "2006-12-31": "-5.45500", "2006-09-30": -0.065, "2006-06-30": -0.016, "2006-03-31": -0.881, "2005-12-31": "", "2005-09-30": -13.648, "2005-06-30": -0.291, "2005-03-31": 0}, "Cash Flow From Financial Activities": {"2020-12-31": "-42.77900", "2020-09-30": -111.13, "2020-06-30": -535.603, "2020-03-31": 512.997, "2019-12-31": "431.14600", "2019-09-30": -46.357, "2019-06-30": -74.701, "2019-03-31": -96.899, "2018-12-31": "94.99700", "2018-09-30": -45.771, "2018-06-30": -65.429, "2018-03-31": -92.982, "2017-12-31": "-6.66400", "2017-09-30": -9.607, "2017-06-30": -50.415, "2017-03-31": -16.749, "2016-12-31": "-41.33400", "2016-09-30": -20.491, "2016-06-30": -80.189, "2016-03-31": 119.362, "2015-12-31": "32.92400", "2015-09-30": 24.457, "2015-06-30": 36.333, "2015-03-31": -75.192, "2014-12-31": "-27.75300", "2014-09-30": 168.885, "2014-06-30": -66.618, "2014-03-31": -94.704, "2013-12-31": "97.79000", "2013-09-30": -28.346, "2013-06-30": -61.478, "2013-03-31": -80.358, "2012-12-31": "-26.34200", "2012-09-30": 234.741, "2012-06-30": -40.206, "2012-03-31": -54.557, "2011-12-31": "-5.31500", "2011-09-30": -62.149, "2011-06-30": 218.021, "2011-03-31": -0.778, "2010-12-31": "-4.67400", "2010-09-30": 1.643, "2010-06-30": -44.685, "2010-03-31": -61.18, "2009-12-31": "-16.51300", "2009-09-30": -2.32, "2009-06-30": 13.81, "2009-03-31": -20.605, "2008-12-31": "-23.33700", "2008-09-30": -5.932, "2008-06-30": -55.002, "2008-03-31": -74.663, "2007-12-31": "198.05400", "2007-09-30": -6.517, "2007-06-30": 1.14, "2007-03-31": 2.141, "2006-12-31": "2.21200", "2006-09-30": 3.595, "2006-06-30": 1.031, "2006-03-31": 1.063, "2005-12-31": "0.73800", "2005-09-30": -12.522, "2005-06-30": 1.187, "2005-03-31": 7.288}, "Net Cash Flow": {"2020-12-31": "123.23900", "2020-09-30": -101.97, "2020-06-30": -449.748, "2020-03-31": 589.759, "2019-12-31": "-32.77000", "2019-09-30": 1.707, "2019-06-30": -26.45, "2019-03-31": 17.299, "2018-12-31": "17.04000", "2018-09-30": -7.135, "2018-06-30": -33.077, "2018-03-31": 8.032, "2017-12-31": "12.06400", "2017-09-30": 19.277, "2017-06-30": 17.379, "2017-03-31": 69.949, "2016-12-31": "-104.56800", "2016-09-30": -16.691, "2016-06-30": -73.83, "2016-03-31": 71.659, "2015-12-31": "23.38000", "2015-09-30": -1.643, "2015-06-30": 7.245, "2015-03-31": 6.763, "2014-12-31": "-32.60200", "2014-09-30": -10.519, "2014-06-30": 33.703, "2014-03-31": -100.907, "2013-12-31": "129.46400", "2013-09-30": -15.118, "2013-06-30": 16.222, "2013-03-31": -7.583, "2012-12-31": "-241.15100", "2012-09-30": 251.496, "2012-06-30": 13.94, "2012-03-31": 36.756, "2011-12-31": "19.47300", "2011-09-30": -92.873, "2011-06-30": 1.247, "2011-03-31": 76.589, "2010-12-31": "-57.33800", "2010-09-30": 21.234, "2010-06-30": -3.673, "2010-03-31": -8.452, "2009-12-31": "-3.97800", "2009-09-30": 3.777, "2009-06-30": -36.373, "2009-03-31": 40.785, "2008-12-31": "-30.00800", "2008-09-30": 14.921, "2008-06-30": -16.926, "2008-03-31": 44.158, "2007-12-31": "-48.48300", "2007-09-30": 3.315, "2007-06-30": 21.929, "2007-03-31": 90.686, "2006-12-31": "-36.10700", "2006-09-30": 9.555, "2006-06-30": -50.272, "2006-03-31": 57.013, "2005-12-31": "-37.27100", "2005-09-30": -198.585, "2005-06-30": 18.838, "2005-03-31": 89.283}, "Stock-Based Compensation": {"2020-12-31": "46.08800", "2020-09-30": 41.544, "2020-06-30": 25.185, "2020-03-31": 20.484, "2019-12-31": "27.93600", "2019-09-30": 14.792, "2019-06-30": 15.234, "2019-03-31": 26.967, "2018-12-31": "29.40700", "2018-09-30": 30.924, "2018-06-30": 16.658, "2018-03-31": 17.026, "2017-12-31": "18.33100", "2017-09-30": 20.569, "2017-06-30": 16.574, "2017-03-31": 21.577, "2016-12-31": "17.98800", "2016-09-30": 14.175, "2016-06-30": 13.796, "2016-03-31": 14.836, "2015-12-31": "23.18900", "2015-09-30": 12.047, "2015-06-30": 14.071, "2015-03-31": 12.822, "2014-12-31": "11.24200", "2014-09-30": 13.027, "2014-06-30": 12.532, "2014-03-31": 12.566, "2013-12-31": "12.76400", "2013-09-30": 13.907, "2013-06-30": 11.177, "2013-03-31": 11.81, "2012-12-31": "11.89300", "2012-09-30": 11.9, "2012-06-30": 13.331, "2012-03-31": 12.692, "2011-12-31": "13.38200", "2011-09-30": 12.944, "2011-06-30": 11.56, "2011-03-31": 9.871, "2010-12-31": "11.02700", "2010-09-30": 11.254, "2010-06-30": 11.51, "2010-03-31": 12.292, "2009-12-31": "13.85500", "2009-09-30": 14.555, "2009-06-30": 11.512, "2009-03-31": 6.73, "2008-12-31": "10.53100", "2008-09-30": 11.715, "2008-06-30": 11.149, "2008-03-31": 10.929, "2007-12-31": "10.60300", "2007-09-30": 13.938, "2007-06-30": 5.03, "2007-03-31": 8.847, "2006-12-31": "8.63000", "2006-09-30": 8.934, "2006-06-30": 10.069, "2006-03-31": 9.54, "2005-12-31": "9.66400", "2005-09-30": 15.212, "2005-06-30": 0.036, "2005-03-31": 0.218}, "Common Stock Dividends Paid": {"2020-12-31": "", "2020-09-30": 0, "2020-06-30": 0, "2020-03-31": 0, "2019-12-31": "", "2019-09-30": 0, "2019-06-30": 0, "2019-03-31": 0, "2018-12-31": "", "2018-09-30": 0, "2018-06-30": 0, "2018-03-31": 0, "2017-12-31": "", "2017-09-30": 0, "2017-06-30": 0, "2017-03-31": 0, "2016-12-31": "", "2016-09-30": 0, "2016-06-30": 0, "2016-03-31": 0, "2015-12-31": "", "2015-09-30": 0, "2015-06-30": 0, "2015-03-31": 0, "2014-12-31": "", "2014-09-30": 0, "2014-06-30": 0, "2014-03-31": 0, "2013-12-31": "", "2013-09-30": 0, "2013-06-30": 0, "2013-03-31": 0, "2012-12-31": "", "2012-09-30": 0, "2012-06-30": 0, "2012-03-31": 0, "2011-12-31": "", "2011-09-30": 0, "2011-06-30": 0, "2011-03-31": 0, "2010-12-31": "", "2010-09-30": 0, "2010-06-30": 0, "2010-03-31": 0, "2009-12-31": "", "2009-09-30": 0, "2009-06-30": 0, "2009-03-31": 0, "2008-12-31": "", "2008-09-30": 0, "2008-06-30": 0, "2008-03-31": 0, "2007-12-31": "", "2007-09-30": 0, "2007-06-30": 0, "2007-03-31": 0, "2006-12-31": "", "2006-09-30": 0, "2006-06-30": 0, "2006-03-31": 0, "2005-12-31": "", "2005-09-30": 0, "2005-06-30": 0, "2005-03-31": 0}}, "financial ratios": {"Current Ratio": {"2020-09-30": "1.22430", "2019-09-30": "1.22640", "2018-09-30": "0.86200", "2017-09-30": "0.98180", "2016-09-30": "0.98180", "2015-09-30": "1.14160", "2014-09-30": "1.16840", "2013-09-30": "1.28680", "2012-09-30": "1.82490", "2011-09-30": "1.27280", "2010-09-30": "1.25440", "2009-09-30": "1.11200", "2008-09-30": "1.05500", "2007-09-30": "1.38180", "2006-09-30": "1.13830", "2005-09-30": "1.22900"}, "Long-term Debt / Capital": {"2020-09-30": "0.41140", "2019-09-30": "0.35760", "2018-09-30": "0.42380", "2017-09-30": "0.44590", "2016-09-30": "0.47140", "2015-09-30": "0.41810", "2014-09-30": "0.40730", "2013-09-30": "0.20790", "2012-09-30": "0.31260", "2011-09-30": "0.19560", "2010-09-30": "", "2009-09-30": "", "2008-09-30": "", "2007-09-30": "", "2006-09-30": "", "2005-09-30": ""}, "Debt/Equity Ratio": {"2020-09-30": "0.69900", "2019-09-30": "0.55670", "2018-09-30": "0.73550", "2017-09-30": "0.80460", "2016-09-30": "0.89190", "2015-09-30": "0.77670", "2014-09-30": "0.71660", "2013-09-30": "0.27860", "2012-09-30": "0.46410", "2011-09-30": "0.24310", "2010-09-30": "", "2009-09-30": "0.07600", "2008-09-30": "0.12600", "2007-09-30": "", "2006-09-30": "", "2005-09-30": ""}, "Gross Margin": {"2020-09-30": "77.07980", "2019-09-30": "74.08650", "2018-09-30": "73.70790", "2017-09-30": "71.77910", "2016-09-30": "71.44620", "2015-09-30": "73.33310", "2014-09-30": "72.46190", "2013-09-30": "71.16140", "2012-09-30": "70.36440", "2011-09-30": "69.42730", "2010-09-30": "69.53660", "2009-09-30": "66.98320", "2008-09-30": "69.09500", "2007-09-30": "69.10480", "2006-09-30": "68.19040", "2005-09-30": "70.58620"}, "Operating Margin": {"2020-09-30": "14.45840", "2019-09-30": "5.02070", "2018-09-30": "5.84730", "2017-09-30": "3.58800", "2016-09-30": "-3.24530", "2015-09-30": "3.31540", "2014-09-30": "14.48640", "2013-09-30": "9.84310", "2012-09-30": "10.20130", "2011-09-30": "10.03590", "2010-09-30": "7.40310", "2009-09-30": "2.05660", "2008-09-30": "11.70150", "2007-09-30": "9.85550", "2006-09-30": "7.84370", "2005-09-30": "10.31700"}, "EBIT Margin": {"2020-09-30": "14.45840", "2019-09-30": "5.02070", "2018-09-30": "5.84730", "2017-09-30": "3.58800", "2016-09-30": "-3.24530", "2015-09-30": "3.31540", "2014-09-30": "14.48640", "2013-09-30": "9.84310", "2012-09-30": "10.20130", "2011-09-30": "10.03590", "2010-09-30": "7.40310", "2009-09-30": "2.05660", "2008-09-30": "11.70150", "2007-09-30": "9.85550", "2006-09-30": "7.84370", "2005-09-30": "10.31700"}, "EBITDA Margin": {"2020-09-30": "22.65250", "2019-09-30": "11.21870", "2018-09-30": "12.88600", "2017-09-30": "11.03980", "2016-09-30": "4.34360", "2015-09-30": "10.04180", "2014-09-30": "20.18350", "2013-09-30": "15.76100", "2012-09-30": "15.49500", "2011-09-30": "15.38270", "2010-09-30": "13.55940", "2009-09-30": "8.62360", "2008-09-30": "17.30920", "2007-09-30": "14.02000", "2006-09-30": "11.83990", "2005-09-30": "13.97270"}, "Pre-Tax Profit Margin": {"2020-09-30": "9.23650", "2019-09-30": "1.61670", "2018-09-30": "2.30760", "2017-09-30": "-0.12080", "2016-09-30": "-5.89130", "2015-09-30": "2.11310", "2014-09-30": "13.71530", "2013-09-30": "9.75880", "2012-09-30": "9.61520", "2011-09-30": "8.95910", "2010-09-30": "8.13190", "2009-09-30": "1.83020", "2008-09-30": "11.10740", "2007-09-30": "10.58770", "2006-09-30": "8.27990", "2005-09-30": "11.09760"}, "Net Profit Margin": {"2020-09-30": "8.96140", "2019-09-30": "-2.18690", "2018-09-30": "4.18630", "2017-09-30": "0.53600", "2016-09-30": "-4.77540", "2015-09-30": "3.78870", "2014-09-30": "11.80530", "2013-09-30": "11.11440", "2012-09-30": "-2.81900", "2011-09-30": "7.32030", "2010-09-30": "2.41260", "2009-09-30": "3.35990", "2008-09-30": "7.44650", "2007-09-30": "15.26180", "2006-09-30": "6.69870", "2005-09-30": "10.33750"}, "Asset Turnover": {"2020-09-30": "0.43110", "2019-09-30": "0.47120", "2018-09-30": "0.53320", "2017-09-30": "0.49320", "2016-09-30": "0.48620", "2015-09-30": "0.56800", "2014-09-30": "0.61680", "2013-09-30": "0.70730", "2012-09-30": "0.70090", "2011-09-30": "0.71610", "2010-09-30": "0.77280", "2009-09-30": "0.69480", "2008-09-30": "0.79310", "2007-09-30": "0.86330", "2006-09-30": "0.94080", "2005-09-30": "0.90000"}, "Inventory Turnover Ratio": {"2020-09-30": "", "2019-09-30": "", "2018-09-30": "", "2017-09-30": "", "2016-09-30": "", "2015-09-30": "", "2014-09-30": "", "2013-09-30": "", "2012-09-30": "", "2011-09-30": "", "2010-09-30": "", "2009-09-30": "", "2008-09-30": "", "2007-09-30": "", "2006-09-30": "", "2005-09-30": ""}, "Receiveable Turnover": {"2020-09-30": "3.51240", "2019-09-30": "3.36860", "2018-09-30": "9.60440", "2017-09-30": "7.64310", "2016-09-30": "7.06840", "2015-09-30": "6.36290", "2014-09-30": "5.75750", "2013-09-30": "5.64600", "2012-09-30": "5.77670", "2011-09-30": "5.06880", "2010-09-30": "5.96670", "2009-09-30": "5.63170", "2008-09-30": "5.31160", "2007-09-30": "4.33570", "2006-09-30": "4.68480", "2005-09-30": "4.79990"}, "Days Sales In Receivables": {"2020-09-30": "103.91810", "2019-09-30": "108.35290", "2018-09-30": "38.00330", "2017-09-30": "47.75540", "2016-09-30": "51.63840", "2015-09-30": "57.36370", "2014-09-30": "63.39590", "2013-09-30": "64.64710", "2012-09-30": "63.18500", "2011-09-30": "72.00850", "2010-09-30": "61.17280", "2009-09-30": "64.81210", "2008-09-30": "68.71790", "2007-09-30": "84.18530", "2006-09-30": "77.91180", "2005-09-30": "76.04280"}, "ROE - Return On Equity": {"2020-09-30": "9.08710", "2019-09-30": "-2.28450", "2018-09-30": "5.94420", "2017-09-30": "0.70460", "2016-09-30": "-6.46340", "2015-09-30": "5.52880", "2014-09-30": "18.76050", "2013-09-30": "15.51780", "2012-09-30": "-4.44000", "2011-09-30": "10.38350", "2010-09-30": "3.26080", "2009-09-30": "4.13900", "2008-09-30": "11.34510", "2007-09-30": "24.16390", "2006-09-30": "13.99550", "2005-09-30": "22.59950"}, "Return On Tangible Equity": {"2020-09-30": "-30.74400", "2019-09-30": "13.32170", "2018-09-30": "-10.23230", "2017-09-30": "-1.12370", "2016-09-30": "8.54420", "2015-09-30": "-9.50820", "2014-09-30": "-32.32910", "2013-09-30": "-124.22150", "2012-09-30": "-3446.60900", "2011-09-30": "-671.51900", "2010-09-30": "12.13160", "2009-09-30": "19.09680", "2008-09-30": "69.31330", "2007-09-30": "53.31360", "2006-09-30": "72.13210", "2005-09-30": "112.58500"}, "ROA - Return On Assets": {"2020-09-30": "3.86360", "2019-09-30": "-1.03060", "2018-09-30": "2.23210", "2017-09-30": "0.26430", "2016-09-30": "-2.32190", "2015-09-30": "2.15200", "2014-09-30": "7.28170", "2013-09-30": "7.86090", "2012-09-30": "-1.97570", "2011-09-30": "5.24180", "2010-09-30": "1.86430", "2009-09-30": "2.33460", "2008-09-30": "5.90570", "2007-09-30": "13.17570", "2006-09-30": "6.30180", "2005-09-30": "9.30390"}, "ROI - Return On Investment": {"2020-09-30": "5.34850", "2019-09-30": "-1.46760", "2018-09-30": "3.42500", "2017-09-30": "0.39050", "2016-09-30": "-3.41630", "2015-09-30": "3.21700", "2014-09-30": "11.11870", "2013-09-30": "12.29210", "2012-09-30": "-3.05220", "2011-09-30": "8.35290", "2010-09-30": "3.26080", "2009-09-30": "4.13900", "2008-09-30": "11.34510", "2007-09-30": "24.16390", "2006-09-30": "13.99550", "2005-09-30": "22.59950"}, "Book Value Per Share": {"2020-09-30": "12.38530", "2019-09-30": "10.46130", "2018-09-30": "7.41300", "2017-09-30": "7.67720", "2016-09-30": "7.32960", "2015-09-30": "7.56230", "2014-09-30": "7.42350", "2013-09-30": "7.82200", "2012-09-30": "6.66870", "2011-09-30": "7.03530", "2010-09-30": "6.45200", "2009-09-30": "6.56820", "2008-09-30": "6.07060", "2007-09-30": "5.18300", "2006-09-30": "3.62770", "2005-09-30": "2.94320"}, "Operating Cash Flow Per Share": {"2020-09-30": -0.4111, "2019-09-30": 0.3253, "2018-09-30": 0.9447, "2017-09-30": -0.4469, "2016-09-30": 0.0483, "2015-09-30": -0.9876, "2014-09-30": 0.6851, "2013-09-30": 0.0169, "2012-09-30": 1.1858, "2011-09-30": -0.6557, "2010-09-30": 0.7125, "2009-09-30": -1.2918, "2008-09-30": 0.8014, "2007-09-30": 0.5083, "2006-09-30": -0.5866, "2005-09-30": 1.1624}, "Free Cash Flow Per Share": {"2020-09-30": -0.0377, "2019-09-30": 0.0832, "2018-09-30": 0.8565, "2017-09-30": -0.4352, "2016-09-30": 0.0838, "2015-09-30": -1.0409, "2014-09-30": 0.7163, "2013-09-30": 0.0397, "2012-09-30": 1.151, "2011-09-30": -0.6627, "2010-09-30": 0.746, "2009-09-30": -1.3323, "2008-09-30": 0.7903, "2007-09-30": 0.4753, "2006-09-30": -0.6248, "2005-09-30": 1.0288}}, "financial ratios, quarterly": {"Current Ratio": {"2020-12-31": "1.31450", "2020-09-30": "1.22430", "2020-06-30": "1.27160", "2020-03-31": "1.12520", "2019-12-31": "1.17050", "2019-09-30": "1.22640", "2019-06-30": "1.25190", "2019-03-31": "1.32120", "2018-12-31": "1.47880", "2018-09-30": "0.86200", "2018-06-30": "0.88440", "2018-03-31": "0.94170", "2017-12-31": "1.02500", "2017-09-30": "0.98180", "2017-06-30": "0.93630", "2017-03-31": "0.98210", "2016-12-31": "0.92180", "2016-09-30": "0.98180", "2016-06-30": "1.05200", "2016-03-31": "1.19810", "2015-12-31": "1.13840", "2015-09-30": "1.14160", "2015-06-30": "0.99530", "2015-03-31": "1.06890", "2014-12-31": "1.18180", "2014-09-30": "1.16840", "2014-06-30": "1.29700", "2014-03-31": "1.33780", "2013-12-31": "1.68690", "2013-09-30": "1.28680", "2013-06-30": "1.29540", "2013-03-31": "1.29290", "2012-12-31": "1.39750", "2012-09-30": "1.82490", "2012-06-30": "1.26060", "2012-03-31": "1.24620", "2011-12-31": "1.37320", "2011-09-30": "1.27280", "2011-06-30": "1.27420", "2011-03-31": "1.42790", "2010-12-31": "1.35340", "2010-09-30": "1.25440", "2010-06-30": "1.21680", "2010-03-31": "1.16240", "2009-12-31": "1.19230", "2009-09-30": "1.11200", "2009-06-30": "1.06100", "2009-03-31": "1.10580", "2008-12-31": "1.01920", "2008-09-30": "1.05500", "2008-06-30": "0.93220", "2008-03-31": "0.88420", "2007-12-31": "0.86710", "2007-09-30": "1.38180", "2007-06-30": "1.48840", "2007-03-31": "1.36010", "2006-12-31": "1.30720", "2006-09-30": "1.13830", "2006-06-30": "1.18030", "2006-03-31": "1.29980", "2005-12-31": "1.25460", "2005-09-30": "1.22900", "2005-06-30": "1.71070", "2005-03-31": "1.63840"}, "Long-term Debt / Capital": {"2020-12-31": "0.39790", "2020-09-30": "0.41140", "2020-06-30": "0.45860", "2020-03-31": "0.47100", "2019-12-31": "0.47400", "2019-09-30": "0.35760", "2019-06-30": "0.36510", "2019-03-31": "0.37190", "2018-12-31": "0.37080", "2018-09-30": "0.42380", "2018-06-30": "0.45370", "2018-03-31": "0.40930", "2017-12-31": "0.45510", "2017-09-30": "0.44590", "2017-06-30": "0.46020", "2017-03-31": "0.45660", "2016-12-31": "0.47190", "2016-09-30": "0.47140", "2016-06-30": "0.47420", "2016-03-31": "0.49530", "2015-12-31": "0.46210", "2015-09-30": "0.41810", "2015-06-30": "0.41150", "2015-03-31": "0.36600", "2014-12-31": "0.40170", "2014-09-30": "0.40730", "2014-06-30": "0.23540", "2014-03-31": "0.23730", "2013-12-31": "0.26720", "2013-09-30": "0.20790", "2013-06-30": "0.23320", "2013-03-31": "0.26640", "2012-12-31": "0.30500", "2012-09-30": "0.31260", "2012-06-30": "0.13960", "2012-03-31": "0.15720", "2011-12-31": "0.19090", "2011-09-30": "0.19560", "2011-06-30": "0.23760", "2011-03-31": "", "2010-12-31": "", "2010-09-30": "", "2010-06-30": "", "2010-03-31": "", "2009-12-31": "", "2009-09-30": "", "2009-06-30": "", "2009-03-31": "", "2008-12-31": "", "2008-09-30": "", "2008-06-30": "", "2008-03-31": "", "2007-12-31": "", "2007-09-30": "", "2007-06-30": "", "2007-03-31": "", "2006-12-31": "", "2006-09-30": "", "2006-06-30": "", "2006-03-31": "", "2005-12-31": "", "2005-09-30": "", "2005-06-30": "", "2005-03-31": ""}, "Debt/Equity Ratio": {"2020-12-31": "0.66080", "2020-09-30": "0.69900", "2020-06-30": "0.84720", "2020-03-31": "1.27990", "2019-12-31": "0.90100", "2019-09-30": "0.55670", "2019-06-30": "0.57500", "2019-03-31": "0.59200", "2018-12-31": "0.58920", "2018-09-30": "0.73550", "2018-06-30": "0.83060", "2018-03-31": "0.69290", "2017-12-31": "0.83530", "2017-09-30": "0.80460", "2017-06-30": "0.85250", "2017-03-31": "0.84020", "2016-12-31": "0.89350", "2016-09-30": "0.89190", "2016-06-30": "0.90200", "2016-03-31": "0.98130", "2015-12-31": "0.85910", "2015-09-30": "0.77670", "2015-06-30": "0.75200", "2015-03-31": "0.62120", "2014-12-31": "0.70800", "2014-09-30": "0.71660", "2014-06-30": "0.32390", "2014-03-31": "0.32380", "2013-12-31": "0.38000", "2013-09-30": "0.27860", "2013-06-30": "0.31520", "2013-03-31": "0.37220", "2012-12-31": "0.44570", "2012-09-30": "0.46410", "2012-06-30": "0.16220", "2012-03-31": "0.18650", "2011-12-31": "0.23590", "2011-09-30": "0.24310", "2011-06-30": "0.31170", "2011-03-31": "", "2010-12-31": "", "2010-09-30": "", "2010-06-30": "", "2010-03-31": "0.04520", "2009-12-31": "0.07340", "2009-09-30": "0.07600", "2009-06-30": "0.07420", "2009-03-31": "0.07520", "2008-12-31": "0.10570", "2008-09-30": "0.12600", "2008-06-30": "0.16790", "2008-03-31": "0.26430", "2007-12-31": "0.33440", "2007-09-30": "", "2007-06-30": "", "2007-03-31": "", "2006-12-31": "", "2006-09-30": "", "2006-06-30": "", "2006-03-31": "", "2005-12-31": "", "2005-09-30": "", "2005-06-30": "", "2005-03-31": ""}, "Gross Margin": {"2020-12-31": "79.76230", "2020-09-30": "78.35830", "2020-06-30": "77.47530", "2020-03-31": "76.91150", "2019-12-31": "75.45560", "2019-09-30": "74.50280", "2019-06-30": "72.01050", "2019-03-31": "72.48970", "2018-12-31": "76.88840", "2018-09-30": "75.00130", "2018-06-30": "74.06640", "2018-03-31": "72.81180", "2017-12-31": "72.92140", "2017-09-30": "73.14140", "2017-06-30": "71.75760", "2017-03-31": "70.77920", "2016-12-31": "71.32130", "2016-09-30": "71.25390", "2016-06-30": "71.42930", "2016-03-31": "70.58580", "2015-12-31": "72.45970", "2015-09-30": "75.56950", "2015-06-30": "73.81310", "2015-03-31": "72.60470", "2014-12-31": "71.44130", "2014-09-30": "73.86100", "2014-06-30": "72.94510", "2014-03-31": "71.46430", "2013-12-31": "71.39160", "2013-09-30": "73.45790", "2013-06-30": "71.05740", "2013-03-31": "70.29140", "2012-12-31": "69.64140", "2012-09-30": "72.99710", "2012-06-30": "70.14180", "2012-03-31": "69.04410", "2011-12-31": "69.14030", "2011-09-30": "70.97240", "2011-06-30": "69.01500", "2011-03-31": "69.62320", "2010-12-31": "67.71320", "2010-09-30": "71.22090", "2010-06-30": "69.25450", "2010-03-31": "67.92180", "2009-12-31": "69.55800", "2009-09-30": "70.22450", "2009-06-30": "67.36540", "2009-03-31": "64.81100", "2008-12-31": "65.33770", "2008-09-30": "70.35990", "2008-06-30": "68.51420", "2008-03-31": "68.71410", "2007-12-31": "68.58550", "2007-09-30": "72.21100", "2007-06-30": "68.08870", "2007-03-31": "68.07270", "2006-12-31": "67.46110", "2006-09-30": "69.14450", "2006-06-30": "68.35590", "2006-03-31": "67.26680", "2005-12-31": "67.78220", "2005-09-30": "67.70680", "2005-06-30": "71.09480", "2005-03-31": "71.85000"}, "Operating Margin": {"2020-12-31": "21.05530", "2020-09-30": "17.13950", "2020-06-30": "18.02590", "2020-03-31": "13.91120", "2019-12-31": "8.54370", "2019-09-30": "13.89560", "2019-06-30": "3.14900", "2019-03-31": "-7.86980", "2018-12-31": "8.97670", "2018-09-30": "3.69250", "2018-06-30": "6.84520", "2018-03-31": "7.21380", "2017-12-31": "5.64690", "2017-09-30": "6.01730", "2017-06-30": "3.86410", "2017-03-31": "2.68280", "2016-12-31": "1.59290", "2016-09-30": "-11.47520", "2016-06-30": "2.63150", "2016-03-31": "0.64480", "2015-12-31": "-4.56740", "2015-09-30": "-6.91380", "2015-06-30": "7.12840", "2015-03-31": "1.26960", "2014-12-31": "11.56310", "2014-09-30": "9.84650", "2014-06-30": "16.15520", "2014-03-31": "15.58050", "2013-12-31": "16.88730", "2013-09-30": "14.21100", "2013-06-30": "13.71920", "2013-03-31": "6.76670", "2012-12-31": "4.33430", "2012-09-30": "17.70850", "2012-06-30": "9.99510", "2012-03-31": "2.29240", "2011-12-31": "10.21280", "2011-09-30": "15.09850", "2011-06-30": "8.40690", "2011-03-31": "8.99960", "2010-12-31": "6.41900", "2010-09-30": "10.79770", "2010-06-30": "4.92930", "2010-03-31": "4.78520", "2009-12-31": "8.64490", "2009-09-30": "6.16660", "2009-06-30": "0.87860", "2009-03-31": "-0.63070", "2008-12-31": "1.47180", "2008-09-30": "15.83250", "2008-06-30": "11.74690", "2008-03-31": "12.03760", "2007-12-31": "6.16190", "2007-09-30": "11.60800", "2007-06-30": "8.70440", "2007-03-31": "9.32020", "2006-12-31": "9.46600", "2006-09-30": "11.18590", "2006-06-30": "6.21170", "2006-03-31": "7.53670", "2005-12-31": "5.85820", "2005-09-30": "-0.64490", "2005-06-30": "14.70270", "2005-03-31": "13.90780"}, "EBIT Margin": {"2020-12-31": "21.05530", "2020-09-30": "17.13950", "2020-06-30": "18.02590", "2020-03-31": "13.91120", "2019-12-31": "8.54370", "2019-09-30": "13.89560", "2019-06-30": "3.14900", "2019-03-31": "-7.86980", "2018-12-31": "8.97670", "2018-09-30": "3.69250", "2018-06-30": "6.84520", "2018-03-31": "7.21380", "2017-12-31": "5.64690", "2017-09-30": "6.01730", "2017-06-30": "3.86410", "2017-03-31": "2.68280", "2016-12-31": "1.59290", "2016-09-30": "-11.47530", "2016-06-30": "2.63150", "2016-03-31": "0.64480", "2015-12-31": "-4.56740", "2015-09-30": "-6.91370", "2015-06-30": "7.12840", "2015-03-31": "1.26960", "2014-12-31": "11.56310", "2014-09-30": "9.84650", "2014-06-30": "16.15520", "2014-03-31": "15.58050", "2013-12-31": "16.88730", "2013-09-30": "14.21100", "2013-06-30": "13.71920", "2013-03-31": "6.76670", "2012-12-31": "4.33430", "2012-09-30": "17.70850", "2012-06-30": "9.99510", "2012-03-31": "2.29240", "2011-12-31": "10.21280", "2011-09-30": "15.09850", "2011-06-30": "8.40690", "2011-03-31": "8.99960", "2010-12-31": "6.41900", "2010-09-30": "10.79770", "2010-06-30": "4.92930", "2010-03-31": "4.78520", "2009-12-31": "8.64490", "2009-09-30": "6.16660", "2009-06-30": "0.87860", "2009-03-31": "-0.63070", "2008-12-31": "1.47180", "2008-09-30": "15.83260", "2008-06-30": "11.74690", "2008-03-31": "12.03760", "2007-12-31": "6.16190", "2007-09-30": "11.60800", "2007-06-30": "8.70440", "2007-03-31": "9.32020", "2006-12-31": "9.46600", "2006-09-30": "11.18590", "2006-06-30": "6.21170", "2006-03-31": "7.53670", "2005-12-31": "5.85820", "2005-09-30": "-0.64490", "2005-06-30": "14.70270", "2005-03-31": "13.90780"}, "EBITDA Margin": {"2020-12-31": "", "2020-09-30": "", "2020-06-30": "", "2020-03-31": "", "2019-12-31": "", "2019-09-30": "", "2019-06-30": "", "2019-03-31": "", "2018-12-31": "", "2018-09-30": "", "2018-06-30": "", "2018-03-31": "", "2017-12-31": "", "2017-09-30": "", "2017-06-30": "", "2017-03-31": "", "2016-12-31": "", "2016-09-30": "", "2016-06-30": "", "2016-03-31": "", "2015-12-31": "", "2015-09-30": "", "2015-06-30": "", "2015-03-31": "", "2014-12-31": "", "2014-09-30": "", "2014-06-30": "", "2014-03-31": "", "2013-12-31": "", "2013-09-30": "", "2013-06-30": "", "2013-03-31": "", "2012-12-31": "", "2012-09-30": "", "2012-06-30": "", "2012-03-31": "", "2011-12-31": "", "2011-09-30": "", "2011-06-30": "", "2011-03-31": "", "2010-12-31": "", "2010-09-30": "", "2010-06-30": "", "2010-03-31": "", "2009-12-31": "", "2009-09-30": "", "2009-06-30": "", "2009-03-31": "", "2008-12-31": "", "2008-09-30": "", "2008-06-30": "", "2008-03-31": "", "2007-12-31": "", "2007-09-30": "", "2007-06-30": "", "2007-03-31": "", "2006-12-31": "", "2006-09-30": "", "2006-06-30": "", "2006-03-31": "", "2005-12-31": "", "2005-09-30": "", "2005-06-30": "", "2005-03-31": ""}, "Pre-Tax Profit Margin": {"2020-12-31": "18.04150", "2020-09-30": "14.16460", "2020-06-30": "12.65660", "2020-03-31": "4.38760", "2019-12-31": "5.34410", "2019-09-30": "10.08400", "2019-06-30": "-0.16410", "2019-03-31": "-11.50620", "2018-12-31": "6.10210", "2018-09-30": "0.21370", "2018-06-30": "3.16760", "2018-03-31": "3.75010", "2017-12-31": "2.11030", "2017-09-30": "1.78010", "2017-06-30": "0.24000", "2017-03-31": "-0.37710", "2016-12-31": "-2.27120", "2016-09-30": "-15.04800", "2016-06-30": "-0.24390", "2016-03-31": "-1.30910", "2015-12-31": "-6.71610", "2015-09-30": "-8.38470", "2015-06-30": "5.91830", "2015-03-31": "0.12320", "2014-12-31": "10.57240", "2014-09-30": "8.82640", "2014-06-30": "15.47850", "2014-03-31": "14.76150", "2013-12-31": "16.34780", "2013-09-30": "14.03730", "2013-06-30": "14.72910", "2013-03-31": "6.17200", "2012-12-31": "3.76980", "2012-09-30": "17.26400", "2012-06-30": "9.89730", "2012-03-31": "1.30710", "2011-12-31": "9.38240", "2011-09-30": "14.04170", "2011-06-30": "6.25770", "2011-03-31": "8.69430", "2010-12-31": "5.71150", "2010-09-30": "14.08420", "2010-06-30": "4.79760", "2010-03-31": "4.53370", "2009-12-31": "8.44220", "2009-09-30": "6.04000", "2009-06-30": "0.66150", "2009-03-31": "-0.74170", "2008-12-31": "1.02620", "2008-09-30": "15.66570", "2008-06-30": "9.13050", "2008-03-31": "11.89990", "2007-12-31": "6.82760", "2007-09-30": "12.54410", "2007-06-30": "9.71300", "2007-03-31": "9.91120", "2006-12-31": "9.81790", "2006-09-30": "11.58670", "2006-06-30": "6.59930", "2006-03-31": "7.93830", "2005-12-31": "6.42900", "2005-09-30": "0.06800", "2005-06-30": "16.07570", "2005-03-31": "15.17810"}, "Net Profit Margin": {"2020-12-31": "5.48070", "2020-09-30": "13.65950", "2020-06-30": "9.85950", "2020-03-31": "1.99000", "2019-12-31": "9.95620", "2019-09-30": "2.93310", "2019-06-30": "-4.99450", "2019-03-31": "-14.98120", "2018-12-31": "6.27000", "2018-09-30": "4.22080", "2018-06-30": "5.39970", "2018-03-31": "2.57310", "2017-12-31": "4.52540", "2017-09-30": "5.69070", "2017-06-30": "-0.32650", "2017-03-31": "-0.39420", "2016-12-31": "-3.19250", "2016-09-30": "-9.87830", "2016-06-30": "1.06460", "2016-03-31": "-1.89750", "2015-12-31": "-8.20980", "2015-09-30": "-1.77690", "2015-06-30": "5.75200", "2015-03-31": "1.71650", "2014-12-31": "9.30550", "2014-09-30": "10.56840", "2014-06-30": "11.29600", "2014-03-31": "13.31180", "2013-12-31": "12.20500", "2013-09-30": "16.37430", "2013-06-30": "10.93820", "2013-03-31": "5.42670", "2012-12-31": "11.19970", "2012-09-30": "-25.81810", "2012-06-30": "7.36210", "2012-03-31": "1.18520", "2011-12-31": "6.95090", "2011-09-30": "11.08370", "2011-06-30": "5.32110", "2011-03-31": "7.06460", "2010-12-31": "4.97460", "2010-09-30": "-4.92980", "2010-06-30": "4.41070", "2010-03-31": "3.74220", "2009-12-31": "6.91220", "2009-09-30": "6.45440", "2009-06-30": "1.67490", "2009-03-31": "3.18480", "2008-12-31": "1.93810", "2008-09-30": "12.18640", "2008-06-30": "5.32480", "2008-03-31": "7.31130", "2007-12-31": "4.09550", "2007-09-30": "11.49030", "2007-06-30": "35.78390", "2007-03-31": "7.62790", "2006-12-31": "6.83590", "2006-09-30": "9.07960", "2006-06-30": "7.78760", "2006-03-31": "5.37030", "2005-12-31": "3.90410", "2005-09-30": "3.76750", "2005-06-30": "14.78040", "2005-03-31": "11.64320"}, "Asset Turnover": {"2020-12-31": "0.12440", "2020-09-30": "0.11560", "2020-06-30": "0.10420", "2020-03-31": "0.09300", "2019-12-31": "0.10860", "2019-09-30": "0.12570", "2019-06-30": "0.11160", "2019-03-31": "0.10690", "2018-12-31": "0.12160", "2018-09-30": "0.13420", "2018-06-30": "0.13960", "2018-03-31": "0.13220", "2017-12-31": "0.13300", "2017-09-30": "0.12980", "2017-06-30": "0.12710", "2017-03-31": "0.12000", "2016-12-31": "0.13030", "2016-09-30": "0.12290", "2016-06-30": "0.12340", "2016-03-31": "0.11310", "2015-12-31": "0.13130", "2015-09-30": "0.14140", "2015-06-30": "0.14120", "2015-03-31": "0.14900", "2014-12-31": "0.15230", "2014-09-30": "0.16670", "2014-06-30": "0.17190", "2014-03-31": "0.16780", "2013-12-31": "0.17060", "2013-09-30": "0.18860", "2013-06-30": "0.17930", "2013-03-31": "0.17590", "2012-12-31": "0.17740", "2012-09-30": "0.18160", "2012-06-30": "0.19300", "2012-03-31": "0.18160", "2011-12-31": "0.19730", "2011-09-30": "0.20830", "2011-06-30": "0.17350", "2011-03-31": "0.19980", "2010-12-31": "0.21030", "2010-09-30": "0.20510", "2010-06-30": "0.19150", "2010-03-31": "0.18340", "2009-12-31": "0.19180", "2009-09-30": "0.18240", "2009-06-30": "0.17440", "2009-03-31": "0.17780", "2008-12-31": "0.18450", "2008-09-30": "0.22200", "2008-06-30": "0.20540", "2008-03-31": "0.18720", "2007-12-31": "0.18220", "2007-09-30": "0.24460", "2007-06-30": "0.21390", "2007-03-31": "0.23270", "2006-12-31": "0.24720", "2006-09-30": "0.26470", "2006-06-30": "0.25440", "2006-03-31": "0.24140", "2005-12-31": "0.24940", "2005-09-30": "0.23180", "2005-06-30": "0.23890", "2005-03-31": "0.23430"}, "Inventory Turnover Ratio": {"2020-12-31": "", "2020-09-30": "", "2020-06-30": "", "2020-03-31": "", "2019-12-31": "", "2019-09-30": "", "2019-06-30": "", "2019-03-31": "", "2018-12-31": "", "2018-09-30": "", "2018-06-30": "", "2018-03-31": "", "2017-12-31": "", "2017-09-30": "", "2017-06-30": "", "2017-03-31": "", "2016-12-31": "", "2016-09-30": "", "2016-06-30": "", "2016-03-31": "", "2015-12-31": "", "2015-09-30": "", "2015-06-30": "", "2015-03-31": "", "2014-12-31": "", "2014-09-30": "", "2014-06-30": "", "2014-03-31": "", "2013-12-31": "", "2013-09-30": "", "2013-06-30": "", "2013-03-31": "", "2012-12-31": "", "2012-09-30": "", "2012-06-30": "", "2012-03-31": "", "2011-12-31": "", "2011-09-30": "", "2011-06-30": "", "2011-03-31": "", "2010-12-31": "", "2010-09-30": "", "2010-06-30": "", "2010-03-31": "", "2009-12-31": "", "2009-09-30": "", "2009-06-30": "", "2009-03-31": "", "2008-12-31": "", "2008-09-30": "", "2008-06-30": "", "2008-03-31": "", "2007-12-31": "", "2007-09-30": "", "2007-06-30": "", "2007-03-31": "", "2006-12-31": "", "2006-09-30": "", "2006-06-30": "", "2006-03-31": "", "2005-12-31": "", "2005-09-30": "", "2005-06-30": "", "2005-03-31": ""}, "Receiveable Turnover": {"2020-12-31": "1.03180", "2020-09-30": "0.94160", "2020-06-30": "1.10170", "2020-03-31": "1.01970", "2019-12-31": "1.03400", "2019-09-30": "0.89880", "2019-06-30": "0.91930", "2019-03-31": "0.82460", "2018-12-31": "0.86780", "2018-09-30": "2.41710", "2018-06-30": "2.41990", "2018-03-31": "2.42140", "2017-12-31": "2.33970", "2017-09-30": "2.01170", "2017-06-30": "2.26580", "2017-03-31": "1.96350", "2016-12-31": "2.15520", "2016-09-30": "1.78630", "2016-06-30": "1.90260", "2016-03-31": "1.85880", "2015-12-31": "1.80310", "2015-09-30": "1.58440", "2015-06-30": "1.65510", "2015-03-31": "1.55980", "2014-12-31": "1.61600", "2014-09-30": "1.55590", "2014-06-30": "1.47240", "2014-03-31": "1.48540", "2013-12-31": "1.52860", "2013-09-30": "1.50520", "2013-06-30": "1.56810", "2013-03-31": "1.47220", "2012-12-31": "1.44240", "2012-09-30": "1.49650", "2012-06-30": "1.53000", "2012-03-31": "1.47290", "2011-12-31": "1.43730", "2011-09-30": "1.47440", "2011-06-30": "1.56140", "2011-03-31": "1.50760", "2010-12-31": "1.52680", "2010-09-30": "1.58360", "2010-06-30": "1.63050", "2010-03-31": "1.59190", "2009-12-31": "1.60980", "2009-09-30": "1.47870", "2009-06-30": "1.51580", "2009-03-31": "1.70820", "2008-12-31": "1.29940", "2008-09-30": "1.48650", "2008-06-30": "1.50890", "2008-03-31": "1.42120", "2007-12-31": "1.24910", "2007-09-30": "1.22820", "2007-06-30": "1.30910", "2007-03-31": "1.23290", "2006-12-31": "1.13240", "2006-09-30": "1.31800", "2006-06-30": "1.32810", "2006-03-31": "1.33700", "2005-12-31": "1.24110", "2005-09-30": "1.23630", "2005-06-30": "1.39360", "2005-03-31": "1.27590"}, "Days Sales In Receivables": {"2020-12-31": "87.22800", "2020-09-30": "95.57980", "2020-06-30": "81.68960", "2020-03-31": "88.26560", "2019-12-31": "87.04360", "2019-09-30": "100.13840", "2019-06-30": "97.90090", "2019-03-31": "109.13900", "2018-12-31": "103.70910", "2018-09-30": "37.23520", "2018-06-30": "37.19180", "2018-03-31": "37.16860", "2017-12-31": "38.46580", "2017-09-30": "44.73840", "2017-06-30": "39.72110", "2017-03-31": "45.83560", "2016-12-31": "41.75910", "2016-09-30": "50.38260", "2016-06-30": "47.30480", "2016-03-31": "48.41860", "2015-12-31": "49.91520", "2015-09-30": "56.80290", "2015-06-30": "54.37890", "2015-03-31": "57.69820", "2014-12-31": "55.69410", "2014-09-30": "57.84420", "2014-06-30": "61.12300", "2014-03-31": "60.59000", "2013-12-31": "58.87910", "2013-09-30": "59.79360", "2013-06-30": "57.39590", "2013-03-31": "61.13310", "2012-12-31": "62.39800", "2012-09-30": "60.14020", "2012-06-30": "58.82470", "2012-03-31": "61.10200", "2011-12-31": "62.61620", "2011-09-30": "61.04380", "2011-06-30": "57.64100", "2011-03-31": "59.69870", "2010-12-31": "58.94640", "2010-09-30": "56.83410", "2010-06-30": "55.19820", "2010-03-31": "56.53790", "2009-12-31": "55.90800", "2009-09-30": "60.86310", "2009-06-30": "59.37340", "2009-03-31": "52.68600", "2008-12-31": "69.26480", "2008-09-30": "60.54410", "2008-06-30": "59.64520", "2008-03-31": "63.32460", "2007-12-31": "72.05160", "2007-09-30": "73.27560", "2007-06-30": "68.74720", "2007-03-31": "72.99640", "2006-12-31": "79.48020", "2006-09-30": "68.28570", "2006-06-30": "67.76460", "2006-03-31": "67.31370", "2005-12-31": "72.51360", "2005-09-30": "72.79890", "2005-06-30": "64.58120", "2005-03-31": "70.53870"}, "ROE - Return On Equity": {"2020-12-31": "1.57300", "2020-09-30": "3.71330", "2020-06-30": "2.61210", "2020-03-31": "0.56170", "2019-12-31": "2.84140", "2019-09-30": "0.81750", "2019-06-30": "-1.21410", "2019-03-31": "-3.48740", "2018-12-31": "1.58840", "2018-09-30": "1.50830", "2018-06-30": "2.03710", "2018-03-31": "0.85390", "2017-12-31": "1.56080", "2017-09-30": "1.96910", "2017-06-30": "-0.11380", "2017-03-31": "-0.13030", "2016-12-31": "-1.11620", "2016-09-30": "-3.37890", "2016-06-30": "0.35620", "2016-03-31": "-0.60570", "2015-12-31": "-2.85810", "2015-09-30": "-0.64570", "2015-06-30": "2.09980", "2015-03-31": "0.63120", "2014-12-31": "3.54010", "2014-09-30": "4.53860", "2014-06-30": "3.91030", "2014-03-31": "4.45390", "2013-12-31": "4.09410", "2013-09-30": "6.09470", "2013-06-30": "4.05020", "2013-03-31": "2.05810", "2012-12-31": "4.33570", "2012-09-30": "-10.53420", "2012-06-30": "2.65290", "2012-03-31": "0.41600", "2011-12-31": "2.60970", "2011-09-30": "4.57290", "2011-06-30": "1.93560", "2011-03-31": "2.36820", "2010-12-31": "1.73550", "2010-09-30": "-1.76840", "2010-06-30": "1.45900", "2010-03-31": "1.21360", "2009-12-31": "2.31410", "2009-09-30": "2.08780", "2009-06-30": "0.50840", "2009-03-31": "1.01130", "2008-12-31": "0.66530", "2008-09-30": "5.19610", "2008-06-30": "2.21790", "2008-03-31": "3.02900", "2007-12-31": "1.64000", "2007-09-30": "5.15370", "2007-06-30": "13.69260", "2007-03-31": "3.51760", "2006-12-31": "3.25170", "2006-09-30": "5.33690", "2006-06-30": "4.29360", "2006-03-31": "2.95800", "2005-12-31": "2.20090", "2005-09-30": "2.12140", "2005-06-30": "8.41210", "2005-03-31": "7.00150"}, "Return On Tangible Equity": {"2020-12-31": "-6.42050", "2020-09-30": "-12.56290", "2020-06-30": "-6.60770", "2020-03-31": "-1.23340", "2019-12-31": "-5.67970", "2019-09-30": "-4.76690", "2019-06-30": "6.93940", "2019-03-31": "24.97810", "2018-12-31": "-18.27710", "2018-09-30": "-2.59630", "2018-06-30": "-3.02040", "2018-03-31": "-1.60390", "2017-12-31": "-2.57510", "2017-09-30": "-3.14010", "2017-06-30": "0.15590", "2017-03-31": "0.18580", "2016-12-31": "1.44120", "2016-09-30": "4.46670", "2016-06-30": "-0.48750", "2016-03-31": "0.78700", "2015-12-31": "4.20660", "2015-09-30": "1.11040", "2015-06-30": "-3.18740", "2015-03-31": "-1.24760", "2014-12-31": "-6.51890", "2014-09-30": "-7.82120", "2014-06-30": "-22.86390", "2014-03-31": "-26.23200", "2013-12-31": "-65.25320", "2013-09-30": "-48.78860", "2013-06-30": "-21.15410", "2013-03-31": "-8.55270", "2012-12-31": "-16.12800", "2012-09-30": "-8177.39500", "2012-06-30": "36.19070", "2012-03-31": "9.84120", "2011-12-31": "86.21910", "2011-09-30": "-295.73910", "2011-06-30": "-31.21550", "2011-03-31": "7.27850", "2010-12-31": "5.77840", "2010-09-30": "-6.57910", "2010-06-30": "5.34330", "2010-03-31": "4.93750", "2009-12-31": "9.42680", "2009-09-30": "9.63260", "2009-06-30": "2.49610", "2009-03-31": "4.99080", "2008-12-31": "3.91740", "2008-09-30": "31.74590", "2008-06-30": "41.52200", "2008-03-31": "-224.89010", "2007-12-31": "-89.82620", "2007-09-30": "11.37070", "2007-06-30": "30.91380", "2007-03-31": "11.41430", "2006-12-31": "12.35810", "2006-09-30": "27.50600", "2006-06-30": "26.19440", "2006-03-31": "10.97580", "2005-12-31": "10.22460", "2005-09-30": "10.56830", "2005-06-30": "10.52260", "2005-03-31": "8.67920"}, "ROA - Return On Assets": {"2020-12-31": "0.68180", "2020-09-30": "1.57880", "2020-06-30": "1.02710", "2020-03-31": "0.18510", "2019-12-31": "1.08100", "2019-09-30": "0.36880", "2019-06-30": "-0.55720", "2019-03-31": "-1.60220", "2018-12-31": "0.76230", "2018-09-30": "0.56640", "2018-06-30": "0.75350", "2018-03-31": "0.34020", "2017-12-31": "0.60180", "2017-09-30": "0.73870", "2017-06-30": "-0.04150", "2017-03-31": "-0.04730", "2016-12-31": "-0.41610", "2016-09-30": "-1.21380", "2016-06-30": "0.13140", "2016-03-31": "-0.21450", "2015-12-31": "-1.07820", "2015-09-30": "-0.25130", "2015-06-30": "0.81220", "2015-03-31": "0.25570", "2014-12-31": "1.41700", "2014-09-30": "1.76160", "2014-06-30": "1.94190", "2014-03-31": "2.23340", "2013-12-31": "2.08200", "2013-09-30": "3.08740", "2013-06-30": "1.96130", "2013-03-31": "0.95460", "2012-12-31": "1.98660", "2012-09-30": "-4.68760", "2012-06-30": "1.42080", "2012-03-31": "0.21520", "2011-12-31": "1.37120", "2011-09-30": "2.30850", "2011-06-30": "0.92330", "2011-03-31": "1.41170", "2010-12-31": "1.04610", "2010-09-30": "-1.01100", "2010-06-30": "0.84460", "2010-03-31": "0.68620", "2009-12-31": "1.32550", "2009-09-30": "1.17760", "2009-06-30": "0.29220", "2009-03-31": "0.56640", "2008-12-31": "0.35760", "2008-09-30": "2.70490", "2008-06-30": "1.09370", "2008-03-31": "1.36870", "2007-12-31": "0.74640", "2007-09-30": "2.81010", "2007-06-30": "7.65340", "2007-03-31": "1.77510", "2006-12-31": "1.68990", "2006-09-30": "2.40310", "2006-06-30": "1.98090", "2006-03-31": "1.29640", "2005-12-31": "0.97350", "2005-09-30": "0.87340", "2005-06-30": "3.53120", "2005-03-31": "2.72770"}, "ROI - Return On Investment": {"2020-12-31": "0.94710", "2020-09-30": "2.18560", "2020-06-30": "1.41410", "2020-03-31": "0.29710", "2019-12-31": "1.49460", "2019-09-30": "0.52510", "2019-06-30": "-0.77080", "2019-03-31": "-2.19050", "2018-12-31": "0.99950", "2018-09-30": "0.86910", "2018-06-30": "1.11280", "2018-03-31": "0.50440", "2017-12-31": "0.85050", "2017-09-30": "1.09120", "2017-06-30": "-0.06150", "2017-03-31": "-0.07080", "2016-12-31": "-0.58950", "2016-09-30": "-1.78600", "2016-06-30": "0.18730", "2016-03-31": "-0.30570", "2015-12-31": "-1.53740", "2015-09-30": "-0.37570", "2015-06-30": "1.23570", "2015-03-31": "0.40020", "2014-12-31": "2.11800", "2014-09-30": "2.68990", "2014-06-30": "2.98980", "2014-03-31": "3.39710", "2013-12-31": "3.00030", "2013-09-30": "4.82780", "2013-06-30": "3.10560", "2013-03-31": "1.50980", "2012-12-31": "3.01320", "2012-09-30": "-7.24160", "2012-06-30": "2.28260", "2012-03-31": "0.35060", "2011-12-31": "2.11150", "2011-09-30": "3.67860", "2011-06-30": "1.47570", "2011-03-31": "2.36820", "2010-12-31": "1.73550", "2010-09-30": "-1.76840", "2010-06-30": "1.45900", "2010-03-31": "1.21360", "2009-12-31": "2.31410", "2009-09-30": "2.08780", "2009-06-30": "0.50840", "2009-03-31": "1.01130", "2008-12-31": "0.66530", "2008-09-30": "5.19610", "2008-06-30": "2.21790", "2008-03-31": "3.02890", "2007-12-31": "1.64000", "2007-09-30": "5.15370", "2007-06-30": "13.69260", "2007-03-31": "3.51760", "2006-12-31": "3.25170", "2006-09-30": "5.33690", "2006-06-30": "4.29360", "2006-03-31": "2.95800", "2005-12-31": "2.20090", "2005-09-30": "2.12140", "2005-06-30": "8.41210", "2005-03-31": "7.00150"}, "Book Value Per Share": {"2020-12-31": "12.81400", "2020-09-30": "12.38530", "2020-06-30": "11.44690", "2020-03-31": "11.01240", "2019-12-31": "10.80420", "2019-09-30": "10.46130", "2019-06-30": "10.56020", "2019-03-31": "10.56500", "2018-12-31": "11.13440", "2018-09-30": "7.41300", "2018-06-30": "7.22470", "2018-03-31": "7.97440", "2017-12-31": "7.65630", "2017-09-30": "7.67720", "2017-06-30": "7.23560", "2017-03-31": "7.31680", "2016-12-31": "7.08410", "2016-09-30": "7.32960", "2016-06-30": "7.50450", "2016-03-31": "7.45150", "2015-12-31": "7.29870", "2015-09-30": "7.56230", "2015-06-30": "7.27300", "2015-03-31": "7.42900", "2014-12-31": "7.44340", "2014-09-30": "7.42350", "2014-06-30": "8.29020", "2014-03-31": "8.28220", "2013-12-31": "8.10500", "2013-09-30": "7.82200", "2013-06-30": "7.14770", "2013-03-31": "6.92230", "2012-12-31": "6.88940", "2012-09-30": "6.66870", "2012-06-30": "7.26470", "2012-03-31": "7.18060", "2011-12-31": "7.14660", "2011-09-30": "7.03530", "2011-06-30": "6.82580", "2011-03-31": "6.76050", "2010-12-31": "6.47380", "2010-09-30": "6.45200", "2010-06-30": "6.37210", "2010-03-31": "6.39590", "2009-12-31": "6.56260", "2009-09-30": "6.56820", "2009-06-30": "6.42080", "2009-03-31": "6.12370", "2008-12-31": "6.05810", "2008-09-30": "6.07060", "2008-06-30": "5.66090", "2008-03-31": "5.40830", "2007-12-31": "5.19560", "2007-09-30": "5.18300", "2007-06-30": "5.11050", "2007-03-31": "4.30860", "2006-12-31": "4.16270", "2006-09-30": "3.62770", "2006-06-30": "3.52620", "2006-03-31": "3.26470", "2005-12-31": "3.07680", "2005-09-30": "2.94320", "2005-06-30": "2.91150", "2005-03-31": "2.69510"}, "Operating Cash Flow Per Share": {"2020-12-31": "0.96730", "2020-09-30": 0.2917, "2020-06-30": 0.8976, "2020-03-31": 0.7568, "2019-12-31": "0.06490", "2019-09-30": 0.4422, "2019-06-30": 0.6095, "2019-03-31": 1.1931, "2018-12-31": "0.17730", "2018-09-30": 0.5156, "2018-06-30": 0.4227, "2018-03-31": 0.9416, "2017-12-31": "0.21690", "2017-09-30": 0.2659, "2017-06-30": 0.6395, "2017-03-31": 0.662, "2016-12-31": "-0.41530", "2016-09-30": 0.1331, "2016-06-30": 0.5045, "2016-03-31": 0.4248, "2015-12-31": "0.53660", "2015-09-30": -0.1081, "2015-06-30": 0.7476, "2015-03-31": 0.7947, "2014-12-31": "0.11650", "2014-09-30": 0.425, "2014-06-30": 0.8957, "2014-03-31": 0.9183, "2013-12-31": "0.29930", "2013-09-30": 0.355, "2013-06-30": 0.7017, "2013-03-31": 0.6846, "2012-12-31": "0.11190", "2012-09-30": 0.1989, "2012-06-30": 0.5363, "2012-03-31": 0.7932, "2011-12-31": "0.30260", "2011-09-30": 0.006, "2011-06-30": 0.4004, "2011-03-31": 0.6454, "2010-12-31": "-0.39650", "2010-09-30": 0.1207, "2010-06-30": 0.4287, "2010-03-31": 0.5689, "2009-12-31": "0.18790", "2009-09-30": 0.0453, "2009-06-30": -0.2181, "2009-03-31": 0.6436, "2008-12-31": "0.12290", "2008-09-30": 0.3424, "2008-06-30": 0.4531, "2008-03-31": 0.9159, "2007-12-31": "0.17410", "2007-09-30": 0.1048, "2007-06-30": 0.3314, "2007-03-31": 0.7872, "2006-12-31": "-0.13930", "2006-09-30": 0.103, "2006-06-30": 0.1256, "2006-03-31": 0.5386, "2005-12-31": "-0.19140", "2005-09-30": 0.0963, "2005-06-30": 0.3177, "2005-03-31": 0.7484}, "Free Cash Flow Per Share": {"2020-12-31": "0.94300", "2020-09-30": 0.2506, "2020-06-30": 0.8533, "2020-03-31": 0.7092, "2019-12-31": "0.02420", "2019-09-30": 0.4081, "2019-06-30": 0.5292, "2019-03-31": 1.0139, "2018-12-31": "-0.07620", "2018-09-30": 0.3695, "2018-06-30": 0.3582, "2018-03-31": 0.9014, "2017-12-31": "0.16270", "2017-09-30": 0.2163, "2017-06-30": 0.6001, "2017-03-31": 0.5957, "2016-12-31": "-0.47680", "2016-09-30": 0.0484, "2016-06-30": 0.4381, "2016-03-31": 0.3841, "2015-12-31": "0.49990", "2015-09-30": -0.1942, "2015-06-30": 0.6914, "2015-03-31": 0.7409, "2014-12-31": "0.04860", "2014-09-30": 0.3538, "2014-06-30": 0.8419, "2014-03-31": 0.8803, "2013-12-31": "0.25160", "2013-09-30": 0.2714, "2013-06-30": 0.646, "2013-03-31": 0.6426, "2012-12-31": "0.05130", "2012-09-30": 0.1214, "2012-06-30": 0.4868, "2012-03-31": 0.7191, "2011-12-31": "0.23980", "2011-09-30": -0.0746, "2011-06-30": 0.3446, "2011-03-31": 0.5949, "2010-12-31": "-0.44120", "2010-09-30": 0.08, "2010-06-30": 0.3892, "2010-03-31": 0.4912, "2009-12-31": "0.12290", "2009-09-30": -0.0077, "2009-06-30": -0.2895, "2009-03-31": 0.5812, "2008-12-31": "0.05330", "2008-09-30": 0.3011, "2008-06-30": 0.3698, "2008-03-31": 0.8655, "2007-12-31": "0.13320", "2007-09-30": 0.0458, "2007-06-30": 0.2911, "2007-03-31": 0.7358, "2006-12-31": "-0.19340", "2006-09-30": 0.047, "2006-06-30": 0.0817, "2006-03-31": 0.4965, "2005-12-31": "-0.22120", "2005-09-30": 0.0659, "2005-06-30": 0.2852, "2005-03-31": 0.6777}}, "revenue": {"PTC Annual Revenue (Millions of US $)": {"2020": "$1,458", "2019": "$1,256", "2018": "$1,242", "2017": "$1,164", "2016": "$1,141", "2015": "$1,255", "2014": "$1,357", "2013": "$1,294", "2012": "$1,256", "2011": "$1,167", "2010": "$1,010", "2009": "$938", "2008": "$1,070", "2007": "$941", "2006": "$848", "2005": "$708"}, "PTC Quarterly Revenue (Millions of US $)": {"2020-12-31": "$429", "2020-09-30": "$391", "2020-06-30": "$352", "2020-03-31": "$360", "2019-12-31": "$356", "2019-09-30": "$335", "2019-06-30": "$295", "2019-03-31": "$290", "2018-12-31": "$335", "2018-09-30": "$313", "2018-06-30": "$315", "2018-03-31": "$308", "2017-12-31": "$307", "2017-09-30": "$306", "2017-06-30": "$291", "2017-03-31": "$280", "2016-12-31": "$286", "2016-09-30": "$288", "2016-06-30": "$289", "2016-03-31": "$273", "2015-12-31": "$291", "2015-09-30": "$313", "2015-06-30": "$303", "2015-03-31": "$314", "2014-12-31": "$325", "2014-09-30": "$367", "2014-06-30": "$337", "2014-03-31": "$329", "2013-12-31": "$325", "2013-09-30": "$345", "2013-06-30": "$315", "2013-03-31": "$314", "2012-12-31": "$320", "2012-09-30": "$325", "2012-06-30": "$311", "2012-03-31": "$301", "2011-12-31": "$318", "2011-09-30": "$339", "2011-06-30": "$292", "2011-03-31": "$269", "2010-12-31": "$267", "2010-09-30": "$268", "2010-06-30": "$243", "2010-03-31": "$241", "2009-12-31": "$258", "2009-09-30": "$246", "2009-06-30": "$226", "2009-03-31": "$225", "2008-12-31": "$240", "2008-09-30": "$300", "2008-06-30": "$272", "2008-03-31": "$258", "2007-12-31": "$241", "2007-09-30": "$267", "2007-06-30": "$225", "2007-03-31": "$228", "2006-12-31": "$222", "2006-09-30": "$239", "2006-06-30": "$217", "2006-03-31": "$200", "2005-12-31": "$193", "2005-09-30": "$182", "2005-06-30": "$180", "2005-03-31": "$176"}}, "gross-profit": {"PTC Annual Gross Profit (Millions of US $)": {"2020": "$1,124", "2019": "$930", "2018": "$915", "2017": "$836", "2016": "$815", "2015": "$921", "2014": "$983", "2013": "$921", "2012": "$884", "2011": "$810", "2010": "$702", "2009": "$628", "2008": "$740", "2007": "$650", "2006": "$578", "2005": "$500"}, "PTC Quarterly Gross Profit (Millions of US $)": {"2020-12-31": "$342", "2020-09-30": "$306", "2020-06-30": "$272", "2020-03-31": "$277", "2019-12-31": "$269", "2019-09-30": "$250", "2019-06-30": "$213", "2019-03-31": "$211", "2018-12-31": "$257", "2018-09-30": "$234", "2018-06-30": "$233", "2018-03-31": "$224", "2017-12-31": "$224", "2017-09-30": "$224", "2017-06-30": "$209", "2017-03-31": "$198", "2016-12-31": "$204", "2016-09-30": "$205", "2016-06-30": "$206", "2016-03-31": "$192", "2015-12-31": "$211", "2015-09-30": "$236", "2015-06-30": "$224", "2015-03-31": "$228", "2014-12-31": "$233", "2014-09-30": "$271", "2014-06-30": "$246", "2014-03-31": "$235", "2013-12-31": "$232", "2013-09-30": "$253", "2013-06-30": "$224", "2013-03-31": "$221", "2012-12-31": "$223", "2012-09-30": "$237", "2012-06-30": "$218", "2012-03-31": "$208", "2011-12-31": "$220", "2011-09-30": "$241", "2011-06-30": "$201", "2011-03-31": "$187", "2010-12-31": "$180", "2010-09-30": "$191", "2010-06-30": "$168", "2010-03-31": "$163", "2009-12-31": "$180", "2009-09-30": "$173", "2009-06-30": "$152", "2009-03-31": "$146", "2008-12-31": "$157", "2008-09-30": "$211", "2008-06-30": "$186", "2008-03-31": "$177", "2007-12-31": "$165", "2007-09-30": "$193", "2007-06-30": "$153", "2007-03-31": "$155", "2006-12-31": "$150", "2006-09-30": "$165", "2006-06-30": "$148", "2006-03-31": "$135", "2005-12-31": "$130", "2005-09-30": "$123", "2005-06-30": "$128", "2005-03-31": "$127"}}, "operating-income": {"PTC Annual Operating Income (Millions of US $)": {"2020": "$211", "2019": "$63", "2018": "$73", "2017": "$42", "2016": "$-37", "2015": "$42", "2014": "$197", "2013": "$127", "2012": "$128", "2011": "$117", "2010": "$75", "2009": "$19", "2008": "$125", "2007": "$93", "2006": "$67", "2005": "$73"}, "PTC Quarterly Operating Income (Millions of US $)": {"2020-12-31": "$90", "2020-09-30": "$67", "2020-06-30": "$63", "2020-03-31": "$50", "2019-12-31": "$30", "2019-09-30": "$47", "2019-06-30": "$9", "2019-03-31": "$-23", "2018-12-31": "$30", "2018-09-30": "$12", "2018-06-30": "$22", "2018-03-31": "$22", "2017-12-31": "$17", "2017-09-30": "$18", "2017-06-30": "$11", "2017-03-31": "$8", "2016-12-31": "$5", "2016-09-30": "$-33", "2016-06-30": "$8", "2016-03-31": "$2", "2015-12-31": "$-13", "2015-09-30": "$-22", "2015-06-30": "$22", "2015-03-31": "$4", "2014-12-31": "$38", "2014-09-30": "$36", "2014-06-30": "$54", "2014-03-31": "$51", "2013-12-31": "$55", "2013-09-30": "$49", "2013-06-30": "$43", "2013-03-31": "$21", "2012-12-31": "$14", "2012-09-30": "$58", "2012-06-30": "$31", "2012-03-31": "$7", "2011-12-31": "$33", "2011-09-30": "$51", "2011-06-30": "$25", "2011-03-31": "$24", "2010-12-31": "$17", "2010-09-30": "$29", "2010-06-30": "$12", "2010-03-31": "$12", "2009-12-31": "$22", "2009-09-30": "$15", "2009-06-30": "$2", "2009-03-31": "$-1", "2008-12-31": "$4", "2008-09-30": "$47", "2008-06-30": "$32", "2008-03-31": "$31", "2007-12-31": "$15", "2007-09-30": "$31", "2007-06-30": "$20", "2007-03-31": "$21", "2006-12-31": "$21", "2006-09-30": "$27", "2006-06-30": "$13", "2006-03-31": "$15", "2005-12-31": "$11", "2005-09-30": "$-1", "2005-06-30": "$27", "2005-03-31": "$24"}}, "ebitda": {"PTC Annual EBITDA (Millions of US $)": {"2020": "$330", "2019": "$141", "2018": "$160", "2017": "$129", "2016": "$50", "2015": "$126", "2014": "$274", "2013": "$204", "2012": "$195", "2011": "$180", "2010": "$137", "2009": "$81", "2008": "$185", "2007": "$132", "2006": "$100", "2005": "$99"}, "PTC Quarterly EBITDA (Millions of US $)": {"2020-12-31": "$119", "2020-09-30": "$96", "2020-06-30": "$113", "2020-03-31": "$62", "2019-12-31": "$59", "2019-09-30": "$66", "2019-06-30": "$28", "2019-03-31": "$-3", "2018-12-31": "$50", "2018-09-30": "$34", "2018-06-30": "$44", "2018-03-31": "$44", "2017-12-31": "$38", "2017-09-30": "$41", "2017-06-30": "$33", "2017-03-31": "$29", "2016-12-31": "$26", "2016-09-30": "$-11", "2016-06-30": "$29", "2016-03-31": "$24", "2015-12-31": "$7", "2015-09-30": "$-1", "2015-06-30": "$43", "2015-03-31": "$25", "2014-12-31": "$59", "2014-09-30": "$56", "2014-06-30": "$73", "2014-03-31": "$70", "2013-12-31": "$74", "2013-09-30": "$68", "2013-06-30": "$62", "2013-03-31": "$41", "2012-12-31": "$33", "2012-09-30": "$74", "2012-06-30": "$48", "2012-03-31": "$23", "2011-12-31": "$50", "2011-09-30": "$69", "2011-06-30": "$40", "2011-03-31": "$39", "2010-12-31": "$31", "2010-09-30": "$44", "2010-06-30": "$28", "2010-03-31": "$27", "2009-12-31": "$38", "2009-09-30": "$31", "2009-06-30": "$18", "2009-03-31": "$14", "2008-12-31": "$18", "2008-09-30": "$64", "2008-06-30": "$49", "2008-03-31": "$46", "2007-12-31": "$27", "2007-09-30": "$41", "2007-06-30": "$29", "2007-03-31": "$31", "2006-12-31": "$31", "2006-09-30": "$36", "2006-06-30": "$22", "2006-03-31": "$23", "2005-12-31": "$19", "2005-09-30": "$6", "2005-06-30": "$32", "2005-03-31": "$31"}}, "net-income": {"PTC Annual Net Income (Millions of US $)": {"2020": "$131", "2019": "$-27", "2018": "$52", "2017": "$6", "2016": "$-54", "2015": "$48", "2014": "$160", "2013": "$144", "2012": "$-35", "2011": "$85", "2010": "$24", "2009": "$32", "2008": "$80", "2007": "$144", "2006": "$57", "2005": "$73"}, "PTC Quarterly Net Income (Millions of US $)": {"2020-12-31": "$24", "2020-09-30": "$53", "2020-06-30": "$35", "2020-03-31": "$7", "2019-12-31": "$35", "2019-09-30": "$10", "2019-06-30": "$-15", "2019-03-31": "$-44", "2018-12-31": "$21", "2018-09-30": "$13", "2018-06-30": "$17", "2018-03-31": "$8", "2017-12-31": "$14", "2017-09-30": "$17", "2017-06-30": "$-1", "2017-03-31": "$-1", "2016-12-31": "$-9", "2016-09-30": "$-28", "2016-06-30": "$3", "2016-03-31": "$-5", "2015-12-31": "$-24", "2015-09-30": "$-6", "2015-06-30": "$17", "2015-03-31": "$5", "2014-12-31": "$30", "2014-09-30": "$39", "2014-06-30": "$38", "2014-03-31": "$44", "2013-12-31": "$40", "2013-09-30": "$56", "2013-06-30": "$34", "2013-03-31": "$17", "2012-12-31": "$36", "2012-09-30": "$-84", "2012-06-30": "$23", "2012-03-31": "$4", "2011-12-31": "$22", "2011-09-30": "$38", "2011-06-30": "$16", "2011-03-31": "$19", "2010-12-31": "$13", "2010-09-30": "$-13", "2010-06-30": "$11", "2010-03-31": "$9", "2009-12-31": "$18", "2009-09-30": "$16", "2009-06-30": "$4", "2009-03-31": "$7", "2008-12-31": "$5", "2008-09-30": "$37", "2008-06-30": "$14", "2008-03-31": "$19", "2007-12-31": "$10", "2007-09-30": "$31", "2007-06-30": "$80", "2007-03-31": "$17", "2006-12-31": "$15", "2006-09-30": "$22", "2006-06-30": "$17", "2006-03-31": "$11", "2005-12-31": "$8", "2005-09-30": "$7", "2005-06-30": "$27", "2005-03-31": "$21"}}, "eps-earnings-per-share-diluted": {"PTC Annual EPS": {"2020": "$1.12", "2019": "$-0.23", "2018": "$0.44", "2017": "$0.05", "2016": "$-0.48", "2015": "$0.41", "2014": "$1.34", "2013": "$1.19", "2012": "$-0.30", "2011": "$0.71", "2010": "$0.20", "2009": "$0.27", "2008": "$0.68", "2007": "$1.22", "2006": "$0.50", "2005": "$0.65"}, "PTC Quarterly EPS": {"2020-12-31": "$0.20", "2020-09-30": "$0.45", "2020-06-30": "$0.30", "2020-03-31": "$0.06", "2019-12-31": "$0.31", "2019-09-30": "$0.09", "2019-06-30": "$-0.13", "2019-03-31": "$-0.37", "2018-12-31": "$0.18", "2018-09-30": "$0.11", "2018-06-30": "$0.14", "2018-03-31": "$0.07", "2017-12-31": "$0.12", "2017-09-30": "$0.15", "2017-06-30": "$-0.01", "2017-03-31": "$-0.01", "2016-12-31": "$-0.08", "2016-09-30": "$-0.25", "2016-06-30": "$0.03", "2016-03-31": "$-0.05", "2015-12-31": "$-0.21", "2015-09-30": "$-0.05", "2015-06-30": "$0.15", "2015-03-31": "$0.05", "2014-12-31": "$0.26", "2014-09-30": "$0.33", "2014-06-30": "$0.32", "2014-03-31": "$0.36", "2013-12-31": "$0.33", "2013-09-30": "$0.47", "2013-06-30": "$0.29", "2013-03-31": "$0.14", "2012-12-31": "$0.29", "2012-09-30": "$-0.71", "2012-06-30": "$0.19", "2012-03-31": "$0.03", "2011-12-31": "$0.18", "2011-09-30": "$0.31", "2011-06-30": "$0.13", "2011-03-31": "$0.16", "2010-12-31": "$0.11", "2010-09-30": "$-0.12", "2010-06-30": "$0.09", "2010-03-31": "$0.08", "2009-12-31": "$0.15", "2009-09-30": "$0.14", "2009-06-30": "$0.03", "2009-03-31": "$0.06", "2008-12-31": "$0.04", "2008-09-30": "$0.32", "2008-06-30": "$0.12", "2008-03-31": "$0.16", "2007-12-31": "$0.08", "2007-09-30": "$0.26", "2007-06-30": "$0.68", "2007-03-31": "$0.15", "2006-12-31": "$0.13", "2006-09-30": "$0.19", "2006-06-30": "$0.15", "2006-03-31": "$0.09", "2005-12-31": "$0.07", "2005-09-30": "$0.06", "2005-06-30": "$0.24", "2005-03-31": "$0.18"}}, "shares-outstanding": {"PTC Annual Shares Outstanding (Millions of Shares)": {"2020": "116", "2019": "118", "2018": "118", "2017": "117", "2016": "115", "2015": "116", "2014": "120", "2013": "121", "2012": "119", "2011": "121", "2010": "120", "2009": "117", "2008": "118", "2007": "117", "2006": "113", "2005": "112"}, "PTC Quarterly Shares Outstanding (Millions of Shares)": {"2020-12-31": "118", "2020-09-30": "116", "2020-06-30": "116", "2020-03-31": "116", "2019-12-31": "116", "2019-09-30": "118", "2019-06-30": "116", "2019-03-31": "118", "2018-12-31": "120", "2018-09-30": "118", "2018-06-30": "118", "2018-03-31": "118", "2017-12-31": "118", "2017-09-30": "117", "2017-06-30": "116", "2017-03-31": "116", "2016-12-31": "115", "2016-09-30": "115", "2016-06-30": "116", "2016-03-31": "115", "2015-12-31": "114", "2015-09-30": "116", "2015-06-30": "116", "2015-03-31": "116", "2014-12-31": "117", "2014-09-30": "120", "2014-06-30": "120", "2014-03-31": "121", "2013-12-31": "121", "2013-09-30": "121", "2013-06-30": "121", "2013-03-31": "121", "2012-12-31": "122", "2012-09-30": "119", "2012-06-30": "121", "2012-03-31": "121", "2011-12-31": "121", "2011-09-30": "120", "2011-06-30": "121", "2011-03-31": "122", "2010-12-31": "121", "2010-09-30": "120", "2010-06-30": "119", "2010-03-31": "120", "2009-12-31": "121", "2009-09-30": "117", "2009-06-30": "117", "2009-03-31": "116", "2008-12-31": "117", "2008-09-30": "118", "2008-06-30": "117", "2008-03-31": "117", "2007-12-31": "118", "2007-09-30": "117", "2007-06-30": "118", "2007-03-31": "117", "2006-12-31": "117", "2006-09-30": "113", "2006-06-30": "113", "2006-03-31": "113", "2005-12-31": "113", "2005-09-30": "112", "2005-06-30": "112", "2005-03-31": "112"}}, "total-assets": {"PTC Annual Total Assets (Millions of US $)": {"2020": "$3,383", "2019": "$2,665", "2018": "$2,329", "2017": "$2,360", "2016": "$2,346", "2015": "$2,210", "2014": "$2,200", "2013": "$1,829", "2012": "$1,792", "2011": "$1,630", "2010": "$1,307", "2009": "$1,350", "2008": "$1,350", "2007": "$1,090", "2006": "$901", "2005": "$787"}, "PTC Quarterly Total Assets (Millions of US $)": {"2020-12-31": "$3,449", "2020-09-30": "$3,383", "2020-06-30": "$3,376", "2020-03-31": "$3,866", "2019-12-31": "$3,280", "2019-09-30": "$2,665", "2019-06-30": "$2,649", "2019-03-31": "$2,716", "2018-12-31": "$2,753", "2018-09-30": "$2,329", "2018-06-30": "$2,256", "2018-03-31": "$2,329", "2017-12-31": "$2,306", "2017-09-30": "$2,360", "2017-06-30": "$2,292", "2017-03-31": "$2,334", "2016-12-31": "$2,197", "2016-09-30": "$2,346", "2016-06-30": "$2,339", "2016-03-31": "$2,412", "2015-12-31": "$2,216", "2015-09-30": "$2,210", "2015-06-30": "$2,147", "2015-03-31": "$2,109", "2014-12-31": "$2,137", "2014-09-30": "$2,200", "2014-06-30": "$1,958", "2014-03-31": "$1,959", "2013-12-31": "$1,905", "2013-09-30": "$1,829", "2013-06-30": "$1,757", "2013-03-31": "$1,785", "2012-12-31": "$1,803", "2012-09-30": "$1,792", "2012-06-30": "$1,611", "2012-03-31": "$1,659", "2011-12-31": "$1,613", "2011-09-30": "$1,630", "2011-06-30": "$1,682", "2011-03-31": "$1,347", "2010-12-31": "$1,268", "2010-09-30": "$1,307", "2010-06-30": "$1,269", "2010-03-31": "$1,312", "2009-12-31": "$1,348", "2009-09-30": "$1,350", "2009-06-30": "$1,297", "2009-03-31": "$1,267", "2008-12-31": "$1,303", "2008-09-30": "$1,350", "2008-06-30": "$1,323", "2008-03-31": "$1,377", "2007-12-31": "$1,324", "2007-09-30": "$1,090", "2007-06-30": "$1,051", "2007-03-31": "$980", "2006-12-31": "$897", "2006-09-30": "$901", "2006-06-30": "$852", "2006-03-31": "$829", "2005-12-31": "$772", "2005-09-30": "$787", "2005-06-30": "$755", "2005-03-31": "$752"}}, "cash-on-hand": {"PTC Annual Cash on Hand (Millions of US $)": {"2020": "$304", "2019": "$297", "2018": "$286", "2017": "$298", "2016": "$297", "2015": "$273", "2014": "$294", "2013": "$242", "2012": "$490", "2011": "$168", "2010": "$240", "2009": "$235", "2008": "$257", "2007": "$263", "2006": "$183", "2005": "$204"}, "PTC Quarterly Cash on Hand (Millions of US $)": {"2020-12-31": "$399", "2020-09-30": "$304", "2020-06-30": "$403", "2020-03-31": "$861", "2019-12-31": "$266", "2019-09-30": "$297", "2019-06-30": "$301", "2019-03-31": "$320", "2018-12-31": "$303", "2018-09-30": "$286", "2018-06-30": "$289", "2018-03-31": "$323", "2017-12-31": "$312", "2017-09-30": "$298", "2017-06-30": "$280", "2017-03-31": "$267", "2016-12-31": "$196", "2016-09-30": "$297", "2016-06-30": "$306", "2016-03-31": "$368", "2015-12-31": "$297", "2015-09-30": "$273", "2015-06-30": "$275", "2015-03-31": "$268", "2014-12-31": "$261", "2014-09-30": "$294", "2014-06-30": "$304", "2014-03-31": "$270", "2013-12-31": "$371", "2013-09-30": "$242", "2013-06-30": "$257", "2013-03-31": "$241", "2012-12-31": "$248", "2012-09-30": "$490", "2012-06-30": "$238", "2012-03-31": "$224", "2011-12-31": "$187", "2011-09-30": "$168", "2011-06-30": "$261", "2011-03-31": "$260", "2010-12-31": "$183", "2010-09-30": "$240", "2010-06-30": "$219", "2010-03-31": "$223", "2009-12-31": "$231", "2009-09-30": "$235", "2009-06-30": "$231", "2009-03-31": "$268", "2008-12-31": "$227", "2008-09-30": "$257", "2008-06-30": "$242", "2008-03-31": "$259", "2007-12-31": "$215", "2007-09-30": "$263", "2007-06-30": "$260", "2007-03-31": "$238", "2006-12-31": "$147", "2006-09-30": "$183", "2006-06-30": "$174", "2006-03-31": "$224", "2005-12-31": "$167", "2005-09-30": "$204", "2005-06-30": "$403", "2005-03-31": "$384"}}, "long-term-debt": {"PTC Annual Long Term Debt (Millions of US $)": {"2020": "$1,005", "2019": "$669", "2018": "$643", "2017": "$712", "2016": "$752", "2015": "$618", "2014": "$587", "2013": "$243", "2012": "$363", "2011": "$200", "2010": "$", "2009": "$", "2008": "$", "2007": "$", "2006": "$", "2005": "$"}, "PTC Quarterly Long Term Debt (Millions of US $)": {"2020-12-31": "$988", "2020-09-30": "$1,005", "2020-06-30": "$1,125", "2020-03-31": "$1,134", "2019-12-31": "$1,124", "2019-09-30": "$669", "2019-06-30": "$699", "2019-03-31": "$739", "2018-12-31": "$778", "2018-09-30": "$643", "2018-06-30": "$693", "2018-03-31": "$643", "2017-12-31": "$743", "2017-09-30": "$712", "2017-06-30": "$712", "2017-03-31": "$712", "2016-12-31": "$732", "2016-09-30": "$752", "2016-06-30": "$778", "2016-03-31": "$838", "2015-12-31": "$718", "2015-09-30": "$618", "2015-06-30": "$581", "2015-03-31": "$493", "2014-12-31": "$574", "2014-09-30": "$587", "2014-06-30": "$299", "2014-03-31": "$306", "2013-12-31": "$353", "2013-09-30": "$243", "2013-06-30": "$259", "2013-03-31": "$301", "2012-12-31": "$363", "2012-09-30": "$363", "2012-06-30": "$140", "2012-03-31": "$160", "2011-12-31": "$200", "2011-09-30": "$200", "2011-06-30": "$250", "2011-03-31": "", "2010-12-31": "", "2010-09-30": "", "2010-06-30": "", "2010-03-31": "", "2009-12-31": "", "2009-09-30": "", "2009-06-30": "", "2009-03-31": "", "2008-12-31": "", "2008-09-30": "", "2008-06-30": "", "2008-03-31": "", "2007-12-31": "", "2007-09-30": "", "2007-06-30": "", "2007-03-31": "", "2006-12-31": "", "2006-09-30": "", "2006-06-30": "", "2006-03-31": "", "2005-12-31": "", "2005-09-30": "", "2005-06-30": "", "2005-03-31": ""}}, "total-liabilities": {"PTC Annual Total Liabilities (Millions of US $)": {"2020": "$1,944", "2019": "$1,463", "2018": "$1,454", "2017": "$1,475", "2016": "$1,503", "2015": "$1,350", "2014": "$1,346", "2013": "$902", "2012": "$994", "2011": "$807", "2010": "$560", "2009": "$589", "2008": "$647", "2007": "$496", "2006": "$496", "2005": "$463"}, "PTC Quarterly Total Liabilities (Millions of US $)": {"2020-12-31": "$1,954", "2020-09-30": "$1,944", "2020-06-30": "$2,049", "2020-03-31": "$2,592", "2019-12-31": "$2,032", "2019-09-30": "$1,463", "2019-06-30": "$1,433", "2019-03-31": "$1,468", "2018-12-31": "$1,432", "2018-09-30": "$1,454", "2018-06-30": "$1,421", "2018-03-31": "$1,401", "2017-12-31": "$1,417", "2017-09-30": "$1,475", "2017-06-30": "$1,456", "2017-03-31": "$1,486", "2016-12-31": "$1,378", "2016-09-30": "$1,503", "2016-06-30": "$1,476", "2016-03-31": "$1,557", "2015-12-31": "$1,380", "2015-09-30": "$1,350", "2015-06-30": "$1,316", "2015-03-31": "$1,254", "2014-12-31": "$1,282", "2014-09-30": "$1,346", "2014-06-30": "$986", "2014-03-31": "$977", "2013-12-31": "$936", "2013-09-30": "$902", "2013-06-30": "$906", "2013-03-31": "$957", "2012-12-31": "$977", "2012-09-30": "$994", "2012-06-30": "$748", "2012-03-31": "$801", "2011-12-31": "$766", "2011-09-30": "$807", "2011-06-30": "$879", "2011-03-31": "$544", "2010-12-31": "$503", "2010-09-30": "$560", "2010-06-30": "$534", "2010-03-31": "$570", "2009-12-31": "$576", "2009-09-30": "$589", "2009-06-30": "$551", "2009-03-31": "$557", "2008-12-31": "$602", "2008-09-30": "$647", "2008-06-30": "$671", "2008-03-31": "$755", "2007-12-31": "$721", "2007-09-30": "$496", "2007-06-30": "$464", "2007-03-31": "$486", "2006-12-31": "$431", "2006-09-30": "$496", "2006-06-30": "$459", "2006-03-31": "$466", "2005-12-31": "$431", "2005-09-30": "$463", "2005-06-30": "$438", "2005-03-31": "$459"}}, "total-share-holder-equity": {"PTC Annual Share Holder Equity (Millions of US $)": {"2020": "$1,438", "2019": "$1,202", "2018": "$875", "2017": "$885", "2016": "$843", "2015": "$860", "2014": "$854", "2013": "$926", "2012": "$797", "2011": "$823", "2010": "$747", "2009": "$762", "2008": "$703", "2007": "$595", "2006": "$406", "2005": "$324"}, "PTC Quarterly Share Holder Equity (Millions of US $)": {"2020-12-31": "$1,495", "2020-09-30": "$1,438", "2020-06-30": "$1,328", "2020-03-31": "$1,274", "2019-12-31": "$1,248", "2019-09-30": "$1,202", "2019-06-30": "$1,216", "2019-03-31": "$1,248", "2018-12-31": "$1,321", "2018-09-30": "$875", "2018-06-30": "$834", "2018-03-31": "$928", "2017-12-31": "$889", "2017-09-30": "$885", "2017-06-30": "$835", "2017-03-31": "$847", "2016-12-31": "$819", "2016-09-30": "$843", "2016-06-30": "$863", "2016-03-31": "$854", "2015-12-31": "$836", "2015-09-30": "$860", "2015-06-30": "$830", "2015-03-31": "$854", "2014-12-31": "$855", "2014-09-30": "$854", "2014-06-30": "$972", "2014-03-31": "$982", "2013-12-31": "$969", "2013-09-30": "$926", "2013-06-30": "$851", "2013-03-31": "$828", "2012-12-31": "$826", "2012-09-30": "$797", "2012-06-30": "$863", "2012-03-31": "$858", "2011-12-31": "$848", "2011-09-30": "$823", "2011-06-30": "$802", "2011-03-31": "$803", "2010-12-31": "$764", "2010-09-30": "$747", "2010-06-30": "$735", "2010-03-31": "$742", "2009-12-31": "$772", "2009-09-30": "$762", "2009-06-30": "$745", "2009-03-31": "$710", "2008-12-31": "$700", "2008-09-30": "$703", "2008-06-30": "$652", "2008-03-31": "$622", "2007-12-31": "$602", "2007-09-30": "$595", "2007-06-30": "$588", "2007-03-31": "$495", "2006-12-31": "$466", "2006-09-30": "$406", "2006-06-30": "$393", "2006-03-31": "$363", "2005-12-31": "$342", "2005-09-30": "$324", "2005-06-30": "$317", "2005-03-31": "$293"}}, "profit-margins": {"current": "7.75%"}, "gross margin": {"2020-12-31": "78.13%", "2020-09-30": "77.04%", "2020-06-30": "76.12%", "2020-03-31": "74.96%", "2019-12-31": "73.90%", "2019-09-30": "74.18%", "2019-06-30": "74.21%", "2019-03-31": "74.62%", "2018-12-31": "74.59%", "2018-09-30": "73.61%", "2018-06-30": "73.22%", "2018-03-31": "72.69%", "2017-12-31": "72.21%", "2017-09-30": "71.80%", "2017-06-30": "71.27%", "2017-03-31": "71.13%", "2016-12-31": "71.04%", "2016-09-30": "71.34%", "2016-06-30": "72.47%", "2016-03-31": "73.14%", "2015-12-31": "73.63%", "2015-09-30": "73.39%", "2015-06-30": "73.03%", "2015-03-31": "72.82%", "2014-12-31": "72.53%", "2014-09-30": "72.46%", "2014-06-30": "72.31%", "2014-03-31": "71.84%", "2013-12-31": "71.59%", "2013-09-30": "71.17%", "2013-06-30": "71.04%", "2013-03-31": "70.79%", "2012-12-31": "70.49%", "2012-09-30": "70.36%", "2012-06-30": "69.90%", "2012-03-31": "69.60%", "2011-12-31": "69.70%", "2011-09-30": "69.32%", "2011-06-30": "69.25%", "2011-03-31": "69.34%", "2010-12-31": "68.89%", "2010-09-30": "69.50%", "2010-06-30": "69.23%", "2010-03-31": "68.80%", "2009-12-31": "68.17%", "2009-09-30": "67.02%", "2009-06-30": "67.20%", "2009-03-31": "67.50%", "2008-12-31": "68.32%", "2008-09-30": "69.00%", "2008-06-30": "69.46%", "2008-03-31": "69.42%", "2007-12-31": "69.30%", "2007-09-30": "69.11%", "2007-06-30": "68.16%", "2007-03-31": "68.21%", "2006-12-31": "68.11%", "2006-09-30": "68.08%", "2006-06-30": "67.68%", "2006-03-31": "68.34%", "2005-12-31": "69.49%"}, "operating margin": {"2020-12-31": "17.62%", "2020-09-30": "14.39%", "2020-06-30": "13.54%", "2020-03-31": "10.10%", "2019-12-31": "4.94%", "2019-09-30": "5.02%", "2019-06-30": "2.27%", "2019-03-31": "3.27%", "2018-12-31": "6.77%", "2018-09-30": "5.87%", "2018-06-30": "6.39%", "2018-03-31": "5.61%", "2017-12-31": "4.56%", "2017-09-30": "3.61%", "2017-06-30": "-0.79%", "2017-03-31": "-1.05%", "2016-12-31": "-1.58%", "2016-09-30": "-3.16%", "2016-06-30": "-2.14%", "2016-03-31": "-0.93%", "2015-12-31": "-0.74%", "2015-09-30": "3.35%", "2015-06-30": "7.64%", "2015-03-31": "9.83%", "2014-12-31": "13.18%", "2014-09-30": "14.43%", "2014-06-30": "15.64%", "2014-03-31": "15.07%", "2013-12-31": "12.93%", "2013-09-30": "9.81%", "2013-06-30": "10.68%", "2013-03-31": "9.76%", "2012-12-31": "8.75%", "2012-09-30": "10.28%", "2012-06-30": "9.61%", "2012-03-31": "9.28%", "2011-12-31": "10.92%", "2011-09-30": "10.03%", "2011-06-30": "8.67%", "2011-03-31": "7.83%", "2010-12-31": "6.87%", "2010-09-30": "7.43%", "2010-06-30": "6.17%", "2010-03-31": "5.25%", "2009-12-31": "3.98%", "2009-09-30": "2.13%", "2009-06-30": "5.25%", "2009-03-31": "7.91%", "2008-12-31": "10.65%", "2008-09-30": "11.67%", "2008-06-30": "10.50%", "2008-03-31": "9.79%", "2007-12-31": "9.05%", "2007-09-30": "9.87%", "2007-06-30": "9.74%", "2007-03-31": "9.05%", "2006-12-31": "8.66%", "2006-09-30": "7.77%", "2006-06-30": "4.80%", "2006-03-31": "6.89%", "2005-12-31": "8.34%"}, "ebitda margin": {"2020-12-31": "25.46%", "2020-09-30": "22.62%", "2020-06-30": "21.38%", "2020-03-31": "15.97%", "2019-12-31": "11.76%", "2019-09-30": "11.24%", "2019-06-30": "8.84%", "2019-03-31": "9.98%", "2018-12-31": "13.53%", "2018-09-30": "12.87%", "2018-06-30": "13.51%", "2018-03-31": "12.87%", "2017-12-31": "11.91%", "2017-09-30": "11.09%", "2017-06-30": "6.72%", "2017-03-31": "6.39%", "2016-12-31": "5.99%", "2016-09-30": "4.29%", "2016-06-30": "5.06%", "2016-03-31": "6.19%", "2015-12-31": "6.06%", "2015-09-30": "10.04%", "2015-06-30": "13.98%", "2015-03-31": "15.86%", "2014-12-31": "19.00%", "2014-09-30": "20.10%", "2014-06-30": "21.33%", "2014-03-31": "20.85%", "2013-12-31": "18.86%", "2013-09-30": "15.77%", "2013-06-30": "16.48%", "2013-03-31": "15.43%", "2012-12-31": "14.16%", "2012-09-30": "15.54%", "2012-06-30": "14.97%", "2012-03-31": "14.56%", "2011-12-31": "16.26%", "2011-09-30": "15.34%", "2011-06-30": "14.05%", "2011-03-31": "13.56%", "2010-12-31": "12.76%", "2010-09-30": "13.56%", "2010-06-30": "12.55%", "2010-03-31": "11.74%", "2009-12-31": "10.58%", "2009-09-30": "8.64%", "2009-06-30": "11.50%", "2009-03-31": "13.98%", "2008-12-31": "16.54%", "2008-09-30": "17.37%", "2008-06-30": "15.70%", "2008-03-31": "14.43%", "2007-12-31": "13.32%", "2007-09-30": "14.01%", "2007-06-30": "13.89%", "2007-03-31": "13.25%", "2006-12-31": "12.76%", "2006-09-30": "11.78%", "2006-06-30": "8.84%", "2006-03-31": "10.60%", "2005-12-31": "12.04%"}, "pre tax profit margin": {"2020-12-31": "12.60%", "2020-09-30": "9.25%", "2020-06-30": "8.13%", "2020-03-31": "5.13%", "2019-12-31": "1.57%", "2019-09-30": "1.67%", "2019-06-30": "-0.97%", "2019-03-31": "-0.16%", "2018-12-31": "3.38%", "2018-09-30": "2.33%", "2018-06-30": "2.67%", "2018-03-31": "1.98%", "2017-12-31": "0.93%", "2017-09-30": "-0.17%", "2017-06-30": "-4.37%", "2017-03-31": "-4.55%", "2016-12-31": "-4.84%", "2016-09-30": "-5.96%", "2016-06-30": "-4.37%", "2016-03-31": "-2.71%", "2015-12-31": "-2.29%", "2015-09-30": "2.07%", "2015-06-30": "6.42%", "2015-03-31": "8.79%", "2014-12-31": "12.30%", "2014-09-30": "13.70%", "2014-06-30": "15.12%", "2014-03-31": "14.92%", "2013-12-31": "12.78%", "2013-09-30": "9.66%", "2013-06-30": "10.44%", "2013-03-31": "9.29%", "2012-12-31": "8.19%", "2012-09-30": "9.64%", "2012-06-30": "8.90%", "2012-03-31": "8.00%", "2011-12-31": "9.77%", "2011-09-30": "8.91%", "2011-06-30": "8.58%", "2011-03-31": "8.40%", "2010-12-31": "7.46%", "2010-09-30": "8.22%", "2010-06-30": "6.07%", "2010-03-31": "5.05%", "2009-12-31": "3.77%", "2009-09-30": "1.71%", "2009-06-30": "4.84%", "2009-03-31": "6.94%", "2008-12-31": "9.81%", "2008-09-30": "11.11%", "2008-06-30": "10.12%", "2008-03-31": "10.29%", "2007-12-31": "9.78%", "2007-09-30": "10.62%", "2007-06-30": "10.39%", "2007-03-31": "9.60%", "2006-12-31": "9.11%", "2006-09-30": "8.24%", "2006-06-30": "5.30%", "2006-03-31": "7.55%", "2005-12-31": "9.30%"}, "net profit margin": {"2020-12-31": "7.77%", "2020-09-30": "8.91%", "2020-06-30": "6.20%", "2020-03-31": "2.75%", "2019-12-31": "-1.10%", "2019-09-30": "-2.23%", "2019-06-30": "-2.03%", "2019-03-31": "0.56%", "2018-12-31": "4.64%", "2018-09-30": "4.18%", "2018-06-30": "4.53%", "2018-03-31": "3.14%", "2017-12-31": "2.45%", "2017-09-30": "0.52%", "2017-06-30": "-3.41%", "2017-03-31": "-3.06%", "2016-12-31": "-3.43%", "2016-09-30": "-4.73%", "2016-06-30": "-2.74%", "2016-03-31": "-1.53%", "2015-12-31": "-0.66%", "2015-09-30": "3.67%", "2015-06-30": "6.95%", "2015-03-31": "8.34%", "2014-12-31": "11.12%", "2014-09-30": "11.86%", "2014-06-30": "13.32%", "2014-03-31": "13.24%", "2013-12-31": "11.32%", "2013-09-30": "11.05%", "2013-06-30": "0.24%", "2013-03-31": "-0.63%", "2012-12-31": "-1.67%", "2012-09-30": "-2.79%", "2012-06-30": "6.86%", "2012-03-31": "6.40%", "2011-12-31": "7.80%", "2011-09-30": "7.37%", "2011-06-30": "3.19%", "2011-03-31": "2.87%", "2010-12-31": "1.96%", "2010-09-30": "2.48%", "2010-06-30": "5.47%", "2010-03-31": "4.84%", "2009-12-31": "4.71%", "2009-09-30": "3.42%", "2009-06-30": "5.35%", "2009-03-31": "6.08%", "2008-12-31": "7.01%", "2008-09-30": "7.47%", "2008-06-30": "7.13%", "2008-03-31": "14.13%", "2007-12-31": "14.36%", "2007-09-30": "15.18%", "2007-06-30": "14.66%", "2007-03-31": "7.84%", "2006-12-31": "7.40%", "2006-09-30": "6.83%", "2006-06-30": "5.43%", "2006-03-31": "7.02%", "2005-12-31": "8.62%"}, "pe ratio": {"current": "71.36", "2021-02-05": "139.93", "2020-12-31": "117.26", "2020-09-30": "73.20", "2020-06-30": "103.72", "2020-03-31": "111.29", "2019-12-31": "192.03", "2019-09-30": "262.23", "2019-06-30": "309.52", "2019-03-31": "279.33", "2018-12-31": "165.80", "2018-09-30": "241.34", "2018-06-30": "195.44", "2018-03-31": "236.39", "2017-12-31": "243.08", "2017-09-30": "1125.60", "2017-06-30": "0.00", "2017-03-31": "0.00", "2016-12-31": "0.00", "2016-09-30": "0.00", "2016-06-30": "0.00", "2016-03-31": "0.00", "2015-12-31": "577.17", "2015-09-30": "58.78", "2015-06-30": "51.92", "2015-03-31": "37.68", "2014-12-31": "28.86", "2014-09-30": "27.54", "2014-06-30": "26.22", "2014-03-31": "24.43", "2013-12-31": "28.77", "2013-09-30": "23.92", "2013-06-30": "2453.00", "2013-03-31": "0.00", "2012-12-31": "0.00", "2012-09-30": "0.00", "2012-06-30": "29.52", "2012-03-31": "42.98", "2011-12-31": "23.41", "2011-09-30": "21.66", "2011-06-30": "79.07", "2011-03-31": "89.96", "2010-12-31": "132.53", "2010-09-30": "93.05", "2010-06-30": "34.82", "2010-03-31": "46.28", "2009-12-31": "44.16", "2009-09-30": "53.15", "2009-06-30": "26.57", "2009-03-31": "18.83", "2008-12-31": "20.08", "2008-09-30": "27.46", "2008-06-30": "24.88", "2008-03-31": "12.39", "2007-12-31": "13.95", "2007-09-30": "13.10", "2007-06-30": "17.02", "2007-03-31": "27.94", "2006-12-31": "29.06"}, "price sales": {"2021-02-05": "10.86", "2020-12-31": "9.11", "2020-09-30": "6.58", "2020-06-30": "6.46", "2020-03-31": "5.29", "2019-12-31": "6.86", "2019-09-30": "6.41", "2019-06-30": "8.60", "2019-03-31": "8.72", "2018-12-31": "7.72", "2018-09-30": "10.07", "2018-06-30": "8.93", "2018-03-31": "7.54", "2017-12-31": "5.98", "2017-09-30": "5.61", "2017-06-30": "5.55", "2017-03-31": "5.30", "2016-12-31": "4.69", "2016-09-30": "4.46", "2016-06-30": "3.71", "2016-03-31": "3.24", "2015-12-31": "3.28", "2015-09-30": "2.94", "2015-06-30": "3.68", "2015-03-31": "3.19", "2014-12-31": "3.22", "2014-09-30": "3.27", "2014-06-30": "3.51", "2014-03-31": "3.26", "2013-12-31": "3.30", "2013-09-30": "2.67", "2013-06-30": "2.32", "2013-03-31": "2.42", "2012-12-31": "2.16", "2012-09-30": "2.09", "2012-06-30": "1.99", "2012-03-31": "2.70", "2011-12-31": "1.81", "2011-09-30": "1.59", "2011-06-30": "2.53", "2011-03-31": "2.59", "2010-12-31": "2.66", "2010-09-30": "2.32", "2010-06-30": "1.89", "2010-03-31": "2.21", "2009-12-31": "2.01", "2009-09-30": "1.72", "2009-06-30": "1.38", "2009-03-31": "1.13", "2008-12-31": "1.39", "2008-09-30": "2.02", "2008-06-30": "1.89", "2008-03-31": "1.90", "2007-12-31": "2.19", "2007-09-30": "2.17", "2007-06-30": "2.75", "2007-03-31": "2.42", "2006-12-31": "2.35"}, "price book": {"current": "11.52", "2021-02-05": "11.14", "2020-12-31": "9.33", "2020-09-30": "6.68", "2020-06-30": "6.80", "2020-03-31": "5.56", "2019-12-31": "6.93", "2019-09-30": "6.52", "2019-06-30": "8.50", "2019-03-31": "8.73", "2018-12-31": "7.45", "2018-09-30": "14.32", "2018-06-30": "12.98", "2018-03-31": "9.78", "2017-12-31": "7.94", "2017-09-30": "7.33", "2017-06-30": "7.62", "2017-03-31": "7.18", "2016-12-31": "6.53", "2016-09-30": "6.05", "2016-06-30": "5.01", "2016-03-31": "4.45", "2015-12-31": "4.74", "2015-09-30": "4.20", "2015-06-30": "5.64", "2015-03-31": "4.87", "2014-12-31": "4.92", "2014-09-30": "4.97", "2014-06-30": "4.68", "2014-03-31": "4.28", "2013-12-31": "4.37", "2013-09-30": "3.64", "2013-06-30": "3.43", "2013-03-31": "3.68", "2012-12-31": "3.27", "2012-09-30": "3.26", "2012-06-30": "2.89", "2012-03-31": "3.89", "2011-12-31": "2.56", "2011-09-30": "2.19", "2011-06-30": "3.36", "2011-03-31": "3.33", "2010-12-31": "3.48", "2010-09-30": "3.03", "2010-06-30": "2.46", "2010-03-31": "2.82", "2009-12-31": "2.49", "2009-09-30": "2.10", "2009-06-30": "1.82", "2009-03-31": "1.63", "2008-12-31": "2.09", "2008-09-30": "3.03", "2008-06-30": "2.94", "2008-03-31": "2.95", "2007-12-31": "3.44", "2007-09-30": "3.36", "2007-06-30": "4.23", "2007-03-31": "4.41", "2006-12-31": "4.33", "2006-09-30": "4.81", "2006-06-30": "3.60", "2006-03-31": "5.00"}, "price fcf": {"2021-02-05": "", "2020-12-31": "$2.76", "2020-09-30": "$1.84", "2020-06-30": "$1.99", "2020-03-31": "$1.67", "2019-12-31": "$1.98", "2019-09-30": "$1.88", "2019-06-30": "$1.84", "2019-03-31": "$1.67", "2018-12-31": "$1.55", "2018-09-30": "$1.79", "2018-06-30": "$1.64", "2018-03-31": "$1.88", "2017-12-31": "$1.57", "2017-09-30": "$0.94", "2017-06-30": "$0.77", "2017-03-31": "$0.61", "2016-12-31": "$0.39", "2016-09-30": "$1.37", "2016-06-30": "$1.13", "2016-03-31": "$1.38", "2015-12-31": "$1.74", "2015-09-30": "$1.29", "2015-06-30": "$1.83", "2015-03-31": "$1.99", "2014-12-31": "$2.12", "2014-09-30": "$2.33", "2014-06-30": "$2.25", "2014-03-31": "$2.05", "2013-12-31": "$1.81", "2013-09-30": "$1.61", "2013-06-30": "$1.46", "2013-03-31": "$1.30", "2012-12-31": "$1.38", "2012-09-30": "$1.57", "2012-06-30": "$1.37", "2012-03-31": "$1.23", "2011-12-31": "$1.10", "2011-09-30": "$0.42", "2011-06-30": "$0.58", "2011-03-31": "$0.62", "2010-12-31": "$0.52", "2010-09-30": "$1.08", "2010-06-30": "$1.00", "2010-03-31": "$0.32", "2009-12-31": "$0.41", "2009-09-30": "$0.34", "2009-06-30": "$0.65", "2009-03-31": "$1.31", "2008-12-31": "$1.59", "2008-09-30": "$1.67", "2008-06-30": "$1.41", "2008-03-31": "$1.34", "2007-12-31": "$1.21", "2007-09-30": "$0.88", "2007-06-30": "$0.88", "2007-03-31": "$0.67", "2006-12-31": "$0.21"}, "net worth": {"value": "$16.65B"}, "current ratio": {"current": "1.32", "2020-12-31": "1.31", "2020-09-30": "1.22", "2020-06-30": "1.27", "2020-03-31": "1.13", "2019-12-31": "1.17", "2019-09-30": "1.23", "2019-06-30": "1.25", "2019-03-31": "1.32", "2018-12-31": "1.48", "2018-09-30": "0.86", "2018-06-30": "0.88", "2018-03-31": "0.94", "2017-12-31": "1.03", "2017-09-30": "0.98", "2017-06-30": "0.94", "2017-03-31": "0.98", "2016-12-31": "0.92", "2016-09-30": "0.98", "2016-06-30": "1.05", "2016-03-31": "1.20", "2015-12-31": "1.14", "2015-09-30": "1.14", "2015-06-30": "1.00", "2015-03-31": "1.07", "2014-12-31": "1.18", "2014-09-30": "1.17", "2014-06-30": "1.30", "2014-03-31": "1.34", "2013-12-31": "1.69", "2013-09-30": "1.29", "2013-06-30": "1.30", "2013-03-31": "1.29", "2012-12-31": "1.40", "2012-09-30": "1.83", "2012-06-30": "1.26", "2012-03-31": "1.25", "2011-12-31": "1.37", "2011-09-30": "1.27", "2011-06-30": "1.27", "2011-03-31": "1.43", "2010-12-31": "1.35", "2010-09-30": "1.25", "2010-06-30": "1.22", "2010-03-31": "1.16", "2009-12-31": "1.19", "2009-09-30": "1.11", "2009-06-30": "1.06", "2009-03-31": "1.11", "2008-12-31": "1.02", "2008-09-30": "1.06", "2008-06-30": "0.93", "2008-03-31": "0.88", "2007-12-31": "0.87", "2007-09-30": "1.38", "2007-06-30": "1.49", "2007-03-31": "1.36", "2006-12-31": "1.31", "2006-09-30": "1.14", "2006-06-30": "1.18", "2006-03-31": "1.30", "2005-12-31": "1.26", "2005-09-30": "1.23", "2005-06-30": "1.71", "2005-03-31": "1.64"}, "quick ratio": {"2020-12-31": "0.00", "2020-09-30": "0.00", "2020-06-30": "0.00", "2020-03-31": "0.00", "2019-12-31": "0.00", "2019-09-30": "0.00", "2019-06-30": "0.00", "2019-03-31": "0.00", "2018-12-31": "0.00", "2018-09-30": "0.00", "2018-06-30": "0.00", "2018-03-31": "0.00", "2017-12-31": "0.00", "2017-09-30": "0.00", "2017-06-30": "0.00", "2017-03-31": "0.00", "2016-12-31": "0.00", "2016-09-30": "0.00", "2016-06-30": "0.00", "2016-03-31": "0.00", "2015-12-31": "0.00", "2015-09-30": "0.00", "2015-06-30": "0.00", "2015-03-31": "0.00", "2014-12-31": "0.00", "2014-09-30": "0.00", "2014-06-30": "0.00", "2014-03-31": "0.00", "2013-12-31": "0.00", "2013-09-30": "0.00", "2013-06-30": "0.00", "2013-03-31": "0.00", "2012-12-31": "0.00", "2012-09-30": "0.00", "2012-06-30": "0.00", "2012-03-31": "0.00", "2011-12-31": "0.00", "2011-09-30": "0.00", "2011-06-30": "0.00", "2011-03-31": "0.00", "2010-12-31": "0.00", "2010-09-30": "0.00", "2010-06-30": "0.00", "2010-03-31": "0.00", "2009-12-31": "0.00", "2009-09-30": "0.00", "2009-06-30": "0.00", "2009-03-31": "0.00", "2008-12-31": "0.00", "2008-09-30": "0.00", "2008-06-30": "0.00", "2008-03-31": "0.00", "2007-12-31": "0.00", "2007-09-30": "0.00", "2007-06-30": "0.00", "2007-03-31": "0.00", "2006-12-31": "0.00", "2006-09-30": "0.00", "2006-06-30": "0.00", "2006-03-31": "0.00", "2005-12-31": "0.00", "2005-09-30": "0.00", "2005-06-30": "0.00", "2005-03-31": "0.00"}, "debt equity ratio": {"current": "0.70", "2020-12-31": "1.31", "2020-09-30": "1.35", "2020-06-30": "1.54", "2020-03-31": "2.04", "2019-12-31": "1.63", "2019-09-30": "1.22", "2019-06-30": "1.18", "2019-03-31": "1.18", "2018-12-31": "1.08", "2018-09-30": "1.66", "2018-06-30": "1.70", "2018-03-31": "1.51", "2017-12-31": "1.59", "2017-09-30": "1.67", "2017-06-30": "1.74", "2017-03-31": "1.75", "2016-12-31": "1.68", "2016-09-30": "1.78", "2016-06-30": "1.71", "2016-03-31": "1.82", "2015-12-31": "1.65", "2015-09-30": "1.57", "2015-06-30": "1.59", "2015-03-31": "1.47", "2014-12-31": "1.50", "2014-09-30": "1.58", "2014-06-30": "1.01", "2014-03-31": "0.99", "2013-12-31": "0.97", "2013-09-30": "0.97", "2013-06-30": "1.07", "2013-03-31": "1.16", "2012-12-31": "1.18", "2012-09-30": "1.25", "2012-06-30": "0.87", "2012-03-31": "0.93", "2011-12-31": "0.90", "2011-09-30": "0.98", "2011-06-30": "1.10", "2011-03-31": "0.68", "2010-12-31": "0.66", "2010-09-30": "0.75", "2010-06-30": "0.73", "2010-03-31": "0.77", "2009-12-31": "0.75", "2009-09-30": "0.77", "2009-06-30": "0.74", "2009-03-31": "0.79", "2008-12-31": "0.86", "2008-09-30": "0.92", "2008-06-30": "1.03", "2008-03-31": "1.21", "2007-12-31": "1.20", "2007-09-30": "0.83", "2007-06-30": "0.79", "2007-03-31": "0.98", "2006-12-31": "0.92", "2006-09-30": "1.22", "2006-06-30": "1.17", "2006-03-31": "1.28", "2005-12-31": "1.26", "2005-09-30": "1.43", "2005-06-30": "1.38", "2005-03-31": "1.57"}, "return on equity": {"2020-12-31": "8.60%", "2020-09-30": "9.83%", "2020-06-30": "6.89%", "2020-03-31": "3.00%", "2019-12-31": "-1.14%", "2019-09-30": "-2.25%", "2019-06-30": "-2.15%", "2019-03-31": "0.65%", "2018-12-31": "5.96%", "2018-09-30": "5.90%", "2018-06-30": "6.33%", "2018-03-31": "4.30%", "2017-12-31": "3.36%", "2017-09-30": "0.71%", "2017-06-30": "-4.67%", "2017-03-31": "-4.15%", "2016-12-31": "-4.62%", "2016-09-30": "-6.36%", "2016-06-30": "-3.75%", "2016-03-31": "-2.13%", "2015-12-31": "-0.95%", "2015-09-30": "5.41%", "2015-06-30": "10.73%", "2015-03-31": "12.67%", "2014-12-31": "16.49%", "2014-09-30": "17.05%", "2014-06-30": "18.50%", "2014-03-31": "18.67%", "2013-12-31": "16.45%", "2013-09-30": "16.67%", "2013-06-30": "0.36%", "2013-03-31": "-0.97%", "2012-12-31": "-2.51%", "2012-09-30": "-4.16%", "2012-06-30": "10.26%", "2012-03-31": "9.61%", "2011-12-31": "11.60%", "2011-09-30": "10.78%", "2011-06-30": "4.49%", "2011-03-31": "3.94%", "2010-12-31": "2.68%", "2010-09-30": "3.34%", "2010-06-30": "7.17%", "2010-03-31": "6.22%", "2009-12-31": "6.02%", "2009-09-30": "4.39%", "2009-06-30": "7.42%", "2009-03-31": "9.11%", "2008-12-31": "11.21%", "2008-09-30": "12.41%", "2008-06-30": "11.98%", "2008-03-31": "23.27%", "2007-12-31": "24.21%", "2007-09-30": "26.68%", "2007-06-30": "27.42%", "2007-03-31": "16.14%", "2006-12-31": "15.97%", "2006-09-30": "15.43%", "2006-06-30": "12.10%", "2006-03-31": "15.75%", "2005-12-31": "19.75%"}, "return on assets": {"2020-12-31": "3.38%", "2020-09-30": "3.74%", "2020-06-30": "2.64%", "2020-03-31": "1.19%", "2019-12-31": "-0.50%", "2019-09-30": "-1.04%", "2019-06-30": "-0.96%", "2019-03-31": "0.28%", "2018-12-31": "2.44%", "2018-09-30": "2.26%", "2018-06-30": "2.42%", "2018-03-31": "1.64%", "2017-12-31": "1.25%", "2017-09-30": "0.26%", "2017-06-30": "-1.70%", "2017-03-31": "-1.52%", "2016-12-31": "-1.68%", "2016-09-30": "-2.32%", "2016-06-30": "-1.39%", "2016-03-31": "-0.80%", "2015-12-31": "-0.37%", "2015-09-30": "2.14%", "2015-06-30": "4.24%", "2015-03-31": "5.33%", "2014-12-31": "7.32%", "2014-09-30": "8.03%", "2014-06-30": "9.31%", "2014-03-31": "9.34%", "2013-12-31": "8.08%", "2013-09-30": "7.97%", "2013-06-30": "0.17%", "2013-03-31": "-0.46%", "2012-12-31": "-1.22%", "2012-09-30": "-2.10%", "2012-06-30": "5.34%", "2012-03-31": "4.86%", "2011-12-31": "6.06%", "2011-09-30": "5.80%", "2011-06-30": "2.50%", "2011-03-31": "2.31%", "2010-12-31": "1.55%", "2010-09-30": "1.91%", "2010-06-30": "4.09%", "2010-03-31": "3.54%", "2009-12-31": "3.42%", "2009-09-30": "2.45%", "2009-06-30": "4.06%", "2009-03-31": "4.81%", "2008-12-31": "5.60%", "2008-09-30": "5.95%", "2008-06-30": "5.79%", "2008-03-31": "11.57%", "2007-12-31": "12.42%", "2007-09-30": "14.24%", "2007-06-30": "14.00%", "2007-03-31": "7.82%", "2006-12-31": "7.47%", "2006-09-30": "6.92%", "2006-06-30": "5.31%", "2006-03-31": "6.75%", "2005-12-31": "8.22%"}, "return on investments": {"2020-12-31": "11.04%", "2020-09-30": "8.68%", "2020-06-30": "8.35%", "2020-03-31": "6.35%", "2019-12-31": "3.09%", "2019-09-30": "3.20%", "2019-06-30": "1.49%", "2019-03-31": "2.30%", "2018-12-31": "5.12%", "2018-09-30": "4.67%", "2018-06-30": "4.99%", "2018-03-31": "4.28%", "2017-12-31": "3.41%", "2017-09-30": "2.69%", "2017-06-30": "-0.58%", "2017-03-31": "-0.76%", "2016-12-31": "-1.11%", "2016-09-30": "-2.22%", "2016-06-30": "-1.57%", "2016-03-31": "-0.72%", "2015-12-31": "-0.62%", "2015-09-30": "2.97%", "2015-06-30": "7.11%", "2015-03-31": "9.62%", "2014-12-31": "13.18%", "2014-09-30": "14.73%", "2014-06-30": "16.55%", "2014-03-31": "16.20%", "2013-12-31": "14.21%", "2013-09-30": "11.06%", "2013-06-30": "11.86%", "2013-03-31": "11.07%", "2012-12-31": "10.07%", "2012-09-30": "12.20%", "2012-06-30": "11.93%", "2012-03-31": "11.21%", "2011-12-31": "17.03%", "2011-09-30": "22.55%", "2011-06-30": "36.12%", "2011-03-31": "inf%", "2010-12-31": "inf%", "2010-09-30": "inf%", "2010-06-30": "inf%", "2010-03-31": "inf%", "2009-12-31": "inf%", "2009-09-30": "inf%", "2009-06-30": "inf%", "2009-03-31": "inf%", "2008-12-31": "inf%", "2008-09-30": "inf%", "2008-06-30": "inf%", "2008-03-31": "inf%", "2007-12-31": "inf%", "2007-09-30": "inf%", "2007-06-30": "inf%", "2007-03-31": "inf%", "2006-12-31": "inf%", "2006-09-30": "inf%", "2006-06-30": "inf%", "2006-03-31": "inf%", "2005-12-31": "inf%"}, "return on tangible equity": {"2020-12-31": "-25.11%", "2020-09-30": "-24.14%", "2020-06-30": "-17.98%", "2020-03-31": "-9.12%", "2019-12-31": "4.60%", "2019-09-30": "15.82%", "2019-06-30": "9.90%", "2019-03-31": "-2.06%", "2018-12-31": "-14.05%", "2018-09-30": "-9.89%", "2018-06-30": "-10.41%", "2018-03-31": "-6.92%", "2017-12-31": "-5.05%", "2017-09-30": "-1.00%", "2017-06-30": "6.30%", "2017-03-31": "5.61%", "2016-12-31": "6.10%", "2016-09-30": "8.67%", "2016-06-30": "5.44%", "2016-03-31": "3.17%", "2015-12-31": "1.56%", "2015-09-30": "-9.47%", "2015-06-30": "-18.76%", "2015-03-31": "-28.74%", "2014-12-31": "-46.68%", "2014-09-30": "-72.36%", "2014-06-30": "-139.61%", "2014-03-31": "-137.28%", "2013-12-31": "-109.09%", "2013-09-30": "-81.71%", "2013-06-30": "-2.06%", "2013-03-31": "8.96%", "2012-12-31": "68.85%", "2012-09-30": "-111.11%", "2012-06-30": "310.71%", "2012-03-31": "-32000.00%", "2011-12-31": "169.64%", "2011-09-30": "80.56%", "2011-06-30": "21.84%", "2011-03-31": "13.45%", "2010-12-31": "9.84%", "2010-09-30": "12.94%", "2010-06-30": "29.31%", "2010-03-31": "27.33%", "2009-12-31": "27.69%", "2009-09-30": "22.07%", "2009-06-30": "40.00%", "2009-03-31": "61.02%", "2008-12-31": "114.94%", "2008-09-30": "244.27%", "2008-06-30": "103.86%", "2008-03-31": "109.80%", "2007-12-31": "82.39%", "2007-09-30": "71.14%", "2007-06-30": "87.30%", "2007-03-31": "67.94%", "2006-12-31": "71.43%", "2006-09-30": "73.65%", "2006-06-30": "57.14%", "2006-03-31": "43.27%", "2005-12-31": "40.13%"}, "dividend yield history": {"last payout": "$0.00", "last yield": "0.00%"}}