{"ticker": "PSTG", "price": {"title": "Pure Storage Historical Annual Stock Price Data", "value": 27.05, "historical": {"2020": {"Average Stock Price": "16.6866", "Year Open": "17.8000", "Year High": "24.2000", "Year Low": "8.7600", "Year Close": "22.6100", "Annual % Change": "32.14%"}, "2019": {"Average Stock Price": "17.9581", "Year Open": "16.4100", "Year High": "23.3800", "Year Low": "13.0100", "Year Close": "17.1100", "Annual % Change": "6.41%"}, "2018": {"Average Stock Price": "21.5564", "Year Open": "16.2100", "Year High": "28.6600", "Year Low": "14.8000", "Year Close": "16.0800", "Annual % Change": "1.39%"}, "2017": {"Average Stock Price": "13.2829", "Year Open": "11.2700", "Year High": "19.0200", "Year Low": "9.4000", "Year Close": "15.8600", "Annual % Change": "40.23%"}, "2016": {"Average Stock Price": "12.9356", "Year Open": "14.3400", "Year High": "15.7100", "Year Low": "9.7700", "Year Close": "11.3100", "Annual % Change": "-27.36%"}, "2015": {"Average Stock Price": "16.9677", "Year Open": "16.0100", "Year High": "19.7400", "Year Low": "12.9100", "Year Close": "15.5700", "Annual % Change": "0.00%"}}}, "market cap": {"value": "$7.38B"}, "income statement": {"Revenue": {"2020-01-31": "1643.44000", "2019-01-31": "1359.82400", "2018-01-31": "1024.76200", "2017-01-31": "739.17100", "2016-01-31": "440.33300", "2015-01-31": "174.45100", "2014-01-31": "42.73300"}, "Cost Of Goods Sold": {"2020-01-31": "509.88600", "2019-01-31": "457.52800", "2018-01-31": "353.78100", "2017-01-31": "252.27900", "2016-01-31": "167.89300", "2015-01-31": "77.55200", "2014-01-31": "24.12900"}, "Gross Profit": {"2020-01-31": "1133.55400", "2019-01-31": "902.29600", "2018-01-31": "670.98100", "2017-01-31": "486.89200", "2016-01-31": "272.44000", "2015-01-31": "96.89900", "2014-01-31": "18.60400"}, "Research And Development Expenses": {"2020-01-31": "433.66200", "2019-01-31": "349.93600", "2018-01-31": "279.19600", "2017-01-31": "245.81700", "2016-01-31": "166.64500", "2015-01-31": "92.70700", "2014-01-31": "36.08100"}, "SG&A Expenses": {"2020-01-31": "891.17500", "2019-01-31": "721.61700", "2018-01-31": "559.21900", "2017-01-31": "432.34700", "2016-01-31": "315.97600", "2015-01-31": "184.67400", "2014-01-31": "60.65200"}, "Other Operating Income Or Expenses": {"2020-01-31": "", "2019-01-31": "", "2018-01-31": "", "2017-01-31": "-30.00000", "2016-01-31": "", "2015-01-31": "", "2014-01-31": ""}, "Operating Expenses": {"2020-01-31": "1834.72300", "2019-01-31": "1529.08100", "2018-01-31": "1192.19600", "2017-01-31": "960.44300", "2016-01-31": "650.51400", "2015-01-31": "354.93300", "2014-01-31": "120.86200"}, "Operating Income": {"2020-01-31": "-191.28300", "2019-01-31": "-169.25710", "2018-01-31": "-167.43410", "2017-01-31": "-221.27200", "2016-01-31": "-210.18100", "2015-01-31": "-180.48200", "2014-01-31": "-78.12900"}, "Total Non-Operating Income/Expense": {"2020-01-31": "-3.38300", "2019-01-31": "-8.01600", "2018-01-31": "11.44500", "2017-01-31": "1.62700", "2016-01-31": "-2.00200", "2015-01-31": "-1.41200", "2014-01-31": "-0.14100"}, "Pre-Tax Income": {"2020-01-31": "-194.66600", "2019-01-31": "-177.27300", "2018-01-31": "-155.98900", "2017-01-31": "-219.64500", "2016-01-31": "-212.18300", "2015-01-31": "-181.89400", "2014-01-31": "-78.27000"}, "Income Taxes": {"2020-01-31": "6.32100", "2019-01-31": "1.08900", "2018-01-31": "3.88900", "2017-01-31": "1.88700", "2016-01-31": "1.56900", "2015-01-31": "1.33700", "2014-01-31": "0.29100"}, "Income After Taxes": {"2020-01-31": "-200.98700", "2019-01-31": "-178.36200", "2018-01-31": "-159.87800", "2017-01-31": "-221.53200", "2016-01-31": "-213.75200", "2015-01-31": "-183.23100", "2014-01-31": "-78.56100"}, "Other Income": {"2020-01-31": "", "2019-01-31": "", "2018-01-31": "", "2017-01-31": "", "2016-01-31": "", "2015-01-31": "", "2014-01-31": ""}, "Income From Continuous Operations": {"2020-01-31": "-200.98700", "2019-01-31": "-178.36200", "2018-01-31": "-159.87800", "2017-01-31": "-221.53200", "2016-01-31": "-213.75200", "2015-01-31": "-183.23100", "2014-01-31": "-78.56100"}, "Income From Discontinued Operations": {"2020-01-31": "", "2019-01-31": "", "2018-01-31": "", "2017-01-31": "", "2016-01-31": "", "2015-01-31": "", "2014-01-31": ""}, "Net Income": {"2020-01-31": "-200.98700", "2019-01-31": "-178.36200", "2018-01-31": "-159.87800", "2017-01-31": "-221.53200", "2016-01-31": "-213.75200", "2015-01-31": "-183.23100", "2014-01-31": "-78.56100"}, "EBITDA": {"2020-01-31": "-74.39400", "2019-01-31": "-77.34810", "2018-01-31": "-105.69010", "2017-01-31": "-171.06900", "2016-01-31": "-177.92700", "2015-01-31": "-165.09000", "2014-01-31": "-73.69800"}, "EBIT": {"2020-01-31": "-191.28300", "2019-01-31": "-169.25710", "2018-01-31": "-167.43410", "2017-01-31": "-221.27200", "2016-01-31": "-210.18100", "2015-01-31": "-180.48200", "2014-01-31": "-78.12900"}, "Basic Shares Outstanding": {"2020-01-31": "252.82000", "2019-01-31": "232.04200", "2018-01-31": "211.60900", "2017-01-31": "194.71400", "2016-01-31": "82.46000", "2015-01-31": "27.92500", "2014-01-31": "24.23700"}, "Shares Outstanding": {"2020-01-31": "252.82000", "2019-01-31": "232.04200", "2018-01-31": "211.60900", "2017-01-31": "194.71400", "2016-01-31": "82.46000", "2015-01-31": "27.92500", "2014-01-31": "24.23700"}, "Basic EPS": {"2020-01-31": "-0.79000", "2019-01-31": "-0.77000", "2018-01-31": "-0.76000", "2017-01-31": "-1.14000", "2016-01-31": "-2.59000", "2015-01-31": "-6.56000", "2014-01-31": "-3.24000"}, "EPS - Earnings Per Share": {"2020-01-31": "-0.79000", "2019-01-31": "-0.77000", "2018-01-31": "-0.76000", "2017-01-31": "-1.14000", "2016-01-31": "-2.59000", "2015-01-31": "-6.56000", "2014-01-31": "-3.24000"}}, "income statement, quarterly": {"Revenue": {"2020-10-31": "410.61900", "2020-07-31": "403.72300", "2020-04-30": "367.11900", "2020-01-31": "492.00400", "2019-10-31": "428.40900", "2019-07-31": "396.32700", "2019-04-30": "326.70000", "2019-01-31": "422.21600", "2018-10-31": "372.77900", "2018-07-31": "308.88400", "2018-04-30": "255.94500", "2018-01-31": "339.85600", "2017-10-31": "277.59100", "2017-07-31": "224.67000", "2017-04-30": "182.64500", "2017-01-31": "239.05400", "2016-10-31": "196.95600", "2016-07-31": "163.21400", "2016-04-30": "139.94700", "2016-01-31": "150.23100", "2015-10-31": "131.36400", "2015-07-31": "84.66100", "2015-04-30": "74.07700", "2015-01-31": "", "2014-10-31": "49.18900", "2014-01-31": ""}, "Cost Of Goods Sold": {"2020-10-31": "134.10300", "2020-07-31": "128.99700", "2020-04-30": "110.29400", "2020-01-31": "143.79400", "2019-10-31": "127.77100", "2019-07-31": "128.00800", "2019-04-30": "110.31300", "2019-01-31": "141.52000", "2018-10-31": "123.65900", "2018-07-31": "102.71900", "2018-04-30": "89.63000", "2018-01-31": "117.92300", "2017-10-31": "95.85900", "2017-07-31": "76.45100", "2017-04-30": "63.54800", "2017-01-31": "79.13000", "2016-10-31": "69.32200", "2016-07-31": "56.84700", "2016-04-30": "46.98000", "2016-01-31": "52.06600", "2015-10-31": "51.05300", "2015-07-31": "35.13800", "2015-04-30": "29.63600", "2015-01-31": "", "2014-10-31": "20.50300", "2014-01-31": ""}, "Gross Profit": {"2020-10-31": "276.51600", "2020-07-31": "274.72600", "2020-04-30": "256.82500", "2020-01-31": "348.21000", "2019-10-31": "300.63800", "2019-07-31": "268.31900", "2019-04-30": "216.38700", "2019-01-31": "280.69600", "2018-10-31": "249.12000", "2018-07-31": "206.16500", "2018-04-30": "166.31500", "2018-01-31": "221.93300", "2017-10-31": "181.73200", "2017-07-31": "148.21900", "2017-04-30": "119.09700", "2017-01-31": "159.92400", "2016-10-31": "127.63400", "2016-07-31": "106.36700", "2016-04-30": "92.96700", "2016-01-31": "98.16500", "2015-10-31": "80.31100", "2015-07-31": "49.52300", "2015-04-30": "44.44100", "2015-01-31": "", "2014-10-31": "28.68600", "2014-01-31": ""}, "Research And Development Expenses": {"2020-10-31": "122.98100", "2020-07-31": "114.65200", "2020-04-30": "112.44600", "2020-01-31": "114.90400", "2019-10-31": "106.66300", "2019-07-31": "107.02000", "2019-04-30": "105.07500", "2019-01-31": "96.63000", "2018-10-31": "90.78300", "2018-07-31": "84.03100", "2018-04-30": "78.49200", "2018-01-31": "75.48000", "2017-10-31": "68.92700", "2017-07-31": "69.36100", "2017-04-30": "65.42800", "2017-01-31": "72.63200", "2016-10-31": "61.61200", "2016-07-31": "58.63500", "2016-04-30": "52.93800", "2016-01-31": "53.71000", "2015-10-31": "43.06500", "2015-07-31": "38.18800", "2015-04-30": "31.68200", "2015-01-31": "", "2014-10-31": "22.86300", "2014-01-31": ""}, "SG&A Expenses": {"2020-10-31": "218.74900", "2020-07-31": "215.90500", "2020-04-30": "214.55800", "2020-01-31": "234.00000", "2019-10-31": "222.23500", "2019-07-31": "226.20400", "2019-04-30": "208.73600", "2019-01-31": "209.02600", "2018-10-31": "185.55400", "2018-07-31": "177.34000", "2018-04-30": "149.69700", "2018-01-31": "165.26900", "2017-10-31": "142.37700", "2017-07-31": "139.71400", "2017-04-30": "111.85900", "2017-01-31": "106.25300", "2016-10-31": "114.20200", "2016-07-31": "107.21300", "2016-04-30": "104.67900", "2016-01-31": "87.38800", "2015-10-31": "92.82500", "2015-07-31": "74.74400", "2015-04-30": "61.01900", "2015-01-31": "", "2014-10-31": "45.63900", "2014-01-31": ""}, "Other Operating Income Or Expenses": {"2020-10-31": "", "2020-07-31": "", "2020-04-30": "", "2020-01-31": "", "2019-10-31": "", "2019-07-31": "", "2019-04-30": "", "2019-01-31": "", "2018-10-31": "", "2018-07-31": "", "2018-04-30": "", "2018-01-31": "", "2017-10-31": "", "2017-07-31": "", "2017-04-30": "", "2017-01-31": "", "2016-10-31": "-30.00000", "2016-07-31": "", "2016-04-30": "", "2016-01-31": "", "2015-10-31": "", "2015-07-31": "", "2015-04-30": "", "2015-01-31": "", "2014-10-31": "", "2014-01-31": ""}, "Operating Expenses": {"2020-10-31": "475.83300", "2020-07-31": "467.84200", "2020-04-30": "452.00000", "2020-01-31": "492.69790", "2019-10-31": "456.66900", "2019-07-31": "461.23200", "2019-04-30": "424.12400", "2019-01-31": "447.17610", "2018-10-31": "399.99600", "2018-07-31": "364.09000", "2018-04-30": "317.81900", "2018-01-31": "358.67200", "2017-10-31": "307.16300", "2017-07-31": "285.52600", "2017-04-30": "240.83500", "2017-01-31": "258.01500", "2016-10-31": "275.13600", "2016-07-31": "222.69500", "2016-04-30": "204.59700", "2016-01-31": "193.16400", "2015-10-31": "186.94300", "2015-07-31": "148.07000", "2015-04-30": "122.33700", "2015-01-31": "", "2014-10-31": "89.00500", "2014-01-31": ""}, "Operating Income": {"2020-10-31": "-65.21400", "2020-07-31": "-64.11900", "2020-04-30": "-84.88100", "2020-01-31": "-0.69400", "2019-10-31": "-28.26000", "2019-07-31": "-64.90500", "2019-04-30": "-97.42400", "2019-01-31": "-24.96010", "2018-10-31": "-27.21700", "2018-07-31": "-55.20600", "2018-04-30": "-61.87400", "2018-01-31": "-18.81610", "2017-10-31": "-29.57200", "2017-07-31": "-60.85600", "2017-04-30": "-58.19000", "2017-01-31": "-18.96100", "2016-10-31": "-78.18000", "2016-07-31": "-59.48100", "2016-04-30": "-64.65000", "2016-01-31": "-42.93300", "2015-10-31": "-55.57900", "2015-07-31": "-63.40900", "2015-04-30": "-48.26000", "2015-01-31": "", "2014-10-31": "-39.81600", "2014-01-31": ""}, "Total Non-Operating Income/Expense": {"2020-10-31": "-4.88700", "2020-07-31": "1.60300", "2020-04-30": "-3.41600", "2020-01-31": "-0.92400", "2019-10-31": "0.00900", "2019-07-31": "-0.65200", "2019-04-30": "-1.81600", "2019-01-31": "-0.09600", "2018-10-31": "-2.88900", "2018-07-31": "-4.03200", "2018-04-30": "-0.99900", "2018-01-31": "5.04600", "2017-10-31": "1.13800", "2017-07-31": "3.26600", "2017-04-30": "1.99500", "2017-01-31": "0.50000", "2016-10-31": "-0.19200", "2016-07-31": "0.03700", "2016-04-30": "1.28200", "2016-01-31": "-0.75700", "2015-10-31": "-0.17100", "2015-07-31": "-0.37100", "2015-04-30": "-0.70300", "2015-01-31": "", "2014-10-31": "-0.41000", "2014-01-31": ""}, "Pre-Tax Income": {"2020-10-31": "-70.10100", "2020-07-31": "-62.51600", "2020-04-30": "-88.29700", "2020-01-31": "-1.61800", "2019-10-31": "-28.25100", "2019-07-31": "-65.55700", "2019-04-30": "-99.24000", "2019-01-31": "-25.05600", "2018-10-31": "-30.10600", "2018-07-31": "-59.23800", "2018-04-30": "-62.87300", "2018-01-31": "-13.77000", "2017-10-31": "-28.43400", "2017-07-31": "-57.59000", "2017-04-30": "-56.19500", "2017-01-31": "-18.46100", "2016-10-31": "-78.37200", "2016-07-31": "-59.44400", "2016-04-30": "-63.36800", "2016-01-31": "-43.69000", "2015-10-31": "-55.75000", "2015-07-31": "-63.78000", "2015-04-30": "-48.96300", "2015-01-31": "", "2014-10-31": "-40.22600", "2014-01-31": ""}, "Income Taxes": {"2020-10-31": "4.12100", "2020-07-31": "2.45100", "2020-04-30": "2.29700", "2020-01-31": "3.03300", "2019-10-31": "1.73100", "2019-07-31": "0.46100", "2019-04-30": "1.09600", "2019-01-31": "0.69900", "2018-10-31": "-1.92600", "2018-07-31": "0.88500", "2018-04-30": "1.43100", "2018-01-31": "1.13400", "2017-10-31": "0.97000", "2017-07-31": "0.82100", "2017-04-30": "0.96400", "2017-01-31": "0.92000", "2016-10-31": "0.44100", "2016-07-31": "0.10600", "2016-04-30": "0.42000", "2016-01-31": "0.60400", "2015-10-31": "0.75100", "2015-07-31": "0.05700", "2015-04-30": "0.15700", "2015-01-31": "", "2014-10-31": "0.17100", "2014-01-31": ""}, "Income After Taxes": {"2020-10-31": "-74.22200", "2020-07-31": "-64.96700", "2020-04-30": "-90.59400", "2020-01-31": "-4.65100", "2019-10-31": "-29.98200", "2019-07-31": "-66.01800", "2019-04-30": "-100.33600", "2019-01-31": "-25.75500", "2018-10-31": "-28.18000", "2018-07-31": "-60.12300", "2018-04-30": "-64.30400", "2018-01-31": "-14.90400", "2017-10-31": "-29.40400", "2017-07-31": "-58.41100", "2017-04-30": "-57.15900", "2017-01-31": "-19.38100", "2016-10-31": "-78.81300", "2016-07-31": "-59.55000", "2016-04-30": "-63.78800", "2016-01-31": "-44.29400", "2015-10-31": "-56.50100", "2015-07-31": "-63.83700", "2015-04-30": "-49.12000", "2015-01-31": "", "2014-10-31": "-40.39700", "2014-01-31": ""}, "Other Income": {"2020-10-31": "", "2020-07-31": "", "2020-04-30": "", "2020-01-31": "", "2019-10-31": "", "2019-07-31": "", "2019-04-30": "", "2019-01-31": "", "2018-10-31": "", "2018-07-31": "", "2018-04-30": "", "2018-01-31": "", "2017-10-31": "", "2017-07-31": "", "2017-04-30": "", "2017-01-31": "", "2016-10-31": "", "2016-07-31": "", "2016-04-30": "", "2016-01-31": "", "2015-10-31": "", "2015-07-31": "", "2015-04-30": "", "2015-01-31": "", "2014-10-31": "", "2014-01-31": ""}, "Income From Continuous Operations": {"2020-10-31": "-74.22200", "2020-07-31": "-64.96700", "2020-04-30": "-90.59400", "2020-01-31": "-4.65100", "2019-10-31": "-29.98200", "2019-07-31": "-66.01800", "2019-04-30": "-100.33600", "2019-01-31": "-25.75500", "2018-10-31": "-28.18000", "2018-07-31": "-60.12300", "2018-04-30": "-64.30400", "2018-01-31": "-14.90400", "2017-10-31": "-29.40400", "2017-07-31": "-58.41100", "2017-04-30": "-57.15900", "2017-01-31": "-19.38100", "2016-10-31": "-78.81300", "2016-07-31": "-59.55000", "2016-04-30": "-63.78800", "2016-01-31": "-44.29400", "2015-10-31": "-56.50100", "2015-07-31": "-63.83700", "2015-04-30": "-49.12000", "2015-01-31": "", "2014-10-31": "-40.39700", "2014-01-31": ""}, "Income From Discontinued Operations": {"2020-10-31": "", "2020-07-31": "", "2020-04-30": "", "2020-01-31": "", "2019-10-31": "", "2019-07-31": "", "2019-04-30": "", "2019-01-31": "", "2018-10-31": "", "2018-07-31": "", "2018-04-30": "", "2018-01-31": "", "2017-10-31": "", "2017-07-31": "", "2017-04-30": "", "2017-01-31": "", "2016-10-31": "", "2016-07-31": "", "2016-04-30": "", "2016-01-31": "", "2015-10-31": "", "2015-07-31": "", "2015-04-30": "", "2015-01-31": "", "2014-10-31": "", "2014-01-31": ""}, "Net Income": {"2020-10-31": "-74.22200", "2020-07-31": "-64.96700", "2020-04-30": "-90.59400", "2020-01-31": "-4.65100", "2019-10-31": "-29.98200", "2019-07-31": "-66.01800", "2019-04-30": "-100.33600", "2019-01-31": "-25.75500", "2018-10-31": "-28.18000", "2018-07-31": "-60.12300", "2018-04-30": "-64.30400", "2018-01-31": "-14.90400", "2017-10-31": "-29.40400", "2017-07-31": "-58.41100", "2017-04-30": "-57.15900", "2017-01-31": "-19.38100", "2016-10-31": "-78.81300", "2016-07-31": "-59.55000", "2016-04-30": "-63.78800", "2016-01-31": "-44.29400", "2015-10-31": "-56.50100", "2015-07-31": "-63.83700", "2015-04-30": "-49.12000", "2015-01-31": "", "2014-10-31": "-40.39700", "2014-01-31": ""}, "EBITDA": {"2020-10-31": "-39.60000", "2020-07-31": "-40.46600", "2020-04-30": "-62.81200", "2020-01-31": "29.22400", "2019-10-31": "1.83000", "2019-07-31": "-35.57400", "2019-04-30": "-69.87400", "2019-01-31": "1.15390", "2018-10-31": "-2.90100", "2018-07-31": "-31.59900", "2018-04-30": "-44.00200", "2018-01-31": "-2.59710", "2017-10-31": "-14.04700", "2017-07-31": "-45.68100", "2017-04-30": "-43.36500", "2017-01-31": "-4.73600", "2016-10-31": "-64.53800", "2016-07-31": "-47.57700", "2016-04-30": "-54.21800", "2016-01-31": "-33.79700", "2015-10-31": "-46.72900", "2015-07-31": "-55.62000", "2015-04-30": "-41.78100", "2015-01-31": "", "2014-10-31": "-39.81600", "2014-01-31": ""}, "EBIT": {"2020-10-31": "-65.21400", "2020-07-31": "-64.11900", "2020-04-30": "-84.88100", "2020-01-31": "-0.69390", "2019-10-31": "-28.26000", "2019-07-31": "-64.90500", "2019-04-30": "-97.42400", "2019-01-31": "-24.96010", "2018-10-31": "-27.21700", "2018-07-31": "-55.20600", "2018-04-30": "-61.87400", "2018-01-31": "-18.81610", "2017-10-31": "-29.57200", "2017-07-31": "-60.85600", "2017-04-30": "-58.19000", "2017-01-31": "-18.96100", "2016-10-31": "-78.18000", "2016-07-31": "-59.48100", "2016-04-30": "-64.65000", "2016-01-31": "-42.93300", "2015-10-31": "-55.57900", "2015-07-31": "-63.40900", "2015-04-30": "-48.26000", "2015-01-31": "", "2014-10-31": "-39.81600", "2014-01-31": ""}, "Basic Shares Outstanding": {"2020-10-31": "269.14400", "2020-07-31": "264.79900", "2020-04-30": "262.93500", "2020-01-31": "252.82000", "2019-10-31": "255.04700", "2019-07-31": "251.29800", "2019-04-30": "245.33400", "2019-01-31": "232.04200", "2018-10-31": "235.20500", "2018-07-31": "229.35900", "2018-04-30": "223.76800", "2018-01-31": "211.60900", "2017-10-31": "213.27400", "2017-07-31": "209.19300", "2017-04-30": "205.78300", "2017-01-31": "194.71400", "2016-10-31": "195.80700", "2016-07-31": "192.73000", "2016-04-30": "189.28300", "2016-01-31": "82.46000", "2015-10-31": "74.56500", "2015-07-31": "33.68800", "2015-04-30": "32.60500", "2015-01-31": "", "2014-10-31": "28.28000", "2014-01-31": ""}, "Shares Outstanding": {"2020-10-31": "269.14400", "2020-07-31": "264.79900", "2020-04-30": "262.93500", "2020-01-31": "252.82000", "2019-10-31": "255.04700", "2019-07-31": "251.29800", "2019-04-30": "245.33400", "2019-01-31": "232.04200", "2018-10-31": "235.20500", "2018-07-31": "229.35900", "2018-04-30": "223.76800", "2018-01-31": "211.60900", "2017-10-31": "213.27400", "2017-07-31": "209.19300", "2017-04-30": "205.78300", "2017-01-31": "194.71400", "2016-10-31": "195.80700", "2016-07-31": "192.73000", "2016-04-30": "189.28300", "2016-01-31": "82.46000", "2015-10-31": "74.56500", "2015-07-31": "33.68800", "2015-04-30": "32.60500", "2015-01-31": "", "2014-10-31": "28.28000", "2014-01-31": ""}, "Basic EPS": {"2020-10-31": "-0.28000", "2020-07-31": "-0.25000", "2020-04-30": "-0.34000", "2020-01-31": "0.00000", "2019-10-31": "-0.12000", "2019-07-31": "-0.26000", "2019-04-30": "-0.41000", "2019-01-31": "-0.10000", "2018-10-31": "-0.12000", "2018-07-31": "-0.26000", "2018-04-30": "-0.29000", "2018-01-31": "-0.06000", "2017-10-31": "-0.14000", "2017-07-31": "-0.28000", "2017-04-30": "-0.28000", "2017-01-31": "-0.09000", "2016-10-31": "-0.40000", "2016-07-31": "-0.31000", "2016-04-30": "-0.34000", "2016-01-31": "1.57000", "2015-10-31": "-0.76000", "2015-07-31": "-1.89000", "2015-04-30": "-1.51000", "2015-01-31": "", "2014-10-31": "-1.43000", "2014-01-31": ""}, "EPS - Earnings Per Share": {"2020-10-31": "-0.28000", "2020-07-31": "-0.25000", "2020-04-30": "-0.34000", "2020-01-31": "0.00000", "2019-10-31": "-0.12000", "2019-07-31": "-0.26000", "2019-04-30": "-0.41000", "2019-01-31": "-0.10000", "2018-10-31": "-0.12000", "2018-07-31": "-0.26000", "2018-04-30": "-0.29000", "2018-01-31": "-0.06000", "2017-10-31": "-0.14000", "2017-07-31": "-0.28000", "2017-04-30": "-0.28000", "2017-01-31": "-0.09000", "2016-10-31": "-0.40000", "2016-07-31": "-0.31000", "2016-04-30": "-0.34000", "2016-01-31": "1.57000", "2015-10-31": "-0.76000", "2015-07-31": "-1.89000", "2015-04-30": "-1.51000", "2015-01-31": "0.00000", "2014-10-31": "-1.43000", "2014-01-31": "0.00000"}}, "balance sheet": {"Cash On Hand": {"2020-01-31": "1299.15300", "2019-01-31": "1197.47200", "2018-01-31": "597.34600", "2017-01-31": "546.66100", "2016-01-31": "604.74200", "2015-01-31": "192.70700", "2014-01-31": "130.88500"}, "Receivables": {"2020-01-31": "458.64300", "2019-01-31": "378.72900", "2018-01-31": "243.00100", "2017-01-31": "168.97800", "2016-01-31": "126.32400", "2015-01-31": "59.03200", "2014-01-31": "14.83500"}, "Inventory": {"2020-01-31": "38.51800", "2019-01-31": "44.68700", "2018-01-31": "34.49700", "2017-01-31": "23.49800", "2016-01-31": "20.64900", "2015-01-31": "21.60500", "2014-01-31": "7.89200"}, "Pre-Paid Expenses": {"2020-01-31": "56.93000", "2019-01-31": "51.69500", "2018-01-31": "47.55200", "2017-01-31": "25.15700", "2016-01-31": "20.65200", "2015-01-31": "11.19500", "2014-01-31": "6.03200"}, "Other Current Assets": {"2020-01-31": "", "2019-01-31": "", "2018-01-31": "", "2017-01-31": "", "2016-01-31": "", "2015-01-31": "", "2014-01-31": ""}, "Total Current Assets": {"2020-01-31": "1890.39200", "2019-01-31": "1701.82700", "2018-01-31": "943.48400", "2017-01-31": "780.08100", "2016-01-31": "788.07000", "2015-01-31": "293.97000", "2014-01-31": "163.93600"}, "Property, Plant, And Equipment": {"2020-01-31": "122.74000", "2019-01-31": "125.35300", "2018-01-31": "89.14200", "2017-01-31": "81.69500", "2016-01-31": "52.62900", "2015-01-31": "39.85900", "2014-01-31": "12.15300"}, "Long-Term Investments": {"2020-01-31": "", "2019-01-31": "", "2018-01-31": "", "2017-01-31": "", "2016-01-31": "", "2015-01-31": "", "2014-01-31": ""}, "Goodwill And Intangible Assets": {"2020-01-31": "95.84100", "2019-01-31": "31.11500", "2018-01-31": "5.05700", "2017-01-31": "6.56000", "2016-01-31": "6.98000", "2015-01-31": "8.28400", "2014-01-31": ""}, "Other Long-Term Assets": {"2020-01-31": "40.32100", "2019-01-31": "29.00100", "2018-01-31": "19.02700", "2017-01-31": "30.56500", "2016-01-31": "22.56800", "2015-01-31": "14.17700", "2014-01-31": "6.39000"}, "Total Long-Term Assets": {"2020-01-31": "473.81200", "2019-01-31": "271.19800", "2018-01-31": "180.51100", "2017-01-31": "119.66400", "2016-01-31": "82.71300", "2015-01-31": "62.32000", "2014-01-31": "21.06800"}, "Total Assets": {"2020-01-31": "2364.20400", "2019-01-31": "1973.02500", "2018-01-31": "1123.99500", "2017-01-31": "899.74500", "2016-01-31": "870.78300", "2015-01-31": "356.29000", "2014-01-31": "185.00400"}, "Total Current Liabilities": {"2020-01-31": "614.74100", "2019-01-31": "509.81600", "2018-01-31": "362.69600", "2017-01-31": "273.12500", "2016-01-31": "184.53200", "2015-01-31": "69.60800", "2014-01-31": "29.15700"}, "Long Term Debt": {"2020-01-31": "477.00700", "2019-01-31": "449.82800", "2018-01-31": "", "2017-01-31": "", "2016-01-31": "", "2015-01-31": "", "2014-01-31": ""}, "Other Non-Current Liabilities": {"2020-01-31": "8.08400", "2019-01-31": "6.26500", "2018-01-31": "4.02500", "2017-01-31": "3.15900", "2016-01-31": "1.20700", "2015-01-31": "0.80200", "2014-01-31": "0.07000"}, "Total Long Term Liabilities": {"2020-01-31": "919.34500", "2019-01-31": "725.42900", "2018-01-31": "186.89800", "2017-01-31": "148.19000", "2016-01-31": "122.89700", "2015-01-31": "42.57200", "2014-01-31": "8.96400"}, "Total Liabilities": {"2020-01-31": "1534.08600", "2019-01-31": "1235.24500", "2018-01-31": "549.59400", "2017-01-31": "421.31500", "2016-01-31": "307.42900", "2015-01-31": "112.18000", "2014-01-31": "38.12100"}, "Common Stock Net": {"2020-01-31": "0.02600", "2019-01-31": "0.02400", "2018-01-31": "0.02200", "2017-01-31": "0.02000", "2016-01-31": "0.01900", "2015-01-31": "0.00400", "2014-01-31": "0.00300"}, "Retained Earnings (Accumulated Deficit)": {"2020-01-31": "-1282.93600", "2019-01-31": "-1081.94900", "2018-01-31": "-903.58700", "2017-01-31": "-802.48000", "2016-01-31": "-555.33500", "2015-01-31": "-341.58300", "2014-01-31": "-128.23300"}, "Comprehensive Income": {"2020-01-31": "5.44900", "2019-01-31": "-0.33800", "2018-01-31": "-1.91700", "2017-01-31": "-0.56200", "2016-01-31": "", "2015-01-31": "", "2014-01-31": ""}, "Other Share Holders Equity": {"2020-01-31": "", "2019-01-31": "", "2018-01-31": "", "2017-01-31": "", "2016-01-31": "", "2015-01-31": "", "2014-01-31": ""}, "Share Holder Equity": {"2020-01-31": "830.11800", "2019-01-31": "737.78000", "2018-01-31": "574.40100", "2017-01-31": "478.43000", "2016-01-31": "563.35400", "2015-01-31": "244.11000", "2014-01-31": "146.88300"}, "Total Liabilities And Share Holders Equity": {"2020-01-31": "2364.20400", "2019-01-31": "1973.02500", "2018-01-31": "1123.99500", "2017-01-31": "899.74500", "2016-01-31": "870.78300", "2015-01-31": "356.29000", "2014-01-31": "185.00400"}}, "balance sheet, quarterly": {"Cash On Hand": {"2020-10-31": "1201.42000", "2020-07-31": "1293.11500", "2020-04-30": "1274.14000", "2020-01-31": "1299.15300", "2019-10-31": "1241.31500", "2019-07-31": "1182.45900", "2019-04-30": "1166.15000", "2019-01-31": "1197.47200", "2018-10-31": "1143.66100", "2018-07-31": "1106.66200", "2018-04-30": "1097.95700", "2018-01-31": "597.34600", "2017-10-31": "551.37600", "2017-07-31": "523.01700", "2017-04-30": "535.97500", "2017-01-31": "546.66100", "2016-10-31": "518.24600", "2016-07-31": "570.17400", "2016-04-30": "606.99500", "2016-01-31": "604.74200", "2015-10-31": "573.30700", "2015-07-31": "", "2015-04-30": "", "2015-01-31": "", "2014-10-31": "", "2014-01-31": "130.88000"}, "Receivables": {"2020-10-31": "378.19300", "2020-07-31": "366.69800", "2020-04-30": "349.12600", "2020-01-31": "458.64300", "2019-10-31": "362.11500", "2019-07-31": "352.61700", "2019-04-30": "311.84300", "2019-01-31": "378.72900", "2018-10-31": "305.64900", "2018-07-31": "242.40900", "2018-04-30": "195.92600", "2018-01-31": "243.00100", "2017-10-31": "202.00600", "2017-07-31": "168.40400", "2017-04-30": "132.13400", "2017-01-31": "168.97800", "2016-10-31": "163.03800", "2016-07-31": "118.53200", "2016-04-30": "97.16400", "2016-01-31": "126.32400", "2015-10-31": "112.12600", "2015-07-31": "", "2015-04-30": "", "2015-01-31": "", "2014-10-31": "", "2014-01-31": "14.83000"}, "Inventory": {"2020-10-31": "43.15200", "2020-07-31": "36.36300", "2020-04-30": "39.26600", "2020-01-31": "38.51800", "2019-10-31": "39.85100", "2019-07-31": "35.82000", "2019-04-30": "45.93600", "2019-01-31": "44.68700", "2018-10-31": "50.73700", "2018-07-31": "41.67300", "2018-04-30": "38.54000", "2018-01-31": "34.49700", "2017-10-31": "37.20800", "2017-07-31": "33.66000", "2017-04-30": "39.47800", "2017-01-31": "23.49800", "2016-10-31": "20.11200", "2016-07-31": "22.63000", "2016-04-30": "21.98000", "2016-01-31": "20.64900", "2015-10-31": "25.54900", "2015-07-31": "", "2015-04-30": "", "2015-01-31": "", "2014-10-31": "", "2014-01-31": "7.89000"}, "Pre-Paid Expenses": {"2020-10-31": "77.81300", "2020-07-31": "76.70100", "2020-04-30": "56.15400", "2020-01-31": "56.93000", "2019-10-31": "46.53900", "2019-07-31": "47.77600", "2019-04-30": "54.57000", "2019-01-31": "51.69500", "2018-10-31": "44.65700", "2018-07-31": "36.07100", "2018-04-30": "35.65200", "2018-01-31": "47.55200", "2017-10-31": "24.52200", "2017-07-31": "24.49400", "2017-04-30": "28.63700", "2017-01-31": "25.15700", "2016-10-31": "18.75600", "2016-07-31": "20.93300", "2016-04-30": "23.15400", "2016-01-31": "20.65200", "2015-10-31": "14.02800", "2015-07-31": "", "2015-04-30": "", "2015-01-31": "", "2014-10-31": "", "2014-01-31": ""}, "Other Current Assets": {"2020-10-31": "", "2020-07-31": "", "2020-04-30": "", "2020-01-31": "", "2019-10-31": "", "2019-07-31": "", "2019-04-30": "", "2019-01-31": "", "2018-10-31": "", "2018-07-31": "", "2018-04-30": "", "2018-01-31": "", "2017-10-31": "", "2017-07-31": "", "2017-04-30": "", "2017-01-31": "", "2016-10-31": "", "2016-07-31": "", "2016-04-30": "", "2016-01-31": "", "2015-10-31": "", "2015-07-31": "", "2015-04-30": "", "2015-01-31": "", "2014-10-31": "", "2014-01-31": "10.32000"}, "Total Current Assets": {"2020-10-31": "1743.30600", "2020-07-31": "1812.38400", "2020-04-30": "1757.86700", "2020-01-31": "1890.39200", "2019-10-31": "1722.18000", "2019-07-31": "1649.94500", "2019-04-30": "1607.03100", "2019-01-31": "1701.82700", "2018-10-31": "1568.80400", "2018-07-31": "1450.33600", "2018-04-30": "1388.19700", "2018-01-31": "943.48400", "2017-10-31": "835.29900", "2017-07-31": "769.27500", "2017-04-30": "752.63300", "2017-01-31": "780.08100", "2016-10-31": "734.45000", "2016-07-31": "746.29200", "2016-04-30": "761.42900", "2016-01-31": "788.07000", "2015-10-31": "738.62200", "2015-07-31": "", "2015-04-30": "", "2015-01-31": "", "2014-10-31": "", "2014-01-31": "163.93000"}, "Property, Plant, And Equipment": {"2020-10-31": "158.20000", "2020-07-31": "145.12600", "2020-04-30": "136.20800", "2020-01-31": "122.74000", "2019-10-31": "130.23600", "2019-07-31": "131.04800", "2019-04-30": "129.18500", "2019-01-31": "125.35300", "2018-10-31": "115.26600", "2018-07-31": "101.71800", "2018-04-30": "94.28000", "2018-01-31": "89.14200", "2017-10-31": "84.26400", "2017-07-31": "81.85000", "2017-04-30": "82.29300", "2017-01-31": "81.69500", "2016-10-31": "82.08800", "2016-07-31": "78.52300", "2016-04-30": "71.25500", "2016-01-31": "52.62900", "2015-10-31": "47.11700", "2015-07-31": "", "2015-04-30": "", "2015-01-31": "", "2014-10-31": "", "2014-01-31": "20.27000"}, "Long-Term Investments": {"2020-10-31": "", "2020-07-31": "", "2020-04-30": "", "2020-01-31": "", "2019-10-31": "", "2019-07-31": "", "2019-04-30": "", "2019-01-31": "", "2018-10-31": "", "2018-07-31": "", "2018-04-30": "", "2018-01-31": "", "2017-10-31": "", "2017-07-31": "", "2017-04-30": "", "2017-01-31": "", "2016-10-31": "", "2016-07-31": "", "2016-04-30": "", "2016-01-31": "", "2015-10-31": "", "2015-07-31": "", "2015-04-30": "", "2015-01-31": "", "2014-10-31": "", "2014-01-31": ""}, "Goodwill And Intangible Assets": {"2020-10-31": "442.07200", "2020-07-31": "90.43900", "2020-04-30": "93.14000", "2020-01-31": "95.84100", "2019-10-31": "97.44800", "2019-07-31": "100.07900", "2019-04-30": "93.62700", "2019-01-31": "31.11500", "2018-10-31": "32.12300", "2018-07-31": "4.30500", "2018-04-30": "4.68100", "2018-01-31": "5.05700", "2017-10-31": "5.43200", "2017-07-31": "5.80800", "2017-04-30": "6.18400", "2017-01-31": "6.56000", "2016-10-31": "6.93600", "2016-07-31": "7.31200", "2016-04-30": "6.65400", "2016-01-31": "6.98000", "2015-10-31": "7.30600", "2015-07-31": "0.00000", "2015-04-30": "0.00000", "2015-01-31": "", "2014-10-31": "0.00000", "2014-01-31": "0.00000"}, "Other Long-Term Assets": {"2020-10-31": "62.20000", "2020-07-31": "46.90700", "2020-04-30": "47.50400", "2020-01-31": "40.32100", "2019-10-31": "31.50200", "2019-07-31": "32.32900", "2019-04-30": "33.05700", "2019-01-31": "29.00100", "2018-10-31": "21.06700", "2018-07-31": "20.38800", "2018-04-30": "21.80400", "2018-01-31": "19.02700", "2017-10-31": "36.59600", "2017-07-31": "32.32200", "2017-04-30": "30.97000", "2017-01-31": "30.56500", "2016-10-31": "29.58800", "2016-07-31": "29.26200", "2016-04-30": "21.53200", "2016-01-31": "22.56800", "2015-10-31": "20.09700", "2015-07-31": "", "2015-04-30": "", "2015-01-31": "", "2014-10-31": "", "2014-01-31": "6.39000"}, "Total Long-Term Assets": {"2020-10-31": "909.68910", "2020-07-31": "509.22800", "2020-04-30": "496.99400", "2020-01-31": "473.81200", "2019-10-31": "470.59900", "2019-07-31": "466.02900", "2019-04-30": "462.15800", "2019-01-31": "271.19800", "2018-10-31": "242.56200", "2018-07-31": "195.89300", "2018-04-30": "187.86200", "2018-01-31": "180.51100", "2017-10-31": "127.25700", "2017-07-31": "120.85700", "2017-04-30": "120.24200", "2017-01-31": "119.66400", "2016-10-31": "119.68600", "2016-07-31": "115.91200", "2016-04-30": "100.04600", "2016-01-31": "82.71300", "2015-10-31": "79.40600", "2015-07-31": "", "2015-04-30": "", "2015-01-31": "", "2014-10-31": "", "2014-01-31": "29.18000"}, "Total Assets": {"2020-10-31": "2652.99500", "2020-07-31": "2321.61200", "2020-04-30": "2254.86100", "2020-01-31": "2364.20400", "2019-10-31": "2192.77900", "2019-07-31": "2115.97400", "2019-04-30": "2069.18900", "2019-01-31": "1973.02500", "2018-10-31": "1811.36600", "2018-07-31": "1646.22900", "2018-04-30": "1576.05900", "2018-01-31": "1123.99500", "2017-10-31": "962.55600", "2017-07-31": "890.13200", "2017-04-30": "872.87500", "2017-01-31": "899.74500", "2016-10-31": "854.13600", "2016-07-31": "862.20400", "2016-04-30": "861.47500", "2016-01-31": "870.78300", "2015-10-31": "818.02800", "2015-07-31": "0.00000", "2015-04-30": "0.00000", "2015-01-31": "0.00000", "2014-10-31": "0.00000", "2014-01-31": "185.00000"}, "Total Current Liabilities": {"2020-10-31": "659.45900", "2020-07-31": "607.21100", "2020-04-30": "563.38700", "2020-01-31": "614.74100", "2019-10-31": "520.29500", "2019-07-31": "514.55300", "2019-04-30": "479.96000", "2019-01-31": "509.81600", "2018-10-31": "431.39500", "2018-07-31": "359.86100", "2018-04-30": "320.02300", "2018-01-31": "362.69600", "2017-10-31": "326.14300", "2017-07-31": "283.39200", "2017-04-30": "251.86800", "2017-01-31": "273.12500", "2016-10-31": "231.59700", "2016-07-31": "216.06300", "2016-04-30": "188.78100", "2016-01-31": "184.53200", "2015-10-31": "142.76300", "2015-07-31": "", "2015-04-30": "", "2015-01-31": "", "2014-10-31": "", "2014-01-31": "29.15000"}, "Long Term Debt": {"2020-10-31": "748.42200", "2020-07-31": "491.13200", "2020-04-30": "483.94300", "2020-01-31": "477.00700", "2019-10-31": "470.01400", "2019-07-31": "463.11800", "2019-04-30": "456.31800", "2019-01-31": "449.82800", "2018-10-31": "443.21200", "2018-07-31": "436.68700", "2018-04-30": "430.25300", "2018-01-31": "", "2017-10-31": "", "2017-07-31": "", "2017-04-30": "", "2017-01-31": "", "2016-10-31": "", "2016-07-31": "", "2016-04-30": "", "2016-01-31": "", "2015-10-31": "", "2015-07-31": "", "2015-04-30": "", "2015-01-31": "", "2014-10-31": "", "2014-01-31": ""}, "Other Non-Current Liabilities": {"2020-10-31": "30.97300", "2020-07-31": "20.87800", "2020-04-30": "14.44300", "2020-01-31": "8.08400", "2019-10-31": "1.58800", "2019-07-31": "1.38600", "2019-04-30": "6.75300", "2019-01-31": "6.26500", "2018-10-31": "5.81300", "2018-07-31": "5.14000", "2018-04-30": "5.17100", "2018-01-31": "4.02500", "2017-10-31": "3.65100", "2017-07-31": "3.37300", "2017-04-30": "3.26800", "2017-01-31": "3.15900", "2016-10-31": "2.92500", "2016-07-31": "2.20900", "2016-04-30": "1.64300", "2016-01-31": "1.20700", "2015-10-31": "1.13600", "2015-07-31": "", "2015-04-30": "", "2015-01-31": "", "2014-10-31": "", "2014-01-31": "0.07000"}, "Total Long Term Liabilities": {"2020-10-31": "1258.45500", "2020-07-31": "968.29500", "2020-04-30": "934.61600", "2020-01-31": "919.34500", "2019-10-31": "894.53410", "2019-07-31": "863.88200", "2019-04-30": "845.25300", "2019-01-31": "725.42900", "2018-10-31": "677.64300", "2018-07-31": "641.97400", "2018-04-30": "624.41600", "2018-01-31": "186.89800", "2017-10-31": "177.29200", "2017-07-31": "161.33400", "2017-04-30": "155.69900", "2017-01-31": "148.19000", "2016-10-31": "144.77400", "2016-07-31": "132.08500", "2016-04-30": "131.27700", "2016-01-31": "122.89700", "2015-10-31": "91.31100", "2015-07-31": "", "2015-04-30": "", "2015-01-31": "", "2014-10-31": "", "2014-01-31": "8.96000"}, "Total Liabilities": {"2020-10-31": "1917.91400", "2020-07-31": "1575.50600", "2020-04-30": "1498.00300", "2020-01-31": "1534.08600", "2019-10-31": "1414.82900", "2019-07-31": "1378.43500", "2019-04-30": "1325.21300", "2019-01-31": "1235.24500", "2018-10-31": "1109.03800", "2018-07-31": "1001.83500", "2018-04-30": "944.43900", "2018-01-31": "549.59400", "2017-10-31": "503.43500", "2017-07-31": "444.72600", "2017-04-30": "407.56700", "2017-01-31": "421.31500", "2016-10-31": "376.37100", "2016-07-31": "348.14800", "2016-04-30": "320.05800", "2016-01-31": "307.42900", "2015-10-31": "234.07400", "2015-07-31": "0.00000", "2015-04-30": "0.00000", "2015-01-31": "", "2014-10-31": "0.00000", "2014-01-31": "38.12000"}, "Common Stock Net": {"2020-10-31": "0.02700", "2020-07-31": "0.02700", "2020-04-30": "0.02600", "2020-01-31": "0.02600", "2019-10-31": "0.02600", "2019-07-31": "0.02600", "2019-04-30": "0.02500", "2019-01-31": "0.02400", "2018-10-31": "0.02400", "2018-07-31": "0.02400", "2018-04-30": "0.02300", "2018-01-31": "0.02200", "2017-10-31": "0.02000", "2017-07-31": "0.02000", "2017-04-30": "0.02100", "2017-01-31": "0.02000", "2016-10-31": "0.02000", "2016-07-31": "0.02000", "2016-04-30": "0.01900", "2016-01-31": "0.01900", "2015-10-31": "0.01900", "2015-07-31": "0.00000", "2015-04-30": "0.00000", "2015-01-31": "", "2014-10-31": "0.00000", "2014-01-31": "0.00300"}, "Retained Earnings (Accumulated Deficit)": {"2020-10-31": "-1512.71900", "2020-07-31": "-1438.49700", "2020-04-30": "-1373.53000", "2020-01-31": "-1282.93600", "2019-10-31": "-1278.28500", "2019-07-31": "-1248.30300", "2019-04-30": "-1182.28500", "2019-01-31": "-1081.94900", "2018-10-31": "-1056.19400", "2018-07-31": "-1028.01400", "2018-04-30": "-967.89100", "2018-01-31": "-903.58700", "2017-10-31": "-968.20400", "2017-07-31": "-926.55500", "2017-04-30": "-864.85400", "2017-01-31": "-802.48000", "2016-10-31": "-759.56500", "2016-07-31": "-680.75200", "2016-04-30": "-618.79400", "2016-01-31": "-555.33500", "2015-10-31": "-511.04100", "2015-07-31": "", "2015-04-30": "", "2015-01-31": "", "2014-10-31": "", "2014-01-31": "-128.23000"}, "Comprehensive Income": {"2020-10-31": "9.05900", "2020-07-31": "12.18500", "2020-04-30": "10.17300", "2020-01-31": "5.44900", "2019-10-31": "5.11600", "2019-07-31": "3.40900", "2019-04-30": "1.28900", "2019-01-31": "-0.33800", "2018-10-31": "-3.09900", "2018-07-31": "-2.82600", "2018-04-30": "-2.63300", "2018-01-31": "-1.91700", "2017-10-31": "-0.71900", "2017-07-31": "-0.28000", "2017-04-30": "-0.44500", "2017-01-31": "-0.56200", "2016-10-31": "0.29800", "2016-07-31": "0.85200", "2016-04-30": "0.80700", "2016-01-31": "", "2015-10-31": "", "2015-07-31": "", "2015-04-30": "", "2015-01-31": "", "2014-10-31": "", "2014-01-31": ""}, "Other Share Holders Equity": {"2020-10-31": "", "2020-07-31": "", "2020-04-30": "", "2020-01-31": "", "2019-10-31": "", "2019-07-31": "", "2019-04-30": "", "2019-01-31": "", "2018-10-31": "", "2018-07-31": "", "2018-04-30": "", "2018-01-31": "", "2017-10-31": "", "2017-07-31": "", "2017-04-30": "", "2017-01-31": "", "2016-10-31": "", "2016-07-31": "", "2016-04-30": "", "2016-01-31": "", "2015-10-31": "", "2015-07-31": "0.00000", "2015-04-30": "0.00000", "2015-01-31": "", "2014-10-31": "0.00000", "2014-01-31": "0.00000"}, "Share Holder Equity": {"2020-10-31": "735.08100", "2020-07-31": "746.10600", "2020-04-30": "756.85800", "2020-01-31": "830.11800", "2019-10-31": "777.95000", "2019-07-31": "737.53900", "2019-04-30": "743.97600", "2019-01-31": "737.78000", "2018-10-31": "702.32800", "2018-07-31": "644.39400", "2018-04-30": "631.62000", "2018-01-31": "574.40100", "2017-10-31": "459.12100", "2017-07-31": "445.40600", "2017-04-30": "465.30800", "2017-01-31": "478.43000", "2016-10-31": "477.76500", "2016-07-31": "514.05600", "2016-04-30": "541.41700", "2016-01-31": "563.35400", "2015-10-31": "583.95400", "2015-07-31": "0.00000", "2015-04-30": "0.00000", "2015-01-31": "", "2014-10-31": "0.00000", "2014-01-31": "146.88000"}, "Total Liabilities And Share Holders Equity": {"2020-10-31": "2652.99500", "2020-07-31": "2321.61200", "2020-04-30": "2254.86100", "2020-01-31": "2364.20400", "2019-10-31": "2192.77900", "2019-07-31": "2115.97400", "2019-04-30": "2069.18900", "2019-01-31": "1973.02500", "2018-10-31": "1811.36600", "2018-07-31": "1646.22900", "2018-04-30": "1576.05900", "2018-01-31": "1123.99500", "2017-10-31": "962.55600", "2017-07-31": "890.13200", "2017-04-30": "872.87500", "2017-01-31": "899.74500", "2016-10-31": "854.13600", "2016-07-31": "862.20400", "2016-04-30": "861.47500", "2016-01-31": "870.78300", "2015-10-31": "818.02800", "2015-07-31": "0.00000", "2015-04-30": "0.00000", "2015-01-31": "", "2014-10-31": "0.00000", "2014-01-31": "185.00000"}}, "cash flow statement": {"Net Income/Loss": {"2020-01-31": "-200.98700", "2019-01-31": "-178.36200", "2018-01-31": "-159.87800", "2017-01-31": "-221.53200", "2016-01-31": "-213.75200", "2015-01-31": "-183.23100", "2014-01-31": "-78.56100"}, "Total Depreciation And Amortization - Cash Flow": {"2020-01-31": "116.88900", "2019-01-31": "91.90900", "2018-01-31": "61.74400", "2017-01-31": "50.20300", "2016-01-31": "32.25400", "2015-01-31": "15.39200", "2014-01-31": "4.43100"}, "Other Non-Cash Items": {"2020-01-31": "228.04100", "2019-01-31": "205.60600", "2018-01-31": "152.72700", "2017-01-31": "118.25200", "2016-01-31": "69.03200", "2015-01-31": "25.67600", "2014-01-31": "8.39000"}, "Total Non-Cash Items": {"2020-01-31": "344.93000", "2019-01-31": "297.51500", "2018-01-31": "214.47100", "2017-01-31": "168.45500", "2016-01-31": "101.28600", "2015-01-31": "41.06800", "2014-01-31": "12.82100"}, "Change In Accounts Receivable": {"2020-01-31": "-79.44200", "2019-01-31": "-135.64900", "2018-01-31": "-74.50500", "2017-01-31": "-44.04900", "2016-01-31": "-67.29200", "2015-01-31": "-44.19700", "2014-01-31": "-12.03800"}, "Change In Inventories": {"2020-01-31": "2.39300", "2019-01-31": "-12.28900", "2018-01-31": "-12.59500", "2017-01-31": "-3.77600", "2016-01-31": "1.48100", "2015-01-31": "-13.71300", "2014-01-31": "-5.07700"}, "Change In Accounts Payable": {"2020-01-31": "-18.85600", "2019-01-31": "14.29300", "2018-01-31": "29.27800", "2017-01-31": "10.64400", "2016-01-31": "24.90100", "2015-01-31": "3.47400", "2014-01-31": "5.24300"}, "Change In Assets/Liabilities": {"2020-01-31": "141.53600", "2019-01-31": "178.91500", "2018-01-31": "75.98500", "2017-01-31": "75.89600", "2016-01-31": "145.52000", "2015-01-31": "52.90400", "2014-01-31": "10.38300"}, "Total Change In Assets/Liabilities": {"2020-01-31": "45.63100", "2019-01-31": "45.27000", "2018-01-31": "18.16300", "2017-01-31": "38.71500", "2016-01-31": "104.61000", "2015-01-31": "-1.53200", "2014-01-31": "-1.48900"}, "Cash Flow From Operating Activities": {"2020-01-31": "189.57400", "2019-01-31": "164.42300", "2018-01-31": "72.75600", "2017-01-31": "-14.36200", "2016-01-31": "-7.85600", "2015-01-31": "-143.69500", "2014-01-31": "-67.22900"}, "Net Change In Property, Plant, And Equipment": {"2020-01-31": "-87.84700", "2019-01-31": "-100.24600", "2018-01-31": "-65.06000", "2017-01-31": "-76.77300", "2016-01-31": "-39.35500", "2015-01-31": "-42.22700", "2014-01-31": "-12.27300"}, "Net Change In Intangible Assets": {"2020-01-31": "-9.00000", "2019-01-31": "", "2018-01-31": "", "2017-01-31": "-1.00000", "2016-01-31": "", "2015-01-31": "-9.12500", "2014-01-31": ""}, "Net Acquisitions/Divestitures": {"2020-01-31": "-51.59400", "2019-01-31": "-13.89900", "2018-01-31": "", "2017-01-31": "", "2016-01-31": "", "2015-01-31": "", "2014-01-31": ""}, "Net Change In Short-term Investments": {"2020-01-31": "-176.27000", "2019-01-31": "-392.19900", "2018-01-31": "7.90100", "2017-01-31": "-363.85000", "2016-01-31": "", "2015-01-31": "", "2014-01-31": ""}, "Net Change In Long-Term Investments": {"2020-01-31": "", "2019-01-31": "", "2018-01-31": "", "2017-01-31": "", "2016-01-31": "", "2015-01-31": "", "2014-01-31": ""}, "Net Change In Investments - Total": {"2020-01-31": "-176.27000", "2019-01-31": "-392.19900", "2018-01-31": "7.90100", "2017-01-31": "-363.85000", "2016-01-31": "", "2015-01-31": "", "2014-01-31": ""}, "Investing Activities - Other": {"2020-01-31": "", "2019-01-31": "-5.00000", "2018-01-31": "", "2017-01-31": "", "2016-01-31": "-2.48500", "2015-01-31": "-1.61300", "2014-01-31": "-3.03400"}, "Cash Flow From Investing Activities": {"2020-01-31": "-324.71100", "2019-01-31": "-511.34400", "2018-01-31": "-57.15900", "2017-01-31": "-441.62300", "2016-01-31": "-41.84000", "2015-01-31": "-52.96500", "2014-01-31": "-15.30700"}, "Net Long-Term Debt": {"2020-01-31": "-11.55500", "2019-01-31": "555.96100", "2018-01-31": "", "2017-01-31": "", "2016-01-31": "", "2015-01-31": "", "2014-01-31": ""}, "Net Current Debt": {"2020-01-31": "", "2019-01-31": "", "2018-01-31": "", "2017-01-31": "", "2016-01-31": "", "2015-01-31": "", "2014-01-31": ""}, "Debt Issuance/Retirement Net - Total": {"2020-01-31": "-11.55500", "2019-01-31": "555.96100", "2018-01-31": "", "2017-01-31": "", "2016-01-31": "", "2015-01-31": "", "2014-01-31": ""}, "Net Common Equity Issued/Repurchased": {"2020-01-31": "71.18000", "2019-01-31": "61.21500", "2018-01-31": "46.81400", "2017-01-31": "40.51800", "2016-01-31": "465.43300", "2015-01-31": "-22.45500", "2014-01-31": "-4.53200"}, "Net Total Equity Issued/Repurchased": {"2020-01-31": "71.18000", "2019-01-31": "61.21500", "2018-01-31": "46.81400", "2017-01-31": "40.51800", "2016-01-31": "465.43300", "2015-01-31": "258.51500", "2014-01-31": "163.30100"}, "Total Common And Preferred Stock Dividends Paid": {"2020-01-31": "", "2019-01-31": "", "2018-01-31": "", "2017-01-31": "", "2016-01-31": "", "2015-01-31": "", "2014-01-31": ""}, "Financial Activities - Other": {"2020-01-31": "-10.37900", "2019-01-31": "-65.26200", "2018-01-31": "", "2017-01-31": "", "2016-01-31": "-3.70200", "2015-01-31": "-0.03300", "2014-01-31": ""}, "Cash Flow From Financial Activities": {"2020-01-31": "49.24600", "2019-01-31": "551.91400", "2018-01-31": "46.81400", "2017-01-31": "40.51800", "2016-01-31": "461.73100", "2015-01-31": "258.48200", "2014-01-31": "163.30100"}, "Net Cash Flow": {"2020-01-31": "-85.89100", "2019-01-31": "204.99300", "2018-01-31": "62.41100", "2017-01-31": "-415.46700", "2016-01-31": "412.03500", "2015-01-31": "61.82200", "2014-01-31": "80.76500"}, "Stock-Based Compensation": {"2020-01-31": "226.70500", "2019-01-31": "210.64500", "2018-01-31": "150.67300", "2017-01-31": "116.66800", "2016-01-31": "58.22500", "2015-01-31": "25.39900", "2014-01-31": "8.29800"}, "Common Stock Dividends Paid": {"2020-01-31": "", "2019-01-31": "", "2018-01-31": "", "2017-01-31": "", "2016-01-31": "", "2015-01-31": "", "2014-01-31": ""}}, "cash flow statement, quarterly": {"Net Income/Loss": {"2020-10-31": -74.222, "2020-07-31": -64.967, "2020-04-30": "-90.59400", "2020-01-31": -4.651, "2019-10-31": -29.982, "2019-07-31": -66.018, "2019-04-30": "-100.33600", "2019-01-31": -25.755, "2018-10-31": -28.18, "2018-07-31": -60.123, "2018-04-30": "-64.30400", "2018-01-31": -14.904, "2017-10-31": -29.404, "2017-07-31": -58.411, "2017-04-30": "-57.15900", "2017-01-31": -19.381, "2016-10-31": -78.813, "2016-07-31": -59.55, "2016-04-30": "-63.78800", "2016-01-31": -44.294, "2015-10-31": -56.501, "2015-07-31": -63.837, "2015-04-30": "-49.12000", "2015-01-31": -47.634, "2014-10-31": -57.036, "2014-01-31": -78.56}, "Total Depreciation And Amortization - Cash Flow": {"2020-10-31": 25.614, "2020-07-31": 23.653, "2020-04-30": "22.06900", "2020-01-31": 29.918, "2019-10-31": 30.09, "2019-07-31": 29.331, "2019-04-30": "27.55000", "2019-01-31": 26.114, "2018-10-31": 24.316, "2018-07-31": 23.607, "2018-04-30": "17.87200", "2018-01-31": 16.219, "2017-10-31": 15.525, "2017-07-31": 15.175, "2017-04-30": "14.82500", "2017-01-31": 14.225, "2016-10-31": 13.642, "2016-07-31": 11.904, "2016-04-30": "10.43200", "2016-01-31": 9.136, "2015-10-31": 8.85, "2015-07-31": 7.789, "2015-04-30": "6.47900", "2015-01-31": 5.639, "2014-10-31": 5.321, "2014-01-31": 4.43}, "Other Non-Cash Items": {"2020-10-31": 61.748, "2020-07-31": 69.224, "2020-04-30": "60.39900", "2020-01-31": 53.734, "2019-10-31": 53.419, "2019-07-31": 59.542, "2019-04-30": "61.34600", "2019-01-31": 54.705, "2018-10-31": 53.21, "2018-07-31": 53.584, "2018-04-30": "44.10700", "2018-01-31": 43.928, "2017-10-31": 38.945, "2017-07-31": 37.184, "2017-04-30": "32.67000", "2017-01-31": 38.072, "2016-10-31": 28.792, "2016-07-31": 28.208, "2016-04-30": "23.18000", "2016-01-31": 20.934, "2015-10-31": 27.439, "2015-07-31": 11.8, "2015-04-30": "8.85900", "2015-01-31": -17.244, "2014-10-31": 17.244, "2014-01-31": 0}, "Total Non-Cash Items": {"2020-10-31": 87.362, "2020-07-31": 92.877, "2020-04-30": "82.46800", "2020-01-31": 83.652, "2019-10-31": 83.509, "2019-07-31": 88.873, "2019-04-30": "88.89600", "2019-01-31": 80.819, "2018-10-31": 77.526, "2018-07-31": 77.191, "2018-04-30": "61.97900", "2018-01-31": 60.147, "2017-10-31": 54.47, "2017-07-31": 52.359, "2017-04-30": "47.49500", "2017-01-31": 52.297, "2016-10-31": 42.434, "2016-07-31": 40.112, "2016-04-30": "33.61200", "2016-01-31": 30.07, "2015-10-31": 36.289, "2015-07-31": 19.589, "2015-04-30": "15.33800", "2015-01-31": -11.605, "2014-10-31": 22.565, "2014-01-31": 4.43}, "Change In Accounts Receivable": {"2020-10-31": -8.676, "2020-07-31": -17.545, "2020-04-30": "109.44100", "2020-01-31": -96.521, "2019-10-31": -9.474, "2019-07-31": -40.746, "2019-04-30": "67.29900", "2019-01-31": -73.026, "2018-10-31": -63.33, "2018-07-31": -46.436, "2018-04-30": "47.14300", "2018-01-31": -40.875, "2017-10-31": -33.655, "2017-07-31": -36.546, "2017-04-30": "36.57100", "2017-01-31": -5.863, "2016-10-31": -44.775, "2016-07-31": -22.004, "2016-04-30": "28.59300", "2016-01-31": -14.198, "2015-10-31": -32.077, "2015-07-31": -25.087, "2015-04-30": "4.07000", "2015-01-31": 30.735, "2014-10-31": -30.735, "2014-01-31": 0}, "Change In Inventories": {"2020-10-31": -6.459, "2020-07-31": 3.105, "2020-04-30": "-1.37000", "2020-01-31": -0.329, "2019-10-31": -4.13, "2019-07-31": 8.875, "2019-04-30": "-2.02300", "2019-01-31": 4.814, "2018-10-31": -8.203, "2018-07-31": -4.471, "2018-04-30": "-4.42900", "2018-01-31": 1.719, "2017-10-31": -3.827, "2017-07-31": 5.618, "2017-04-30": "-16.10500", "2017-01-31": -3.587, "2016-10-31": 2.203, "2016-07-31": 0.231, "2016-04-30": "-2.62300", "2016-01-31": 4.901, "2015-10-31": -1.767, "2015-07-31": -0.183, "2015-04-30": "-1.47000", "2015-01-31": 13.072, "2014-10-31": -13.072, "2014-01-31": 0}, "Change In Accounts Payable": {"2020-10-31": 29.656, "2020-07-31": -6.796, "2020-04-30": "-14.29400", "2020-01-31": 16.388, "2019-10-31": -4.417, "2019-07-31": -5.02, "2019-04-30": "-25.80700", "2019-01-31": 2.493, "2018-10-31": 29.935, "2018-07-31": 0.667, "2018-04-30": "-18.80200", "2018-01-31": 17.47, "2017-10-31": 11.607, "2017-07-31": 4.183, "2017-04-30": "-3.98200", "2017-01-31": 7.005, "2016-10-31": 13.646, "2016-07-31": -10.173, "2016-04-30": "0.16600", "2016-01-31": 14.677, "2015-10-31": 7.807, "2015-07-31": 2.702, "2015-04-30": "-0.28500", "2015-01-31": -4.575, "2014-10-31": 4.575, "2014-01-31": 0}, "Change In Assets/Liabilities": {"2020-10-31": 5.138, "2020-07-31": 44.032, "2020-04-30": "-50.54800", "2020-01-31": 71.319, "2019-10-31": 28.751, "2019-07-31": 62.853, "2019-04-30": "-21.38700", "2019-01-31": 91.449, "2018-10-31": 48.801, "2018-07-31": 41.656, "2018-04-30": "-2.99100", "2018-01-31": 35.443, "2017-10-31": 29.057, "2017-07-31": 32.606, "2017-04-30": "-21.12100", "2017-01-31": 7.047, "2016-10-31": 17.982, "2016-07-31": 39.834, "2016-04-30": "11.03300", "2016-01-31": 50.854, "2015-10-31": 40.873, "2015-07-31": 36.443, "2015-04-30": "17.35000", "2015-01-31": -38.157, "2014-10-31": 38.157, "2014-01-31": 0}, "Total Change In Assets/Liabilities": {"2020-10-31": 19.659, "2020-07-31": 22.796, "2020-04-30": "43.22900", "2020-01-31": -9.143, "2019-10-31": 10.73, "2019-07-31": 25.962, "2019-04-30": "18.08200", "2019-01-31": 25.73, "2018-10-31": 7.203, "2018-07-31": -8.584, "2018-04-30": "20.92100", "2018-01-31": 13.757, "2017-10-31": 3.182, "2017-07-31": 5.861, "2017-04-30": "-4.63700", "2017-01-31": 4.602, "2016-10-31": -10.944, "2016-07-31": 7.888, "2016-04-30": "37.16900", "2016-01-31": 56.234, "2015-10-31": 14.836, "2015-07-31": 13.875, "2015-04-30": "19.66500", "2015-01-31": -0.455, "2014-10-31": 0.405, "2014-01-31": -1.48}, "Cash Flow From Operating Activities": {"2020-10-31": 32.799, "2020-07-31": 50.706, "2020-04-30": "35.10300", "2020-01-31": 69.858, "2019-10-31": 64.257, "2019-07-31": 48.817, "2019-04-30": "6.64200", "2019-01-31": 80.794, "2018-10-31": 56.549, "2018-07-31": 8.484, "2018-04-30": "18.59600", "2018-01-31": 59, "2017-10-31": 28.248, "2017-07-31": -0.191, "2017-04-30": "-14.30100", "2017-01-31": 37.518, "2016-10-31": -47.323, "2016-07-31": -11.55, "2016-04-30": "6.99300", "2016-01-31": 42.01, "2015-10-31": -5.376, "2015-07-31": -30.373, "2015-04-30": "-14.11700", "2015-01-31": -34.014, "2014-10-31": -42.456, "2014-01-31": -67.22}, "Net Change In Property, Plant, And Equipment": {"2020-10-31": -24.867, "2020-07-31": -24.994, "2020-04-30": "-23.78200", "2020-01-31": -13.641, "2019-10-31": -20.977, "2019-07-31": -28.933, "2019-04-30": "-24.29600", "2019-01-31": -29.439, "2018-10-31": -28.074, "2018-07-31": -20.437, "2018-04-30": "-22.29600", "2018-01-31": -20.709, "2017-10-31": -14.251, "2017-07-31": -17.331, "2017-04-30": "-12.76900", "2017-01-31": -12.171, "2016-10-31": -18.484, "2016-07-31": -21.742, "2016-04-30": "-24.37600", "2016-01-31": -9.86, "2015-10-31": -7.672, "2015-07-31": -15.081, "2015-04-30": "-6.74200", "2015-01-31": -11.318, "2014-10-31": -18.632, "2014-01-31": -12.27}, "Net Change In Intangible Assets": {"2020-10-31": 0, "2020-07-31": 0, "2020-04-30": "", "2020-01-31": 0, "2019-10-31": 0, "2019-07-31": -9, "2019-04-30": "", "2019-01-31": 0, "2018-10-31": 0, "2018-07-31": 0, "2018-04-30": "", "2018-01-31": 0, "2017-10-31": 0, "2017-07-31": 0, "2017-04-30": "", "2017-01-31": 0, "2016-10-31": 0, "2016-07-31": -1, "2016-04-30": "", "2016-01-31": 0, "2015-10-31": 0, "2015-07-31": 0, "2015-04-30": "", "2015-01-31": 9.125, "2014-10-31": -9.125, "2014-01-31": 0}, "Net Acquisitions/Divestitures": {"2020-10-31": -339.806, "2020-07-31": 0, "2020-04-30": "", "2020-01-31": 0, "2019-10-31": -3.713, "2019-07-31": 0, "2019-04-30": "-47.88100", "2019-01-31": 0, "2018-10-31": -13.899, "2018-07-31": 0, "2018-04-30": "", "2018-01-31": 0, "2017-10-31": 0, "2017-07-31": 0, "2017-04-30": "", "2017-01-31": 0, "2016-10-31": 0, "2016-07-31": 0, "2016-04-30": "", "2016-01-31": 0, "2015-10-31": 0, "2015-07-31": 0, "2015-04-30": "", "2015-01-31": 0, "2014-10-31": 0, "2014-01-31": 0}, "Net Change In Short-term Investments": {"2020-10-31": -3.692, "2020-07-31": -8.583, "2020-04-30": "14.87100", "2020-01-31": 1.579, "2019-10-31": -20.476, "2019-07-31": -30.997, "2019-04-30": "-126.37600", "2019-01-31": -8.802, "2018-10-31": -0.268, "2018-07-31": -372.904, "2018-04-30": "-10.22500", "2018-01-31": 14.811, "2017-10-31": -18.762, "2017-07-31": 16.123, "2017-04-30": "-4.27100", "2017-01-31": 1.68, "2016-10-31": -2.433, "2016-07-31": -42.958, "2016-04-30": "-320.13900", "2016-01-31": 0, "2015-10-31": 0, "2015-07-31": 0, "2015-04-30": "", "2015-01-31": 0, "2014-10-31": 0, "2014-01-31": 0}, "Net Change In Long-Term Investments": {"2020-10-31": 0, "2020-07-31": 0, "2020-04-30": "", "2020-01-31": 0, "2019-10-31": 0, "2019-07-31": 0, "2019-04-30": "", "2019-01-31": 0, "2018-10-31": 0, "2018-07-31": 0, "2018-04-30": "", "2018-01-31": 0, "2017-10-31": 0, "2017-07-31": 0, "2017-04-30": "", "2017-01-31": 0, "2016-10-31": 0, "2016-07-31": 0, "2016-04-30": "", "2016-01-31": 0, "2015-10-31": 0, "2015-07-31": 0, "2015-04-30": "", "2015-01-31": 0, "2014-10-31": 0, "2014-01-31": 0}, "Net Change In Investments - Total": {"2020-10-31": -3.692, "2020-07-31": -8.583, "2020-04-30": "14.87100", "2020-01-31": 1.579, "2019-10-31": -20.476, "2019-07-31": -30.997, "2019-04-30": "-126.37600", "2019-01-31": -8.802, "2018-10-31": -0.268, "2018-07-31": -372.904, "2018-04-30": "-10.22500", "2018-01-31": 14.811, "2017-10-31": -18.762, "2017-07-31": 16.123, "2017-04-30": "-4.27100", "2017-01-31": 1.68, "2016-10-31": -2.433, "2016-07-31": -42.958, "2016-04-30": "-320.13900", "2016-01-31": 0, "2015-10-31": 0, "2015-07-31": 0, "2015-04-30": "", "2015-01-31": 0, "2014-10-31": 0, "2014-01-31": 0}, "Investing Activities - Other": {"2020-10-31": -5, "2020-07-31": 0, "2020-04-30": "", "2020-01-31": 0, "2019-10-31": 0, "2019-07-31": 0, "2019-04-30": "", "2019-01-31": -5, "2018-10-31": 0, "2018-07-31": 0, "2018-04-30": "", "2018-01-31": 0, "2017-10-31": 0, "2017-07-31": 0, "2017-04-30": "", "2017-01-31": 5.6, "2016-10-31": 0, "2016-07-31": -6.306, "2016-04-30": "0.70600", "2016-01-31": -0.001, "2015-10-31": -2.484, "2015-07-31": 0, "2015-04-30": "", "2015-01-31": -9.117, "2014-10-31": 1.417, "2014-01-31": -3.03}, "Cash Flow From Investing Activities": {"2020-10-31": -373.365, "2020-07-31": -33.577, "2020-04-30": "-8.91100", "2020-01-31": -12.062, "2019-10-31": -45.166, "2019-07-31": -68.93, "2019-04-30": "-198.55300", "2019-01-31": -43.241, "2018-10-31": -42.241, "2018-07-31": -393.341, "2018-04-30": "-32.52100", "2018-01-31": -5.898, "2017-10-31": -33.013, "2017-07-31": -1.208, "2017-04-30": "-17.04000", "2017-01-31": -4.891, "2016-10-31": -20.917, "2016-07-31": -72.006, "2016-04-30": "-343.80900", "2016-01-31": -9.861, "2015-10-31": -10.156, "2015-07-31": -15.081, "2015-04-30": "-6.74200", "2015-01-31": -11.32, "2014-10-31": -26.34, "2014-01-31": -15.3}, "Net Long-Term Debt": {"2020-10-31": 246.942, "2020-07-31": 0, "2020-04-30": "4.95000", "2020-01-31": 0, "2019-10-31": 0, "2019-07-31": 0, "2019-04-30": "-11.55500", "2019-01-31": 562.062, "2018-10-31": -6.101, "2018-07-31": -562.062, "2018-04-30": "562.06200", "2018-01-31": 0, "2017-10-31": 0, "2017-07-31": 0, "2017-04-30": "", "2017-01-31": 0, "2016-10-31": 0, "2016-07-31": 0, "2016-04-30": "", "2016-01-31": 0, "2015-10-31": 0, "2015-07-31": 0, "2015-04-30": "", "2015-01-31": 0, "2014-10-31": 0, "2014-01-31": 0}, "Net Current Debt": {"2020-10-31": 0, "2020-07-31": 0, "2020-04-30": "", "2020-01-31": 0, "2019-10-31": 0, "2019-07-31": 0, "2019-04-30": "", "2019-01-31": 0, "2018-10-31": 0, "2018-07-31": 0, "2018-04-30": "", "2018-01-31": 0, "2017-10-31": 0, "2017-07-31": 0, "2017-04-30": "", "2017-01-31": 0, "2016-10-31": 0, "2016-07-31": 0, "2016-04-30": "", "2016-01-31": 0, "2015-10-31": 0, "2015-07-31": 0, "2015-04-30": "", "2015-01-31": 0, "2014-10-31": 0, "2014-01-31": 0}, "Debt Issuance/Retirement Net - Total": {"2020-10-31": 246.942, "2020-07-31": 0, "2020-04-30": "4.95000", "2020-01-31": 0, "2019-10-31": 0, "2019-07-31": 0, "2019-04-30": "-11.55500", "2019-01-31": 562.062, "2018-10-31": -6.101, "2018-07-31": -562.062, "2018-04-30": "562.06200", "2018-01-31": 0, "2017-10-31": 0, "2017-07-31": 0, "2017-04-30": "", "2017-01-31": 0, "2016-10-31": 0, "2016-07-31": 0, "2016-04-30": "", "2016-01-31": 0, "2015-10-31": 0, "2015-07-31": 0, "2015-04-30": "", "2015-01-31": 0, "2014-10-31": 0, "2014-01-31": 0}, "Net Common Equity Issued/Repurchased": {"2020-10-31": -0.974, "2020-07-31": -7.641, "2020-04-30": "-44.82300", "2020-01-31": 2.085, "2019-10-31": 17.793, "2019-07-31": 2.499, "2019-04-30": "48.80300", "2019-01-31": 4.429, "2018-10-31": 28.021, "2018-07-31": 19.453, "2018-04-30": "9.31200", "2018-01-31": 8.916, "2017-10-31": 16.939, "2017-07-31": 4.536, "2017-04-30": "16.42300", "2017-01-31": 4.187, "2016-10-31": 14.883, "2016-07-31": 3.278, "2016-04-30": "18.17000", "2016-01-31": 1.298, "2015-10-31": 461.131, "2015-07-31": 1.313, "2015-04-30": "1.69100", "2015-01-31": 22.953, "2014-10-31": -22.953, "2014-01-31": 0}, "Net Total Equity Issued/Repurchased": {"2020-10-31": -0.974, "2020-07-31": -7.641, "2020-04-30": "-44.82300", "2020-01-31": 2.085, "2019-10-31": 17.793, "2019-07-31": 2.499, "2019-04-30": "48.80300", "2019-01-31": -557.633, "2018-10-31": 28.021, "2018-07-31": 581.515, "2018-04-30": "9.31200", "2018-01-31": 8.916, "2017-10-31": 16.939, "2017-07-31": 4.536, "2017-04-30": "16.42300", "2017-01-31": 4.187, "2016-10-31": 14.883, "2016-07-31": 3.278, "2016-04-30": "18.17000", "2016-01-31": 1.298, "2015-10-31": 461.131, "2015-07-31": 1.313, "2015-04-30": "1.69100", "2015-01-31": 0.643, "2014-10-31": 94.567, "2014-01-31": 163.3}, "Total Common And Preferred Stock Dividends Paid": {"2020-10-31": 0, "2020-07-31": 0, "2020-04-30": "", "2020-01-31": 0, "2019-10-31": 0, "2019-07-31": 0, "2019-04-30": "", "2019-01-31": 0, "2018-10-31": 0, "2018-07-31": 0, "2018-04-30": "", "2018-01-31": 0, "2017-10-31": 0, "2017-07-31": 0, "2017-04-30": "", "2017-01-31": 0, "2016-10-31": 0, "2016-07-31": 0, "2016-04-30": "", "2016-01-31": 0, "2015-10-31": 0, "2015-07-31": 0, "2015-04-30": "", "2015-01-31": 0, "2014-10-31": 0, "2014-01-31": 0}, "Financial Activities - Other": {"2020-10-31": -1.239, "2020-07-31": -1.467, "2020-04-30": "-1.37400", "2020-01-31": -1.592, "2019-10-31": -1.614, "2019-07-31": -1.501, "2019-04-30": "-5.67200", "2019-01-31": -0.632, "2018-10-31": 0, "2018-07-31": 0, "2018-04-30": "-64.63000", "2018-01-31": 0, "2017-10-31": 0, "2017-07-31": 0, "2017-04-30": "", "2017-01-31": 0, "2016-10-31": 0, "2016-07-31": 0, "2016-04-30": "", "2016-01-31": -2.012, "2015-10-31": -0.574, "2015-07-31": -0.803, "2015-04-30": "-0.31300", "2015-01-31": -0.03, "2014-10-31": 0, "2014-01-31": 0}, "Cash Flow From Financial Activities": {"2020-10-31": 244.729, "2020-07-31": -9.108, "2020-04-30": "-41.24700", "2020-01-31": 0.493, "2019-10-31": 16.179, "2019-07-31": 0.998, "2019-04-30": "31.57600", "2019-01-31": 3.797, "2018-10-31": 21.92, "2018-07-31": 19.453, "2018-04-30": "506.74400", "2018-01-31": 8.916, "2017-10-31": 16.939, "2017-07-31": 4.536, "2017-04-30": "16.42300", "2017-01-31": 4.187, "2016-10-31": 14.883, "2016-07-31": 3.278, "2016-04-30": "18.17000", "2016-01-31": -0.714, "2015-10-31": 460.557, "2015-07-31": 0.51, "2015-04-30": "1.37800", "2015-01-31": 0.613, "2014-10-31": 94.567, "2014-01-31": 163.3}, "Net Cash Flow": {"2020-10-31": -95.837, "2020-07-31": 8.021, "2020-04-30": "-15.05500", "2020-01-31": 58.289, "2019-10-31": 35.27, "2019-07-31": -19.115, "2019-04-30": "-160.33500", "2019-01-31": 41.35, "2018-10-31": 36.228, "2018-07-31": -365.404, "2018-04-30": "492.81900", "2018-01-31": 62.018, "2017-10-31": 12.174, "2017-07-31": 3.137, "2017-04-30": "-14.91800", "2017-01-31": 36.814, "2016-10-31": -53.357, "2016-07-31": -80.278, "2016-04-30": "-318.64600", "2016-01-31": 31.435, "2015-10-31": 445.025, "2015-07-31": -44.944, "2015-04-30": "-19.48100", "2015-01-31": -44.731, "2014-10-31": 25.791, "2014-01-31": 80.76}, "Stock-Based Compensation": {"2020-10-31": 59.609, "2020-07-31": 61.452, "2020-04-30": "58.69400", "2020-01-31": 51.915, "2019-10-31": 54.229, "2019-07-31": 58.404, "2019-04-30": "62.15700", "2019-01-31": 54.707, "2018-10-31": 58.329, "2018-07-31": 53.654, "2018-04-30": "43.95500", "2018-01-31": 42.753, "2017-10-31": 38.863, "2017-07-31": 36.838, "2017-04-30": "32.21900", "2017-01-31": 37.539, "2016-10-31": 28.235, "2016-07-31": 27.896, "2016-04-30": "22.99800", "2016-01-31": 22.027, "2015-10-31": 15.539, "2015-07-31": 11.8, "2015-04-30": "8.85900", "2015-01-31": -17.241, "2014-10-31": 17.241, "2014-01-31": 0}, "Common Stock Dividends Paid": {"2020-10-31": 0, "2020-07-31": 0, "2020-04-30": "", "2020-01-31": 0, "2019-10-31": 0, "2019-07-31": 0, "2019-04-30": "", "2019-01-31": 0, "2018-10-31": 0, "2018-07-31": 0, "2018-04-30": "", "2018-01-31": 0, "2017-10-31": 0, "2017-07-31": 0, "2017-04-30": "", "2017-01-31": 0, "2016-10-31": 0, "2016-07-31": 0, "2016-04-30": "", "2016-01-31": 0, "2015-10-31": 0, "2015-07-31": 0, "2015-04-30": "", "2015-01-31": 0, "2014-10-31": 0, "2014-01-31": 0}}, "financial ratios": {"Current Ratio": {"2020-01-31": "3.07510", "2019-01-31": "3.33810", "2018-01-31": "2.60130", "2017-01-31": "2.85610", "2016-01-31": "4.27060", "2015-01-31": "4.22320", "2014-01-31": "5.62250"}, "Long-term Debt / Capital": {"2020-01-31": "0.36490", "2019-01-31": "0.37880", "2018-01-31": "", "2017-01-31": "", "2016-01-31": "", "2015-01-31": "", "2014-01-31": ""}, "Debt/Equity Ratio": {"2020-01-31": "0.57460", "2019-01-31": "0.60970", "2018-01-31": "", "2017-01-31": "", "2016-01-31": "", "2015-01-31": "", "2014-01-31": ""}, "Gross Margin": {"2020-01-31": "68.97450", "2019-01-31": "66.35390", "2018-01-31": "65.47680", "2017-01-31": "65.87000", "2016-01-31": "61.87140", "2015-01-31": "55.54510", "2014-01-31": "43.53540"}, "Operating Margin": {"2020-01-31": "-11.63920", "2019-01-31": "-12.44700", "2018-01-31": "-16.33880", "2017-01-31": "-29.93520", "2016-01-31": "-47.73230", "2015-01-31": "-103.45710", "2014-01-31": "-182.83060"}, "EBIT Margin": {"2020-01-31": "-11.63920", "2019-01-31": "-12.44700", "2018-01-31": "-16.33880", "2017-01-31": "-29.93520", "2016-01-31": "-47.73230", "2015-01-31": "-103.45710", "2014-01-31": "-182.83060"}, "EBITDA Margin": {"2020-01-31": "-4.52670", "2019-01-31": "-5.68810", "2018-01-31": "-10.31360", "2017-01-31": "-23.14340", "2016-01-31": "-40.40740", "2015-01-31": "-94.63400", "2014-01-31": "-172.46160"}, "Pre-Tax Profit Margin": {"2020-01-31": "-11.84500", "2019-01-31": "-13.03650", "2018-01-31": "-15.22200", "2017-01-31": "-29.71510", "2016-01-31": "-48.18690", "2015-01-31": "-104.26650", "2014-01-31": "-183.16050"}, "Net Profit Margin": {"2020-01-31": "-12.22970", "2019-01-31": "-13.11660", "2018-01-31": "-15.60150", "2017-01-31": "-29.97030", "2016-01-31": "-48.54330", "2015-01-31": "-105.03290", "2014-01-31": "-183.84150"}, "Asset Turnover": {"2020-01-31": "0.69510", "2019-01-31": "0.68920", "2018-01-31": "0.91170", "2017-01-31": "0.82150", "2016-01-31": "0.50570", "2015-01-31": "0.48960", "2014-01-31": "0.23100"}, "Inventory Turnover Ratio": {"2020-01-31": "13.23760", "2019-01-31": "10.23850", "2018-01-31": "10.25540", "2017-01-31": "10.73620", "2016-01-31": "8.13080", "2015-01-31": "3.58950", "2014-01-31": "3.05740"}, "Receiveable Turnover": {"2020-01-31": "3.58330", "2019-01-31": "3.59050", "2018-01-31": "4.21710", "2017-01-31": "4.37440", "2016-01-31": "3.48570", "2015-01-31": "2.95520", "2014-01-31": "2.88060"}, "Days Sales In Receivables": {"2020-01-31": "101.86240", "2019-01-31": "101.65730", "2018-01-31": "86.55220", "2017-01-31": "83.44070", "2016-01-31": "104.71220", "2015-01-31": "123.51140", "2014-01-31": "126.71180"}, "ROE - Return On Equity": {"2020-01-31": "-24.21190", "2019-01-31": "-24.17550", "2018-01-31": "-27.83390", "2017-01-31": "-46.30400", "2016-01-31": "-37.94280", "2015-01-31": "61.11160", "2014-01-31": "67.67420"}, "Return On Tangible Equity": {"2020-01-31": "-27.37210", "2019-01-31": "-25.24000", "2018-01-31": "-28.08110", "2017-01-31": "-46.94770", "2016-01-31": "-38.41880", "2015-01-31": "-77.69750", "2014-01-31": "-53.48540"}, "ROA - Return On Assets": {"2020-01-31": "-8.50130", "2019-01-31": "-9.04000", "2018-01-31": "-14.22410", "2017-01-31": "-24.62160", "2016-01-31": "-24.54710", "2015-01-31": "-51.42750", "2014-01-31": "-42.46450"}, "ROI - Return On Investment": {"2020-01-31": "-15.37630", "2019-01-31": "-15.01860", "2018-01-31": "-27.83390", "2017-01-31": "-46.30400", "2016-01-31": "-37.94280", "2015-01-31": "-75.06080", "2014-01-31": "-53.48540"}, "Book Value Per Share": {"2020-01-31": "3.14430", "2019-01-31": "3.02960", "2018-01-31": "2.59930", "2017-01-31": "2.34110", "2016-01-31": "2.95710", "2015-01-31": "6.69440", "2014-01-31": "5.16480"}, "Operating Cash Flow Per Share": {"2020-01-31": 0.0412, "2019-01-31": 0.3648, "2018-01-31": 0.4176, "2017-01-31": 0.0215, "2016-01-31": 5.0504, "2015-01-31": -2.3719, "2014-01-31": -2.7738}, "Free Cash Flow Per Share": {"2020-01-31": 0.1258, "2019-01-31": 0.2402, "2018-01-31": 0.5044, "2017-01-31": 0.1045, "2016-01-31": 6.0854, "2015-01-31": -3.3777, "2014-01-31": -3.2802}}, "financial ratios, quarterly": {"Current Ratio": {"2020-10-31": "2.64350", "2020-07-31": "2.98480", "2020-04-30": "3.12020", "2020-01-31": "3.07510", "2019-10-31": "3.31000", "2019-07-31": "3.20660", "2019-04-30": "3.34830", "2019-01-31": "3.33810", "2018-10-31": "3.63660", "2018-07-31": "4.03030", "2018-04-30": "4.33780", "2018-01-31": "2.60130", "2017-10-31": "2.56110", "2017-07-31": "2.71450", "2017-04-30": "2.98820", "2017-01-31": "2.85610", "2016-10-31": "3.17120", "2016-07-31": "3.45400", "2016-04-30": "4.03340", "2016-01-31": "4.27060", "2015-10-31": "5.17380", "2015-07-31": "", "2015-04-30": "", "2015-01-31": "", "2014-10-31": "", "2014-01-31": ""}, "Long-term Debt / Capital": {"2020-10-31": "0.50450", "2020-07-31": "0.39700", "2020-04-30": "0.39000", "2020-01-31": "0.36490", "2019-10-31": "0.37660", "2019-07-31": "0.38570", "2019-04-30": "0.38020", "2019-01-31": "0.37880", "2018-10-31": "0.38690", "2018-07-31": "0.40390", "2018-04-30": "0.40520", "2018-01-31": "", "2017-10-31": "", "2017-07-31": "", "2017-04-30": "", "2017-01-31": "", "2016-10-31": "", "2016-07-31": "", "2016-04-30": "", "2016-01-31": "", "2015-10-31": "", "2015-07-31": "", "2015-04-30": "", "2015-01-31": "", "2014-10-31": "", "2014-01-31": ""}, "Debt/Equity Ratio": {"2020-10-31": "1.01810", "2020-07-31": "0.65830", "2020-04-30": "0.63940", "2020-01-31": "0.57460", "2019-10-31": "0.60420", "2019-07-31": "0.62790", "2019-04-30": "0.61340", "2019-01-31": "0.60970", "2018-10-31": "0.63110", "2018-07-31": "0.67770", "2018-04-30": "0.68120", "2018-01-31": "", "2017-10-31": "", "2017-07-31": "", "2017-04-30": "", "2017-01-31": "", "2016-10-31": "", "2016-07-31": "", "2016-04-30": "", "2016-01-31": "", "2015-10-31": "", "2015-07-31": "", "2015-04-30": "", "2015-01-31": "", "2014-10-31": "", "2014-01-31": ""}, "Gross Margin": {"2020-10-31": "67.34130", "2020-07-31": "68.04820", "2020-04-30": "69.95690", "2020-01-31": "70.77380", "2019-10-31": "70.17550", "2019-07-31": "67.70140", "2019-04-30": "66.23420", "2019-01-31": "66.48160", "2018-10-31": "66.82780", "2018-07-31": "66.74510", "2018-04-30": "64.98080", "2018-01-31": "65.30210", "2017-10-31": "65.46750", "2017-07-31": "65.97190", "2017-04-30": "65.20680", "2017-01-31": "66.89870", "2016-10-31": "64.80330", "2016-07-31": "65.17030", "2016-04-30": "66.43020", "2016-01-31": "65.34270", "2015-10-31": "61.13620", "2015-07-31": "58.49570", "2015-04-30": "59.99300", "2015-01-31": "", "2014-10-31": "58.31790", "2014-01-31": ""}, "Operating Margin": {"2020-10-31": "-15.88190", "2020-07-31": "-15.88190", "2020-04-30": "-23.12080", "2020-01-31": "-0.14100", "2019-10-31": "-6.59650", "2019-07-31": "-16.37660", "2019-04-30": "-29.82060", "2019-01-31": "-5.91170", "2018-10-31": "-7.30110", "2018-07-31": "-17.87270", "2018-04-30": "-24.17470", "2018-01-31": "-5.53650", "2017-10-31": "-10.65310", "2017-07-31": "-27.08680", "2017-04-30": "-31.85960", "2017-01-31": "-7.93170", "2016-10-31": "-39.69410", "2016-07-31": "-36.44360", "2016-04-30": "-46.19610", "2016-01-31": "-28.57800", "2015-10-31": "-42.30920", "2015-07-31": "-74.89750", "2015-04-30": "-65.14840", "2015-01-31": "", "2014-10-31": "-80.94490", "2014-01-31": ""}, "EBIT Margin": {"2020-10-31": "-15.88190", "2020-07-31": "-15.88190", "2020-04-30": "-23.12080", "2020-01-31": "-0.14100", "2019-10-31": "-6.59650", "2019-07-31": "-16.37660", "2019-04-30": "-29.82060", "2019-01-31": "-5.91170", "2018-10-31": "-7.30110", "2018-07-31": "-17.87270", "2018-04-30": "-24.17470", "2018-01-31": "-5.53650", "2017-10-31": "-10.65310", "2017-07-31": "-27.08680", "2017-04-30": "-31.85960", "2017-01-31": "-7.93170", "2016-10-31": "-39.69410", "2016-07-31": "-36.44360", "2016-04-30": "-46.19610", "2016-01-31": "-28.57800", "2015-10-31": "-42.30920", "2015-07-31": "-74.89750", "2015-04-30": "-65.14840", "2015-01-31": "", "2014-10-31": "-80.94490", "2014-01-31": ""}, "EBITDA Margin": {"2020-10-31": "", "2020-07-31": "", "2020-04-30": "", "2020-01-31": "", "2019-10-31": "", "2019-07-31": "", "2019-04-30": "", "2019-01-31": "", "2018-10-31": "", "2018-07-31": "", "2018-04-30": "", "2018-01-31": "", "2017-10-31": "", "2017-07-31": "", "2017-04-30": "", "2017-01-31": "", "2016-10-31": "", "2016-07-31": "", "2016-04-30": "", "2016-01-31": "", "2015-10-31": "", "2015-07-31": "", "2015-04-30": "", "2015-01-31": "", "2014-10-31": "", "2014-01-31": ""}, "Pre-Tax Profit Margin": {"2020-10-31": "-17.07200", "2020-07-31": "-15.48490", "2020-04-30": "-24.05130", "2020-01-31": "-0.32890", "2019-10-31": "-6.59440", "2019-07-31": "-16.54110", "2019-04-30": "-30.37650", "2019-01-31": "-5.93440", "2018-10-31": "-8.07610", "2018-07-31": "-19.17810", "2018-04-30": "-24.56500", "2018-01-31": "-4.05170", "2017-10-31": "-10.24310", "2017-07-31": "-25.63320", "2017-04-30": "-30.76730", "2017-01-31": "-7.72250", "2016-10-31": "-39.79160", "2016-07-31": "-36.42090", "2016-04-30": "-45.28000", "2016-01-31": "-29.08190", "2015-10-31": "-42.43930", "2015-07-31": "-75.33580", "2015-04-30": "-66.09740", "2015-01-31": "", "2014-10-31": "-81.77850", "2014-01-31": ""}, "Net Profit Margin": {"2020-10-31": "-18.07560", "2020-07-31": "-16.09200", "2020-04-30": "-24.67700", "2020-01-31": "-0.94530", "2019-10-31": "-6.99850", "2019-07-31": "-16.65750", "2019-04-30": "-30.71200", "2019-01-31": "-6.10000", "2018-10-31": "-7.55940", "2018-07-31": "-19.46460", "2018-04-30": "-25.12420", "2018-01-31": "-4.38540", "2017-10-31": "-10.59260", "2017-07-31": "-25.99860", "2017-04-30": "-31.29510", "2017-01-31": "-8.10740", "2016-10-31": "-40.01550", "2016-07-31": "-36.48580", "2016-04-30": "-45.58010", "2016-01-31": "-29.48390", "2015-10-31": "-43.01100", "2015-07-31": "-75.40310", "2015-04-30": "-66.30940", "2015-01-31": "", "2014-10-31": "-82.12610", "2014-01-31": ""}, "Asset Turnover": {"2020-10-31": "0.15480", "2020-07-31": "0.17390", "2020-04-30": "0.16280", "2020-01-31": "0.20810", "2019-10-31": "0.19540", "2019-07-31": "0.18730", "2019-04-30": "0.15790", "2019-01-31": "0.21400", "2018-10-31": "0.20580", "2018-07-31": "0.18760", "2018-04-30": "0.16240", "2018-01-31": "0.30240", "2017-10-31": "0.28840", "2017-07-31": "0.25240", "2017-04-30": "0.20920", "2017-01-31": "0.26570", "2016-10-31": "0.23060", "2016-07-31": "0.18930", "2016-04-30": "0.16250", "2016-01-31": "0.17250", "2015-10-31": "0.16060", "2015-07-31": "", "2015-04-30": "", "2015-01-31": "", "2014-10-31": "", "2014-01-31": ""}, "Inventory Turnover Ratio": {"2020-10-31": "3.10770", "2020-07-31": "3.54750", "2020-04-30": "2.80890", "2020-01-31": "3.73320", "2019-10-31": "3.20620", "2019-07-31": "3.57360", "2019-04-30": "2.40150", "2019-01-31": "3.16690", "2018-10-31": "2.43730", "2018-07-31": "2.46490", "2018-04-30": "2.32560", "2018-01-31": "3.41840", "2017-10-31": "2.57630", "2017-07-31": "2.27130", "2017-04-30": "1.60970", "2017-01-31": "3.36750", "2016-10-31": "3.44680", "2016-07-31": "2.51200", "2016-04-30": "2.13740", "2016-01-31": "2.52150", "2015-10-31": "1.99820", "2015-07-31": "", "2015-04-30": "", "2015-01-31": "", "2014-10-31": "", "2014-01-31": ""}, "Receiveable Turnover": {"2020-10-31": "1.08570", "2020-07-31": "1.10100", "2020-04-30": "1.05150", "2020-01-31": "1.07270", "2019-10-31": "1.18310", "2019-07-31": "1.12400", "2019-04-30": "1.04760", "2019-01-31": "1.11480", "2018-10-31": "1.21960", "2018-07-31": "1.27420", "2018-04-30": "1.30630", "2018-01-31": "1.39860", "2017-10-31": "1.37420", "2017-07-31": "1.33410", "2017-04-30": "1.38230", "2017-01-31": "1.41470", "2016-10-31": "1.20800", "2016-07-31": "1.37700", "2016-04-30": "1.44030", "2016-01-31": "1.18930", "2015-10-31": "1.17160", "2015-07-31": "", "2015-04-30": "", "2015-01-31": "", "2014-10-31": "", "2014-01-31": ""}, "Days Sales In Receivables": {"2020-10-31": "82.89280", "2020-07-31": "81.74620", "2020-04-30": "85.58900", "2020-01-31": "83.89740", "2019-10-31": "76.07300", "2019-07-31": "80.07410", "2019-04-30": "85.90720", "2019-01-31": "80.73030", "2018-10-31": "73.79280", "2018-07-31": "70.63110", "2018-04-30": "68.89500", "2018-01-31": "64.35110", "2017-10-31": "65.49400", "2017-07-31": "67.46060", "2017-04-30": "65.11020", "2017-01-31": "63.61750", "2016-10-31": "74.50100", "2016-07-31": "65.36130", "2016-04-30": "62.48620", "2016-01-31": "75.67790", "2015-10-31": "76.81970", "2015-07-31": "", "2015-04-30": "", "2015-01-31": "", "2014-10-31": "", "2014-01-31": ""}, "ROE - Return On Equity": {"2020-10-31": "-10.09710", "2020-07-31": "-8.70750", "2020-04-30": "-11.96980", "2020-01-31": "-0.56030", "2019-10-31": "-3.85400", "2019-07-31": "-8.95110", "2019-04-30": "-13.48650", "2019-01-31": "-3.49090", "2018-10-31": "-4.01240", "2018-07-31": "-9.33020", "2018-04-30": "-10.18080", "2018-01-31": "-2.59470", "2017-10-31": "-6.40440", "2017-07-31": "-13.11410", "2017-04-30": "-12.28410", "2017-01-31": "-4.05100", "2016-10-31": "-16.49620", "2016-07-31": "-11.58430", "2016-04-30": "-11.78170", "2016-01-31": "-7.86260", "2015-10-31": "-9.67560", "2015-07-31": "", "2015-04-30": "", "2015-01-31": "", "2014-10-31": "", "2014-01-31": ""}, "Return On Tangible Equity": {"2020-10-31": "-25.33100", "2020-07-31": "-9.90850", "2020-04-30": "-13.64950", "2020-01-31": "-0.63340", "2019-10-31": "-4.40590", "2019-07-31": "-10.35640", "2019-04-30": "-15.42800", "2019-01-31": "-3.64460", "2018-10-31": "-4.20470", "2018-07-31": "-9.39290", "2018-04-30": "-10.25680", "2018-01-31": "-2.61780", "2017-10-31": "-6.48110", "2017-07-31": "-13.28740", "2017-04-30": "-12.44960", "2017-01-31": "-4.10730", "2016-10-31": "-16.73920", "2016-07-31": "-11.75150", "2016-04-30": "-11.92830", "2016-01-31": "-7.96120", "2015-10-31": "-9.79820", "2015-07-31": "", "2015-04-30": "", "2015-01-31": "", "2014-10-31": "", "2014-01-31": ""}, "ROA - Return On Assets": {"2020-10-31": "-2.79770", "2020-07-31": "-2.79840", "2020-04-30": "-4.01770", "2020-01-31": "-0.19670", "2019-10-31": "-1.36730", "2019-07-31": "-3.12000", "2019-04-30": "-4.84910", "2019-01-31": "-1.30540", "2018-10-31": "-1.55570", "2018-07-31": "-3.65220", "2018-04-30": "-4.08010", "2018-01-31": "-1.32600", "2017-10-31": "-3.05480", "2017-07-31": "-6.56210", "2017-04-30": "-6.54840", "2017-01-31": "-2.15410", "2016-10-31": "-9.22720", "2016-07-31": "-6.90670", "2016-04-30": "-7.40450", "2016-01-31": "-5.08670", "2015-10-31": "-6.90700", "2015-07-31": "", "2015-04-30": "", "2015-01-31": "", "2014-10-31": "", "2014-01-31": ""}, "ROI - Return On Investment": {"2020-10-31": "-5.00320", "2020-07-31": "-5.25100", "2020-04-30": "-7.30130", "2020-01-31": "-0.35580", "2019-10-31": "-2.40250", "2019-07-31": "-5.49850", "2019-04-30": "-8.35930", "2019-01-31": "-2.16860", "2018-10-31": "-2.46000", "2018-07-31": "-5.56140", "2018-04-30": "-6.05570", "2018-01-31": "-2.59470", "2017-10-31": "-6.40440", "2017-07-31": "-13.11410", "2017-04-30": "-12.28410", "2017-01-31": "-4.05100", "2016-10-31": "-16.49620", "2016-07-31": "-11.58430", "2016-04-30": "-11.78170", "2016-01-31": "-7.86260", "2015-10-31": "-9.67560", "2015-07-31": "", "2015-04-30": "", "2015-01-31": "", "2014-10-31": "", "2014-01-31": ""}, "Book Value Per Share": {"2020-10-31": "2.70210", "2020-07-31": "2.78630", "2020-04-30": "2.86720", "2020-01-31": "3.14430", "2019-10-31": "2.99300", "2019-07-31": "2.88380", "2019-04-30": "2.94230", "2019-01-31": "3.02960", "2018-10-31": "2.90990", "2018-07-31": "2.73730", "2018-04-30": "2.75100", "2018-01-31": "2.59930", "2017-10-31": "2.12540", "2017-07-31": "2.11120", "2017-04-30": "2.23580", "2017-01-31": "2.34110", "2016-10-31": "2.39270", "2016-07-31": "2.61650", "2016-04-30": "2.78900", "2016-01-31": "2.95710", "2015-10-31": "3.07380", "2015-07-31": "", "2015-04-30": "", "2015-01-31": "", "2014-10-31": "", "2014-01-31": ""}, "Operating Cash Flow Per Share": {"2020-10-31": 0.1166, "2020-07-31": 0.1906, "2020-04-30": "0.13350", "2020-01-31": 0.2804, "2019-10-31": 0.2487, "2019-07-31": 0.1936, "2019-04-30": "0.02710", "2019-01-31": 0.353, "2018-10-31": 0.2375, "2018-07-31": 0.035, "2018-04-30": "0.08310", "2018-01-31": 0.2793, "2017-10-31": 0.1338, "2017-07-31": 0.0002, "2017-04-30": "-0.06950", "2017-01-31": 0.1912, "2016-10-31": -0.2414, "2016-07-31": -0.0605, "2016-04-30": "0.03690", "2016-01-31": 0.5735, "2015-10-31": 0.6518, "2015-07-31": -0.8876, "2015-04-30": "-0.43300", "2015-01-31": 3.8782, "2014-10-31": -3.8782, "2014-01-31": 0}, "Free Cash Flow Per Share": {"2020-10-31": 0.0272, "2020-07-31": 0.0968, "2020-04-30": "0.04310", "2020-01-31": 0.224, "2019-10-31": 0.1695, "2019-07-31": 0.0809, "2019-04-30": "-0.07200", "2019-01-31": 0.2221, "2018-10-31": 0.1227, "2018-07-31": -0.0517, "2018-04-30": "-0.01650", "2018-01-31": 0.1799, "2017-10-31": 0.0697, "2017-07-31": -0.0817, "2017-04-30": "-0.13150", "2017-01-31": 0.1269, "2016-10-31": -0.332, "2016-07-31": -0.1711, "2016-04-30": "-0.09180", "2016-01-31": 0.4918, "2015-10-31": 0.9041, "2015-07-31": -1.3287, "2015-04-30": "-0.63970", "2015-01-31": 4.9709, "2014-10-31": -4.9709, "2014-01-31": 0}}, "revenue": {"Pure Storage Annual Revenue (Millions of US $)": {"2020": "$1,643", "2019": "$1,360", "2018": "$1,025", "2017": "$739", "2016": "$440", "2015": "$174", "2014": "$43"}, "Pure Storage Quarterly Revenue (Millions of US $)": {"2020-10-31": "$411", "2020-07-31": "$404", "2020-04-30": "$367", "2020-01-31": "$492", "2019-10-31": "$428", "2019-07-31": "$396", "2019-04-30": "$327", "2019-01-31": "$422", "2018-10-31": "$373", "2018-07-31": "$309", "2018-04-30": "$256", "2018-01-31": "$340", "2017-10-31": "$278", "2017-07-31": "$225", "2017-04-30": "$183", "2017-01-31": "$239", "2016-10-31": "$197", "2016-07-31": "$163", "2016-04-30": "$140", "2016-01-31": "$150", "2015-10-31": "$131", "2015-07-31": "$85", "2015-04-30": "$74", "2015-01-31": "", "2014-10-31": "$49", "2014-01-31": ""}}, "gross-profit": {"Pure Storage Annual Gross Profit (Millions of US $)": {"2020": "$1,134", "2019": "$902", "2018": "$671", "2017": "$487", "2016": "$272", "2015": "$97", "2014": "$19"}, "Pure Storage Quarterly Gross Profit (Millions of US $)": {"2020-10-31": "$277", "2020-07-31": "$275", "2020-04-30": "$257", "2020-01-31": "$348", "2019-10-31": "$301", "2019-07-31": "$268", "2019-04-30": "$216", "2019-01-31": "$281", "2018-10-31": "$249", "2018-07-31": "$206", "2018-04-30": "$166", "2018-01-31": "$222", "2017-10-31": "$182", "2017-07-31": "$148", "2017-04-30": "$119", "2017-01-31": "$160", "2016-10-31": "$128", "2016-07-31": "$106", "2016-04-30": "$93", "2016-01-31": "$98", "2015-10-31": "$80", "2015-07-31": "$50", "2015-04-30": "$44", "2015-01-31": "", "2014-10-31": "$29", "2014-01-31": ""}}, "operating-income": {"Pure Storage Annual Operating Income (Millions of US $)": {"2020": "$-191", "2019": "$-169", "2018": "$-167", "2017": "$-221", "2016": "$-210", "2015": "$-180", "2014": "$-78"}, "Pure Storage Quarterly Operating Income (Millions of US $)": {"2020-10-31": "$-65", "2020-07-31": "$-64", "2020-04-30": "$-85", "2020-01-31": "$-1", "2019-10-31": "$-28", "2019-07-31": "$-65", "2019-04-30": "$-97", "2019-01-31": "$-25", "2018-10-31": "$-27", "2018-07-31": "$-55", "2018-04-30": "$-62", "2018-01-31": "$-19", "2017-10-31": "$-30", "2017-07-31": "$-61", "2017-04-30": "$-58", "2017-01-31": "$-19", "2016-10-31": "$-78", "2016-07-31": "$-59", "2016-04-30": "$-65", "2016-01-31": "$-43", "2015-10-31": "$-56", "2015-07-31": "$-63", "2015-04-30": "$-48", "2015-01-31": "", "2014-10-31": "$-40", "2014-01-31": ""}}, "ebitda": {"Pure Storage Annual EBITDA (Millions of US $)": {"2020": "$-74", "2019": "$-77", "2018": "$-106", "2017": "$-171", "2016": "$-178", "2015": "$-165", "2014": "$-74"}, "Pure Storage Quarterly EBITDA (Millions of US $)": {"2020-10-31": "$-40", "2020-07-31": "$-40", "2020-04-30": "$-63", "2020-01-31": "$29", "2019-10-31": "$2", "2019-07-31": "$-36", "2019-04-30": "$-70", "2019-01-31": "$1", "2018-10-31": "$-3", "2018-07-31": "$-32", "2018-04-30": "$-44", "2018-01-31": "$-3", "2017-10-31": "$-14", "2017-07-31": "$-46", "2017-04-30": "$-43", "2017-01-31": "$-5", "2016-10-31": "$-65", "2016-07-31": "$-48", "2016-04-30": "$-54", "2016-01-31": "$-34", "2015-10-31": "$-47", "2015-07-31": "$-56", "2015-04-30": "$-42", "2015-01-31": "", "2014-10-31": "$-40", "2014-01-31": ""}}, "net-income": {"Pure Storage Annual Net Income (Millions of US $)": {"2020": "$-201", "2019": "$-178", "2018": "$-160", "2017": "$-222", "2016": "$-214", "2015": "$-183", "2014": "$-79"}, "Pure Storage Quarterly Net Income (Millions of US $)": {"2020-10-31": "$-74", "2020-07-31": "$-65", "2020-04-30": "$-91", "2020-01-31": "$-5", "2019-10-31": "$-30", "2019-07-31": "$-66", "2019-04-30": "$-100", "2019-01-31": "$-26", "2018-10-31": "$-28", "2018-07-31": "$-60", "2018-04-30": "$-64", "2018-01-31": "$-15", "2017-10-31": "$-29", "2017-07-31": "$-58", "2017-04-30": "$-57", "2017-01-31": "$-19", "2016-10-31": "$-79", "2016-07-31": "$-60", "2016-04-30": "$-64", "2016-01-31": "$-44", "2015-10-31": "$-57", "2015-07-31": "$-64", "2015-04-30": "$-49", "2015-01-31": "", "2014-10-31": "$-40", "2014-01-31": ""}}, "eps-earnings-per-share-diluted": {"Pure Storage Annual EPS": {"2020": "$-0.79", "2019": "$-0.77", "2018": "$-0.76", "2017": "$-1.14", "2016": "$-2.59", "2015": "$-6.56", "2014": "$-3.24"}, "Pure Storage Quarterly EPS": {"2020-10-31": "$-0.28", "2020-07-31": "$-0.25", "2020-04-30": "$-0.34", "2020-01-31": "$0.00", "2019-10-31": "$-0.12", "2019-07-31": "$-0.26", "2019-04-30": "$-0.41", "2019-01-31": "$-0.10", "2018-10-31": "$-0.12", "2018-07-31": "$-0.26", "2018-04-30": "$-0.29", "2018-01-31": "$-0.06", "2017-10-31": "$-0.14", "2017-07-31": "$-0.28", "2017-04-30": "$-0.28", "2017-01-31": "$-0.09", "2016-10-31": "$-0.40", "2016-07-31": "$-0.31", "2016-04-30": "$-0.34", "2016-01-31": "$1.57", "2015-10-31": "$-0.76", "2015-07-31": "$-1.89", "2015-04-30": "$-1.51", "2015-01-31": "$0.00", "2014-10-31": "$-1.43", "2014-01-31": "$0.00"}}, "shares-outstanding": {"Pure Storage Annual Shares Outstanding (Millions of Shares)": {"2020": "253", "2019": "232", "2018": "212", "2017": "195", "2016": "82", "2015": "28", "2014": "24"}, "Pure Storage Quarterly Shares Outstanding (Millions of Shares)": {"2020-10-31": "269", "2020-07-31": "265", "2020-04-30": "263", "2020-01-31": "253", "2019-10-31": "255", "2019-07-31": "251", "2019-04-30": "245", "2019-01-31": "232", "2018-10-31": "235", "2018-07-31": "229", "2018-04-30": "224", "2018-01-31": "212", "2017-10-31": "213", "2017-07-31": "209", "2017-04-30": "206", "2017-01-31": "195", "2016-10-31": "196", "2016-07-31": "193", "2016-04-30": "189", "2016-01-31": "82", "2015-10-31": "75", "2015-07-31": "34", "2015-04-30": "33", "2015-01-31": "", "2014-10-31": "28", "2014-01-31": ""}}, "total-assets": {"Pure Storage Annual Total Assets (Millions of US $)": {"2020": "$2,364", "2019": "$1,973", "2018": "$1,124", "2017": "$900", "2016": "$871", "2015": "$356", "2014": "$185"}, "Pure Storage Quarterly Total Assets (Millions of US $)": {"2020-10-31": "$2,653", "2020-07-31": "$2,322", "2020-04-30": "$2,255", "2020-01-31": "$2,364", "2019-10-31": "$2,193", "2019-07-31": "$2,116", "2019-04-30": "$2,069", "2019-01-31": "$1,973", "2018-10-31": "$1,811", "2018-07-31": "$1,646", "2018-04-30": "$1,576", "2018-01-31": "$1,124", "2017-10-31": "$963", "2017-07-31": "$890", "2017-04-30": "$873", "2017-01-31": "$900", "2016-10-31": "$854", "2016-07-31": "$862", "2016-04-30": "$861", "2016-01-31": "$871", "2015-10-31": "$818", "2015-07-31": "$0", "2015-04-30": "$0", "2015-01-31": "$0", "2014-10-31": "$0", "2014-01-31": "$185"}}, "cash-on-hand": {"Pure Storage Annual Cash on Hand (Millions of US $)": {"2020": "$1,299", "2019": "$1,197", "2018": "$597", "2017": "$547", "2016": "$605", "2015": "$193", "2014": "$131"}, "Pure Storage Quarterly Cash on Hand (Millions of US $)": {"2020-10-31": "$1,201", "2020-07-31": "$1,293", "2020-04-30": "$1,274", "2020-01-31": "$1,299", "2019-10-31": "$1,241", "2019-07-31": "$1,182", "2019-04-30": "$1,166", "2019-01-31": "$1,197", "2018-10-31": "$1,144", "2018-07-31": "$1,107", "2018-04-30": "$1,098", "2018-01-31": "$597", "2017-10-31": "$551", "2017-07-31": "$523", "2017-04-30": "$536", "2017-01-31": "$547", "2016-10-31": "$518", "2016-07-31": "$570", "2016-04-30": "$607", "2016-01-31": "$605", "2015-10-31": "$573", "2015-07-31": "", "2015-04-30": "", "2015-01-31": "", "2014-10-31": "", "2014-01-31": "$131"}}, "long-term-debt": {"Pure Storage Annual Long Term Debt (Millions of US $)": {"2020": "$477", "2019": "$450", "2018": "$", "2017": "$", "2016": "$", "2015": "$", "2014": "$"}, "Pure Storage Quarterly Long Term Debt (Millions of US $)": {"2020-10-31": "$748", "2020-07-31": "$491", "2020-04-30": "$484", "2020-01-31": "$477", "2019-10-31": "$470", "2019-07-31": "$463", "2019-04-30": "$456", "2019-01-31": "$450", "2018-10-31": "$443", "2018-07-31": "$437", "2018-04-30": "$430", "2018-01-31": "", "2017-10-31": "", "2017-07-31": "", "2017-04-30": "", "2017-01-31": "", "2016-10-31": "", "2016-07-31": "", "2016-04-30": "", "2016-01-31": "", "2015-10-31": "", "2015-07-31": "", "2015-04-30": "", "2015-01-31": "", "2014-10-31": "", "2014-01-31": ""}}, "total-liabilities": {"Pure Storage Annual Total Liabilities (Millions of US $)": {"2020": "$1,534", "2019": "$1,235", "2018": "$550", "2017": "$421", "2016": "$307", "2015": "$112", "2014": "$38"}, "Pure Storage Quarterly Total Liabilities (Millions of US $)": {"2020-10-31": "$1,918", "2020-07-31": "$1,576", "2020-04-30": "$1,498", "2020-01-31": "$1,534", "2019-10-31": "$1,415", "2019-07-31": "$1,378", "2019-04-30": "$1,325", "2019-01-31": "$1,235", "2018-10-31": "$1,109", "2018-07-31": "$1,002", "2018-04-30": "$944", "2018-01-31": "$550", "2017-10-31": "$503", "2017-07-31": "$445", "2017-04-30": "$408", "2017-01-31": "$421", "2016-10-31": "$376", "2016-07-31": "$348", "2016-04-30": "$320", "2016-01-31": "$307", "2015-10-31": "$234", "2015-07-31": "$0", "2015-04-30": "$0", "2015-01-31": "", "2014-10-31": "$0", "2014-01-31": "$38"}}, "total-share-holder-equity": {"Pure Storage Annual Share Holder Equity (Millions of US $)": {"2020": "$830", "2019": "$738", "2018": "$574", "2017": "$478", "2016": "$563", "2015": "$244", "2014": "$147"}, "Pure Storage Quarterly Share Holder Equity (Millions of US $)": {"2020-10-31": "$735", "2020-07-31": "$746", "2020-04-30": "$757", "2020-01-31": "$830", "2019-10-31": "$778", "2019-07-31": "$738", "2019-04-30": "$744", "2019-01-31": "$738", "2018-10-31": "$702", "2018-07-31": "$644", "2018-04-30": "$632", "2018-01-31": "$574", "2017-10-31": "$459", "2017-07-31": "$445", "2017-04-30": "$465", "2017-01-31": "$478", "2016-10-31": "$478", "2016-07-31": "$514", "2016-04-30": "$541", "2016-01-31": "$563", "2015-10-31": "$584", "2015-07-31": "$0", "2015-04-30": "$0", "2015-01-31": "", "2014-10-31": "$0", "2014-01-31": "$147"}}, "profit-margins": {"current": "-14.01%"}, "gross margin": {"2020-10-31": "69.12%", "2020-07-31": "69.84%", "2020-04-30": "69.76%", "2020-01-31": "68.96%", "2019-10-31": "67.77%", "2019-07-31": "66.80%", "2019-04-30": "66.53%", "2019-01-31": "66.32%", "2018-10-31": "65.96%", "2018-07-31": "65.60%", "2018-04-30": "65.33%", "2018-01-31": "65.40%", "2017-10-31": "65.84%", "2017-07-31": "65.76%", "2017-04-30": "65.60%", "2017-01-31": "65.90%", "2016-10-31": "65.38%", "2016-07-31": "64.55%", "2016-04-30": "63.44%", "2016-01-31": "61.82%", "2015-07-31": "59.13%"}, "operating margin": {"2020-10-31": "-12.84%", "2020-07-31": "-10.53%", "2020-04-30": "-10.64%", "2020-01-31": "-11.63%", "2019-10-31": "-13.67%", "2019-07-31": "-14.10%", "2019-04-30": "-14.26%", "2019-01-31": "-12.43%", "2018-10-31": "-12.75%", "2018-07-31": "-14.03%", "2018-04-30": "-15.65%", "2018-01-31": "-16.37%", "2017-10-31": "-18.16%", "2017-07-31": "-25.59%", "2017-04-30": "-27.37%", "2017-01-31": "-29.91%", "2016-10-31": "-37.69%", "2016-07-31": "-38.18%", "2016-04-30": "-44.86%", "2016-01-31": "-47.73%", "2015-07-31": "-72.60%"}, "ebitda margin": {"2020-10-31": "-6.81%", "2020-07-31": "-4.26%", "2020-04-30": "-4.04%", "2020-01-31": "-4.56%", "2019-10-31": "-6.55%", "2019-07-31": "-7.11%", "2019-04-30": "-7.27%", "2019-01-31": "-5.74%", "2018-10-31": "-6.42%", "2018-07-31": "-7.86%", "2018-04-30": "-9.74%", "2018-01-31": "-10.33%", "2017-10-31": "-11.68%", "2017-07-31": "-18.84%", "2017-04-30": "-20.59%", "2017-01-31": "-23.27%", "2016-10-31": "-30.92%", "2016-07-31": "-31.34%", "2016-04-30": "-37.75%", "2016-01-31": "-40.68%", "2015-07-31": "-66.35%"}, "pre tax profit margin": {"2020-10-31": "-13.32%", "2020-07-31": "-10.70%", "2020-04-30": "-10.93%", "2020-01-31": "-11.87%", "2019-10-31": "-13.86%", "2019-07-31": "-14.49%", "2019-04-30": "-14.88%", "2019-01-31": "-13.01%", "2018-10-31": "-12.99%", "2018-07-31": "-13.86%", "2018-04-30": "-14.83%", "2018-01-31": "-15.20%", "2017-10-31": "-17.30%", "2017-07-31": "-24.88%", "2017-04-30": "-26.98%", "2017-01-31": "-29.50%", "2016-10-31": "-37.54%", "2016-07-31": "-38.01%", "2016-04-30": "-44.86%", "2016-01-31": "-48.41%", "2015-07-31": "-73.56%"}, "net profit margin": {"2020-10-31": "-14.04%", "2020-07-31": "-11.30%", "2020-04-30": "-11.41%", "2020-01-31": "-12.23%", "2019-10-31": "-14.11%", "2019-07-31": "-14.49%", "2019-04-30": "-14.95%", "2019-01-31": "-13.09%", "2018-10-31": "-13.07%", "2018-07-31": "-14.20%", "2018-04-30": "-15.10%", "2018-01-31": "-15.50%", "2017-10-31": "-17.62%", "2017-07-31": "-25.24%", "2017-04-30": "-27.49%", "2017-01-31": "-30.04%", "2016-10-31": "-38.00%", "2016-07-31": "-38.53%", "2016-04-30": "-45.26%", "2016-01-31": "-48.64%", "2015-07-31": "-73.56%"}, "pe ratio": {"current": "0.00", "2021-02-05": "0.00", "2020-10-31": "0.00", "2020-07-31": "0.00", "2020-04-30": "0.00", "2020-01-31": "0.00", "2019-10-31": "0.00", "2019-07-31": "0.00", "2019-04-30": "0.00", "2019-01-31": "0.00", "2018-10-31": "0.00", "2018-07-31": "0.00", "2018-04-30": "0.00", "2018-01-31": "0.00", "2017-10-31": "0.00", "2017-07-31": "0.00", "2017-04-30": "0.00", "2017-01-31": "0.00", "2016-10-31": "0.00", "2016-07-31": "0.00"}, "price sales": {"2021-02-05": "4.23", "2020-10-31": "2.52", "2020-07-31": "2.73", "2020-04-30": "2.18", "2020-01-31": "2.72", "2019-10-31": "3.04", "2019-07-31": "2.40", "2019-04-30": "3.76", "2019-01-31": "3.04", "2018-10-31": "3.55", "2018-07-31": "4.01", "2018-04-30": "3.95", "2018-01-31": "4.14", "2017-10-31": "3.66", "2017-07-31": "2.88", "2017-04-30": "2.67", "2017-01-31": "2.98", "2016-10-31": "2.80", "2016-07-31": "2.44"}, "price book": {"current": "9.72", "2021-02-05": "10.01", "2020-10-31": "5.96", "2020-07-31": "6.41", "2020-04-30": "5.02", "2020-01-31": "5.66", "2019-10-31": "6.50", "2019-07-31": "5.25", "2019-04-30": "7.77", "2019-01-31": "5.91", "2018-10-31": "6.93", "2018-07-31": "7.91", "2018-04-30": "7.35", "2018-01-31": "7.75", "2017-10-31": "7.73", "2017-07-31": "5.72", "2017-04-30": "4.75", "2017-01-31": "4.86", "2016-10-31": "5.16", "2016-07-31": "4.82", "2016-04-30": "5.22", "2016-01-31": "4.40", "2015-10-31": "5.74"}, "price fcf": {"2021-02-05": "", "2020-10-31": "$0.39", "2020-07-31": "$0.53", "2020-04-30": "$0.52", "2020-01-31": "$0.40", "2019-10-31": "$0.40", "2019-07-31": "$0.35", "2019-04-30": "$0.22", "2019-01-31": "$0.28", "2018-10-31": "$0.23", "2018-07-31": "$0.18", "2018-04-30": "$0.15", "2018-01-31": "$0.04", "2017-10-31": "$-0.02", "2017-07-31": "$-0.42", "2017-04-30": "$-0.51", "2017-01-31": "$-0.47", "2016-10-31": "$-0.10", "2016-07-31": "$-0.84"}, "net worth": {"value": "$7.38B"}, "current ratio": {"current": "2.64", "2020-10-31": "2.64", "2020-07-31": "2.99", "2020-04-30": "3.12", "2020-01-31": "3.08", "2019-10-31": "3.31", "2019-07-31": "3.21", "2019-04-30": "3.35", "2019-01-31": "3.34", "2018-10-31": "3.64", "2018-07-31": "4.03", "2018-04-30": "4.34", "2018-01-31": "2.60", "2017-10-31": "2.56", "2017-07-31": "2.72", "2017-04-30": "2.99", "2017-01-31": "2.86", "2016-10-31": "3.17", "2016-07-31": "3.45", "2016-04-30": "4.03", "2016-01-31": "4.27", "2015-10-31": "5.17", "2015-07-31": "0.00", "2015-04-30": "0.00", "2015-01-31": "0.00", "2014-10-31": "0.00", "2014-01-31": "5.62"}, "quick ratio": {"2020-10-31": "2.58", "2020-07-31": "2.93", "2020-04-30": "3.05", "2020-01-31": "3.01", "2019-10-31": "3.23", "2019-07-31": "3.14", "2019-04-30": "3.25", "2019-01-31": "3.25", "2018-10-31": "3.52", "2018-07-31": "3.91", "2018-04-30": "4.22", "2018-01-31": "2.51", "2017-10-31": "2.45", "2017-07-31": "2.60", "2017-04-30": "2.83", "2017-01-31": "2.77", "2016-10-31": "3.08", "2016-07-31": "3.35", "2016-04-30": "3.92", "2016-01-31": "4.16", "2015-10-31": "5.00", "2015-07-31": "0.00", "2015-04-30": "0.00", "2015-01-31": "0.00", "2014-10-31": "0.00", "2014-01-31": "5.35"}, "debt equity ratio": {"current": "1.02", "2020-10-31": "2.61", "2020-07-31": "2.11", "2020-04-30": "1.98", "2020-01-31": "1.85", "2019-10-31": "1.82", "2019-07-31": "1.87", "2019-04-30": "1.78", "2019-01-31": "1.67", "2018-10-31": "1.58", "2018-07-31": "1.56", "2018-04-30": "1.50", "2018-01-31": "0.96", "2017-10-31": "1.10", "2017-07-31": "1.00", "2017-04-30": "0.88", "2017-01-31": "0.88", "2016-10-31": "0.79", "2016-07-31": "0.68", "2016-04-30": "0.59", "2016-01-31": "0.55", "2015-10-31": "0.40", "2015-07-31": "0.00", "2015-04-30": "0.00", "2015-01-31": "0.00", "2014-10-31": "0.00", "2014-01-31": "0.26"}, "return on equity": {"2020-10-31": "-30.64%", "2020-07-31": "-24.56%", "2020-04-30": "-24.75%", "2020-01-31": "-26.02%", "2019-10-31": "-29.62%", "2019-07-31": "-30.12%", "2019-04-30": "-30.27%", "2019-01-31": "-26.22%", "2018-10-31": "-26.18%", "2018-07-31": "-29.10%", "2018-04-30": "-31.47%", "2018-01-31": "-32.73%", "2017-10-31": "-35.30%", "2017-07-31": "-45.66%", "2017-04-30": "-44.44%", "2017-01-31": "-44.16%", "2016-10-31": "-47.14%", "2016-07-31": "-40.87%", "2016-04-30": "-54.27%", "2016-01-31": "-74.63%", "2015-07-31": "inf%"}, "return on assets": {"2020-10-31": "-9.80%", "2020-07-31": "-8.36%", "2020-04-30": "-8.60%", "2020-01-31": "-9.20%", "2019-10-31": "-10.63%", "2019-07-31": "-11.04%", "2019-04-30": "-11.41%", "2019-01-31": "-10.16%", "2018-10-31": "-10.85%", "2018-07-31": "-12.66%", "2018-04-30": "-14.58%", "2018-01-31": "-16.52%", "2017-10-31": "-17.98%", "2017-07-31": "-24.23%", "2017-04-30": "-24.65%", "2017-01-31": "-25.54%", "2016-10-31": "-28.65%", "2016-07-31": "-26.38%", "2016-04-30": "-35.92%", "2016-01-31": "-50.68%", "2015-07-31": "inf%"}, "return on investments": {"2020-10-31": "-16.32%", "2020-07-31": "-14.15%", "2020-04-30": "-14.33%", "2020-01-31": "-15.42%", "2019-10-31": "-17.78%", "2019-07-31": "-18.08%", "2019-04-30": "-17.68%", "2019-01-31": "-15.10%", "2018-10-31": "-19.82%", "2018-07-31": "-30.98%", "2018-04-30": "-64.78%", "2018-01-31": "inf%", "2017-10-31": "inf%", "2017-07-31": "inf%", "2017-04-30": "inf%", "2017-01-31": "inf%", "2016-10-31": "inf%", "2016-07-31": "inf%", "2016-04-30": "inf%", "2016-01-31": "inf%", "2015-07-31": "inf%"}, "return on tangible equity": {"2020-10-31": "-40.05%", "2020-07-31": "-27.93%", "2020-04-30": "-28.28%", "2020-01-31": "-29.76%", "2019-10-31": "-33.20%", "2019-07-31": "-33.03%", "2019-04-30": "-32.10%", "2019-01-31": "-26.93%", "2018-10-31": "-26.66%", "2018-07-31": "-29.34%", "2018-04-30": "-31.77%", "2018-01-31": "-33.09%", "2017-10-31": "-35.73%", "2017-07-31": "-46.25%", "2017-04-30": "-45.05%", "2017-01-31": "-44.74%", "2016-10-31": "-47.75%", "2016-07-31": "-41.38%", "2016-04-30": "-54.92%", "2016-01-31": "-75.55%", "2015-07-31": "inf%"}, "dividend yield history": {"last payout": "$0.00", "last yield": "0.00%"}}