{"ticker": "PVH", "price": {"title": "PVH Historical Annual Stock Price Data", "value": 95.19, "historical": {"2021": {"Average Stock Price": "96.1967", "Year Open": "96.5000", "Year High": "108.7900", "Year Low": "82.4500", "Year Close": "95.1900", "Annual % Change": "1.38%"}, "2020": {"Average Stock Price": "63.5226", "Year Open": "105.3500", "Year High": "106.2300", "Year Low": "29.0500", "Year Close": "93.8900", "Annual % Change": "-10.71%"}, "2019": {"Average Stock Price": "99.6128", "Year Open": "93.4900", "Year High": "132.7100", "Year Low": "69.0100", "Year Close": "105.1500", "Annual % Change": "13.13%"}, "2018": {"Average Stock Price": "141.4248", "Year Open": "138.9700", "Year High": "168.1600", "Year Low": "86.8300", "Year Close": "92.9500", "Annual % Change": "-32.26%"}, "2017": {"Average Stock Price": "112.2524", "Year Open": "90.9800", "Year High": "137.5600", "Year Low": "85.4800", "Year Close": "137.2100", "Annual % Change": "52.05%"}, "2016": {"Average Stock Price": "95.4802", "Year Open": "73.4900", "Year High": "114.0000", "Year Low": "66.4100", "Year Close": "90.2400", "Annual % Change": "22.53%"}, "2015": {"Average Stock Price": "104.6705", "Year Open": "126.3400", "Year High": "126.3400", "Year Low": "72.7900", "Year Close": "73.6500", "Annual % Change": "-42.54%"}, "2014": {"Average Stock Price": "121.1543", "Year Open": "136.5800", "Year High": "137.6200", "Year Low": "107.8700", "Year Close": "128.1700", "Annual % Change": "-5.77%"}, "2013": {"Average Stock Price": "122.2002", "Year Open": "111.8000", "Year High": "136.0200", "Year Low": "103.8500", "Year Close": "136.0200", "Annual % Change": "22.53%"}, "2012": {"Average Stock Price": "88.9464", "Year Open": "71.2200", "Year High": "116.4600", "Year Low": "71.2200", "Year Close": "111.0100", "Annual % Change": "57.48%"}, "2011": {"Average Stock Price": "65.1754", "Year Open": "63.2600", "Year High": "75.8100", "Year Low": "51.4700", "Year Close": "70.4900", "Annual % Change": "11.87%"}, "2010": {"Average Stock Price": "54.6171", "Year Open": "41.1000", "Year High": "71.2300", "Year Low": "38.6000", "Year Close": "63.0100", "Annual % Change": "54.89%"}, "2009": {"Average Stock Price": "31.1813", "Year Open": "21.3000", "Year High": "44.1500", "Year Low": "14.5000", "Year Close": "40.6800", "Annual % Change": "102.09%"}, "2008": {"Average Stock Price": "34.3471", "Year Open": "36.2400", "Year High": "47.5400", "Year Low": "13.6300", "Year Close": "20.1300", "Annual % Change": "-45.39%"}, "2007": {"Average Stock Price": "52.6943", "Year Open": "51.3000", "Year High": "61.7700", "Year Low": "36.8600", "Year Close": "36.8600", "Annual % Change": "-26.53%"}, "2006": {"Average Stock Price": "39.4951", "Year Open": "31.9000", "Year High": "52.2700", "Year Low": "31.8000", "Year Close": "50.1700", "Annual % Change": "54.85%"}, "2005": {"Average Stock Price": "30.0992", "Year Open": "27.1800", "Year High": "34.8900", "Year Low": "24.3700", "Year Close": "32.4000", "Annual % Change": "20.00%"}, "2004": {"Average Stock Price": "20.2959", "Year Open": "17.7300", "Year High": "27.5000", "Year Low": "16.6100", "Year Close": "27.0000", "Annual % Change": "52.20%"}, "2003": {"Average Stock Price": "14.2452", "Year Open": "12.3800", "Year High": "18.1200", "Year Low": "11.2000", "Year Close": "17.7400", "Annual % Change": "53.46%"}, "2002": {"Average Stock Price": "13.4389", "Year Open": "10.8300", "Year High": "16.0600", "Year Low": "10.4300", "Year Close": "11.5600", "Annual % Change": "6.06%"}, "2001": {"Average Stock Price": "13.2094", "Year Open": "11.5600", "Year High": "18.4500", "Year Low": "8.5000", "Year Close": "10.9000", "Annual % Change": "-16.15%"}, "2000": {"Average Stock Price": "9.2994", "Year Open": "7.8100", "Year High": "13.8100", "Year Low": "5.8750", "Year Close": "13.0000", "Annual % Change": "56.38%"}, "1999": {"Average Stock Price": "8.1228", "Year Open": "7.0630", "Year High": "10.5000", "Year Low": "5.5000", "Year Close": "8.3130", "Annual % Change": "15.65%"}, "1998": {"Average Stock Price": "11.4001", "Year Open": "14.0600", "Year High": "15.0000", "Year Low": "6.6250", "Year Close": "7.1880", "Annual % Change": "-49.56%"}, "1997": {"Average Stock Price": "13.7149", "Year Open": "14.7500", "Year High": "15.8100", "Year Low": "11.6300", "Year Close": "14.2500", "Annual % Change": "-0.90%"}, "1996": {"Average Stock Price": "11.8124", "Year Open": "9.5000", "Year High": "15.1200", "Year Low": "9.5000", "Year Close": "14.3800", "Annual % Change": "45.62%"}, "1995": {"Average Stock Price": "14.1475", "Year Open": "15.6300", "Year High": "18.0000", "Year Low": "9.5000", "Year Close": "9.8750", "Annual % Change": "-35.25%"}, "1994": {"Average Stock Price": "25.9432", "Year Open": "37.1300", "Year High": "39.0000", "Year Low": "14.1300", "Year Close": "15.2500", "Annual % Change": "-59.33%"}, "1993": {"Average Stock Price": "30.6770", "Year Open": "28.3800", "Year High": "37.5000", "Year Low": "25.7500", "Year Close": "37.5000", "Annual % Change": "29.31%"}, "1992": {"Average Stock Price": "23.7293", "Year Open": "17.5000", "Year High": "29.0000", "Year Low": "17.2500", "Year Close": "29.0000", "Annual % Change": "73.13%"}, "1991": {"Average Stock Price": "13.6711", "Year Open": "7.3750", "Year High": "20.2500", "Year Low": "7.1250", "Year Close": "16.7500", "Annual % Change": "129.14%"}, "1990": {"Average Stock Price": "8.4995", "Year Open": "7.9400", "Year High": "11.5000", "Year Low": "5.1900", "Year Close": "7.3100", "Annual % Change": "-9.31%"}, "1989": {"Average Stock Price": "9.1933", "Year Open": "7.0600", "Year High": "12.3100", "Year Low": "6.8100", "Year Close": "8.0600", "Annual % Change": "14.16%"}, "1988": {"Average Stock Price": "5.7162", "Year Open": "5.2500", "Year High": "7.0600", "Year Low": "4.7500", "Year Close": "7.0600", "Annual % Change": "41.20%"}}}, "market cap": {"value": "$6.77B"}, "income statement": {"Revenue": {"2020-01-31": "9909.00000", "2019-01-31": "9656.80000", "2018-01-31": "8914.80000", "2017-01-31": "8203.10000", "2016-01-31": "8020.30000", "2015-01-31": "8241.20000", "2014-01-31": "8186.40000", "2013-01-31": "6043.00000", "2012-01-31": "5890.62400", "2011-01-31": "4636.84800", "2010-01-31": "2398.73100", "2009-01-31": "2491.93500", "2008-01-31": "2425.17500", "2007-01-31": "2090.64800", "2006-01-31": "1908.84800", "2005-01-31": "1641.42800"}, "Cost Of Goods Sold": {"2020-01-31": "4520.60000", "2019-01-31": "4348.50000", "2018-01-31": "4020.40000", "2017-01-31": "3832.80000", "2016-01-31": "3858.70000", "2015-01-31": "3914.50000", "2014-01-31": "3967.10000", "2013-01-31": "2793.80000", "2012-01-31": "2834.73500", "2011-01-31": "2214.89700", "2010-01-31": "1216.12800", "2009-01-31": "1291.26700", "2008-01-31": "1234.18800", "2007-01-31": "1060.78400", "2006-01-31": "1017.79300", "2005-01-31": "890.43700"}, "Gross Profit": {"2020-01-31": "5388.40000", "2019-01-31": "5308.30000", "2018-01-31": "4894.40000", "2017-01-31": "4370.30000", "2016-01-31": "4161.60000", "2015-01-31": "4326.70000", "2014-01-31": "4219.30000", "2013-01-31": "3249.20000", "2012-01-31": "3055.88900", "2011-01-31": "2421.95100", "2010-01-31": "1182.60300", "2009-01-31": "1200.66800", "2008-01-31": "1190.98700", "2007-01-31": "1029.86400", "2006-01-31": "891.05500", "2005-01-31": "750.99100"}, "Research And Development Expenses": {"2020-01-31": "", "2019-01-31": "", "2018-01-31": "", "2017-01-31": "", "2016-01-31": "", "2015-01-31": "", "2014-01-31": "", "2013-01-31": "", "2012-01-31": "", "2011-01-31": "", "2010-01-31": "", "2009-01-31": "", "2008-01-31": "", "2007-01-31": "", "2006-01-31": "", "2005-01-31": ""}, "SG&A Expenses": {"2020-01-31": "4715.20000", "2019-01-31": "4432.80000", "2018-01-31": "4245.20000", "2017-01-31": "3677.90000", "2016-01-31": "3417.70000", "2015-01-31": "3713.60000", "2014-01-31": "3673.50000", "2013-01-31": "2594.30000", "2012-01-31": "2549.85000", "2011-01-31": "2071.78100", "2010-01-31": "938.79100", "2009-01-31": "1028.78400", "2008-01-31": "882.49200", "2007-01-31": "796.60100", "2006-01-31": "684.20900", "2005-01-31": "621.85500"}, "Other Operating Income Or Expenses": {"2020-01-31": "-24.50000", "2019-01-31": "21.30000", "2018-01-31": "-13.80000", "2017-01-31": "71.40000", "2016-01-31": "16.60000", "2015-01-31": "-83.20000", "2014-01-31": "-32.40000", "2013-01-31": "5.40000", "2012-01-31": "-14.86600", "2011-01-31": "-147.14000", "2010-01-31": "0.00000", "2009-01-31": "", "2008-01-31": "", "2007-01-31": "", "2006-01-31": "", "2005-01-31": ""}, "Operating Expenses": {"2020-01-31": "9350.30100", "2019-01-31": "8765.10000", "2018-01-31": "8282.39900", "2017-01-31": "7398.10000", "2016-01-31": "7259.80000", "2015-01-31": "7711.30000", "2014-01-31": "7673.00000", "2013-01-31": "5382.70000", "2012-01-31": "5399.45100", "2011-01-31": "4433.81800", "2010-01-31": "2154.91900", "2009-01-31": "2320.05100", "2008-01-31": "2116.68000", "2007-01-31": "1857.38500", "2006-01-31": "1702.00200", "2005-01-31": "1512.29200"}, "Operating Income": {"2020-01-31": "558.69920", "2019-01-31": "891.70020", "2018-01-31": "632.40040", "2017-01-31": "804.99950", "2016-01-31": "760.50000", "2015-01-31": "529.89990", "2014-01-31": "513.39990", "2013-01-31": "660.29980", "2012-01-31": "491.17290", "2011-01-31": "203.03030", "2010-01-31": "243.81200", "2009-01-31": "171.88400", "2008-01-31": "308.49510", "2007-01-31": "233.26290", "2006-01-31": "206.84610", "2005-01-31": "129.13600"}, "Total Non-Operating Income/Expense": {"2020-01-31": "-114.70000", "2019-01-31": "-116.10000", "2018-01-31": "-122.20000", "2017-01-31": "-130.80000", "2016-01-31": "-113.00000", "2015-01-31": "-138.50000", "2014-01-31": "-184.70000", "2013-01-31": "-117.20000", "2012-01-31": "-128.08800", "2011-01-31": "-126.82200", "2010-01-31": "-32.22900", "2009-01-31": "-25.58000", "2008-01-31": "-13.67400", "2007-01-31": "15.17000", "2006-01-31": "-28.57700", "2005-01-31": "-42.11400"}, "Pre-Tax Income": {"2020-01-31": "444.00000", "2019-01-31": "775.60000", "2018-01-31": "510.20000", "2017-01-31": "674.20000", "2016-01-31": "647.50000", "2015-01-31": "391.40000", "2014-01-31": "328.70000", "2013-01-31": "543.10000", "2012-01-31": "363.08500", "2011-01-31": "76.20800", "2010-01-31": "211.58300", "2009-01-31": "146.30400", "2008-01-31": "294.82100", "2007-01-31": "248.43300", "2006-01-31": "178.26900", "2005-01-31": "87.02200"}, "Income Taxes": {"2020-01-31": "28.90000", "2019-01-31": "31.00000", "2018-01-31": "-25.90000", "2017-01-31": "125.50000", "2016-01-31": "75.10000", "2015-01-31": "-47.50000", "2014-01-31": "185.30000", "2013-01-31": "109.30000", "2012-01-31": "87.38800", "2011-01-31": "21.83100", "2010-01-31": "49.67300", "2009-01-31": "54.53300", "2008-01-31": "111.50200", "2007-01-31": "93.20400", "2006-01-31": "66.58100", "2005-01-31": "28.40700"}, "Income After Taxes": {"2020-01-31": "415.10000", "2019-01-31": "744.60000", "2018-01-31": "536.10000", "2017-01-31": "548.70000", "2016-01-31": "572.40000", "2015-01-31": "438.90000", "2014-01-31": "143.40000", "2013-01-31": "433.80000", "2012-01-31": "275.69700", "2011-01-31": "54.37700", "2010-01-31": "161.91000", "2009-01-31": "91.77100", "2008-01-31": "183.31900", "2007-01-31": "155.22900", "2006-01-31": "111.68800", "2005-01-31": "58.61500"}, "Other Income": {"2020-01-31": "", "2019-01-31": "", "2018-01-31": "", "2017-01-31": "", "2016-01-31": "", "2015-01-31": "", "2014-01-31": "", "2013-01-31": "", "2012-01-31": "", "2011-01-31": "", "2010-01-31": "", "2009-01-31": "", "2008-01-31": "", "2007-01-31": "", "2006-01-31": "", "2005-01-31": ""}, "Income From Continuous Operations": {"2020-01-31": "415.10000", "2019-01-31": "744.60000", "2018-01-31": "536.10000", "2017-01-31": "548.70000", "2016-01-31": "572.40000", "2015-01-31": "438.90000", "2014-01-31": "143.40000", "2013-01-31": "433.80000", "2012-01-31": "275.69700", "2011-01-31": "54.37700", "2010-01-31": "161.91000", "2009-01-31": "91.77100", "2008-01-31": "183.31900", "2007-01-31": "155.22900", "2006-01-31": "111.68800", "2005-01-31": "58.61500"}, "Income From Discontinued Operations": {"2020-01-31": "", "2019-01-31": "", "2018-01-31": "", "2017-01-31": "", "2016-01-31": "", "2015-01-31": "", "2014-01-31": "", "2013-01-31": "", "2012-01-31": "", "2011-01-31": "", "2010-01-31": "", "2009-01-31": "", "2008-01-31": "", "2007-01-31": "", "2006-01-31": "", "2005-01-31": ""}, "Net Income": {"2020-01-31": "417.30000", "2019-01-31": "746.40000", "2018-01-31": "537.80000", "2017-01-31": "549.00000", "2016-01-31": "572.40000", "2015-01-31": "439.00000", "2014-01-31": "143.50000", "2013-01-31": "421.20000", "2012-01-31": "259.51200", "2011-01-31": "51.80800", "2010-01-31": "161.91000", "2009-01-31": "91.77100", "2008-01-31": "183.31900", "2007-01-31": "141.05100", "2006-01-31": "82.51400", "2005-01-31": "37.49300"}, "EBITDA": {"2020-01-31": "882.49920", "2019-01-31": "1226.50000", "2018-01-31": "957.30040", "2017-01-31": "1126.80000", "2016-01-31": "1017.90000", "2015-01-31": "774.59990", "2014-01-31": "826.99990", "2013-01-31": "800.69980", "2012-01-31": "623.18290", "2011-01-31": "350.16730", "2010-01-31": "293.70100", "2009-01-31": "227.25000", "2008-01-31": "355.08510", "2007-01-31": "271.16490", "2006-01-31": "242.32710", "2005-01-31": "161.15800"}, "EBIT": {"2020-01-31": "558.69920", "2019-01-31": "891.70020", "2018-01-31": "632.40040", "2017-01-31": "804.99950", "2016-01-31": "760.50000", "2015-01-31": "529.89990", "2014-01-31": "513.39990", "2013-01-31": "660.29980", "2012-01-31": "491.17290", "2011-01-31": "203.03030", "2010-01-31": "243.81200", "2009-01-31": "171.88400", "2008-01-31": "308.49510", "2007-01-31": "233.26290", "2006-01-31": "206.84610", "2005-01-31": "129.13600"}, "Basic Shares Outstanding": {"2020-01-31": "74.20000", "2019-01-31": "76.50000", "2018-01-31": "77.60000", "2017-01-31": "80.20000", "2016-01-31": "82.40000", "2015-01-31": "82.40000", "2014-01-31": "81.20000", "2013-01-31": "70.40000", "2012-01-31": "67.15800", "2011-01-31": "62.74400", "2010-01-31": "51.63900", "2009-01-31": "51.42800", "2008-01-31": "55.69500", "2007-01-31": "52.11000", "2006-01-31": "38.29700", "2005-01-31": "31.11700"}, "Shares Outstanding": {"2020-01-31": "74.60000", "2019-01-31": "77.30000", "2018-01-31": "78.60000", "2017-01-31": "80.90000", "2016-01-31": "83.10000", "2015-01-31": "83.30000", "2014-01-31": "82.60000", "2013-01-31": "73.90000", "2012-01-31": "72.92300", "2011-01-31": "67.37800", "2010-01-31": "52.50600", "2009-01-31": "52.20000", "2008-01-31": "57.08200", "2007-01-31": "53.48300", "2006-01-31": "51.69500", "2005-01-31": "51.63700"}, "Basic EPS": {"2020-01-31": "5.63000", "2019-01-31": "9.75000", "2018-01-31": "6.93000", "2017-01-31": "6.84000", "2016-01-31": "6.95000", "2015-01-31": "5.33000", "2014-01-31": "1.77000", "2013-01-31": "5.98000", "2012-01-31": "3.86000", "2011-01-31": "0.83000", "2010-01-31": "3.14000", "2009-01-31": "1.78000", "2008-01-31": "3.29000", "2007-01-31": "2.71000", "2006-01-31": "2.15000", "2005-01-31": "1.20000"}, "EPS - Earnings Per Share": {"2020-01-31": "5.60000", "2019-01-31": "9.65000", "2018-01-31": "6.84000", "2017-01-31": "6.79000", "2016-01-31": "6.89000", "2015-01-31": "5.27000", "2014-01-31": "1.74000", "2013-01-31": "5.87000", "2012-01-31": "3.78000", "2011-01-31": "0.81000", "2010-01-31": "3.08000", "2009-01-31": "1.76000", "2008-01-31": "3.21000", "2007-01-31": "2.64000", "2006-01-31": "1.85000", "2005-01-31": "1.14000"}}, "income statement, quarterly": {"Revenue": {"2020-10-31": "2118.10000", "2020-07-31": "1580.70000", "2020-04-30": "1344.00000", "2020-01-31": "2600.80000", "2019-10-31": "2587.70000", "2019-07-31": "2364.20000", "2019-04-30": "2356.30000", "2019-01-31": "2484.00000", "2018-10-31": "2524.50000", "2018-07-31": "2333.70000", "2018-04-30": "2314.60000", "2018-01-31": "2498.90000", "2017-10-31": "2357.00000", "2017-07-31": "2069.90000", "2017-04-30": "1989.00000", "2017-01-31": "2107.70000", "2016-10-31": "2244.30000", "2016-07-31": "1933.30000", "2016-04-30": "1917.80000", "2016-01-31": "2112.50000", "2015-10-31": "2164.50000", "2015-07-31": "1864.00000", "2015-04-30": "1879.30000", "2015-01-31": "2068.80000", "2014-10-31": "2233.10000", "2014-07-31": "1975.60000", "2014-04-30": "1963.70000", "2014-01-31": "2052.30000", "2013-10-31": "2259.10000", "2013-07-31": "1964.80000", "2013-04-30": "1910.20000", "2013-01-31": "1636.20100", "2012-10-31": "1642.77000", "2012-07-31": "1336.62300", "2012-04-30": "1427.40600", "2012-01-31": "1532.83600", "2011-10-31": "1654.16000", "2011-07-31": "1334.44400", "2011-04-30": "1369.18400", "2011-01-31": "1398.11700", "2010-10-31": "1516.41900", "2010-07-31": "1103.26800", "2010-04-30": "619.04400", "2010-01-31": "614.58310", "2009-10-31": "697.44000", "2009-07-31": "529.28300", "2009-04-30": "557.42500", "2009-01-31": "577.78610", "2008-10-31": "727.48400", "2008-07-31": "560.96700", "2008-04-30": "625.69800", "2008-01-31": "584.52310", "2007-10-31": "696.37000", "2007-07-31": "552.37600", "2007-04-30": "591.90600", "2007-01-31": "557.02100", "2006-10-31": "568.26100", "2006-07-31": "458.92800", "2006-04-30": "506.43800", "2006-01-31": "460.08900", "2005-10-31": "533.18100", "2005-07-31": "443.46900", "2005-04-30": "472.10900", "2005-01-31": "413.80990"}, "Cost Of Goods Sold": {"2020-10-31": "1016.80000", "2020-07-31": "697.40000", "2020-04-30": "678.10000", "2020-01-31": "1202.90000", "2019-10-31": "1181.50000", "2019-07-31": "1075.80000", "2019-04-30": "1060.40000", "2019-01-31": "1128.50000", "2018-10-31": "1159.70000", "2018-07-31": "1036.70000", "2018-04-30": "1023.60000", "2018-01-31": "1129.90000", "2017-10-31": "1059.70000", "2017-07-31": "922.60000", "2017-04-30": "908.20000", "2017-01-31": "969.70010", "2016-10-31": "1052.70000", "2016-07-31": "899.50000", "2016-04-30": "910.90000", "2016-01-31": "1039.60000", "2015-10-31": "1063.50000", "2015-07-31": "861.90000", "2015-04-30": "893.70000", "2015-01-31": "997.49990", "2014-10-31": "1065.60000", "2014-07-31": "920.90000", "2014-04-30": "930.50000", "2014-01-31": "982.80010", "2013-10-31": "1087.30000", "2013-07-31": "938.70000", "2013-04-30": "958.30000", "2013-01-31": "755.57510", "2012-10-31": "773.68600", "2012-07-31": "593.96200", "2012-04-30": "670.57700", "2012-01-31": "758.62610", "2011-10-31": "825.19200", "2011-07-31": "610.31200", "2011-04-30": "640.60500", "2011-01-31": "661.90700", "2010-10-31": "722.95200", "2010-07-31": "528.02700", "2010-04-30": "302.01100", "2010-01-31": "307.23610", "2009-10-31": "359.76600", "2009-07-31": "263.52700", "2009-04-30": "285.59900", "2009-01-31": "318.14500", "2008-10-31": "386.18400", "2008-07-31": "272.03000", "2008-04-30": "314.90800", "2008-01-31": "292.17000", "2007-10-31": "367.76200", "2007-07-31": "274.92300", "2007-04-30": "299.33300", "2007-01-31": "277.40910", "2006-10-31": "287.88000", "2006-07-31": "231.78100", "2006-04-30": "263.71400", "2006-01-31": "237.83000", "2005-10-31": "283.93500", "2005-07-31": "233.31300", "2005-04-30": "262.71500", "2005-01-31": "216.02000"}, "Gross Profit": {"2020-10-31": "1101.30000", "2020-07-31": "883.29990", "2020-04-30": "665.90000", "2020-01-31": "1397.90000", "2019-10-31": "1406.20000", "2019-07-31": "1288.40000", "2019-04-30": "1295.90000", "2019-01-31": "1355.49900", "2018-10-31": "1364.80000", "2018-07-31": "1297.00000", "2018-04-30": "1291.00000", "2018-01-31": "1369.00000", "2017-10-31": "1297.30000", "2017-07-31": "1147.30000", "2017-04-30": "1080.80000", "2017-01-31": "1138.00000", "2016-10-31": "1191.60000", "2016-07-31": "1033.80000", "2016-04-30": "1006.90000", "2016-01-31": "1072.90000", "2015-10-31": "1101.00000", "2015-07-31": "1002.10000", "2015-04-30": "985.60000", "2015-01-31": "1071.30000", "2014-10-31": "1167.50000", "2014-07-31": "1054.70000", "2014-04-30": "1033.20000", "2014-01-31": "1069.50000", "2013-10-31": "1171.80000", "2013-07-31": "1026.10000", "2013-04-30": "951.90000", "2013-01-31": "880.62590", "2012-10-31": "869.08400", "2012-07-31": "742.66110", "2012-04-30": "756.82900", "2012-01-31": "774.21000", "2011-10-31": "828.96800", "2011-07-31": "724.13200", "2011-04-30": "728.57900", "2011-01-31": "736.21020", "2010-10-31": "793.46690", "2010-07-31": "575.24100", "2010-04-30": "317.03300", "2010-01-31": "307.34700", "2009-10-31": "337.67400", "2009-07-31": "265.75600", "2009-04-30": "271.82600", "2009-01-31": "259.64110", "2008-10-31": "341.30000", "2008-07-31": "288.93700", "2008-04-30": "310.79000", "2008-01-31": "292.35300", "2007-10-31": "328.60800", "2007-07-31": "277.45300", "2007-04-30": "292.57300", "2007-01-31": "279.61190", "2006-10-31": "280.38100", "2006-07-31": "227.14700", "2006-04-30": "242.72400", "2006-01-31": "222.25890", "2005-10-31": "249.24600", "2005-07-31": "210.15600", "2005-04-30": "209.39400", "2005-01-31": "197.78990"}, "Research And Development Expenses": {"2020-10-31": "", "2020-07-31": "", "2020-04-30": "", "2020-01-31": "", "2019-10-31": "", "2019-07-31": "", "2019-04-30": "", "2019-01-31": "", "2018-10-31": "", "2018-07-31": "", "2018-04-30": "", "2018-01-31": "", "2017-10-31": "", "2017-07-31": "", "2017-04-30": "", "2017-01-31": "", "2016-10-31": "", "2016-07-31": "", "2016-04-30": "", "2016-01-31": "", "2015-10-31": "", "2015-07-31": "", "2015-04-30": "", "2015-01-31": "", "2014-10-31": "", "2014-07-31": "", "2014-04-30": "", "2014-01-31": "", "2013-10-31": "", "2013-07-31": "", "2013-04-30": "", "2013-01-31": "", "2012-10-31": "", "2012-07-31": "", "2012-04-30": "", "2012-01-31": "", "2011-10-31": "", "2011-07-31": "", "2011-04-30": "", "2011-01-31": "", "2010-10-31": "", "2010-07-31": "", "2010-04-30": "", "2010-01-31": "", "2009-10-31": "", "2009-07-31": "", "2009-04-30": "", "2009-01-31": "", "2008-10-31": "", "2008-07-31": "", "2008-04-30": "", "2008-01-31": "", "2007-10-31": "", "2007-07-31": "", "2007-04-30": "", "2007-01-31": "", "2006-10-31": "", "2006-07-31": "", "2006-04-30": "", "2006-01-31": "", "2005-10-31": "", "2005-07-31": "", "2005-04-30": "", "2005-01-31": ""}, "SG&A Expenses": {"2020-10-31": "987.20000", "2020-07-31": "882.20000", "2020-04-30": "940.10000", "2020-01-31": "1257.60000", "2019-10-31": "1141.60000", "2019-07-31": "1154.50000", "2019-04-30": "1161.50000", "2019-01-31": "1217.00000", "2018-10-31": "1091.30000", "2018-07-31": "1071.50000", "2018-04-30": "1053.00000", "2018-01-31": "1290.80000", "2017-10-31": "1022.50000", "2017-07-31": "971.00000", "2017-04-30": "960.90000", "2017-01-31": "1020.00000", "2016-10-31": "918.00000", "2016-07-31": "874.70000", "2016-04-30": "865.20000", "2016-01-31": "898.49990", "2015-10-31": "853.80000", "2015-07-31": "850.50000", "2015-04-30": "814.90000", "2015-01-31": "1065.80000", "2014-10-31": "892.90000", "2014-07-31": "895.80000", "2014-04-30": "859.10000", "2014-01-31": "909.50010", "2013-10-31": "927.40000", "2013-07-31": "941.20000", "2013-04-30": "895.40000", "2013-01-31": "771.15710", "2012-10-31": "631.13900", "2012-07-31": "589.33300", "2012-04-30": "602.67100", "2012-01-31": "734.31310", "2011-10-31": "632.98200", "2011-07-31": "590.65300", "2011-04-30": "591.90200", "2011-01-31": "644.76790", "2010-10-31": "615.17600", "2010-07-31": "524.63700", "2010-04-30": "287.20000", "2010-01-31": "254.53400", "2009-10-31": "247.23800", "2009-07-31": "214.30700", "2009-04-30": "222.71200", "2009-01-31": "309.42000", "2008-10-31": "254.83200", "2008-07-31": "234.45100", "2008-04-30": "230.08100", "2008-01-31": "239.63600", "2007-10-31": "226.31000", "2007-07-31": "209.51700", "2007-04-30": "207.02900", "2007-01-31": "232.45300", "2006-10-31": "195.73800", "2006-07-31": "177.38100", "2006-04-30": "191.02900", "2006-01-31": "179.77200", "2005-10-31": "177.63800", "2005-07-31": "165.03400", "2005-04-30": "161.76500", "2005-01-31": "166.97200"}, "Other Operating Income Or Expenses": {"2020-10-31": "4.40000", "2020-07-31": "-3.50000", "2020-04-30": "-14.30000", "2020-01-31": "-26.80000", "2019-10-31": "2.90000", "2019-07-31": "0.90000", "2019-04-30": "-1.50000", "2019-01-31": "8.10000", "2018-10-31": "6.10000", "2018-07-31": "3.30000", "2018-04-30": "3.80000", "2018-01-31": "-19.60000", "2017-10-31": "3.70000", "2017-07-31": "1.70000", "2017-04-30": "0.40000", "2017-01-31": "163.40000", "2016-10-31": "-75.70000", "2016-07-31": "-16.10000", "2016-04-30": "-0.20000", "2016-01-31": "1.60000", "2015-10-31": "6.40000", "2015-07-31": "2.50000", "2015-04-30": "6.10000", "2015-01-31": "0.70000", "2014-10-31": "5.30000", "2014-07-31": "0.40000", "2014-04-30": "-89.60000", "2014-01-31": "0.00000", "2013-10-31": "4.90000", "2013-07-31": "0.80000", "2013-04-30": "-38.10000", "2013-01-31": "0.35700", "2012-10-31": "3.19300", "2012-07-31": "-0.07400", "2012-04-30": "1.92400", "2012-01-31": "-15.72200", "2011-10-31": "0.85600", "2011-07-31": "0.00000", "2011-04-30": "0.00000", "2011-01-31": "-88.10000", "2010-10-31": "0.00000", "2010-07-31": "-6.65000", "2010-04-30": "-52.39000", "2010-01-31": "", "2009-10-31": "", "2009-07-31": "", "2009-04-30": "", "2009-01-31": "", "2008-10-31": "", "2008-07-31": "", "2008-04-30": "", "2008-01-31": "", "2007-10-31": "", "2007-07-31": "", "2007-04-30": "", "2007-01-31": "", "2006-10-31": "", "2006-07-31": "", "2006-04-30": "", "2006-01-31": "", "2005-10-31": "", "2005-07-31": "", "2005-04-30": "", "2005-01-31": ""}, "Operating Expenses": {"2020-10-31": "1996.00000", "2020-07-31": "1582.40000", "2020-04-30": "1628.90000", "2020-01-31": "2583.40100", "2019-10-31": "2318.20000", "2019-07-31": "2227.50000", "2019-04-30": "2221.20000", "2019-01-31": "2350.30000", "2018-10-31": "2242.20000", "2018-07-31": "2102.30000", "2018-04-30": "2070.30000", "2018-01-31": "2440.90000", "2017-10-31": "2076.30000", "2017-07-31": "1889.40000", "2017-04-30": "1875.80000", "2017-01-31": "1785.10000", "2016-10-31": "2046.40000", "2016-07-31": "1790.30000", "2016-04-30": "1776.30000", "2016-01-31": "1936.50000", "2015-10-31": "1910.90000", "2015-07-31": "1709.90000", "2015-04-30": "1702.50000", "2015-01-31": "2062.60100", "2014-10-31": "1953.20000", "2014-07-31": "1816.30000", "2014-04-30": "1879.20000", "2014-01-31": "1892.30000", "2013-10-31": "2009.80000", "2013-07-31": "1879.10000", "2013-04-30": "1891.80000", "2013-01-31": "1526.37500", "2012-10-31": "1401.63200", "2012-07-31": "1183.36900", "2012-04-30": "1271.32400", "2012-01-31": "1508.66100", "2011-10-31": "1457.31800", "2011-07-31": "1200.96500", "2011-04-30": "1232.50700", "2011-01-31": "1394.77500", "2010-10-31": "1338.12800", "2010-07-31": "1059.31400", "2010-04-30": "641.60100", "2010-01-31": "561.76990", "2009-10-31": "607.00400", "2009-07-31": "477.83400", "2009-04-30": "508.31100", "2009-01-31": "627.56490", "2008-10-31": "641.01600", "2008-07-31": "506.48100", "2008-04-30": "544.98900", "2008-01-31": "531.80600", "2007-10-31": "594.07200", "2007-07-31": "484.44000", "2007-04-30": "506.36200", "2007-01-31": "509.86200", "2006-10-31": "483.61800", "2006-07-31": "409.16200", "2006-04-30": "454.74300", "2006-01-31": "417.60200", "2005-10-31": "461.57300", "2005-07-31": "398.34700", "2005-04-30": "424.48000", "2005-01-31": "382.99200"}, "Operating Income": {"2020-10-31": "122.10010", "2020-07-31": "-1.70020", "2020-04-30": "-284.90000", "2020-01-31": "17.39890", "2019-10-31": "269.49980", "2019-07-31": "136.69970", "2019-04-30": "135.10010", "2019-01-31": "133.70000", "2018-10-31": "282.30000", "2018-07-31": "231.40010", "2018-04-30": "244.30000", "2018-01-31": "58.00020", "2017-10-31": "280.70000", "2017-07-31": "180.49990", "2017-04-30": "113.20000", "2017-01-31": "322.59940", "2016-10-31": "197.90010", "2016-07-31": "143.00010", "2016-04-30": "141.50000", "2016-01-31": "175.99990", "2015-10-31": "253.60000", "2015-07-31": "154.10000", "2015-04-30": "176.79990", "2015-01-31": "6.19920", "2014-10-31": "279.90010", "2014-07-31": "159.30000", "2014-04-30": "84.50000", "2014-01-31": "159.99960", "2013-10-31": "249.30000", "2013-07-31": "85.70010", "2013-04-30": "18.40000", "2013-01-31": "109.82560", "2012-10-31": "241.13810", "2012-07-31": "153.25420", "2012-04-30": "156.08190", "2012-01-31": "24.17510", "2011-10-31": "196.84190", "2011-07-31": "133.47890", "2011-04-30": "136.67700", "2011-01-31": "3.34230", "2010-10-31": "178.29090", "2010-07-31": "43.95390", "2010-04-30": "-22.55700", "2010-01-31": "52.81320", "2009-10-31": "90.43600", "2009-07-31": "51.44900", "2009-04-30": "49.11400", "2009-01-31": "-49.77880", "2008-10-31": "86.46800", "2008-07-31": "54.48600", "2008-04-30": "80.70900", "2008-01-31": "52.71710", "2007-10-31": "102.29800", "2007-07-31": "67.93600", "2007-04-30": "85.54400", "2007-01-31": "47.15900", "2006-10-31": "84.64300", "2006-07-31": "49.76600", "2006-04-30": "51.69500", "2006-01-31": "42.48700", "2005-10-31": "71.60800", "2005-07-31": "45.12200", "2005-04-30": "47.62900", "2005-01-31": "30.81790"}, "Total Non-Operating Income/Expense": {"2020-10-31": "-33.50000", "2020-07-31": "-32.10000", "2020-04-30": "-954.70000", "2020-01-31": "-143.10000", "2019-10-31": "-27.80000", "2019-07-31": "86.10000", "2019-04-30": "-29.90000", "2019-01-31": "-29.20000", "2018-10-31": "-29.40000", "2018-07-31": "-29.10000", "2018-04-30": "-28.40000", "2018-01-31": "-32.90000", "2017-10-31": "-30.90000", "2017-07-31": "-29.70000", "2017-04-30": "-28.70000", "2017-01-31": "-197.60000", "2016-10-31": "-29.20000", "2016-07-31": "-28.10000", "2016-04-30": "124.10000", "2016-01-31": "-27.80000", "2015-10-31": "-27.40000", "2015-07-31": "-28.00000", "2015-04-30": "-29.80000", "2015-01-31": "-32.00000", "2014-10-31": "-32.10000", "2014-07-31": "-33.80000", "2014-04-30": "-40.60000", "2014-01-31": "-45.40000", "2013-10-31": "-46.00000", "2013-07-31": "-47.40000", "2013-04-30": "-45.90000", "2013-01-31": "-31.31700", "2012-10-31": "-28.28400", "2012-07-31": "-28.35500", "2012-04-30": "-29.24400", "2012-01-31": "-15.79700", "2011-10-31": "-31.54200", "2011-07-31": "-31.44600", "2011-04-30": "-49.30300", "2011-01-31": "50.00300", "2010-10-31": "-41.22500", "2010-07-31": "-127.32500", "2010-04-30": "-8.27500", "2010-01-31": "-8.25100", "2009-10-31": "-8.13300", "2009-07-31": "-7.98500", "2009-04-30": "-7.86000", "2009-01-31": "-7.07400", "2008-10-31": "-7.03100", "2008-07-31": "-6.82700", "2008-04-30": "-4.64800", "2008-01-31": "-4.48700", "2007-10-31": "-4.10500", "2007-07-31": "-3.94300", "2007-04-30": "-1.13900", "2007-01-31": "-2.97200", "2006-10-31": "-3.92300", "2006-07-31": "-3.73500", "2006-04-30": "25.80000", "2006-01-31": "-6.02200", "2005-10-31": "-7.24900", "2005-07-31": "-7.32800", "2005-04-30": "-7.97800", "2005-01-31": "-7.37100"}, "Pre-Tax Income": {"2020-10-31": "88.60000", "2020-07-31": "-33.80000", "2020-04-30": "-1239.60000", "2020-01-31": "-125.70000", "2019-10-31": "241.70000", "2019-07-31": "222.80000", "2019-04-30": "105.20000", "2019-01-31": "104.50000", "2018-10-31": "252.90000", "2018-07-31": "202.30000", "2018-04-30": "215.90000", "2018-01-31": "25.10000", "2017-10-31": "249.80000", "2017-07-31": "150.80000", "2017-04-30": "84.50000", "2017-01-31": "125.00000", "2016-10-31": "168.70000", "2016-07-31": "114.90000", "2016-04-30": "265.60000", "2016-01-31": "148.20000", "2015-10-31": "226.20000", "2015-07-31": "126.10000", "2015-04-30": "147.00000", "2015-01-31": "-25.80000", "2014-10-31": "247.80000", "2014-07-31": "125.50000", "2014-04-30": "43.90000", "2014-01-31": "114.60000", "2013-10-31": "203.30000", "2013-07-31": "38.30000", "2013-04-30": "-27.50000", "2013-01-31": "78.50900", "2012-10-31": "212.85400", "2012-07-31": "124.89900", "2012-04-30": "126.83800", "2012-01-31": "8.37800", "2011-10-31": "165.30000", "2011-07-31": "102.03300", "2011-04-30": "87.37400", "2011-01-31": "53.34500", "2010-10-31": "137.06600", "2010-07-31": "-83.37100", "2010-04-30": "-30.83200", "2010-01-31": "44.56200", "2009-10-31": "82.30300", "2009-07-31": "43.46400", "2009-04-30": "41.25400", "2009-01-31": "-56.85300", "2008-10-31": "79.43700", "2008-07-31": "47.65900", "2008-04-30": "76.06100", "2008-01-31": "48.23000", "2007-10-31": "98.19300", "2007-07-31": "63.99300", "2007-04-30": "84.40500", "2007-01-31": "44.18700", "2006-10-31": "80.72000", "2006-07-31": "46.03100", "2006-04-30": "77.49500", "2006-01-31": "36.46500", "2005-10-31": "64.35900", "2005-07-31": "37.79400", "2005-04-30": "39.65100", "2005-01-31": "23.44700"}, "Income Taxes": {"2020-10-31": "19.10000", "2020-07-31": "17.90000", "2020-04-30": "-142.40000", "2020-01-31": "-57.20000", "2019-10-31": "32.80000", "2019-07-31": "29.70000", "2019-04-30": "23.60000", "2019-01-31": "-53.90000", "2018-10-31": "10.30000", "2018-07-31": "37.60000", "2018-04-30": "37.00000", "2018-01-31": "-82.80000", "2017-10-31": "11.10000", "2017-07-31": "31.40000", "2017-04-30": "14.40000", "2017-01-31": "24.50000", "2016-10-31": "42.60000", "2016-07-31": "24.40000", "2016-04-30": "34.00000", "2016-01-31": "14.00000", "2015-10-31": "4.30000", "2015-07-31": "23.90000", "2015-04-30": "32.90000", "2015-01-31": "-77.30000", "2014-10-31": "22.10000", "2014-07-31": "-1.00000", "2014-04-30": "8.70000", "2014-01-31": "152.20000", "2013-10-31": "6.70000", "2013-07-31": "43.60000", "2013-04-30": "-17.20000", "2013-01-31": "-2.19900", "2012-10-31": "45.15600", "2012-07-31": "34.98100", "2012-04-30": "31.36200", "2012-01-31": "-30.68400", "2011-10-31": "53.06100", "2011-07-31": "35.30400", "2011-04-30": "29.70700", "2011-01-31": "0.57900", "2010-10-31": "37.21800", "2010-07-31": "-12.74700", "2010-04-30": "-3.21900", "2010-01-31": "17.53900", "2009-10-31": "-1.31600", "2009-07-31": "16.90700", "2009-04-30": "16.54300", "2009-01-31": "-18.91800", "2008-10-31": "25.73800", "2008-07-31": "18.45300", "2008-04-30": "29.26000", "2008-01-31": "17.89600", "2007-10-31": "37.31400", "2007-07-31": "24.89300", "2007-04-30": "31.39900", "2007-01-31": "17.42900", "2006-10-31": "29.94700", "2006-07-31": "17.07800", "2006-04-30": "28.75000", "2006-01-31": "13.54600", "2005-10-31": "24.07000", "2005-07-31": "14.29400", "2005-04-30": "14.67100", "2005-01-31": "6.15600"}, "Income After Taxes": {"2020-10-31": "69.50000", "2020-07-31": "-51.70000", "2020-04-30": "-1097.20000", "2020-01-31": "-68.50000", "2019-10-31": "208.90000", "2019-07-31": "193.10000", "2019-04-30": "81.60000", "2019-01-31": "158.40000", "2018-10-31": "242.60000", "2018-07-31": "164.70000", "2018-04-30": "178.90000", "2018-01-31": "107.90000", "2017-10-31": "238.70000", "2017-07-31": "119.40000", "2017-04-30": "70.10000", "2017-01-31": "100.50000", "2016-10-31": "126.10000", "2016-07-31": "90.50000", "2016-04-30": "231.60000", "2016-01-31": "134.20000", "2015-10-31": "221.90000", "2015-07-31": "102.20000", "2015-04-30": "114.10000", "2015-01-31": "51.50000", "2014-10-31": "225.70000", "2014-07-31": "126.50000", "2014-04-30": "35.20000", "2014-01-31": "-37.60000", "2013-10-31": "196.60000", "2013-07-31": "-5.30000", "2013-04-30": "-10.30000", "2013-01-31": "80.70800", "2012-10-31": "167.69800", "2012-07-31": "89.91800", "2012-04-30": "95.47600", "2012-01-31": "39.06200", "2011-10-31": "112.23900", "2011-07-31": "66.72900", "2011-04-30": "57.66700", "2011-01-31": "52.76600", "2010-10-31": "99.84800", "2010-07-31": "-70.62400", "2010-04-30": "-27.61300", "2010-01-31": "27.02300", "2009-10-31": "83.61900", "2009-07-31": "26.55700", "2009-04-30": "24.71100", "2009-01-31": "-37.93500", "2008-10-31": "53.69900", "2008-07-31": "29.20600", "2008-04-30": "46.80100", "2008-01-31": "30.33400", "2007-10-31": "60.87900", "2007-07-31": "39.10000", "2007-04-30": "53.00600", "2007-01-31": "26.75800", "2006-10-31": "50.77300", "2006-07-31": "28.95300", "2006-04-30": "48.74500", "2006-01-31": "22.91900", "2005-10-31": "40.28900", "2005-07-31": "23.50000", "2005-04-30": "24.98000", "2005-01-31": "17.29100"}, "Other Income": {"2020-10-31": "", "2020-07-31": "", "2020-04-30": "", "2020-01-31": "", "2019-10-31": "", "2019-07-31": "", "2019-04-30": "", "2019-01-31": "", "2018-10-31": "", "2018-07-31": "", "2018-04-30": "", "2018-01-31": "", "2017-10-31": "", "2017-07-31": "", "2017-04-30": "", "2017-01-31": "", "2016-10-31": "", "2016-07-31": "", "2016-04-30": "", "2016-01-31": "", "2015-10-31": "", "2015-07-31": "", "2015-04-30": "", "2015-01-31": "", "2014-10-31": "", "2014-07-31": "", "2014-04-30": "", "2014-01-31": "", "2013-10-31": "", "2013-07-31": "", "2013-04-30": "", "2013-01-31": "", "2012-10-31": "", "2012-07-31": "", "2012-04-30": "", "2012-01-31": "", "2011-10-31": "", "2011-07-31": "", "2011-04-30": "", "2011-01-31": "", "2010-10-31": "", "2010-07-31": "", "2010-04-30": "", "2010-01-31": "", "2009-10-31": "", "2009-07-31": "", "2009-04-30": "", "2009-01-31": "", "2008-10-31": "", "2008-07-31": "", "2008-04-30": "", "2008-01-31": "", "2007-10-31": "", "2007-07-31": "", "2007-04-30": "", "2007-01-31": "", "2006-10-31": "", "2006-07-31": "", "2006-04-30": "", "2006-01-31": "", "2005-10-31": "", "2005-07-31": "", "2005-04-30": "", "2005-01-31": ""}, "Income From Continuous Operations": {"2020-10-31": "69.50000", "2020-07-31": "-51.70000", "2020-04-30": "-1097.20000", "2020-01-31": "-68.50000", "2019-10-31": "208.90000", "2019-07-31": "193.10000", "2019-04-30": "81.60000", "2019-01-31": "158.40000", "2018-10-31": "242.60000", "2018-07-31": "164.70000", "2018-04-30": "178.90000", "2018-01-31": "107.90000", "2017-10-31": "238.70000", "2017-07-31": "119.40000", "2017-04-30": "70.10000", "2017-01-31": "100.50000", "2016-10-31": "126.10000", "2016-07-31": "90.50000", "2016-04-30": "231.60000", "2016-01-31": "134.20000", "2015-10-31": "221.90000", "2015-07-31": "102.20000", "2015-04-30": "114.10000", "2015-01-31": "51.50000", "2014-10-31": "225.70000", "2014-07-31": "126.50000", "2014-04-30": "35.20000", "2014-01-31": "-37.60000", "2013-10-31": "196.60000", "2013-07-31": "-5.30000", "2013-04-30": "-10.30000", "2013-01-31": "80.70800", "2012-10-31": "167.69800", "2012-07-31": "89.91800", "2012-04-30": "95.47600", "2012-01-31": "39.06200", "2011-10-31": "112.23900", "2011-07-31": "66.72900", "2011-04-30": "57.66700", "2011-01-31": "52.76600", "2010-10-31": "99.84800", "2010-07-31": "-70.62400", "2010-04-30": "-27.61300", "2010-01-31": "27.02300", "2009-10-31": "83.61900", "2009-07-31": "26.55700", "2009-04-30": "24.71100", "2009-01-31": "-37.93500", "2008-10-31": "53.69900", "2008-07-31": "29.20600", "2008-04-30": "46.80100", "2008-01-31": "30.33400", "2007-10-31": "60.87900", "2007-07-31": "39.10000", "2007-04-30": "53.00600", "2007-01-31": "26.75800", "2006-10-31": "50.77300", "2006-07-31": "28.95300", "2006-04-30": "48.74500", "2006-01-31": "22.91900", "2005-10-31": "40.28900", "2005-07-31": "23.50000", "2005-04-30": "24.98000", "2005-01-31": "17.29100"}, "Income From Discontinued Operations": {"2020-10-31": "", "2020-07-31": "", "2020-04-30": "", "2020-01-31": "", "2019-10-31": "", "2019-07-31": "", "2019-04-30": "", "2019-01-31": "", "2018-10-31": "", "2018-07-31": "", "2018-04-30": "", "2018-01-31": "", "2017-10-31": "", "2017-07-31": "", "2017-04-30": "", "2017-01-31": "", "2016-10-31": "", "2016-07-31": "", "2016-04-30": "", "2016-01-31": "", "2015-10-31": "", "2015-07-31": "", "2015-04-30": "", "2015-01-31": "", "2014-10-31": "", "2014-07-31": "", "2014-04-30": "", "2014-01-31": "", "2013-10-31": "", "2013-07-31": "", "2013-04-30": "", "2013-01-31": "", "2012-10-31": "", "2012-07-31": "", "2012-04-30": "", "2012-01-31": "", "2011-10-31": "", "2011-07-31": "", "2011-04-30": "", "2011-01-31": "", "2010-10-31": "", "2010-07-31": "", "2010-04-30": "", "2010-01-31": "", "2009-10-31": "", "2009-07-31": "", "2009-04-30": "", "2009-01-31": "", "2008-10-31": "", "2008-07-31": "", "2008-04-30": "", "2008-01-31": "", "2007-10-31": "", "2007-07-31": "", "2007-04-30": "", "2007-01-31": "", "2006-10-31": "", "2006-07-31": "", "2006-04-30": "", "2006-01-31": "", "2005-10-31": "", "2005-07-31": "", "2005-04-30": "", "2005-01-31": ""}, "Net Income": {"2020-10-31": "69.80000", "2020-07-31": "-51.40000", "2020-04-30": "-1096.80000", "2020-01-31": "-67.40000", "2019-10-31": "209.20000", "2019-07-31": "193.50000", "2019-04-30": "82.00000", "2019-01-31": "158.70000", "2018-10-31": "243.10000", "2018-07-31": "165.20000", "2018-04-30": "179.40000", "2018-01-31": "108.50000", "2017-10-31": "239.20000", "2017-07-31": "119.70000", "2017-04-30": "70.40000", "2017-01-31": "100.70000", "2016-10-31": "126.20000", "2016-07-31": "90.50000", "2016-04-30": "231.60000", "2016-01-31": "134.20000", "2015-10-31": "221.90000", "2015-07-31": "102.20000", "2015-04-30": "114.10000", "2015-01-31": "51.50000", "2014-10-31": "225.70000", "2014-07-31": "126.50000", "2014-04-30": "35.30000", "2014-01-31": "-37.50000", "2013-10-31": "196.70000", "2013-07-31": "-5.40000", "2013-04-30": "-10.30000", "2013-01-31": "80.08500", "2012-10-31": "162.86600", "2012-07-31": "87.32700", "2012-04-30": "90.92200", "2012-01-31": "36.79000", "2011-10-31": "105.64800", "2011-07-31": "62.80900", "2011-04-30": "54.26500", "2011-01-31": "50.19700", "2010-10-31": "99.84800", "2010-07-31": "-70.62400", "2010-04-30": "-27.61300", "2010-01-31": "27.02300", "2009-10-31": "83.61900", "2009-07-31": "26.55700", "2009-04-30": "24.71100", "2009-01-31": "-37.93500", "2008-10-31": "53.69900", "2008-07-31": "29.20600", "2008-04-30": "46.80100", "2008-01-31": "30.33400", "2007-10-31": "60.87900", "2007-07-31": "39.10000", "2007-04-30": "53.00600", "2007-01-31": "26.75800", "2006-10-31": "50.77300", "2006-07-31": "18.00500", "2006-04-30": "45.51500", "2006-01-31": "19.68900", "2005-10-31": "37.06000", "2005-07-31": "6.06600", "2005-04-30": "19.69900", "2005-01-31": "12.01000"}, "EBITDA": {"2020-10-31": "202.30010", "2020-07-31": "77.19980", "2020-04-30": "-203.80000", "2020-01-31": "104.69890", "2019-10-31": "351.09980", "2019-07-31": "215.09970", "2019-04-30": "211.60010", "2019-01-31": "220.49990", "2018-10-31": "364.10000", "2018-07-31": "314.40010", "2018-04-30": "327.50010", "2018-01-31": "143.90020", "2017-10-31": "361.90000", "2017-07-31": "261.09990", "2017-04-30": "190.39990", "2017-01-31": "406.79930", "2016-10-31": "282.30020", "2016-07-31": "225.60010", "2016-04-30": "212.10000", "2016-01-31": "246.39990", "2015-10-31": "316.60000", "2015-07-31": "217.10000", "2015-04-30": "237.79990", "2015-01-31": "69.49920", "2014-10-31": "340.20010", "2014-07-31": "219.70000", "2014-04-30": "145.20000", "2014-01-31": "230.49960", "2013-10-31": "311.00010", "2013-07-31": "182.90010", "2013-04-30": "102.60000", "2013-01-31": "147.68150", "2012-10-31": "275.89010", "2012-07-31": "187.58720", "2012-04-30": "189.54090", "2012-01-31": "57.41710", "2011-10-31": "229.16290", "2011-07-31": "165.44490", "2011-04-30": "171.15800", "2011-01-31": "36.86930", "2010-10-31": "229.66090", "2010-07-31": "94.12790", "2010-04-30": "-10.49100", "2010-01-31": "65.00620", "2009-10-31": "102.92900", "2009-07-31": "64.17500", "2009-04-30": "61.59100", "2009-01-31": "-35.26380", "2008-10-31": "100.12900", "2008-07-31": "68.34100", "2008-04-30": "94.04400", "2008-01-31": "65.52410", "2007-10-31": "113.93300", "2007-07-31": "79.15900", "2007-04-30": "96.46900", "2007-01-31": "57.70800", "2006-10-31": "93.64900", "2006-07-31": "58.82100", "2006-04-30": "60.98700", "2006-01-31": "51.97400", "2005-10-31": "80.44100", "2005-07-31": "53.69100", "2005-04-30": "56.22100", "2005-01-31": "42.19490"}, "EBIT": {"2020-10-31": "122.10010", "2020-07-31": "-1.70020", "2020-04-30": "-284.90000", "2020-01-31": "17.39970", "2019-10-31": "269.49980", "2019-07-31": "136.69970", "2019-04-30": "135.10010", "2019-01-31": "133.70000", "2018-10-31": "282.30000", "2018-07-31": "231.40010", "2018-04-30": "244.30000", "2018-01-31": "58.00060", "2017-10-31": "280.70000", "2017-07-31": "180.49990", "2017-04-30": "113.20000", "2017-01-31": "322.59920", "2016-10-31": "197.90010", "2016-07-31": "143.00010", "2016-04-30": "141.50000", "2016-01-31": "176.00010", "2015-10-31": "253.60000", "2015-07-31": "154.10000", "2015-04-30": "176.79990", "2015-01-31": "6.19970", "2014-10-31": "279.90010", "2014-07-31": "159.30000", "2014-04-30": "84.50000", "2014-01-31": "159.99980", "2013-10-31": "249.30000", "2013-07-31": "85.70010", "2013-04-30": "18.40000", "2013-01-31": "109.82570", "2012-10-31": "241.13810", "2012-07-31": "153.25420", "2012-04-30": "156.08190", "2012-01-31": "24.17510", "2011-10-31": "196.84190", "2011-07-31": "133.47890", "2011-04-30": "136.67700", "2011-01-31": "3.34250", "2010-10-31": "178.29090", "2010-07-31": "43.95390", "2010-04-30": "-22.55700", "2010-01-31": "52.81310", "2009-10-31": "90.43600", "2009-07-31": "51.44900", "2009-04-30": "49.11400", "2009-01-31": "-49.77890", "2008-10-31": "86.46800", "2008-07-31": "54.48600", "2008-04-30": "80.70900", "2008-01-31": "52.71720", "2007-10-31": "102.29800", "2007-07-31": "67.93600", "2007-04-30": "85.54400", "2007-01-31": "47.15890", "2006-10-31": "84.64300", "2006-07-31": "49.76600", "2006-04-30": "51.69500", "2006-01-31": "42.48700", "2005-10-31": "71.60800", "2005-07-31": "45.12200", "2005-04-30": "47.62900", "2005-01-31": "30.81800"}, "Basic Shares Outstanding": {"2020-10-31": "71.10000", "2020-07-31": "71.10000", "2020-04-30": "71.40000", "2020-01-31": "74.20000", "2019-10-31": "73.90000", "2019-07-31": "74.80000", "2019-04-30": "75.20000", "2019-01-31": "76.50000", "2018-10-31": "76.40000", "2018-07-31": "77.00000", "2018-04-30": "77.10000", "2018-01-31": "77.60000", "2017-10-31": "77.30000", "2017-07-31": "77.80000", "2017-04-30": "78.20000", "2017-01-31": "80.20000", "2016-10-31": "80.00000", "2016-07-31": "80.70000", "2016-04-30": "81.30000", "2016-01-31": "82.40000", "2015-10-31": "82.40000", "2015-07-31": "82.70000", "2015-04-30": "82.60000", "2015-01-31": "82.40000", "2014-10-31": "82.40000", "2014-07-31": "82.30000", "2014-04-30": "82.20000", "2014-01-31": "81.20000", "2013-10-31": "81.50000", "2013-07-31": "81.30000", "2013-04-30": "80.00000", "2013-01-31": "70.40000", "2012-10-31": "70.58600", "2012-07-31": "70.40300", "2012-04-30": "68.53900", "2012-01-31": "67.15800", "2011-10-31": "67.22500", "2011-07-31": "67.12900", "2011-04-30": "66.79800", "2011-01-31": "62.74400", "2010-10-31": "66.14000", "2010-07-31": "65.87500", "2010-04-30": "52.27900", "2010-01-31": "51.63900", "2009-10-31": "51.67000", "2009-07-31": "51.60500", "2009-04-30": "51.51100", "2009-01-31": "51.42800", "2008-10-31": "51.46700", "2008-07-31": "51.42800", "2008-04-30": "51.33700", "2008-01-31": "55.69500", "2007-10-31": "56.47500", "2007-07-31": "56.34000", "2007-04-30": "55.92800", "2007-01-31": "52.11000", "2006-10-31": "55.43000", "2006-07-31": "53.89700", "2006-04-30": "43.43400", "2006-01-31": "38.29700", "2005-10-31": "42.06300", "2005-07-31": "35.53300", "2005-04-30": "32.97800", "2005-01-31": "31.11700"}, "Shares Outstanding": {"2020-10-31": "71.50000", "2020-07-31": "71.10000", "2020-04-30": "71.40000", "2020-01-31": "74.60000", "2019-10-31": "74.20000", "2019-07-31": "75.10000", "2019-04-30": "75.90000", "2019-01-31": "77.30000", "2018-10-31": "77.10000", "2018-07-31": "77.90000", "2018-04-30": "78.20000", "2018-01-31": "78.60000", "2017-10-31": "78.50000", "2017-07-31": "78.70000", "2017-04-30": "79.00000", "2017-01-31": "80.90000", "2016-10-31": "80.70000", "2016-07-31": "81.30000", "2016-04-30": "81.90000", "2016-01-31": "83.10000", "2015-10-31": "83.10000", "2015-07-31": "83.50000", "2015-04-30": "83.40000", "2015-01-31": "83.30000", "2014-10-31": "83.30000", "2014-07-31": "83.20000", "2014-04-30": "83.20000", "2014-01-31": "82.60000", "2013-10-31": "82.80000", "2013-07-31": "81.30000", "2013-04-30": "80.00000", "2013-01-31": "73.90000", "2012-10-31": "73.98500", "2012-07-31": "73.60300", "2012-04-30": "73.60200", "2012-01-31": "72.92300", "2011-10-31": "72.96300", "2011-07-31": "72.86900", "2011-04-30": "72.59200", "2011-01-31": "67.37800", "2010-10-31": "71.83600", "2010-07-31": "65.87500", "2010-04-30": "52.27900", "2010-01-31": "52.50600", "2009-10-31": "52.85900", "2009-07-31": "52.19400", "2009-04-30": "51.88200", "2009-01-31": "52.20000", "2008-10-31": "52.29400", "2008-07-31": "52.46100", "2008-04-30": "52.27900", "2008-01-31": "57.08200", "2007-10-31": "57.83300", "2007-07-31": "57.84300", "2007-04-30": "57.60400", "2007-01-31": "53.48300", "2006-10-31": "56.81300", "2006-07-31": "55.03200", "2006-04-30": "56.34300", "2006-01-31": "51.69500", "2005-10-31": "55.40600", "2005-07-31": "37.50800", "2005-04-30": "53.92100", "2005-01-31": "51.63700"}, "Basic EPS": {"2020-10-31": "0.98000", "2020-07-31": "-0.72000", "2020-04-30": "-15.37000", "2020-01-31": "-0.88000", "2019-10-31": "2.83000", "2019-07-31": "2.59000", "2019-04-30": "1.09000", "2019-01-31": "2.09000", "2018-10-31": "3.18000", "2018-07-31": "2.15000", "2018-04-30": "2.33000", "2018-01-31": "1.40000", "2017-10-31": "3.09000", "2017-07-31": "1.54000", "2017-04-30": "0.90000", "2017-01-31": "1.29000", "2016-10-31": "1.58000", "2016-07-31": "1.12000", "2016-04-30": "2.85000", "2016-01-31": "1.64000", "2015-10-31": "2.69000", "2015-07-31": "1.24000", "2015-04-30": "1.38000", "2015-01-31": "0.62000", "2014-10-31": "2.74000", "2014-07-31": "1.54000", "2014-04-30": "0.43000", "2014-01-31": "-0.44000", "2013-10-31": "2.41000", "2013-07-31": "-0.07000", "2013-04-30": "-0.13000", "2013-01-31": "1.10000", "2012-10-31": "2.31000", "2012-07-31": "1.24000", "2012-04-30": "1.33000", "2012-01-31": "0.54000", "2011-10-31": "1.57000", "2011-07-31": "0.94000", "2011-04-30": "0.81000", "2011-01-31": "1.01000", "2010-10-31": "1.42000", "2010-07-31": "-1.07000", "2010-04-30": "-0.53000", "2010-01-31": "0.53000", "2009-10-31": "1.62000", "2009-07-31": "0.51000", "2009-04-30": "0.48000", "2009-01-31": "-0.74000", "2008-10-31": "1.04000", "2008-07-31": "0.57000", "2008-04-30": "0.91000", "2008-01-31": "0.57000", "2007-10-31": "1.08000", "2007-07-31": "0.69000", "2007-04-30": "0.95000", "2007-01-31": "0.41000", "2006-10-31": "0.92000", "2006-07-31": "0.33000", "2006-04-30": "1.05000", "2006-01-31": "0.50000", "2005-10-31": "0.88000", "2005-07-31": "0.17000", "2005-04-30": "0.60000", "2005-01-31": "0.38000"}, "EPS - Earnings Per Share": {"2020-10-31": "0.98000", "2020-07-31": "-0.72000", "2020-04-30": "-15.37000", "2020-01-31": "-0.88000", "2019-10-31": "2.82000", "2019-07-31": "2.58000", "2019-04-30": "1.08000", "2019-01-31": "2.09000", "2018-10-31": "3.15000", "2018-07-31": "2.12000", "2018-04-30": "2.29000", "2018-01-31": "1.38000", "2017-10-31": "3.05000", "2017-07-31": "1.52000", "2017-04-30": "0.89000", "2017-01-31": "1.29000", "2016-10-31": "1.56000", "2016-07-31": "1.11000", "2016-04-30": "2.83000", "2016-01-31": "1.63000", "2015-10-31": "2.67000", "2015-07-31": "1.22000", "2015-04-30": "1.37000", "2015-01-31": "0.62000", "2014-10-31": "2.71000", "2014-07-31": "1.52000", "2014-04-30": "0.42000", "2014-01-31": "-0.43000", "2013-10-31": "2.37000", "2013-07-31": "-0.07000", "2013-04-30": "-0.13000", "2013-01-31": "1.08000", "2012-10-31": "2.27000", "2012-07-31": "1.22000", "2012-04-30": "1.30000", "2012-01-31": "0.53000", "2011-10-31": "1.54000", "2011-07-31": "0.92000", "2011-04-30": "0.79000", "2011-01-31": "1.02000", "2010-10-31": "1.39000", "2010-07-31": "-1.07000", "2010-04-30": "-0.53000", "2010-01-31": "0.51000", "2009-10-31": "1.58000", "2009-07-31": "0.51000", "2009-04-30": "0.48000", "2009-01-31": "-0.73000", "2008-10-31": "1.03000", "2008-07-31": "0.56000", "2008-04-30": "0.90000", "2008-01-31": "0.56000", "2007-10-31": "1.05000", "2007-07-31": "0.68000", "2007-04-30": "0.92000", "2007-01-31": "0.55000", "2006-10-31": "0.89000", "2006-07-31": "0.33000", "2006-04-30": "0.87000", "2006-01-31": "0.50000", "2005-10-31": "0.73000", "2005-07-31": "0.16000", "2005-04-30": "0.46000", "2005-01-31": "0.50000"}}, "balance sheet": {"Cash On Hand": {"2020-01-31": "503.40000", "2019-01-31": "452.00000", "2018-01-31": "493.90000", "2017-01-31": "730.10000", "2016-01-31": "556.40000", "2015-01-31": "479.30000", "2014-01-31": "593.20000", "2013-01-31": "892.20900", "2012-01-31": "233.19700", "2011-01-31": "498.71800", "2010-01-31": "480.88200", "2009-01-31": "328.16700", "2008-01-31": "269.91400", "2007-01-31": "366.09900", "2006-01-31": "267.35700", "2005-01-31": "124.11400"}, "Receivables": {"2020-01-31": "765.10000", "2019-01-31": "803.80000", "2018-01-31": "696.40000", "2017-01-31": "641.40000", "2016-01-31": "685.90000", "2015-01-31": "743.20000", "2014-01-31": "761.20000", "2013-01-31": "441.32400", "2012-01-31": "480.96500", "2011-01-31": "447.16100", "2010-01-31": "196.60300", "2009-01-31": "200.60500", "2008-01-31": "185.97700", "2007-01-31": "99.36600", "2006-01-31": "102.80000", "2005-01-31": "93.44700"}, "Inventory": {"2020-01-31": "1615.70000", "2019-01-31": "1732.40000", "2018-01-31": "1591.30000", "2017-01-31": "1317.90000", "2016-01-31": "1322.30000", "2015-01-31": "1257.30000", "2014-01-31": "1281.00000", "2013-01-31": "878.41500", "2012-01-31": "809.00900", "2011-01-31": "710.86800", "2010-01-31": "263.78800", "2009-01-31": "282.67800", "2008-01-31": "322.22300", "2007-01-31": "284.89400", "2006-01-31": "257.71900", "2005-01-31": "242.88500"}, "Pre-Paid Expenses": {"2020-01-31": "159.90000", "2019-01-31": "168.70000", "2018-01-31": "184.50000", "2017-01-31": "133.20000", "2016-01-31": "150.40000", "2015-01-31": "141.10000", "2014-01-31": "151.90000", "2013-01-31": "157.80200", "2012-01-31": "111.22800", "2011-01-31": "80.97400", "2010-01-31": "41.03800", "2009-01-31": "35.28000", "2008-01-31": "48.29500", "2007-01-31": "39.55300", "2006-01-31": "18.12200", "2005-01-31": "18.97500"}, "Other Current Assets": {"2020-01-31": "350.10000", "2019-01-31": "81.70000", "2018-01-31": "64.70000", "2017-01-31": "57.00000", "2016-01-31": "89.50000", "2015-01-31": "164.90000", "2014-01-31": "211.30000", "2013-01-31": "67.25600", "2012-01-31": "104.83600", "2011-01-31": "97.56800", "2010-01-31": "12.57200", "2009-01-31": "17.69900", "2008-01-31": "9.81000", "2007-01-31": "9.95100", "2006-01-31": "23.69300", "2005-01-31": "13.94300"}, "Total Current Assets": {"2020-01-31": "3394.20000", "2019-01-31": "3238.60000", "2018-01-31": "3030.80000", "2017-01-31": "2879.60000", "2016-01-31": "2804.50000", "2015-01-31": "2785.80000", "2014-01-31": "2998.60000", "2013-01-31": "2437.00600", "2012-01-31": "1739.23500", "2011-01-31": "1835.28900", "2010-01-31": "994.88300", "2009-01-31": "864.42900", "2008-01-31": "836.21900", "2007-01-31": "799.86300", "2006-01-31": "669.69100", "2005-01-31": "493.36400"}, "Property, Plant, And Equipment": {"2020-01-31": "1026.80000", "2019-01-31": "984.50000", "2018-01-31": "899.80000", "2017-01-31": "759.90000", "2016-01-31": "744.60000", "2015-01-31": "725.70000", "2014-01-31": "712.10000", "2013-01-31": "561.33500", "2012-01-31": "458.89100", "2011-01-31": "404.57700", "2010-01-31": "167.47400", "2009-01-31": "192.80900", "2008-01-31": "232.02800", "2007-01-31": "172.04000", "2006-01-31": "158.49200", "2005-01-31": "154.63000"}, "Long-Term Investments": {"2020-01-31": "", "2019-01-31": "", "2018-01-31": "", "2017-01-31": "", "2016-01-31": "", "2015-01-31": "", "2014-01-31": "", "2013-01-31": "", "2012-01-31": "", "2011-01-31": "", "2010-01-31": "", "2009-01-31": "", "2008-01-31": "", "2007-01-31": "", "2006-01-31": "", "2005-01-31": ""}, "Goodwill And Intangible Assets": {"2020-01-31": "7158.30000", "2019-01-31": "7239.70000", "2018-01-31": "7561.30000", "2017-01-31": "7079.90000", "2016-01-31": "6865.70000", "2015-01-31": "7040.70000", "2014-01-31": "7559.00000", "2013-01-31": "4539.89200", "2012-01-31": "4380.85300", "2011-01-31": "4421.51600", "2010-01-31": "1158.37000", "2009-01-31": "1118.40400", "2008-01-31": "1062.37900", "2007-01-31": "1013.55600", "2006-01-31": "899.38500", "2005-01-31": "873.77000"}, "Other Long-Term Assets": {"2020-01-31": "375.89990", "2019-01-31": "400.90000", "2018-01-31": "393.80000", "2017-01-31": "348.50000", "2016-01-31": "259.00000", "2015-01-31": "272.70000", "2014-01-31": "305.90000", "2013-01-31": "193.45400", "2012-01-31": "173.38200", "2011-01-31": "122.96800", "2010-01-31": "18.95200", "2009-01-31": "24.54200", "2008-01-31": "41.76800", "2007-01-31": "27.88600", "2006-01-31": "25.91400", "2005-01-31": "27.81800"}, "Total Long-Term Assets": {"2020-01-31": "10236.80000", "2019-01-31": "8625.10100", "2018-01-31": "8854.89900", "2017-01-31": "8188.30000", "2016-01-31": "7869.30000", "2015-01-31": "8039.10100", "2014-01-31": "8577.00000", "2013-01-31": "5294.68100", "2012-01-31": "5013.12600", "2011-01-31": "4949.06100", "2010-01-31": "1344.79600", "2009-01-31": "1335.75500", "2008-01-31": "1336.17500", "2007-01-31": "1213.48200", "2006-01-31": "1083.79100", "2005-01-31": "1056.21800"}, "Total Assets": {"2020-01-31": "13631.00000", "2019-01-31": "11863.70000", "2018-01-31": "11885.70000", "2017-01-31": "11067.90000", "2016-01-31": "10673.80000", "2015-01-31": "10824.90000", "2014-01-31": "11575.60000", "2013-01-31": "7731.68700", "2012-01-31": "6752.36100", "2011-01-31": "6784.35000", "2010-01-31": "2339.67900", "2009-01-31": "2200.18400", "2008-01-31": "2172.39400", "2007-01-31": "2013.34500", "2006-01-31": "1753.48200", "2005-01-31": "1549.58200"}, "Total Current Liabilities": {"2020-01-31": "2361.10000", "2019-01-31": "1893.90000", "2018-01-31": "1871.60000", "2017-01-31": "1564.80000", "2016-01-31": "1527.20000", "2015-01-31": "1428.10000", "2014-01-31": "1552.40000", "2013-01-31": "1162.44700", "2012-01-31": "1043.87100", "2011-01-31": "931.25500", "2010-01-31": "362.88100", "2009-01-31": "349.23800", "2008-01-31": "360.14800", "2007-01-31": "298.02600", "2006-01-31": "230.65900", "2005-01-31": "208.49300"}, "Long Term Debt": {"2020-01-31": "2693.90000", "2019-01-31": "2819.40000", "2018-01-31": "3061.30000", "2017-01-31": "3197.30000", "2016-01-31": "3031.70000", "2015-01-31": "3438.70000", "2014-01-31": "3878.20000", "2013-01-31": "2211.64200", "2012-01-31": "1832.92500", "2011-01-31": "2364.00200", "2010-01-31": "399.58400", "2009-01-31": "399.56700", "2008-01-31": "399.55200", "2007-01-31": "399.53800", "2006-01-31": "399.52500", "2005-01-31": "399.51200"}, "Other Non-Current Liabilities": {"2020-01-31": "1234.50000", "2019-01-31": "1322.40000", "2018-01-31": "1414.40000", "2017-01-31": "1499.30000", "2016-01-31": "1562.60000", "2015-01-31": "1593.80000", "2014-01-31": "1804.20000", "2013-01-31": "1105.02900", "2012-01-31": "1160.11600", "2011-01-31": "1046.54900", "2010-01-31": "408.66100", "2009-01-31": "452.58400", "2008-01-31": "456.41100", "2007-01-31": "373.62400", "2006-01-31": "350.71000", "2005-01-31": "312.80500"}, "Total Long Term Liabilities": {"2020-01-31": "5458.40000", "2019-01-31": "4142.00000", "2018-01-31": "4477.70000", "2017-01-31": "4698.60000", "2016-01-31": "4594.30000", "2015-01-31": "5032.50000", "2014-01-31": "5688.00000", "2013-01-31": "3316.67100", "2012-01-31": "2993.04100", "2011-01-31": "3410.55100", "2010-01-31": "808.24500", "2009-01-31": "852.15100", "2008-01-31": "855.96300", "2007-01-31": "773.16200", "2006-01-31": "750.23500", "2005-01-31": "712.31700"}, "Total Liabilities": {"2020-01-31": "7819.50000", "2019-01-31": "6035.90000", "2018-01-31": "6349.30000", "2017-01-31": "6263.40000", "2016-01-31": "6121.50000", "2015-01-31": "6460.60000", "2014-01-31": "7240.40000", "2013-01-31": "4479.11800", "2012-01-31": "4036.91200", "2011-01-31": "4341.80600", "2010-01-31": "1171.12600", "2009-01-31": "1201.38900", "2008-01-31": "1216.11100", "2007-01-31": "1071.18800", "2006-01-31": "980.89400", "2005-01-31": "920.81000"}, "Common Stock Net": {"2020-01-31": "85.90000", "2019-01-31": "85.40000", "2018-01-31": "84.90000", "2017-01-31": "83.90000", "2016-01-31": "83.50000", "2015-01-31": "83.10000", "2014-01-31": "82.70000", "2013-01-31": "73.32400", "2012-01-31": "68.29800", "2011-01-31": "67.23500", "2010-01-31": "57.13900", "2009-01-31": "56.70900", "2008-01-31": "56.50600", "2007-01-31": "55.85000", "2006-01-31": "43.23600", "2005-01-31": "32.45200"}, "Retained Earnings (Accumulated Deficit)": {"2020-01-31": "4753.00000", "2019-01-31": "4350.10000", "2018-01-31": "3625.20000", "2017-01-31": "3098.00000", "2016-01-31": "2561.20000", "2015-01-31": "2001.30000", "2014-01-31": "1574.80000", "2013-01-31": "1445.67300", "2012-01-31": "1022.81800", "2011-01-31": "840.07200", "2010-01-31": "796.28200", "2009-01-31": "642.18300", "2008-01-31": "558.53800", "2007-01-31": "388.55500", "2006-01-31": "255.36000", "2005-01-31": "178.50700"}, "Comprehensive Income": {"2020-01-31": "-640.10000", "2019-01-31": "-507.90000", "2018-01-31": "-321.50000", "2017-01-31": "-710.80000", "2016-01-31": "-704.20000", "2015-01-31": "-416.50000", "2014-01-31": "42.30000", "2013-01-31": "139.88200", "2012-01-31": "73.83500", "2011-01-31": "55.74400", "2010-01-31": "-80.44800", "2009-01-31": "-73.02000", "2008-01-31": "-17.38400", "2007-01-31": "-32.20000", "2006-01-31": "-33.99500", "2005-01-31": "-32.02400"}, "Other Share Holders Equity": {"2020-01-31": "", "2019-01-31": "", "2018-01-31": "", "2017-01-31": "", "2016-01-31": "", "2015-01-31": "", "2014-01-31": "", "2013-01-31": "", "2012-01-31": "", "2011-01-31": "", "2010-01-31": "", "2009-01-31": "", "2008-01-31": "", "2007-01-31": "", "2006-01-31": "", "2005-01-31": ""}, "Share Holder Equity": {"2020-01-31": "5811.50000", "2019-01-31": "5827.80000", "2018-01-31": "5536.40000", "2017-01-31": "4804.50000", "2016-01-31": "4552.30000", "2015-01-31": "4364.30000", "2014-01-31": "4335.20000", "2013-01-31": "3252.56900", "2012-01-31": "2715.44900", "2011-01-31": "2442.54400", "2010-01-31": "1168.55300", "2009-01-31": "998.79500", "2008-01-31": "956.28300", "2007-01-31": "942.15700", "2006-01-31": "772.58800", "2005-01-31": "628.77200"}, "Total Liabilities And Share Holders Equity": {"2020-01-31": "13631.00000", "2019-01-31": "11863.70000", "2018-01-31": "11885.70000", "2017-01-31": "11067.90000", "2016-01-31": "10673.80000", "2015-01-31": "10824.90000", "2014-01-31": "11575.60000", "2013-01-31": "7731.68700", "2012-01-31": "6752.36100", "2011-01-31": "6784.35000", "2010-01-31": "2339.67900", "2009-01-31": "2200.18400", "2008-01-31": "2172.39400", "2007-01-31": "2013.34500", "2006-01-31": "1753.48200", "2005-01-31": "1549.58200"}}, "balance sheet, quarterly": {"Cash On Hand": {"2020-10-31": "1460.00000", "2020-07-31": "1394.30000", "2020-04-30": "800.70000", "2020-01-31": "503.40000", "2019-10-31": "555.20000", "2019-07-31": "433.50000", "2019-04-30": "494.30000", "2019-01-31": "452.00000", "2018-10-31": "398.50000", "2018-07-31": "431.10000", "2018-04-30": "434.50000", "2018-01-31": "493.90000", "2017-10-31": "612.30000", "2017-07-31": "559.40000", "2017-04-30": "490.90000", "2017-01-31": "730.10000", "2016-10-31": "662.40000", "2016-07-31": "741.70000", "2016-04-30": "365.10000", "2016-01-31": "556.40000", "2015-10-31": "369.90000", "2015-07-31": "466.70000", "2015-04-30": "419.30000", "2015-01-31": "479.30000", "2014-10-31": "365.10000", "2014-07-31": "461.10000", "2014-04-30": "513.00000", "2014-01-31": "593.20000", "2013-10-31": "542.50000", "2013-07-31": "628.90000", "2013-04-30": "746.30000", "2013-01-31": "892.20900", "2012-10-31": "276.63000", "2012-07-31": "261.98600", "2012-04-30": "238.61200", "2012-01-31": "233.19700", "2011-10-31": "159.98100", "2011-07-31": "287.69100", "2011-04-30": "294.95800", "2011-01-31": "498.71800", "2010-10-31": "491.43700", "2010-07-31": "475.34000", "2010-04-30": "791.59500", "2010-01-31": "480.88200", "2009-10-31": "356.61400", "2009-07-31": "369.59600", "2009-04-30": "282.00500", "2009-01-31": "328.16700", "2008-10-31": "197.55700", "2008-07-31": "260.50500", "2008-04-30": "184.22300", "2008-01-31": "269.91400", "2007-10-31": "336.62900", "2007-07-31": "366.27100", "2007-04-30": "299.73200", "2007-01-31": "366.09900", "2006-10-31": "358.60200", "2006-07-31": "367.70400", "2006-04-30": "305.15400", "2006-01-31": "267.35700", "2005-10-31": "170.26500", "2005-07-31": "171.15000", "2005-04-30": "126.88400", "2005-01-31": "124.11400"}, "Receivables": {"2020-10-31": "818.70000", "2020-07-31": "596.20000", "2020-04-30": "566.90000", "2020-01-31": "765.10000", "2019-10-31": "998.80000", "2019-07-31": "808.90000", "2019-04-30": "876.00000", "2019-01-31": "803.80000", "2018-10-31": "965.60000", "2018-07-31": "731.60000", "2018-04-30": "812.30000", "2018-01-31": "696.40000", "2017-10-31": "857.10000", "2017-07-31": "672.60000", "2017-04-30": "712.50000", "2017-01-31": "641.40000", "2016-10-31": "788.40000", "2016-07-31": "594.30000", "2016-04-30": "684.30000", "2016-01-31": "685.90000", "2015-10-31": "866.20000", "2015-07-31": "617.80000", "2015-04-30": "765.40000", "2015-01-31": "743.20000", "2014-10-31": "910.70000", "2014-07-31": "767.30000", "2014-04-30": "855.20000", "2014-01-31": "761.20000", "2013-10-31": "915.90000", "2013-07-31": "753.40000", "2013-04-30": "819.60000", "2013-01-31": "441.32400", "2012-10-31": "607.46500", "2012-07-31": "425.66500", "2012-04-30": "544.17400", "2012-01-31": "480.96500", "2011-10-31": "621.59300", "2011-07-31": "413.84600", "2011-04-30": "512.18500", "2011-01-31": "447.16100", "2010-10-31": "558.44500", "2010-07-31": "311.61300", "2010-04-30": "241.49600", "2010-01-31": "196.60300", "2009-10-31": "282.42700", "2009-07-31": "173.18300", "2009-04-30": "222.52100", "2009-01-31": "200.60500", "2008-10-31": "316.29700", "2008-07-31": "187.82200", "2008-04-30": "257.83700", "2008-01-31": "185.97700", "2007-10-31": "274.67300", "2007-07-31": "159.73200", "2007-04-30": "183.95900", "2007-01-31": "99.36600", "2006-10-31": "171.56000", "2006-07-31": "107.67300", "2006-04-30": "142.61800", "2006-01-31": "102.80000", "2005-10-31": "189.67900", "2005-07-31": "118.22400", "2005-04-30": "128.34500", "2005-01-31": "93.44700"}, "Inventory": {"2020-10-31": "1483.50000", "2020-07-31": "1642.20000", "2020-04-30": "1561.20000", "2020-01-31": "1615.70000", "2019-10-31": "1768.10000", "2019-07-31": "1862.10000", "2019-04-30": "1608.40000", "2019-01-31": "1732.40000", "2018-10-31": "1686.90000", "2018-07-31": "1731.00000", "2018-04-30": "1524.90000", "2018-01-31": "1591.30000", "2017-10-31": "1466.20000", "2017-07-31": "1498.60000", "2017-04-30": "1253.80000", "2017-01-31": "1317.90000", "2016-10-31": "1258.30000", "2016-07-31": "1412.10000", "2016-04-30": "1281.40000", "2016-01-31": "1322.30000", "2015-10-31": "1332.00000", "2015-07-31": "1402.60000", "2015-04-30": "1173.30000", "2015-01-31": "1257.30000", "2014-10-31": "1239.90000", "2014-07-31": "1365.40000", "2014-04-30": "1177.80000", "2014-01-31": "1281.00000", "2013-10-31": "1164.10000", "2013-07-31": "1338.80000", "2013-04-30": "1135.80000", "2013-01-31": "878.41500", "2012-10-31": "855.35900", "2012-07-31": "909.44700", "2012-04-30": "735.84800", "2012-01-31": "809.00900", "2011-10-31": "841.92800", "2011-07-31": "912.98800", "2011-04-30": "690.53700", "2011-01-31": "710.86800", "2010-10-31": "688.55600", "2010-07-31": "693.87200", "2010-04-30": "284.84000", "2010-01-31": "263.78800", "2009-10-31": "281.85600", "2009-07-31": "302.28600", "2009-04-30": "281.48900", "2009-01-31": "282.67800", "2008-10-31": "329.00100", "2008-07-31": "325.14000", "2008-04-30": "294.95600", "2008-01-31": "322.22300", "2007-10-31": "332.10700", "2007-07-31": "322.06800", "2007-04-30": "281.42700", "2007-01-31": "284.89400", "2006-10-31": "280.76200", "2006-07-31": "255.02400", "2006-04-30": "233.47100", "2006-01-31": "257.71900", "2005-10-31": "262.87400", "2005-07-31": "261.30200", "2005-04-30": "234.20300", "2005-01-31": "242.88500"}, "Pre-Paid Expenses": {"2020-10-31": "136.40000", "2020-07-31": "158.60000", "2020-04-30": "160.10000", "2020-01-31": "159.90000", "2019-10-31": "161.30000", "2019-07-31": "183.30000", "2019-04-30": "173.40000", "2019-01-31": "168.70000", "2018-10-31": "173.40000", "2018-07-31": "193.00000", "2018-04-30": "201.60000", "2018-01-31": "184.50000", "2017-10-31": "168.40000", "2017-07-31": "171.80000", "2017-04-30": "150.10000", "2017-01-31": "133.20000", "2016-10-31": "140.20000", "2016-07-31": "156.00000", "2016-04-30": "154.50000", "2016-01-31": "150.40000", "2015-10-31": "130.60000", "2015-07-31": "147.10000", "2015-04-30": "162.60000", "2015-01-31": "141.10000", "2014-10-31": "177.90000", "2014-07-31": "185.70000", "2014-04-30": "174.20000", "2014-01-31": "151.90000", "2013-10-31": "227.40000", "2013-07-31": "233.30000", "2013-04-30": "225.00000", "2013-01-31": "157.80200", "2012-10-31": "80.92500", "2012-07-31": "117.82600", "2012-04-30": "107.30300", "2012-01-31": "111.22800", "2011-10-31": "65.26800", "2011-07-31": "70.98600", "2011-04-30": "72.90100", "2011-01-31": "80.97400", "2010-10-31": "93.87300", "2010-07-31": "123.60500", "2010-04-30": "45.12600", "2010-01-31": "41.03800", "2009-10-31": "21.11100", "2009-07-31": "24.26600", "2009-04-30": "46.51900", "2009-01-31": "35.28000", "2008-10-31": "29.65000", "2008-07-31": "34.04200", "2008-04-30": "44.98600", "2008-01-31": "48.29500", "2007-10-31": "31.05800", "2007-07-31": "34.72700", "2007-04-30": "41.80400", "2007-01-31": "39.55300", "2006-10-31": "10.79400", "2006-07-31": "12.45700", "2006-04-30": "14.63900", "2006-01-31": "18.12200", "2005-10-31": "8.69800", "2005-07-31": "9.45600", "2005-04-30": "10.60500", "2005-01-31": "18.97500"}, "Other Current Assets": {"2020-10-31": "69.30000", "2020-07-31": "55.50000", "2020-04-30": "99.40000", "2020-01-31": "350.10000", "2019-10-31": "98.70000", "2019-07-31": "110.80000", "2019-04-30": "101.30000", "2019-01-31": "81.70000", "2018-10-31": "83.40000", "2018-07-31": "79.30000", "2018-04-30": "68.30000", "2018-01-31": "64.70000", "2017-10-31": "40.10000", "2017-07-31": "33.10000", "2017-04-30": "47.90000", "2017-01-31": "57.00000", "2016-10-31": "98.80000", "2016-07-31": "34.90000", "2016-04-30": "42.90000", "2016-01-31": "89.50000", "2015-10-31": "66.20000", "2015-07-31": "81.50000", "2015-04-30": "102.70000", "2015-01-31": "164.90000", "2014-10-31": "173.10000", "2014-07-31": "215.00000", "2014-04-30": "207.10000", "2014-01-31": "211.30000", "2013-10-31": "212.20000", "2013-07-31": "114.10000", "2013-04-30": "129.70000", "2013-01-31": "67.25600", "2012-10-31": "91.74000", "2012-07-31": "105.01400", "2012-04-30": "102.01600", "2012-01-31": "104.83600", "2011-10-31": "103.72000", "2011-07-31": "97.72800", "2011-04-30": "100.32400", "2011-01-31": "97.56800", "2010-10-31": "64.11000", "2010-07-31": "62.22900", "2010-04-30": "13.33000", "2010-01-31": "12.57200", "2009-10-31": "15.78600", "2009-07-31": "16.26000", "2009-04-30": "15.98500", "2009-01-31": "17.69900", "2008-10-31": "4.90400", "2008-07-31": "4.70700", "2008-04-30": "8.90300", "2008-01-31": "9.81000", "2007-10-31": "9.02600", "2007-07-31": "8.99800", "2007-04-30": "9.28400", "2007-01-31": "9.95100", "2006-10-31": "23.60300", "2006-07-31": "23.66300", "2006-04-30": "23.69100", "2006-01-31": "23.69300", "2005-10-31": "13.96900", "2005-07-31": "13.93700", "2005-04-30": "13.94700", "2005-01-31": "13.94300"}, "Total Current Assets": {"2020-10-31": "3967.90000", "2020-07-31": "3846.80000", "2020-04-30": "3188.30000", "2020-01-31": "3394.20000", "2019-10-31": "3582.10000", "2019-07-31": "3398.60000", "2019-04-30": "3253.40000", "2019-01-31": "3238.60000", "2018-10-31": "3307.80000", "2018-07-31": "3166.00000", "2018-04-30": "3041.60000", "2018-01-31": "3030.80000", "2017-10-31": "3144.10000", "2017-07-31": "2935.50000", "2017-04-30": "2655.20000", "2017-01-31": "2879.60000", "2016-10-31": "2948.10000", "2016-07-31": "2939.00000", "2016-04-30": "2528.20000", "2016-01-31": "2804.50000", "2015-10-31": "2764.90000", "2015-07-31": "2715.70000", "2015-04-30": "2623.30000", "2015-01-31": "2785.80000", "2014-10-31": "2866.70000", "2014-07-31": "2994.50000", "2014-04-30": "2927.30000", "2014-01-31": "2998.60000", "2013-10-31": "3062.10000", "2013-07-31": "3068.50000", "2013-04-30": "3056.40000", "2013-01-31": "2437.00600", "2012-10-31": "1912.11900", "2012-07-31": "1819.93800", "2012-04-30": "1727.95300", "2012-01-31": "1739.23500", "2011-10-31": "1792.49000", "2011-07-31": "1783.23900", "2011-04-30": "1670.90500", "2011-01-31": "1835.28900", "2010-10-31": "1896.42100", "2010-07-31": "1666.65900", "2010-04-30": "1376.38700", "2010-01-31": "994.88300", "2009-10-31": "957.79400", "2009-07-31": "885.59100", "2009-04-30": "848.51900", "2009-01-31": "864.42900", "2008-10-31": "877.40900", "2008-07-31": "812.21600", "2008-04-30": "790.90500", "2008-01-31": "836.21900", "2007-10-31": "983.49300", "2007-07-31": "891.79600", "2007-04-30": "816.20600", "2007-01-31": "799.86300", "2006-10-31": "845.32100", "2006-07-31": "766.52100", "2006-04-30": "719.57300", "2006-01-31": "669.69100", "2005-10-31": "645.48500", "2005-07-31": "574.06900", "2005-04-30": "513.98400", "2005-01-31": "493.36400"}, "Property, Plant, And Equipment": {"2020-10-31": "953.20000", "2020-07-31": "979.10000", "2020-04-30": "976.50000", "2020-01-31": "1026.80000", "2019-10-31": "994.70000", "2019-07-31": "973.40000", "2019-04-30": "962.30000", "2019-01-31": "984.50000", "2018-10-31": "923.70000", "2018-07-31": "881.30000", "2018-04-30": "873.50000", "2018-01-31": "899.80000", "2017-10-31": "821.20000", "2017-07-31": "805.80000", "2017-04-30": "751.60000", "2017-01-31": "759.90000", "2016-10-31": "730.20000", "2016-07-31": "736.00000", "2016-04-30": "749.90000", "2016-01-31": "744.60000", "2015-10-31": "731.80000", "2015-07-31": "708.90000", "2015-04-30": "720.90000", "2015-01-31": "725.70000", "2014-10-31": "707.60000", "2014-07-31": "703.60000", "2014-04-30": "708.50000", "2014-01-31": "712.10000", "2013-10-31": "689.30000", "2013-07-31": "685.80000", "2013-04-30": "680.10000", "2013-01-31": "561.33500", "2012-10-31": "519.86300", "2012-07-31": "484.44300", "2012-04-30": "479.48600", "2012-01-31": "458.89100", "2011-10-31": "436.28600", "2011-07-31": "426.36700", "2011-04-30": "418.22400", "2011-01-31": "404.57700", "2010-10-31": "399.46100", "2010-07-31": "394.92900", "2010-04-30": "161.45200", "2010-01-31": "167.47400", "2009-10-31": "172.11500", "2009-07-31": "183.53000", "2009-04-30": "188.75400", "2009-01-31": "192.80900", "2008-10-31": "253.28400", "2008-07-31": "248.35100", "2008-04-30": "242.69100", "2008-01-31": "232.02800", "2007-10-31": "202.74800", "2007-07-31": "185.17900", "2007-04-30": "170.76700", "2007-01-31": "172.04000", "2006-10-31": "157.68900", "2006-07-31": "154.07900", "2006-04-30": "154.96600", "2006-01-31": "158.49200", "2005-10-31": "155.56600", "2005-07-31": "155.06000", "2005-04-30": "153.78000", "2005-01-31": "154.63000"}, "Long-Term Investments": {"2020-10-31": "", "2020-07-31": "", "2020-04-30": "", "2020-01-31": "", "2019-10-31": "", "2019-07-31": "", "2019-04-30": "", "2019-01-31": "", "2018-10-31": "", "2018-07-31": "", "2018-04-30": "", "2018-01-31": "", "2017-10-31": "", "2017-07-31": "", "2017-04-30": "", "2017-01-31": "", "2016-10-31": "", "2016-07-31": "", "2016-04-30": "", "2016-01-31": "", "2015-10-31": "", "2015-07-31": "", "2015-04-30": "", "2015-01-31": "", "2014-10-31": "", "2014-07-31": "", "2014-04-30": "", "2014-01-31": "", "2013-10-31": "", "2013-07-31": "", "2013-04-30": "", "2013-01-31": "", "2012-10-31": "", "2012-07-31": "", "2012-04-30": "", "2012-01-31": "", "2011-10-31": "", "2011-07-31": "", "2011-04-30": "", "2011-01-31": "", "2010-10-31": "", "2010-07-31": "", "2010-04-30": "", "2010-01-31": "", "2009-10-31": "", "2009-07-31": "", "2009-04-30": "", "2009-01-31": "", "2008-10-31": "", "2008-07-31": "", "2008-04-30": "", "2008-01-31": "", "2007-10-31": "", "2007-07-31": "", "2007-04-30": "", "2007-01-31": "", "2006-10-31": "", "2006-07-31": "", "2006-04-30": "", "2006-01-31": "", "2005-10-31": "", "2005-07-31": "", "2005-04-30": "", "2005-01-31": ""}, "Goodwill And Intangible Assets": {"2020-10-31": "6345.00000", "2020-07-31": "6369.20000", "2020-04-30": "6144.40000", "2020-01-31": "7158.30000", "2019-10-31": "7458.10000", "2019-07-31": "7461.10000", "2019-04-30": "7149.70000", "2019-01-31": "7239.70000", "2018-10-31": "7230.20000", "2018-07-31": "7284.60000", "2018-04-30": "7434.90000", "2018-01-31": "7561.30000", "2017-10-31": "7336.00000", "2017-07-31": "7348.70000", "2017-04-30": "7163.40000", "2017-01-31": "7079.90000", "2016-10-31": "7154.80000", "2016-07-31": "7288.10000", "2016-04-30": "7381.00000", "2016-01-31": "6865.70000", "2015-10-31": "6921.90000", "2015-07-31": "6920.80000", "2015-04-30": "7018.60000", "2015-01-31": "7040.70000", "2014-10-31": "7361.40000", "2014-07-31": "7558.80000", "2014-04-30": "7663.00000", "2014-01-31": "7559.00000", "2013-10-31": "7562.90000", "2013-07-31": "7480.00000", "2013-04-30": "7543.60000", "2013-01-31": "4539.89200", "2012-10-31": "4383.52000", "2012-07-31": "4261.46700", "2012-04-30": "4406.82600", "2012-01-31": "4380.85300", "2011-10-31": "4519.88900", "2011-07-31": "4569.73700", "2011-04-30": "4628.07000", "2011-01-31": "4421.51600", "2010-10-31": "4456.27700", "2010-07-31": "4310.13600", "2010-04-30": "1166.58400", "2010-01-31": "1158.37000", "2009-10-31": "1147.75100", "2009-07-31": "1137.15000", "2009-04-30": "1130.30400", "2009-01-31": "1118.40400", "2008-10-31": "1108.98600", "2008-07-31": "1094.49800", "2008-04-30": "1079.37500", "2008-01-31": "1062.37900", "2007-10-31": "1036.03200", "2007-07-31": "1026.46600", "2007-04-30": "1019.24500", "2007-01-31": "1013.55600", "2006-10-31": "920.03400", "2006-07-31": "912.29700", "2006-04-30": "906.10690", "2006-01-31": "899.38500", "2005-10-31": "893.22500", "2005-07-31": "885.73000", "2005-04-30": "880.66000", "2005-01-31": "873.77000"}, "Other Long-Term Assets": {"2020-10-31": "377.40000", "2020-07-31": "364.90000", "2020-04-30": "347.00000", "2020-01-31": "375.90000", "2019-10-31": "336.20000", "2019-07-31": "327.10000", "2019-04-30": "383.60000", "2019-01-31": "400.90000", "2018-10-31": "369.20000", "2018-07-31": "365.80000", "2018-04-30": "364.60000", "2018-01-31": "393.80000", "2017-10-31": "356.90000", "2017-07-31": "363.90000", "2017-04-30": "342.10000", "2017-01-31": "348.50000", "2016-10-31": "235.50000", "2016-07-31": "216.70000", "2016-04-30": "226.00000", "2016-01-31": "259.00000", "2015-10-31": "285.90000", "2015-07-31": "286.70000", "2015-04-30": "286.90000", "2015-01-31": "272.70000", "2014-10-31": "330.00000", "2014-07-31": "328.40000", "2014-04-30": "330.20000", "2014-01-31": "305.90000", "2013-10-31": "339.20000", "2013-07-31": "300.20000", "2013-04-30": "312.60000", "2013-01-31": "193.45400", "2012-10-31": "170.46900", "2012-07-31": "165.64000", "2012-04-30": "166.13200", "2012-01-31": "173.38200", "2011-10-31": "173.51400", "2011-07-31": "140.78600", "2011-04-30": "137.21900", "2011-01-31": "122.96800", "2010-10-31": "120.59400", "2010-07-31": "116.87100", "2010-04-30": "25.59400", "2010-01-31": "18.95200", "2009-10-31": "26.32500", "2009-07-31": "26.91700", "2009-04-30": "26.60300", "2009-01-31": "24.54200", "2008-10-31": "44.22000", "2008-07-31": "44.47000", "2008-04-30": "44.73900", "2008-01-31": "41.76800", "2007-10-31": "29.57300", "2007-07-31": "30.28100", "2007-04-30": "29.76900", "2007-01-31": "27.88600", "2006-10-31": "24.68300", "2006-07-31": "24.88700", "2006-04-30": "25.21400", "2006-01-31": "25.91400", "2005-10-31": "29.44800", "2005-07-31": "28.77400", "2005-04-30": "28.23300", "2005-01-31": "27.81800"}, "Total Long-Term Assets": {"2020-10-31": "9289.30100", "2020-07-31": "9405.70100", "2020-04-30": "9105.90000", "2020-01-31": "10236.80000", "2019-10-31": "10437.10000", "2019-07-31": "10422.30000", "2019-04-30": "10101.60000", "2019-01-31": "8625.10100", "2018-10-31": "8523.10100", "2018-07-31": "8531.70000", "2018-04-30": "8673.00000", "2018-01-31": "8854.89900", "2017-10-31": "8514.10100", "2017-07-31": "8518.40000", "2017-04-30": "8257.10000", "2017-01-31": "8188.30000", "2016-10-31": "8120.50000", "2016-07-31": "8240.80000", "2016-04-30": "8356.90000", "2016-01-31": "7869.30000", "2015-10-31": "7939.60000", "2015-07-31": "7916.40000", "2015-04-30": "8026.40000", "2015-01-31": "8039.10100", "2014-10-31": "8399.00000", "2014-07-31": "8590.80000", "2014-04-30": "8701.70000", "2014-01-31": "8577.00000", "2013-10-31": "8591.40000", "2013-07-31": "8466.00000", "2013-04-30": "8536.30000", "2013-01-31": "5294.68100", "2012-10-31": "5073.85200", "2012-07-31": "4911.55000", "2012-04-30": "5052.44400", "2012-01-31": "5013.12600", "2011-10-31": "5129.68900", "2011-07-31": "5136.89100", "2011-04-30": "5183.51300", "2011-01-31": "4949.06100", "2010-10-31": "4976.33200", "2010-07-31": "4821.93700", "2010-04-30": "1353.63000", "2010-01-31": "1344.79600", "2009-10-31": "1346.19100", "2009-07-31": "1347.59700", "2009-04-30": "1345.66100", "2009-01-31": "1335.75500", "2008-10-31": "1406.49000", "2008-07-31": "1387.31900", "2008-04-30": "1366.80500", "2008-01-31": "1336.17500", "2007-10-31": "1268.35300", "2007-07-31": "1241.92600", "2007-04-30": "1219.78100", "2007-01-31": "1213.48200", "2006-10-31": "1102.40600", "2006-07-31": "1091.26300", "2006-04-30": "1086.28700", "2006-01-31": "1083.79100", "2005-10-31": "1078.23900", "2005-07-31": "1069.56400", "2005-04-30": "1062.67300", "2005-01-31": "1056.21800"}, "Total Assets": {"2020-10-31": "13257.20000", "2020-07-31": "13252.50000", "2020-04-30": "12294.20000", "2020-01-31": "13631.00000", "2019-10-31": "14019.20000", "2019-07-31": "13820.90000", "2019-04-30": "13355.00000", "2019-01-31": "11863.70000", "2018-10-31": "11830.90000", "2018-07-31": "11697.70000", "2018-04-30": "11714.60000", "2018-01-31": "11885.70000", "2017-10-31": "11658.20000", "2017-07-31": "11453.90000", "2017-04-30": "10912.30000", "2017-01-31": "11067.90000", "2016-10-31": "11068.60000", "2016-07-31": "11179.80000", "2016-04-30": "10885.10000", "2016-01-31": "10673.80000", "2015-10-31": "10704.50000", "2015-07-31": "10632.10000", "2015-04-30": "10649.70000", "2015-01-31": "10824.90000", "2014-10-31": "11265.70000", "2014-07-31": "11585.30000", "2014-04-30": "11629.00000", "2014-01-31": "11575.60000", "2013-10-31": "11653.50000", "2013-07-31": "11534.50000", "2013-04-30": "11592.70000", "2013-01-31": "7731.68700", "2012-10-31": "6985.97100", "2012-07-31": "6731.48800", "2012-04-30": "6780.39700", "2012-01-31": "6752.36100", "2011-10-31": "6922.17900", "2011-07-31": "6920.12900", "2011-04-30": "6854.41800", "2011-01-31": "6784.35000", "2010-10-31": "6872.75300", "2010-07-31": "6488.59500", "2010-04-30": "2730.01700", "2010-01-31": "2339.67900", "2009-10-31": "2303.98500", "2009-07-31": "2233.18800", "2009-04-30": "2194.18000", "2009-01-31": "2200.18400", "2008-10-31": "2283.89900", "2008-07-31": "2199.53500", "2008-04-30": "2157.71000", "2008-01-31": "2172.39400", "2007-10-31": "2251.84600", "2007-07-31": "2133.72200", "2007-04-30": "2035.98700", "2007-01-31": "2013.34500", "2006-10-31": "1947.72700", "2006-07-31": "1857.78400", "2006-04-30": "1805.86000", "2006-01-31": "1753.48200", "2005-10-31": "1723.72400", "2005-07-31": "1643.63300", "2005-04-30": "1576.65700", "2005-01-31": "1549.58200"}, "Total Current Liabilities": {"2020-10-31": "2567.90000", "2020-07-31": "2526.10000", "2020-04-30": "2321.60000", "2020-01-31": "2361.10000", "2019-10-31": "2552.70000", "2019-07-31": "2427.70000", "2019-04-30": "2206.60000", "2019-01-31": "1893.90000", "2018-10-31": "1898.60000", "2018-07-31": "1835.70000", "2018-04-30": "1727.10000", "2018-01-31": "1871.60000", "2017-10-31": "1726.30000", "2017-07-31": "1633.20000", "2017-04-30": "1378.20000", "2017-01-31": "1564.80000", "2016-10-31": "1356.40000", "2016-07-31": "1388.20000", "2016-04-30": "1394.90000", "2016-01-31": "1527.20000", "2015-10-31": "1366.40000", "2015-07-31": "1369.00000", "2015-04-30": "1226.90000", "2015-01-31": "1428.10000", "2014-10-31": "1378.70000", "2014-07-31": "1604.10000", "2014-04-30": "1466.40000", "2014-01-31": "1552.40000", "2013-10-31": "1300.20000", "2013-07-31": "1428.90000", "2013-04-30": "1290.00000", "2013-01-31": "1162.44700", "2012-10-31": "1139.96600", "2012-07-31": "1109.39300", "2012-04-30": "981.89300", "2012-01-31": "1043.87100", "2011-10-31": "995.46200", "2011-07-31": "1007.73000", "2011-04-30": "862.04200", "2011-01-31": "931.25500", "2010-10-31": "866.85900", "2010-07-31": "795.95300", "2010-04-30": "397.46800", "2010-01-31": "362.88100", "2009-10-31": "356.29400", "2009-07-31": "358.39000", "2009-04-30": "315.30400", "2009-01-31": "349.23800", "2008-10-31": "349.59700", "2008-07-31": "293.85100", "2008-04-30": "291.73300", "2008-01-31": "360.14800", "2007-10-31": "323.29600", "2007-07-31": "278.13400", "2007-04-30": "243.66600", "2007-01-31": "298.02600", "2006-10-31": "250.89200", "2006-07-31": "236.98300", "2006-04-30": "204.99200", "2006-01-31": "230.65900", "2005-10-31": "217.17000", "2005-07-31": "199.88300", "2005-04-30": "173.63200", "2005-01-31": "208.49300"}, "Long Term Debt": {"2020-10-31": "3464.10000", "2020-07-31": "3498.30000", "2020-04-30": "2854.20000", "2020-01-31": "2693.90000", "2019-10-31": "2738.40000", "2019-07-31": "2743.00000", "2019-04-30": "2759.40000", "2019-01-31": "2819.40000", "2018-10-31": "2878.30000", "2018-07-31": "2893.50000", "2018-04-30": "3013.20000", "2018-01-31": "3061.30000", "2017-10-31": "3182.70000", "2017-07-31": "3185.70000", "2017-04-30": "3157.10000", "2017-01-31": "3197.30000", "2016-10-31": "3303.10000", "2016-07-31": "3358.20000", "2016-04-30": "2991.60000", "2016-01-31": "3031.70000", "2015-10-31": "3191.30000", "2015-07-31": "3236.80000", "2015-04-30": "3362.80000", "2015-01-31": "3438.70000", "2014-10-31": "3618.70000", "2014-07-31": "3642.90000", "2014-04-30": "3862.00000", "2014-01-31": "3878.20000", "2013-10-31": "4174.60000", "2013-07-31": "4195.20000", "2013-04-30": "4362.30000", "2013-01-31": "2211.64200", "2012-10-31": "1647.59600", "2012-07-31": "1715.46400", "2012-04-30": "1794.86200", "2012-01-31": "1832.92500", "2011-10-31": "2030.44500", "2011-07-31": "2090.06200", "2011-04-30": "2208.19100", "2011-01-31": "2364.00200", "2010-10-31": "2523.91600", "2010-07-31": "2491.63500", "2010-04-30": "399.58800", "2010-01-31": "399.58400", "2009-10-31": "399.58000", "2009-07-31": "399.57600", "2009-04-30": "399.57200", "2009-01-31": "399.56700", "2008-10-31": "399.56400", "2008-07-31": "399.56000", "2008-04-30": "399.55600", "2008-01-31": "399.55200", "2007-10-31": "399.54900", "2007-07-31": "399.54500", "2007-04-30": "399.54100", "2007-01-31": "399.53800", "2006-10-31": "399.53500", "2006-07-31": "399.53100", "2006-04-30": "399.52800", "2006-01-31": "399.52500", "2005-10-31": "399.52200", "2005-07-31": "399.51900", "2005-04-30": "399.51500", "2005-01-31": "399.51200"}, "Other Non-Current Liabilities": {"2020-10-31": "1097.40000", "2020-07-31": "1115.20000", "2020-04-30": "1114.20000", "2020-01-31": "1234.50000", "2019-10-31": "1226.40000", "2019-07-31": "1243.60000", "2019-04-30": "1128.30000", "2019-01-31": "1322.40000", "2018-10-31": "1372.30000", "2018-07-31": "1402.10000", "2018-04-30": "1408.20000", "2018-01-31": "1414.40000", "2017-10-31": "1496.80000", "2017-07-31": "1536.70000", "2017-04-30": "1498.60000", "2017-01-31": "1499.30000", "2016-10-31": "1613.60000", "2016-07-31": "1629.80000", "2016-04-30": "1636.30000", "2016-01-31": "1562.60000", "2015-10-31": "1601.20000", "2015-07-31": "1616.50000", "2015-04-30": "1615.50000", "2015-01-31": "1593.80000", "2014-10-31": "1684.50000", "2014-07-31": "1808.00000", "2014-04-30": "1821.10000", "2014-01-31": "1804.20000", "2013-10-31": "1814.40000", "2013-07-31": "1836.20000", "2013-04-30": "1813.70000", "2013-01-31": "1105.02900", "2012-10-31": "1152.34200", "2012-07-31": "1125.80300", "2012-04-30": "1174.51700", "2012-01-31": "1160.11600", "2011-10-31": "1121.37900", "2011-07-31": "1111.13200", "2011-04-30": "1113.19600", "2011-01-31": "1046.54900", "2010-10-31": "1067.21400", "2010-07-31": "1037.54400", "2010-04-30": "419.71300", "2010-01-31": "408.66100", "2009-10-31": "404.65900", "2009-07-31": "420.32600", "2009-04-30": "455.87200", "2009-01-31": "452.58400", "2008-10-31": "443.67300", "2008-07-31": "468.21500", "2008-04-30": "462.77800", "2008-01-31": "456.41100", "2007-10-31": "418.46900", "2007-07-31": "406.01700", "2007-04-30": "397.58300", "2007-01-31": "373.62400", "2006-10-31": "393.91600", "2006-07-31": "371.44500", "2006-04-30": "374.88500", "2006-01-31": "350.71000", "2005-10-31": "381.66500", "2005-07-31": "356.82300", "2005-04-30": "338.07100", "2005-01-31": "312.80500"}, "Total Long Term Liabilities": {"2020-10-31": "6013.10000", "2020-07-31": "6142.90000", "2020-04-30": "5459.20000", "2020-01-31": "5458.40000", "2019-10-31": "5481.40000", "2019-07-31": "5521.50000", "2019-04-30": "5386.90000", "2019-01-31": "4142.00000", "2018-10-31": "4251.10000", "2018-07-31": "4296.60000", "2018-04-30": "4422.90000", "2018-01-31": "4477.70000", "2017-10-31": "4682.10000", "2017-07-31": "4725.50000", "2017-04-30": "4659.10000", "2017-01-31": "4698.60000", "2016-10-31": "4917.90000", "2016-07-31": "4988.10000", "2016-04-30": "4627.90000", "2016-01-31": "4594.30000", "2015-10-31": "4792.50000", "2015-07-31": "4853.30000", "2015-04-30": "4978.30000", "2015-01-31": "5032.50000", "2014-10-31": "5303.20000", "2014-07-31": "5450.90000", "2014-04-30": "5683.10000", "2014-01-31": "5688.00000", "2013-10-31": "5994.60000", "2013-07-31": "6037.00000", "2013-04-30": "6181.70000", "2013-01-31": "3316.67100", "2012-10-31": "2799.93800", "2012-07-31": "2841.26700", "2012-04-30": "2969.37900", "2012-01-31": "2993.04100", "2011-10-31": "3151.82400", "2011-07-31": "3201.19400", "2011-04-30": "3321.38700", "2011-01-31": "3410.55100", "2010-10-31": "3591.13000", "2010-07-31": "3529.17900", "2010-04-30": "819.30100", "2010-01-31": "808.24500", "2009-10-31": "804.23900", "2009-07-31": "819.90200", "2009-04-30": "855.44400", "2009-01-31": "852.15100", "2008-10-31": "843.23700", "2008-07-31": "867.77500", "2008-04-30": "862.33400", "2008-01-31": "855.96300", "2007-10-31": "818.01800", "2007-07-31": "805.56200", "2007-04-30": "797.12400", "2007-01-31": "773.16200", "2006-10-31": "793.45100", "2006-07-31": "770.97600", "2006-04-30": "774.41300", "2006-01-31": "750.23500", "2005-10-31": "781.18700", "2005-07-31": "756.34200", "2005-04-30": "737.58610", "2005-01-31": "712.31700"}, "Total Liabilities": {"2020-10-31": "8581.00000", "2020-07-31": "8669.00000", "2020-04-30": "7780.80000", "2020-01-31": "7819.50000", "2019-10-31": "8034.10000", "2019-07-31": "7949.20000", "2019-04-30": "7593.50000", "2019-01-31": "6035.90000", "2018-10-31": "6149.70000", "2018-07-31": "6132.30000", "2018-04-30": "6150.00000", "2018-01-31": "6349.30000", "2017-10-31": "6408.40000", "2017-07-31": "6358.70000", "2017-04-30": "6037.30000", "2017-01-31": "6263.40000", "2016-10-31": "6274.30000", "2016-07-31": "6376.30000", "2016-04-30": "6022.80000", "2016-01-31": "6121.50000", "2015-10-31": "6158.90000", "2015-07-31": "6222.30000", "2015-04-30": "6205.20000", "2015-01-31": "6460.60000", "2014-10-31": "6681.90000", "2014-07-31": "7055.00000", "2014-04-30": "7149.50000", "2014-01-31": "7240.40000", "2013-10-31": "7294.80000", "2013-07-31": "7465.90000", "2013-04-30": "7471.70000", "2013-01-31": "4479.11800", "2012-10-31": "3939.90400", "2012-07-31": "3950.66000", "2012-04-30": "3951.27200", "2012-01-31": "4036.91200", "2011-10-31": "4147.28600", "2011-07-31": "4208.92400", "2011-04-30": "4183.42900", "2011-01-31": "4341.80600", "2010-10-31": "4457.98900", "2010-07-31": "4325.13200", "2010-04-30": "1216.76900", "2010-01-31": "1171.12600", "2009-10-31": "1160.53300", "2009-07-31": "1178.29200", "2009-04-30": "1170.74800", "2009-01-31": "1201.38900", "2008-10-31": "1192.83400", "2008-07-31": "1161.62600", "2008-04-30": "1154.06700", "2008-01-31": "1216.11100", "2007-10-31": "1141.31400", "2007-07-31": "1083.69600", "2007-04-30": "1040.79000", "2007-01-31": "1071.18800", "2006-10-31": "1044.34300", "2006-07-31": "1007.95900", "2006-04-30": "979.40500", "2006-01-31": "980.89400", "2005-10-31": "998.35700", "2005-07-31": "956.22500", "2005-04-30": "911.21800", "2005-01-31": "920.81000"}, "Common Stock Net": {"2020-10-31": "86.20000", "2020-07-31": "86.20000", "2020-04-30": "86.10000", "2020-01-31": "85.90000", "2019-10-31": "85.90000", "2019-07-31": "85.90000", "2019-04-30": "85.80000", "2019-01-31": "85.40000", "2018-10-31": "85.40000", "2018-07-31": "85.40000", "2018-04-30": "85.30000", "2018-01-31": "84.90000", "2017-10-31": "84.30000", "2017-07-31": "84.30000", "2017-04-30": "84.10000", "2017-01-31": "83.90000", "2016-10-31": "83.90000", "2016-07-31": "83.90000", "2016-04-30": "83.60000", "2016-01-31": "83.50000", "2015-10-31": "83.50000", "2015-07-31": "83.50000", "2015-04-30": "83.40000", "2015-01-31": "83.10000", "2014-10-31": "83.00000", "2014-07-31": "83.00000", "2014-04-30": "82.90000", "2014-01-31": "82.70000", "2013-10-31": "82.10000", "2013-07-31": "82.10000", "2013-04-30": "81.20000", "2013-01-31": "73.32400", "2012-10-31": "71.03700", "2012-07-31": "70.95200", "2012-04-30": "70.67900", "2012-01-31": "68.29800", "2011-10-31": "67.82500", "2011-07-31": "67.79800", "2011-04-30": "67.55300", "2011-01-31": "67.23500", "2010-10-31": "67.10900", "2010-07-31": "66.44900", "2010-04-30": "57.95300", "2010-01-31": "57.13900", "2009-10-31": "56.96200", "2009-07-31": "56.85800", "2009-04-30": "56.78700", "2009-01-31": "56.70900", "2008-10-31": "56.70000", "2008-07-31": "56.68100", "2008-04-30": "56.60700", "2008-01-31": "56.50600", "2007-10-31": "56.49100", "2007-07-31": "56.46100", "2007-04-30": "56.10000", "2007-01-31": "55.85000", "2006-10-31": "55.50100", "2006-07-31": "55.36200", "2006-04-30": "43.63500", "2006-01-31": "43.23600", "2005-10-31": "42.23100", "2005-07-31": "41.89400", "2005-04-30": "33.56200", "2005-01-31": "32.45200"}, "Retained Earnings (Accumulated Deficit)": {"2020-10-31": "3670.90000", "2020-07-31": "3601.10000", "2020-04-30": "3652.50000", "2020-01-31": "4753.00000", "2019-10-31": "4820.40000", "2019-07-31": "4614.00000", "2019-04-30": "4423.30000", "2019-01-31": "4350.10000", "2018-10-31": "4191.40000", "2018-07-31": "3951.10000", "2018-04-30": "3788.80000", "2018-01-31": "3625.20000", "2017-10-31": "3514.70000", "2017-07-31": "3278.40000", "2017-04-30": "3161.70000", "2017-01-31": "3098.00000", "2016-10-31": "2997.30000", "2016-07-31": "2874.10000", "2016-04-30": "2786.60000", "2016-01-31": "2561.20000", "2015-10-31": "2427.00000", "2015-07-31": "2208.20000", "2015-04-30": "2109.20000", "2015-01-31": "2001.30000", "2014-10-31": "1949.80000", "2014-07-31": "1727.20000", "2014-04-30": "1607.00000", "2014-01-31": "1574.80000", "2013-10-31": "1612.50000", "2013-07-31": "1419.10000", "2013-04-30": "1429.30000", "2013-01-31": "1445.67300", "2012-10-31": "1367.67300", "2012-07-31": "1202.72200", "2012-04-30": "1112.81100", "2012-01-31": "1022.81800", "2011-10-31": "1068.55400", "2011-07-31": "959.03400", "2011-04-30": "892.32500", "2011-01-31": "840.07200", "2010-10-31": "790.55000", "2010-07-31": "693.39300", "2010-04-30": "764.49500", "2010-01-31": "796.28200", "2009-10-31": "771.22400", "2009-07-31": "689.56600", "2009-04-30": "663.00900", "2009-01-31": "642.18300", "2008-10-31": "680.11700", "2008-07-31": "630.30700", "2008-04-30": "601.10100", "2008-01-31": "558.53800", "2007-10-31": "528.20400", "2007-07-31": "471.57100", "2007-04-30": "432.46900", "2007-01-31": "388.55500", "2006-10-31": "363.87700", "2006-07-31": "315.18000", "2006-04-30": "297.17400", "2006-01-31": "255.36000", "2005-10-31": "235.67100", "2005-07-31": "201.76800", "2005-04-30": "195.72200", "2005-01-31": "178.50700"}, "Comprehensive Income": {"2020-10-31": "-614.30000", "2020-07-31": "-622.60000", "2020-04-30": "-733.40000", "2020-01-31": "-640.10000", "2019-10-31": "-622.60000", "2019-07-31": "-611.40000", "2019-04-30": "-583.70000", "2019-01-31": "-507.90000", "2018-10-31": "-534.30000", "2018-07-31": "-504.70000", "2018-04-30": "-406.60000", "2018-01-31": "-321.50000", "2017-10-31": "-525.50000", "2017-07-31": "-496.60000", "2017-04-30": "-651.40000", "2017-01-31": "-710.80000", "2016-10-31": "-699.70000", "2016-07-31": "-652.70000", "2016-04-30": "-574.90000", "2016-01-31": "-704.20000", "2015-10-31": "-615.20000", "2015-07-31": "-579.90000", "2015-04-30": "-448.80000", "2015-01-31": "-416.50000", "2014-10-31": "-129.60000", "2014-07-31": "59.70000", "2014-04-30": "143.60000", "2014-01-31": "42.30000", "2013-10-31": "77.90000", "2013-07-31": "0.60000", "2013-04-30": "35.90000", "2013-01-31": "139.88200", "2012-10-31": "31.45900", "2012-07-31": "-57.52400", "2012-04-30": "86.45300", "2012-01-31": "73.83500", "2011-10-31": "117.05000", "2011-07-31": "174.38600", "2011-04-30": "213.48000", "2011-01-31": "55.74400", "2010-10-31": "92.77700", "2010-07-31": "-31.99300", "2010-04-30": "-79.87000", "2010-01-31": "-80.44800", "2009-10-31": "-70.49500", "2009-07-31": "-71.27600", "2009-04-30": "-72.38700", "2009-01-31": "-73.02000", "2008-10-31": "-16.96000", "2008-07-31": "-16.82300", "2008-04-30": "-17.18800", "2008-01-31": "-17.38400", "2007-10-31": "-29.98100", "2007-07-31": "-30.72100", "2007-04-30": "-31.52300", "2007-01-31": "-32.20000", "2006-10-31": "-33.96500", "2006-07-31": "-33.96500", "2006-04-30": "-33.96800", "2006-01-31": "-33.99500", "2005-10-31": "-32.12500", "2005-07-31": "-32.12600", "2005-04-30": "-32.04200", "2005-01-31": "-32.02400"}, "Other Share Holders Equity": {"2020-10-31": "", "2020-07-31": "", "2020-04-30": "", "2020-01-31": "", "2019-10-31": "", "2019-07-31": "", "2019-04-30": "", "2019-01-31": "", "2018-10-31": "", "2018-07-31": "", "2018-04-30": "", "2018-01-31": "", "2017-10-31": "", "2017-07-31": "", "2017-04-30": "", "2017-01-31": "", "2016-10-31": "", "2016-07-31": "", "2016-04-30": "", "2016-01-31": "", "2015-10-31": "", "2015-07-31": "", "2015-04-30": "", "2015-01-31": "", "2014-10-31": "", "2014-07-31": "", "2014-04-30": "", "2014-01-31": "", "2013-10-31": "", "2013-07-31": "", "2013-04-30": "", "2013-01-31": "", "2012-10-31": "", "2012-07-31": "", "2012-04-30": "", "2012-01-31": "", "2011-10-31": "", "2011-07-31": "", "2011-04-30": "", "2011-01-31": "", "2010-10-31": "", "2010-07-31": "", "2010-04-30": "", "2010-01-31": "", "2009-10-31": "", "2009-07-31": "", "2009-04-30": "", "2009-01-31": "", "2008-10-31": "", "2008-07-31": "", "2008-04-30": "", "2008-01-31": "", "2007-10-31": "", "2007-07-31": "", "2007-04-30": "", "2007-01-31": "", "2006-10-31": "", "2006-07-31": "", "2006-04-30": "", "2006-01-31": "", "2005-10-31": "", "2005-07-31": "", "2005-04-30": "", "2005-01-31": ""}, "Share Holder Equity": {"2020-10-31": "4676.20000", "2020-07-31": "4583.50000", "2020-04-30": "4513.40000", "2020-01-31": "5811.50000", "2019-10-31": "5985.10000", "2019-07-31": "5871.70000", "2019-04-30": "5761.50000", "2019-01-31": "5827.80000", "2018-10-31": "5681.20000", "2018-07-31": "5565.40000", "2018-04-30": "5564.60000", "2018-01-31": "5536.40000", "2017-10-31": "5249.80000", "2017-07-31": "5095.20000", "2017-04-30": "4875.00000", "2017-01-31": "4804.50000", "2016-10-31": "4794.30000", "2016-07-31": "4803.50000", "2016-04-30": "4862.30000", "2016-01-31": "4552.30000", "2015-10-31": "4545.60000", "2015-07-31": "4409.80000", "2015-04-30": "4444.50000", "2015-01-31": "4364.30000", "2014-10-31": "4583.80000", "2014-07-31": "4530.30000", "2014-04-30": "4479.50000", "2014-01-31": "4335.20000", "2013-10-31": "4358.70000", "2013-07-31": "4068.60000", "2013-04-30": "4121.00000", "2013-01-31": "3252.56900", "2012-10-31": "3046.06700", "2012-07-31": "2780.82800", "2012-04-30": "2829.12500", "2012-01-31": "2715.44900", "2011-10-31": "2774.89300", "2011-07-31": "2711.20500", "2011-04-30": "2670.98900", "2011-01-31": "2442.54400", "2010-10-31": "2414.76400", "2010-07-31": "2163.46300", "2010-04-30": "1513.24800", "2010-01-31": "1168.55300", "2009-10-31": "1143.45200", "2009-07-31": "1054.89600", "2009-04-30": "1023.43200", "2009-01-31": "998.79500", "2008-10-31": "1091.06500", "2008-07-31": "1037.90900", "2008-04-30": "1003.64300", "2008-01-31": "956.28300", "2007-10-31": "1110.53200", "2007-07-31": "1050.02600", "2007-04-30": "995.19700", "2007-01-31": "942.15700", "2006-10-31": "903.38400", "2006-07-31": "849.82500", "2006-04-30": "826.45500", "2006-01-31": "772.58800", "2005-10-31": "725.36700", "2005-07-31": "687.40800", "2005-04-30": "665.43900", "2005-01-31": "628.77200"}, "Total Liabilities And Share Holders Equity": {"2020-10-31": "13257.20000", "2020-07-31": "13252.50000", "2020-04-30": "12294.20000", "2020-01-31": "13631.00000", "2019-10-31": "14019.20000", "2019-07-31": "13820.90000", "2019-04-30": "13355.00000", "2019-01-31": "11863.70000", "2018-10-31": "11830.90000", "2018-07-31": "11697.70000", "2018-04-30": "11714.60000", "2018-01-31": "11885.70000", "2017-10-31": "11658.20000", "2017-07-31": "11453.90000", "2017-04-30": "10912.30000", "2017-01-31": "11067.90000", "2016-10-31": "11068.60000", "2016-07-31": "11179.80000", "2016-04-30": "10885.10000", "2016-01-31": "10673.80000", "2015-10-31": "10704.50000", "2015-07-31": "10632.10000", "2015-04-30": "10649.70000", "2015-01-31": "10824.90000", "2014-10-31": "11265.70000", "2014-07-31": "11585.30000", "2014-04-30": "11629.00000", "2014-01-31": "11575.60000", "2013-10-31": "11653.50000", "2013-07-31": "11534.50000", "2013-04-30": "11592.70000", "2013-01-31": "7731.68700", "2012-10-31": "6985.97100", "2012-07-31": "6731.48800", "2012-04-30": "6780.39700", "2012-01-31": "6752.36100", "2011-10-31": "6922.17900", "2011-07-31": "6920.12900", "2011-04-30": "6854.41800", "2011-01-31": "6784.35000", "2010-10-31": "6872.75300", "2010-07-31": "6488.59500", "2010-04-30": "2730.01700", "2010-01-31": "2339.67900", "2009-10-31": "2303.98500", "2009-07-31": "2233.18800", "2009-04-30": "2194.18000", "2009-01-31": "2200.18400", "2008-10-31": "2283.89900", "2008-07-31": "2199.53500", "2008-04-30": "2157.71000", "2008-01-31": "2172.39400", "2007-10-31": "2251.84600", "2007-07-31": "2133.72200", "2007-04-30": "2035.98700", "2007-01-31": "2013.34500", "2006-10-31": "1947.72700", "2006-07-31": "1857.78400", "2006-04-30": "1805.86000", "2006-01-31": "1753.48200", "2005-10-31": "1723.72400", "2005-07-31": "1643.63300", "2005-04-30": "1576.65700", "2005-01-31": "1549.58200"}}, "cash flow statement": {"Net Income/Loss": {"2020-01-31": "415.10000", "2019-01-31": "744.60000", "2018-01-31": "536.10000", "2017-01-31": "548.70000", "2016-01-31": "572.40000", "2015-01-31": "438.90000", "2014-01-31": "143.40000", "2013-01-31": "433.80000", "2012-01-31": "275.69700", "2011-01-31": "54.37700", "2010-01-31": "161.91000", "2009-01-31": "91.77100", "2008-01-31": "183.31900", "2007-01-31": "155.22900", "2006-01-31": "111.68800", "2005-01-31": "58.61500"}, "Total Depreciation And Amortization - Cash Flow": {"2020-01-31": "323.80000", "2019-01-31": "334.80000", "2018-01-31": "324.90000", "2017-01-31": "321.80000", "2016-01-31": "257.40000", "2015-01-31": "244.70000", "2014-01-31": "313.60000", "2013-01-31": "140.40000", "2012-01-31": "132.01000", "2011-01-31": "147.13700", "2010-01-31": "49.88900", "2009-01-31": "55.36600", "2008-01-31": "46.59000", "2007-01-31": "37.90200", "2006-01-31": "35.48100", "2005-01-31": "32.02200"}, "Other Non-Cash Items": {"2020-01-31": "214.70000", "2019-01-31": "-55.50000", "2018-01-31": "-146.80000", "2017-01-31": "-145.10000", "2016-01-31": "6.40000", "2015-01-31": "258.80000", "2014-01-31": "-59.50000", "2013-01-31": "8.80000", "2012-01-31": "134.47300", "2011-01-31": "163.98200", "2010-01-31": "26.46000", "2009-01-31": "62.67800", "2008-01-31": "12.37900", "2007-01-31": "22.58800", "2006-01-31": "52.90300", "2005-01-31": "30.72700"}, "Total Non-Cash Items": {"2020-01-31": "538.50000", "2019-01-31": "279.30000", "2018-01-31": "178.10000", "2017-01-31": "176.70000", "2016-01-31": "263.80000", "2015-01-31": "503.50000", "2014-01-31": "254.10000", "2013-01-31": "149.20000", "2012-01-31": "266.48300", "2011-01-31": "311.11900", "2010-01-31": "76.34900", "2009-01-31": "118.04400", "2008-01-31": "58.96900", "2007-01-31": "60.49000", "2006-01-31": "88.38400", "2005-01-31": "62.74900"}, "Change In Accounts Receivable": {"2020-01-31": "-17.10000", "2019-01-31": "-151.40000", "2018-01-31": "3.30000", "2017-01-31": "22.30000", "2016-01-31": "33.20000", "2015-01-31": "-17.40000", "2014-01-31": "-31.70000", "2013-01-31": "55.70000", "2012-01-31": "-40.84000", "2011-01-31": "-114.76700", "2010-01-31": "-1.20200", "2009-01-31": "-39.44600", "2008-01-31": "-47.74100", "2007-01-31": "20.35700", "2006-01-31": "-2.28500", "2005-01-31": "3.24400"}, "Change In Inventories": {"2020-01-31": "121.40000", "2019-01-31": "-212.10000", "2018-01-31": "-163.50000", "2017-01-31": "2.20000", "2016-01-31": "-96.20000", "2015-01-31": "-71.70000", "2014-01-31": "-44.30000", "2013-01-31": "-57.50000", "2012-01-31": "-111.24800", "2011-01-31": "-141.65500", "2010-01-31": "20.76800", "2009-01-31": "38.56200", "2008-01-31": "-26.78200", "2007-01-31": "-16.13300", "2006-01-31": "-14.83400", "2005-01-31": "-24.45700"}, "Change In Accounts Payable": {"2020-01-31": "", "2019-01-31": "", "2018-01-31": "", "2017-01-31": "", "2016-01-31": "", "2015-01-31": "", "2014-01-31": "", "2013-01-31": "", "2012-01-31": "", "2011-01-31": "", "2010-01-31": "", "2009-01-31": "", "2008-01-31": "", "2007-01-31": "", "2006-01-31": "", "2005-01-31": ""}, "Change In Assets/Liabilities": {"2020-01-31": "-85.40000", "2019-01-31": "79.20000", "2018-01-31": "-95.70000", "2017-01-31": "-14.20000", "2016-01-31": "73.30000", "2015-01-31": "-22.50000", "2014-01-31": "155.90000", "2013-01-31": "-98.20000", "2012-01-31": "31.69600", "2011-01-31": "16.44600", "2010-01-31": "-54.39700", "2009-01-31": "21.84000", "2008-01-31": "11.83200", "2007-01-31": "-15.99800", "2006-01-31": "-10.48500", "2005-01-31": "16.42400"}, "Total Change In Assets/Liabilities": {"2020-01-31": "66.70000", "2019-01-31": "-171.40000", "2018-01-31": "-70.00000", "2017-01-31": "177.20000", "2016-01-31": "68.90000", "2015-01-31": "-153.30000", "2014-01-31": "38.70000", "2013-01-31": "-13.40000", "2012-01-31": "-72.16800", "2011-01-31": "-6.32500", "2010-01-31": "-23.84500", "2009-01-31": "30.00000", "2008-01-31": "-22.95300", "2007-01-31": "35.54000", "2006-01-31": "-10.68700", "2005-01-31": "21.28500"}, "Cash Flow From Operating Activities": {"2020-01-31": "1020.30000", "2019-01-31": "852.50000", "2018-01-31": "644.20000", "2017-01-31": "902.60000", "2016-01-31": "905.10000", "2015-01-31": "789.10000", "2014-01-31": "411.90000", "2013-01-31": "569.60000", "2012-01-31": "490.72100", "2011-01-31": "359.17100", "2010-01-31": "214.41400", "2009-01-31": "239.81500", "2008-01-31": "219.33500", "2007-01-31": "251.25900", "2006-01-31": "189.38500", "2005-01-31": "142.64900"}, "Net Change In Property, Plant, And Equipment": {"2020-01-31": "-285.80000", "2019-01-31": "-379.50000", "2018-01-31": "-354.70000", "2017-01-31": "-229.90000", "2016-01-31": "-263.80000", "2015-01-31": "-255.80000", "2014-01-31": "-237.10000", "2013-01-31": "-210.60000", "2012-01-31": "-169.84100", "2011-01-31": "-100.99500", "2010-01-31": "-23.85600", "2009-01-31": "-88.14100", "2008-01-31": "-94.74900", "2007-01-31": "-46.16100", "2006-01-31": "-37.44300", "2005-01-31": "-46.19500"}, "Net Change In Intangible Assets": {"2020-01-31": "", "2019-01-31": "", "2018-01-31": "", "2017-01-31": "", "2016-01-31": "", "2015-01-31": "", "2014-01-31": "", "2013-01-31": "", "2012-01-31": "", "2011-01-31": "", "2010-01-31": "", "2009-01-31": "", "2008-01-31": "", "2007-01-31": "", "2006-01-31": "", "2005-01-31": ""}, "Net Acquisitions/Divestitures": {"2020-01-31": "-192.40000", "2019-01-31": "-15.90000", "2018-01-31": "-40.10000", "2017-01-31": "-157.70000", "2016-01-31": "", "2015-01-31": "-13.50000", "2014-01-31": "-1753.80000", "2013-01-31": "-37.90000", "2012-01-31": "-34.64100", "2011-01-31": "-2493.12500", "2010-01-31": "-1.58200", "2009-01-31": "-35.04200", "2008-01-31": "1.63000", "2007-01-31": "-113.26200", "2006-01-31": "", "2005-01-31": "-70.53900"}, "Net Change In Short-term Investments": {"2020-01-31": "-27.70000", "2019-01-31": "0.00000", "2018-01-31": "-14.20000", "2017-01-31": "-32.00000", "2016-01-31": "-26.60000", "2015-01-31": "-26.20000", "2014-01-31": "-3.50000", "2013-01-31": "-8.40000", "2012-01-31": "-48.70000", "2011-01-31": "0.00000", "2010-01-31": "", "2009-01-31": "1.86400", "2008-01-31": "3.33500", "2007-01-31": "32.81100", "2006-01-31": "", "2005-01-31": "0.74300"}, "Net Change In Long-Term Investments": {"2020-01-31": "", "2019-01-31": "", "2018-01-31": "", "2017-01-31": "", "2016-01-31": "", "2015-01-31": "", "2014-01-31": "", "2013-01-31": "", "2012-01-31": "", "2011-01-31": "", "2010-01-31": "", "2009-01-31": "", "2008-01-31": "", "2007-01-31": "", "2006-01-31": "", "2005-01-31": ""}, "Net Change In Investments - Total": {"2020-01-31": "-27.70000", "2019-01-31": "", "2018-01-31": "-14.20000", "2017-01-31": "-32.00000", "2016-01-31": "-26.60000", "2015-01-31": "-26.20000", "2014-01-31": "-3.50000", "2013-01-31": "-8.40000", "2012-01-31": "-48.70000", "2011-01-31": "", "2010-01-31": "", "2009-01-31": "1.86400", "2008-01-31": "3.33500", "2007-01-31": "32.81100", "2006-01-31": "", "2005-01-31": "0.74300"}, "Investing Activities - Other": {"2020-01-31": "", "2019-01-31": "", "2018-01-31": "6.30000", "2017-01-31": "-7.60000", "2016-01-31": "-31.10000", "2015-01-31": "-62.20000", "2014-01-31": "-62.90000", "2013-01-31": "-51.20000", "2012-01-31": "-50.67900", "2011-01-31": "-184.14500", "2010-01-31": "-37.43500", "2009-01-31": "-55.36500", "2008-01-31": "-35.81500", "2007-01-31": "-27.56500", "2006-01-31": "-26.44300", "2005-01-31": "-22.24600"}, "Cash Flow From Investing Activities": {"2020-01-31": "-505.90000", "2019-01-31": "-395.40000", "2018-01-31": "-402.70000", "2017-01-31": "-427.20000", "2016-01-31": "-321.50000", "2015-01-31": "-357.70000", "2014-01-31": "-2057.30000", "2013-01-31": "-308.10000", "2012-01-31": "-303.86100", "2011-01-31": "-2778.26500", "2010-01-31": "-62.87300", "2009-01-31": "-176.68400", "2008-01-31": "-125.59900", "2007-01-31": "-154.17700", "2006-01-31": "-63.88600", "2005-01-31": "-138.23700"}, "Net Long-Term Debt": {"2020-01-31": "-80.10000", "2019-01-31": "-150.00000", "2018-01-31": "-265.00000", "2017-01-31": "28.10000", "2016-01-31": "-350.00000", "2015-01-31": "-506.40000", "2014-01-31": "1593.20000", "2013-01-31": "400.40000", "2012-01-31": "-450.72500", "2011-01-31": "2158.34700", "2010-01-31": "", "2009-01-31": "", "2008-01-31": "", "2007-01-31": "", "2006-01-31": "", "2005-01-31": "-12.16200"}, "Net Current Debt": {"2020-01-31": "-12.10000", "2019-01-31": "-6.70000", "2018-01-31": "0.40000", "2017-01-31": "-6.80000", "2016-01-31": "17.40000", "2015-01-31": "0.20000", "2014-01-31": "-244.30000", "2013-01-31": "-7.90000", "2012-01-31": "8.17200", "2011-01-31": "4.86800", "2010-01-31": "", "2009-01-31": "", "2008-01-31": "", "2007-01-31": "", "2006-01-31": "", "2005-01-31": ""}, "Debt Issuance/Retirement Net - Total": {"2020-01-31": "-92.20000", "2019-01-31": "-156.70000", "2018-01-31": "-264.60000", "2017-01-31": "21.30000", "2016-01-31": "-332.60000", "2015-01-31": "-506.20000", "2014-01-31": "1348.90000", "2013-01-31": "392.50000", "2012-01-31": "-442.55300", "2011-01-31": "2163.21500", "2010-01-31": "", "2009-01-31": "", "2008-01-31": "", "2007-01-31": "", "2006-01-31": "", "2005-01-31": "-12.16200"}, "Net Common Equity Issued/Repurchased": {"2020-01-31": "-342.60000", "2019-01-31": "-304.80000", "2018-01-31": "-229.10000", "2017-01-31": "-309.00000", "2016-01-31": "-131.00000", "2015-01-31": "1.90000", "2014-01-31": "-9.90000", "2013-01-31": "-0.70000", "2012-01-31": "19.18700", "2011-01-31": "385.98700", "2010-01-31": "7.67800", "2009-01-31": "2.79200", "2008-01-31": "-187.73000", "2007-01-31": "17.53000", "2006-01-31": "52.57900", "2005-01-31": "24.63300"}, "Net Total Equity Issued/Repurchased": {"2020-01-31": "-342.60000", "2019-01-31": "-304.80000", "2018-01-31": "-229.10000", "2017-01-31": "-309.00000", "2016-01-31": "-131.00000", "2015-01-31": "1.90000", "2014-01-31": "-9.90000", "2013-01-31": "-0.70000", "2012-01-31": "19.18700", "2011-01-31": "574.58200", "2010-01-31": "7.67800", "2009-01-31": "2.79200", "2008-01-31": "-187.73000", "2007-01-31": "17.53000", "2006-01-31": "52.57900", "2005-01-31": "24.63300"}, "Total Common And Preferred Stock Dividends Paid": {"2020-01-31": "-11.30000", "2019-01-31": "-11.60000", "2018-01-31": "-11.90000", "2017-01-31": "-12.20000", "2016-01-31": "-12.50000", "2015-01-31": "-12.50000", "2014-01-31": "-12.30000", "2013-01-31": "-10.90000", "2012-01-31": "-10.87400", "2011-01-31": "-10.01500", "2010-01-31": "-7.81100", "2009-01-31": "-7.76000", "2008-01-31": "-8.45200", "2007-01-31": "-11.08600", "2006-01-31": "-20.63000", "2005-01-31": "-25.75700"}, "Financial Activities - Other": {"2020-01-31": "-5.50000", "2019-01-31": "-5.40000", "2018-01-31": "-3.40000", "2017-01-31": "-4.80000", "2016-01-31": "-7.80000", "2015-01-31": "2.30000", "2014-01-31": "28.10000", "2013-01-31": "4.00000", "2012-01-31": "-9.42100", "2011-01-31": "-301.25600", "2010-01-31": "1.26900", "2009-01-31": "1.15800", "2008-01-31": "6.26100", "2007-01-31": "-4.78400", "2006-01-31": "-14.20500", "2005-01-31": ""}, "Cash Flow From Financial Activities": {"2020-01-31": "-451.60000", "2019-01-31": "-478.50000", "2018-01-31": "-509.00000", "2017-01-31": "-304.70000", "2016-01-31": "-483.90000", "2015-01-31": "-514.50000", "2014-01-31": "1354.80000", "2013-01-31": "384.90000", "2012-01-31": "-443.66100", "2011-01-31": "2426.52600", "2010-01-31": "1.13600", "2009-01-31": "-3.81000", "2008-01-31": "-189.92100", "2007-01-31": "1.66000", "2006-01-31": "17.74400", "2005-01-31": "-13.28600"}, "Net Cash Flow": {"2020-01-31": "51.40000", "2019-01-31": "-41.90000", "2018-01-31": "-236.20000", "2017-01-31": "173.70000", "2016-01-31": "77.10000", "2015-01-31": "-113.90000", "2014-01-31": "-299.00000", "2013-01-31": "659.00000", "2012-01-31": "-265.52100", "2011-01-31": "17.83600", "2010-01-31": "152.71500", "2009-01-31": "58.25300", "2008-01-31": "-96.18500", "2007-01-31": "98.74200", "2006-01-31": "143.24300", "2005-01-31": "-8.87400"}, "Stock-Based Compensation": {"2020-01-31": "56.10000", "2019-01-31": "56.20000", "2018-01-31": "44.90000", "2017-01-31": "38.20000", "2016-01-31": "42.00000", "2015-01-31": "48.70000", "2014-01-31": "58.00000", "2013-01-31": "33.60000", "2012-01-31": "40.93800", "2011-01-31": "33.28100", "2010-01-31": "14.45600", "2009-01-31": "10.52700", "2008-01-31": "9.63100", "2007-01-31": "6.86200", "2006-01-31": "", "2005-01-31": ""}, "Common Stock Dividends Paid": {"2020-01-31": "-11.30000", "2019-01-31": "-11.60000", "2018-01-31": "-11.90000", "2017-01-31": "-12.20000", "2016-01-31": "-12.50000", "2015-01-31": "-12.50000", "2014-01-31": "-12.30000", "2013-01-31": "-10.90000", "2012-01-31": "-10.87400", "2011-01-31": "-10.01500", "2010-01-31": "-7.81100", "2009-01-31": "-7.76000", "2008-01-31": "-8.45200", "2007-01-31": "-7.85600", "2006-01-31": "-5.66100", "2005-01-31": "-4.63500"}}, "cash flow statement, quarterly": {"Net Income/Loss": {"2020-10-31": 69.5, "2020-07-31": -51.7, "2020-04-30": "-1097.20000", "2020-01-31": -68.5, "2019-10-31": 208.9, "2019-07-31": 193.1, "2019-04-30": "81.60000", "2019-01-31": 158.4, "2018-10-31": 242.6, "2018-07-31": 164.7, "2018-04-30": "178.90000", "2018-01-31": 107.9, "2017-10-31": 238.7, "2017-07-31": 119.4, "2017-04-30": "70.10000", "2017-01-31": 100.5, "2016-10-31": 126.1, "2016-07-31": 90.5, "2016-04-30": "231.60000", "2016-01-31": 134.2, "2015-10-31": 221.9, "2015-07-31": 102.2, "2015-04-30": "114.10000", "2015-01-31": 51.5, "2014-10-31": 225.7, "2014-07-31": 126.5, "2014-04-30": "35.20000", "2014-01-31": -37.6, "2013-10-31": 196.6, "2013-07-31": -5.3, "2013-04-30": "-10.30000", "2013-01-31": 80.708, "2012-10-31": 167.698, "2012-07-31": 89.918, "2012-04-30": "95.47600", "2012-01-31": 39.062, "2011-10-31": 112.239, "2011-07-31": 66.729, "2011-04-30": "57.66700", "2011-01-31": 52.766, "2010-10-31": 99.848, "2010-07-31": -70.624, "2010-04-30": "-27.61300", "2010-01-31": 27.023, "2009-10-31": 83.619, "2009-07-31": 26.557, "2009-04-30": "24.71100", "2009-01-31": -37.935, "2008-10-31": 53.699, "2008-07-31": 29.206, "2008-04-30": "46.80100", "2008-01-31": 30.334, "2007-10-31": 60.879, "2007-07-31": 39.1, "2007-04-30": "53.00600", "2007-01-31": 26.758, "2006-10-31": 50.773, "2006-07-31": 28.953, "2006-04-30": "48.74500", "2006-01-31": 22.919, "2005-10-31": 40.289, "2005-07-31": 23.5, "2005-04-30": "24.98000", "2005-01-31": 58.615}, "Total Depreciation And Amortization - Cash Flow": {"2020-10-31": 80.2, "2020-07-31": 78.9, "2020-04-30": "81.10000", "2020-01-31": 87.3, "2019-10-31": 81.6, "2019-07-31": 78.4, "2019-04-30": "76.50000", "2019-01-31": 86.8, "2018-10-31": 81.8, "2018-07-31": 83, "2018-04-30": "83.20000", "2018-01-31": 85.9, "2017-10-31": 81.2, "2017-07-31": 80.6, "2017-04-30": "77.20000", "2017-01-31": 84.2, "2016-10-31": 84.4, "2016-07-31": 82.6, "2016-04-30": "70.60000", "2016-01-31": 70.4, "2015-10-31": 63, "2015-07-31": 63, "2015-04-30": "61.00000", "2015-01-31": 63.3, "2014-10-31": 60.3, "2014-07-31": 60.4, "2014-04-30": "60.70000", "2014-01-31": 70.5, "2013-10-31": 61.7, "2013-07-31": 97.2, "2013-04-30": "84.20000", "2013-01-31": 37.856, "2012-10-31": 34.752, "2012-07-31": 34.333, "2012-04-30": "33.45900", "2012-01-31": 33.242, "2011-10-31": 32.321, "2011-07-31": 31.966, "2011-04-30": "34.48100", "2011-01-31": 33.527, "2010-10-31": 51.37, "2010-07-31": 50.174, "2010-04-30": "12.06600", "2010-01-31": 12.193, "2009-10-31": 12.493, "2009-07-31": 12.726, "2009-04-30": "12.47700", "2009-01-31": 14.515, "2008-10-31": 13.661, "2008-07-31": 13.855, "2008-04-30": "13.33500", "2008-01-31": 12.807, "2007-10-31": 11.635, "2007-07-31": 11.223, "2007-04-30": "10.92500", "2007-01-31": 10.549, "2006-10-31": 9.006, "2006-07-31": 9.055, "2006-04-30": "9.29200", "2006-01-31": 9.487, "2005-10-31": 8.833, "2005-07-31": 8.569, "2005-04-30": "8.59200", "2005-01-31": 32.022}, "Other Non-Cash Items": {"2020-10-31": 1.3, "2020-07-31": -0.4, "2020-04-30": "845.90000", "2020-01-31": 195.7, "2019-10-31": 36, "2019-07-31": -106, "2019-04-30": "89.00000", "2019-01-31": -81.2, "2018-10-31": 13, "2018-07-31": -0.7, "2018-04-30": "13.40000", "2018-01-31": -118.2, "2017-10-31": -8.9, "2017-07-31": -3.2, "2017-04-30": "-16.50000", "2017-01-31": -123.6, "2016-10-31": 99.6, "2016-07-31": 21, "2016-04-30": "-142.10000", "2016-01-31": -4.9, "2015-10-31": -1.3, "2015-07-31": 10.8, "2015-04-30": "1.80000", "2015-01-31": 177.2, "2014-10-31": 4.5, "2014-07-31": -4.2, "2014-04-30": "81.30000", "2014-01-31": -17.3, "2013-10-31": -63.9, "2013-07-31": 29.9, "2013-04-30": "-8.20000", "2013-01-31": -22.442, "2012-10-31": 5.784, "2012-07-31": 15.279, "2012-04-30": "10.17900", "2012-01-31": 69.108, "2011-10-31": 18.51, "2011-07-31": 19.379, "2011-04-30": "27.47600", "2011-01-31": -7.332, "2010-10-31": 21.521, "2010-07-31": 102.121, "2010-04-30": "47.67200", "2010-01-31": 8.267, "2009-10-31": 10.018, "2009-07-31": 4.99, "2009-04-30": "3.18500", "2009-01-31": 47.752, "2008-10-31": 4.487, "2008-07-31": 10.087, "2008-04-30": "0.35200", "2008-01-31": 5.356, "2007-10-31": 2.742, "2007-07-31": 3.394, "2007-04-30": "0.88700", "2007-01-31": 14.847, "2006-10-31": 18.404, "2006-07-31": -3.853, "2006-04-30": "-6.81000", "2006-01-31": 6.961, "2005-10-31": 18.695, "2005-07-31": 11.995, "2005-04-30": "15.25200", "2005-01-31": 30.727}, "Total Non-Cash Items": {"2020-10-31": 81.5, "2020-07-31": 78.5, "2020-04-30": "927.00000", "2020-01-31": 283, "2019-10-31": 117.6, "2019-07-31": -27.6, "2019-04-30": "165.50000", "2019-01-31": 5.6, "2018-10-31": 94.8, "2018-07-31": 82.3, "2018-04-30": "96.60000", "2018-01-31": -32.3, "2017-10-31": 72.3, "2017-07-31": 77.4, "2017-04-30": "60.70000", "2017-01-31": -39.4, "2016-10-31": 184, "2016-07-31": 103.6, "2016-04-30": "-71.50000", "2016-01-31": 65.5, "2015-10-31": 61.7, "2015-07-31": 73.8, "2015-04-30": "62.80000", "2015-01-31": 240.5, "2014-10-31": 64.8, "2014-07-31": 56.2, "2014-04-30": "142.00000", "2014-01-31": 53.2, "2013-10-31": -2.2, "2013-07-31": 127.1, "2013-04-30": "76.00000", "2013-01-31": 15.414, "2012-10-31": 40.536, "2012-07-31": 49.612, "2012-04-30": "43.63800", "2012-01-31": 102.35, "2011-10-31": 50.831, "2011-07-31": 51.345, "2011-04-30": "61.95700", "2011-01-31": 26.195, "2010-10-31": 72.891, "2010-07-31": 152.295, "2010-04-30": "59.73800", "2010-01-31": 20.46, "2009-10-31": 22.511, "2009-07-31": 17.716, "2009-04-30": "15.66200", "2009-01-31": 62.267, "2008-10-31": 18.148, "2008-07-31": 23.942, "2008-04-30": "13.68700", "2008-01-31": 18.163, "2007-10-31": 14.377, "2007-07-31": 14.617, "2007-04-30": "11.81200", "2007-01-31": 25.396, "2006-10-31": 27.41, "2006-07-31": 5.202, "2006-04-30": "2.48200", "2006-01-31": 16.448, "2005-10-31": 27.528, "2005-07-31": 20.564, "2005-04-30": "23.84400", "2005-01-31": 62.749}, "Change In Accounts Receivable": {"2020-10-31": -227, "2020-07-31": 6.2, "2020-04-30": "186.50000", "2020-01-31": 179.1, "2019-10-31": -191.8, "2019-07-31": 81.9, "2019-04-30": "-86.30000", "2019-01-31": 164.7, "2018-10-31": -235.9, "2018-07-31": 65.2, "2018-04-30": "-145.40000", "2018-01-31": 193.1, "2017-10-31": -181.8, "2017-07-31": 59.7, "2017-04-30": "-67.70000", "2017-01-31": 145.5, "2016-10-31": -220.9, "2016-07-31": 85, "2016-04-30": "12.70000", "2016-01-31": 165.5, "2015-10-31": -238.3, "2015-07-31": 134.8, "2015-04-30": "-28.80000", "2015-01-31": 151.4, "2014-10-31": -167.3, "2014-07-31": 78.9, "2014-04-30": "-80.40000", "2014-01-31": 144.3, "2013-10-31": -161.7, "2013-07-31": 55.1, "2013-04-30": "-69.40000", "2013-01-31": 177.977, "2012-10-31": -168.372, "2012-07-31": 107.706, "2012-04-30": "-61.61100", "2012-01-31": 131.342, "2011-10-31": -211.584, "2011-07-31": 93.537, "2011-04-30": "-54.13500", "2011-01-31": 91.697, "2010-10-31": -300.662, "2010-07-31": 138.827, "2010-04-30": "-44.62900", "2010-01-31": 83.254, "2009-10-31": -111.612, "2009-07-31": 50.207, "2009-04-30": "-23.05100", "2009-01-31": 109.295, "2008-10-31": -127.585, "2008-07-31": 63.804, "2008-04-30": "-84.96000", "2008-01-31": 123.394, "2007-10-31": -111.98, "2007-07-31": 25.388, "2007-04-30": "-84.54300", "2007-01-31": 89.117, "2006-10-31": -63.887, "2006-07-31": 34.945, "2006-04-30": "-39.81800", "2006-01-31": 93.947, "2005-10-31": -71.455, "2005-07-31": 10.121, "2005-04-30": "-34.89800", "2005-01-31": 3.244}, "Change In Inventories": {"2020-10-31": 148.4, "2020-07-31": -10.5, "2020-04-30": "35.80000", "2020-01-31": 89.1, "2019-10-31": 98.9, "2019-07-31": -166.4, "2019-04-30": "99.80000", "2019-01-31": -39.2, "2018-10-31": 35.4, "2018-07-31": -242.2, "2018-04-30": "33.90000", "2018-01-31": -63.9, "2017-10-31": 20.8, "2017-07-31": -193, "2017-04-30": "72.60000", "2017-01-31": -68.5, "2016-10-31": 126.3, "2016-07-31": -145.7, "2016-04-30": "90.10000", "2016-01-31": -2.1, "2015-10-31": 70.5, "2015-07-31": -248, "2015-04-30": "83.40000", "2015-01-31": -76.1, "2014-10-31": 93.1, "2014-07-31": -200.8, "2014-04-30": "112.10000", "2014-01-31": -118, "2013-10-31": 132.7, "2013-07-31": -204.6, "2013-04-30": "145.60000", "2013-01-31": -6.878, "2012-10-31": 66.406, "2012-07-31": -193.173, "2012-04-30": "76.14500", "2012-01-31": 14.925, "2011-10-31": 61.177, "2011-07-31": -223.596, "2011-04-30": "36.24600", "2011-01-31": -4.539, "2010-10-31": 5.046, "2010-07-31": -121.11, "2010-04-30": "-21.05200", "2010-01-31": 18.068, "2009-10-31": 20.431, "2009-07-31": -20.797, "2009-04-30": "3.06600", "2009-01-31": 43.757, "2008-10-31": -1.952, "2008-07-31": -32.347, "2008-04-30": "29.10400", "2008-01-31": 20.431, "2007-10-31": -10.039, "2007-07-31": -40.641, "2007-04-30": "3.46700", "2007-01-31": 6.91, "2006-10-31": -25.738, "2006-07-31": -21.553, "2006-04-30": "24.24800", "2006-01-31": 5.155, "2005-10-31": -1.572, "2005-07-31": -27.099, "2005-04-30": "8.68200", "2005-01-31": -24.457}, "Change In Accounts Payable": {"2020-10-31": 0, "2020-07-31": 0, "2020-04-30": "", "2020-01-31": 0, "2019-10-31": 0, "2019-07-31": 0, "2019-04-30": "", "2019-01-31": 0, "2018-10-31": 0, "2018-07-31": 0, "2018-04-30": "", "2018-01-31": 0, "2017-10-31": 0, "2017-07-31": 0, "2017-04-30": "", "2017-01-31": 0, "2016-10-31": 0, "2016-07-31": 0, "2016-04-30": "", "2016-01-31": 0, "2015-10-31": 0, "2015-07-31": 0, "2015-04-30": "", "2015-01-31": 0, "2014-10-31": 0, "2014-07-31": 0, "2014-04-30": "", "2014-01-31": 0, "2013-10-31": 0, "2013-07-31": 0, "2013-04-30": "", "2013-01-31": 0, "2012-10-31": 0, "2012-07-31": 0, "2012-04-30": "", "2012-01-31": 0, "2011-10-31": 0, "2011-07-31": 0, "2011-04-30": "", "2011-01-31": 0, "2010-10-31": 0, "2010-07-31": 0, "2010-04-30": "", "2010-01-31": 0, "2009-10-31": 0, "2009-07-31": 0, "2009-04-30": "", "2009-01-31": 0, "2008-10-31": 0, "2008-07-31": 0, "2008-04-30": "", "2008-01-31": 0, "2007-10-31": 0, "2007-07-31": 0, "2007-04-30": "", "2007-01-31": 0, "2006-10-31": 0, "2006-07-31": 0, "2006-04-30": "", "2006-01-31": 0, "2005-10-31": 0, "2005-07-31": 0, "2005-04-30": "", "2005-01-31": 0}, "Change In Assets/Liabilities": {"2020-10-31": -0.1, "2020-07-31": 26.9, "2020-04-30": "67.90000", "2020-01-31": -30.2, "2019-10-31": -32.8, "2019-07-31": 24.8, "2019-04-30": "-47.20000", "2019-01-31": 22.5, "2018-10-31": -14.7, "2018-07-31": 47.3, "2018-04-30": "24.10000", "2018-01-31": -27.6, "2017-10-31": -26.4, "2017-07-31": -46.5, "2017-04-30": "4.80000", "2017-01-31": -48.5, "2016-10-31": 5.5, "2016-07-31": 8.4, "2016-04-30": "20.40000", "2016-01-31": 4.4, "2015-10-31": -4.8, "2015-07-31": 50, "2015-04-30": "23.70000", "2015-01-31": -37.9, "2014-10-31": 18.6, "2014-07-31": 26.2, "2014-04-30": "-29.40000", "2014-01-31": 96.6, "2013-10-31": -16.1, "2013-07-31": 21.7, "2013-04-30": "53.70000", "2013-01-31": -108.448, "2012-10-31": 50.554, "2012-07-31": -48.61, "2012-04-30": "8.30400", "2012-01-31": -30.163, "2011-10-31": 13.86, "2011-07-31": 16.006, "2011-04-30": "31.99300", "2011-01-31": -8.254, "2010-10-31": 95.6, "2010-07-31": -78.781, "2010-04-30": "7.88100", "2010-01-31": -21.096, "2009-10-31": -8.379, "2009-07-31": -16.288, "2009-04-30": "-8.63400", "2009-01-31": -20.212, "2008-10-31": -22.969, "2008-07-31": 19.428, "2008-04-30": "45.59300", "2008-01-31": -18.044, "2007-10-31": 13.146, "2007-07-31": 13.575, "2007-04-30": "3.15500", "2007-01-31": -30.737, "2006-10-31": 5.475, "2006-07-31": 3.28, "2006-04-30": "5.98400", "2006-01-31": -39.538, "2005-10-31": 4.802, "2005-07-31": 7.487, "2005-04-30": "16.76400", "2005-01-31": 16.424}, "Total Change In Assets/Liabilities": {"2020-10-31": 28, "2020-07-31": 364, "2020-04-30": "27.40000", "2020-01-31": 374, "2019-10-31": -212.6, "2019-07-31": 225.6, "2019-04-30": "-320.30000", "2019-01-31": 383.4, "2018-10-31": -343.2, "2018-07-31": 189.6, "2018-04-30": "-401.20000", "2018-01-31": 363.2, "2017-10-31": -282.9, "2017-07-31": 37.9, "2017-04-30": "-188.20000", "2017-01-31": 264.2, "2016-10-31": -142, "2016-07-31": 105.8, "2016-04-30": "-50.80000", "2016-01-31": 317.3, "2015-10-31": -218.5, "2015-07-31": 86.6, "2015-04-30": "-116.50000", "2015-01-31": 173.2, "2014-10-31": -136.8, "2014-07-31": 38.9, "2014-04-30": "-228.60000", "2014-01-31": 385.1, "2013-10-31": -202.6, "2013-07-31": 57.2, "2013-04-30": "-201.00000", "2013-01-31": 188.1, "2012-10-31": -130.154, "2012-07-31": 68.276, "2012-04-30": "-139.62200", "2012-01-31": 175.969, "2011-10-31": -151.428, "2011-07-31": 32.434, "2011-04-30": "-129.14300", "2011-01-31": 139.37, "2010-10-31": -128.83, "2010-07-31": 55.866, "2010-04-30": "-72.73100", "2010-01-31": 85.803, "2009-10-31": -105.855, "2009-07-31": 58.196, "2009-04-30": "-61.98900", "2009-01-31": 136.067, "2008-10-31": -99.848, "2008-07-31": 60.002, "2008-04-30": "-66.22100", "2008-01-31": 127.664, "2007-10-31": -67.045, "2007-07-31": 34.311, "2007-04-30": "-117.88300", "2007-01-31": 92.371, "2006-10-31": -70.241, "2006-07-31": 48.663, "2006-04-30": "-35.25300", "2006-01-31": 67.804, "2005-10-31": -50.938, "2005-07-31": 16.76, "2005-04-30": "-44.31300", "2005-01-31": 21.285}, "Cash Flow From Operating Activities": {"2020-10-31": 179, "2020-07-31": 390.8, "2020-04-30": "-142.80000", "2020-01-31": 588.5, "2019-10-31": 113.9, "2019-07-31": 391.1, "2019-04-30": "-73.20000", "2019-01-31": 547.4, "2018-10-31": -5.8, "2018-07-31": 436.6, "2018-04-30": "-125.70000", "2018-01-31": 438.8, "2017-10-31": 28.1, "2017-07-31": 234.7, "2017-04-30": "-57.40000", "2017-01-31": 325.3, "2016-10-31": 168.1, "2016-07-31": 299.9, "2016-04-30": "109.30000", "2016-01-31": 517, "2015-10-31": 65.1, "2015-07-31": 262.6, "2015-04-30": "60.40000", "2015-01-31": 465.2, "2014-10-31": 153.7, "2014-07-31": 221.6, "2014-04-30": "-51.40000", "2014-01-31": 376.4, "2013-10-31": -8.2, "2013-07-31": 179, "2013-04-30": "-135.30000", "2013-01-31": 284.222, "2012-10-31": 78.08, "2012-07-31": 207.806, "2012-04-30": "-0.50800", "2012-01-31": 317.381, "2011-10-31": 32.351, "2011-07-31": 150.508, "2011-04-30": "-9.51900", "2011-01-31": 218.331, "2010-10-31": 43.909, "2010-07-31": 137.537, "2010-04-30": "-40.60600", "2010-01-31": 133.286, "2009-10-31": 0.275, "2009-07-31": 102.469, "2009-04-30": "-21.61600", "2009-01-31": 160.399, "2008-10-31": -28.001, "2008-07-31": 113.15, "2008-04-30": "-5.73300", "2008-01-31": 176.161, "2007-10-31": 8.211, "2007-07-31": 88.028, "2007-04-30": "-53.06500", "2007-01-31": 138.818, "2006-10-31": 9.628, "2006-07-31": 85.231, "2006-04-30": "17.58200", "2006-01-31": 107.171, "2005-10-31": 16.879, "2005-07-31": 60.824, "2005-04-30": "4.51100", "2005-01-31": 142.649}, "Net Change In Property, Plant, And Equipment": {"2020-10-31": -51.1, "2020-07-31": -51.2, "2020-04-30": "-56.40000", "2020-01-31": -112.1, "2019-10-31": -82.6, "2019-07-31": -14.4, "2019-04-30": "-76.70000", "2019-01-31": -109.7, "2018-10-31": -104.9, "2018-07-31": -88.2, "2018-04-30": "-76.70000", "2018-01-31": -119.5, "2017-10-31": -79.2, "2017-07-31": -87.6, "2017-04-30": "-68.40000", "2017-01-31": -83.6, "2016-10-31": -60.2, "2016-07-31": -40.2, "2016-04-30": "-45.90000", "2016-01-31": -94.8, "2015-10-31": -68.1, "2015-07-31": -52.4, "2015-04-30": "-48.50000", "2015-01-31": -82.3, "2014-10-31": -70.8, "2014-07-31": -52, "2014-04-30": "-50.70000", "2014-01-31": -70.9, "2013-10-31": -60.6, "2013-07-31": -59.9, "2013-04-30": "-45.70000", "2013-01-31": -73.552, "2012-10-31": -55.363, "2012-07-31": -42.611, "2012-04-30": "-39.07400", "2012-01-31": -51.949, "2011-10-31": -43.993, "2011-07-31": -39.432, "2011-04-30": "-34.46700", "2011-01-31": -45.596, "2010-10-31": -26.385, "2010-07-31": -24.192, "2010-04-30": "-4.82200", "2010-01-31": -4.461, "2009-10-31": -6.529, "2009-07-31": -6.666, "2009-04-30": "-6.20000", "2009-01-31": -16.042, "2008-10-31": -17.681, "2008-07-31": -26.798, "2008-04-30": "-27.62000", "2008-01-31": -33.723, "2007-10-31": -27.679, "2007-07-31": -24.179, "2007-04-30": "-9.16800", "2007-01-31": -19.781, "2006-10-31": -11.463, "2006-07-31": -9.001, "2006-04-30": "-5.91600", "2006-01-31": -12.795, "2005-10-31": -7.923, "2005-07-31": -10.025, "2005-04-30": "-6.70000", "2005-01-31": -46.195}, "Net Change In Intangible Assets": {"2020-10-31": 0, "2020-07-31": 0, "2020-04-30": "", "2020-01-31": 0, "2019-10-31": 0, "2019-07-31": 0, "2019-04-30": "", "2019-01-31": 0, "2018-10-31": 0, "2018-07-31": 0, "2018-04-30": "", "2018-01-31": 0, "2017-10-31": 0, "2017-07-31": 0, "2017-04-30": "", "2017-01-31": 0, "2016-10-31": 0, "2016-07-31": 0, "2016-04-30": "", "2016-01-31": 0, "2015-10-31": 0, "2015-07-31": 0, "2015-04-30": "", "2015-01-31": 0, "2014-10-31": 0, "2014-07-31": 0, "2014-04-30": "", "2014-01-31": 0, "2013-10-31": 0, "2013-07-31": 0, "2013-04-30": "", "2013-01-31": 0, "2012-10-31": 0, "2012-07-31": 0, "2012-04-30": "", "2012-01-31": 0, "2011-10-31": 0, "2011-07-31": 0, "2011-04-30": "", "2011-01-31": 0, "2010-10-31": 2490.607, "2010-07-31": -2490.607, "2010-04-30": "", "2010-01-31": 5.699, "2009-10-31": 0, "2009-07-31": 0, "2009-04-30": "-5.69900", "2009-01-31": 0, "2008-10-31": 0, "2008-07-31": 0, "2008-04-30": "", "2008-01-31": 0, "2007-10-31": 0, "2007-07-31": 0, "2007-04-30": "", "2007-01-31": 0, "2006-10-31": 0, "2006-07-31": 0, "2006-04-30": "", "2006-01-31": 0, "2005-10-31": 0, "2005-07-31": 0, "2005-04-30": "", "2005-01-31": 0}, "Net Acquisitions/Divestitures": {"2020-10-31": 0, "2020-07-31": 0, "2020-04-30": "169.10000", "2020-01-31": 0, "2019-10-31": -0.1, "2019-07-31": -192.3, "2019-04-30": "", "2019-01-31": 0, "2018-10-31": 0, "2018-07-31": 0, "2018-04-30": "-15.90000", "2018-01-31": 0, "2017-10-31": -12, "2017-07-31": 0, "2017-04-30": "-28.10000", "2017-01-31": 0, "2016-10-31": 0, "2016-07-31": 0.3, "2016-04-30": "-158.00000", "2016-01-31": 0, "2015-10-31": 0, "2015-07-31": 0, "2015-04-30": "", "2015-01-31": 1.2, "2014-10-31": -7.3, "2014-07-31": 0, "2014-04-30": "-7.40000", "2014-01-31": 43.2, "2013-10-31": 0, "2013-07-31": 0, "2013-04-30": "-1797.00000", "2013-01-31": -24.796, "2012-10-31": -13.104, "2012-07-31": 0, "2012-04-30": "", "2012-01-31": -9.641, "2011-10-31": -25, "2011-07-31": 0, "2011-04-30": "", "2011-01-31": -0.309, "2010-10-31": -2492.816, "2010-07-31": 0, "2010-04-30": "", "2010-01-31": -1.582, "2009-10-31": 0, "2009-07-31": 0, "2009-04-30": "", "2009-01-31": -1.138, "2008-10-31": -5.381, "2008-07-31": -3.684, "2008-04-30": "-24.83900", "2008-01-31": 0.848, "2007-10-31": 0, "2007-07-31": -0.018, "2007-04-30": "0.80000", "2007-01-31": -113.262, "2006-10-31": 0, "2006-07-31": 0, "2006-04-30": "", "2006-01-31": 0, "2005-10-31": 0, "2005-07-31": 0, "2005-04-30": "", "2005-01-31": -70.539}, "Net Change In Short-term Investments": {"2020-10-31": -1.6, "2020-07-31": 0, "2020-04-30": "", "2020-01-31": -25.2, "2019-10-31": -2.5, "2019-07-31": 0, "2019-04-30": "", "2019-01-31": 0, "2018-10-31": 0, "2018-07-31": 0, "2018-04-30": "", "2018-01-31": -9.7, "2017-10-31": -2.5, "2017-07-31": -0.8, "2017-04-30": "-1.20000", "2017-01-31": -7.3, "2016-10-31": -23.2, "2016-07-31": 0, "2016-04-30": "-1.50000", "2016-01-31": 0, "2015-10-31": -4, "2015-07-31": -0.2, "2015-04-30": "-22.40000", "2015-01-31": 0, "2014-10-31": 0, "2014-07-31": 0, "2014-04-30": "-26.20000", "2014-01-31": 0, "2013-10-31": -3.5, "2013-07-31": 0, "2013-04-30": "0.00000", "2013-01-31": -6.5, "2012-10-31": -1.9, "2012-07-31": 0, "2012-04-30": "", "2012-01-31": 0, "2011-10-31": -33.85, "2011-07-31": -4.5, "2011-04-30": "-10.35000", "2011-01-31": 0, "2010-10-31": 0, "2010-07-31": 0, "2010-04-30": "", "2010-01-31": 0, "2009-10-31": 0, "2009-07-31": 0, "2009-04-30": "", "2009-01-31": 1.864, "2008-10-31": 0, "2008-07-31": 0, "2008-04-30": "", "2008-01-31": 3.335, "2007-10-31": 0, "2007-07-31": 0, "2007-04-30": "", "2007-01-31": 32.811, "2006-10-31": 0, "2006-07-31": 0, "2006-04-30": "", "2006-01-31": 0, "2005-10-31": 0, "2005-07-31": 0, "2005-04-30": "", "2005-01-31": 0.743}, "Net Change In Long-Term Investments": {"2020-10-31": 0, "2020-07-31": 0, "2020-04-30": "", "2020-01-31": 0, "2019-10-31": 0, "2019-07-31": 0, "2019-04-30": "", "2019-01-31": 0, "2018-10-31": 0, "2018-07-31": 0, "2018-04-30": "", "2018-01-31": 0, "2017-10-31": 0, "2017-07-31": 0, "2017-04-30": "", "2017-01-31": 0, "2016-10-31": 0, "2016-07-31": 0, "2016-04-30": "", "2016-01-31": 0, "2015-10-31": 0, "2015-07-31": 0, "2015-04-30": "", "2015-01-31": 0, "2014-10-31": 0, "2014-07-31": 0, "2014-04-30": "", "2014-01-31": 0, "2013-10-31": 0, "2013-07-31": 0, "2013-04-30": "", "2013-01-31": 0, "2012-10-31": 0, "2012-07-31": 0, "2012-04-30": "", "2012-01-31": 0, "2011-10-31": 0, "2011-07-31": 0, "2011-04-30": "", "2011-01-31": 0, "2010-10-31": 0, "2010-07-31": 0, "2010-04-30": "", "2010-01-31": 0, "2009-10-31": 0, "2009-07-31": 0, "2009-04-30": "", "2009-01-31": -1.864, "2008-10-31": 0, "2008-07-31": 1.864, "2008-04-30": "", "2008-01-31": -3.335, "2007-10-31": 0, "2007-07-31": 0, "2007-04-30": "3.33500", "2007-01-31": -32.811, "2006-10-31": 0, "2006-07-31": 0.675, "2006-04-30": "32.13600", "2006-01-31": 0, "2005-10-31": 0, "2005-07-31": 0, "2005-04-30": "", "2005-01-31": 0}, "Net Change In Investments - Total": {"2020-10-31": -1.6, "2020-07-31": 0, "2020-04-30": "", "2020-01-31": -25.2, "2019-10-31": -2.5, "2019-07-31": 0, "2019-04-30": "", "2019-01-31": 0, "2018-10-31": 0, "2018-07-31": 0, "2018-04-30": "", "2018-01-31": -9.7, "2017-10-31": -2.5, "2017-07-31": -0.8, "2017-04-30": "-1.20000", "2017-01-31": -7.3, "2016-10-31": -23.2, "2016-07-31": 0, "2016-04-30": "-1.50000", "2016-01-31": 0, "2015-10-31": -4, "2015-07-31": -0.2, "2015-04-30": "-22.40000", "2015-01-31": 0, "2014-10-31": 0, "2014-07-31": 0, "2014-04-30": "-26.20000", "2014-01-31": 0, "2013-10-31": -3.5, "2013-07-31": 0, "2013-04-30": "", "2013-01-31": -6.5, "2012-10-31": -1.9, "2012-07-31": 0, "2012-04-30": "", "2012-01-31": 0, "2011-10-31": -33.85, "2011-07-31": -4.5, "2011-04-30": "-10.35000", "2011-01-31": 0, "2010-10-31": 0, "2010-07-31": 0, "2010-04-30": "", "2010-01-31": 0, "2009-10-31": 0, "2009-07-31": 0, "2009-04-30": "", "2009-01-31": 0, "2008-10-31": 0, "2008-07-31": 1.864, "2008-04-30": "", "2008-01-31": 0, "2007-10-31": 0, "2007-07-31": 0, "2007-04-30": "3.33500", "2007-01-31": 0, "2006-10-31": 0, "2006-07-31": 0.675, "2006-04-30": "32.13600", "2006-01-31": 0, "2005-10-31": 0, "2005-07-31": 0, "2005-04-30": "", "2005-01-31": 0.743}, "Investing Activities - Other": {"2020-10-31": 0, "2020-07-31": 0, "2020-04-30": "", "2020-01-31": 0, "2019-10-31": 0, "2019-07-31": 0, "2019-04-30": "", "2019-01-31": 0, "2018-10-31": 0, "2018-07-31": 0, "2018-04-30": "", "2018-01-31": 0, "2017-10-31": 0, "2017-07-31": 0, "2017-04-30": "6.30000", "2017-01-31": 29.4, "2016-10-31": -11.8, "2016-07-31": -12.4, "2016-04-30": "-12.80000", "2016-01-31": -16.3, "2015-10-31": -11.1, "2015-07-31": -12, "2015-04-30": "8.30000", "2015-01-31": -36.4, "2014-10-31": -11.5, "2014-07-31": -12.4, "2014-04-30": "-1.90000", "2014-01-31": -25.4, "2013-10-31": -10.8, "2013-07-31": -12.5, "2013-04-30": "-14.20000", "2013-01-31": -15.506, "2012-10-31": -9.945, "2012-07-31": -12.214, "2012-04-30": "-13.53500", "2012-01-31": -15.483, "2011-10-31": -9.891, "2011-07-31": -12.335, "2011-04-30": "-12.97000", "2011-01-31": -13.826, "2010-10-31": -8.377, "2010-07-31": -150.697, "2010-04-30": "-11.24500", "2010-01-31": -11.767, "2009-10-31": -7.077, "2009-07-31": -9.006, "2009-04-30": "-9.58500", "2009-01-31": -11.292, "2008-10-31": -8.477, "2008-07-31": -9.807, "2008-04-30": "-25.78900", "2008-01-31": -10.766, "2007-10-31": -6.784, "2007-07-31": -8.556, "2007-04-30": "-9.70900", "2007-01-31": -6.496, "2006-10-31": -8.127, "2006-07-31": -6.205, "2006-04-30": "-6.73700", "2006-01-31": -7.101, "2005-10-31": -7.51, "2005-07-31": -5.086, "2005-04-30": "-6.74600", "2005-01-31": -22.246}, "Cash Flow From Investing Activities": {"2020-10-31": -52.7, "2020-07-31": -51.2, "2020-04-30": "112.70000", "2020-01-31": -137.3, "2019-10-31": -85.2, "2019-07-31": -206.7, "2019-04-30": "-76.70000", "2019-01-31": -109.7, "2018-10-31": -104.9, "2018-07-31": -88.2, "2018-04-30": "-92.60000", "2018-01-31": -129.2, "2017-10-31": -93.7, "2017-07-31": -88.4, "2017-04-30": "-91.40000", "2017-01-31": -61.5, "2016-10-31": -95.2, "2016-07-31": -52.3, "2016-04-30": "-218.20000", "2016-01-31": -111.1, "2015-10-31": -83.2, "2015-07-31": -64.6, "2015-04-30": "-62.60000", "2015-01-31": -117.5, "2014-10-31": -89.6, "2014-07-31": -64.4, "2014-04-30": "-86.20000", "2014-01-31": -53.1, "2013-10-31": -74.9, "2013-07-31": -72.4, "2013-04-30": "-1856.90000", "2013-01-31": -120.354, "2012-10-31": -80.312, "2012-07-31": -54.825, "2012-04-30": "-52.60900", "2012-01-31": -77.073, "2011-10-31": -112.734, "2011-07-31": -56.267, "2011-04-30": "-57.78700", "2011-01-31": -59.731, "2010-10-31": -36.971, "2010-07-31": -2665.496, "2010-04-30": "-16.06700", "2010-01-31": -12.111, "2009-10-31": -13.606, "2009-07-31": -15.672, "2009-04-30": "-21.48400", "2009-01-31": -28.472, "2008-10-31": -31.539, "2008-07-31": -38.425, "2008-04-30": "-78.24800", "2008-01-31": -43.641, "2007-10-31": -34.463, "2007-07-31": -32.753, "2007-04-30": "-14.74200", "2007-01-31": -139.539, "2006-10-31": -19.59, "2006-07-31": -14.531, "2006-04-30": "19.48300", "2006-01-31": -19.896, "2005-10-31": -15.433, "2005-07-31": -15.111, "2005-04-30": "-13.44600", "2005-01-31": -138.237}, "Net Long-Term Debt": {"2020-10-31": -4.7, "2020-07-31": 490.6, "2020-04-30": "183.20000", "2020-01-31": -60.3999, "2019-10-31": -10.2001, "2019-07-31": -3.7, "2019-04-30": "-5.80000", "2019-01-31": -65, "2018-10-31": 0, "2018-07-31": -85, "2018-04-30": "", "2018-01-31": -214.2, "2017-10-31": -0.8, "2017-07-31": 0, "2017-04-30": "-50.00000", "2017-01-31": -99.3, "2016-10-31": -50.0999, "2016-07-31": 229.3999, "2016-04-30": "-51.90000", "2016-01-31": -149.5, "2015-10-31": -34.8, "2015-07-31": -115.9, "2015-04-30": "-49.80000", "2015-01-31": -180.8, "2014-10-31": -24.9, "2014-07-31": -219.8, "2014-04-30": "-80.90000", "2014-01-31": -297.3, "2013-10-31": -21.2, "2013-07-31": -181.7, "2013-04-30": "2093.40000", "2013-01-31": 437.814, "2012-10-31": 12.266, "2012-07-31": -19.388, "2012-04-30": "-30.29200", "2012-01-31": -164.482, "2011-10-31": -38.784, "2011-07-31": -98.184, "2011-04-30": "-149.27500", "2011-01-31": -150.662, "2010-10-31": -0.359, "2010-07-31": 2309.368, "2010-04-30": "", "2010-01-31": 0, "2009-10-31": 0, "2009-07-31": 0, "2009-04-30": "", "2009-01-31": 0, "2008-10-31": 0, "2008-07-31": 0, "2008-04-30": "", "2008-01-31": 0, "2007-10-31": 0, "2007-07-31": 0, "2007-04-30": "", "2007-01-31": 0, "2006-10-31": 0, "2006-07-31": 0, "2006-04-30": "", "2006-01-31": 0, "2005-10-31": 0, "2005-07-31": 0, "2005-04-30": "", "2005-01-31": -12.162}, "Net Current Debt": {"2020-10-31": -47.2, "2020-07-31": -256.7, "2020-04-30": "272.00000", "2020-01-31": -336.5, "2019-10-31": 204.5, "2019-07-31": -167, "2019-04-30": "286.90000", "2019-01-31": -263.9, "2018-10-31": 191.3, "2018-07-31": -169.1, "2018-04-30": "235.00000", "2018-01-31": -188, "2017-10-31": 189.5, "2017-07-31": -24.5, "2017-04-30": "23.40000", "2017-01-31": -1.7, "2016-10-31": 1.4, "2016-07-31": -21.6, "2016-04-30": "15.10000", "2016-01-31": -1.7, "2015-10-31": 19.5, "2015-07-31": -2.5, "2015-04-30": "2.10000", "2015-01-31": -31.4, "2014-10-31": -128.7, "2014-07-31": 20.4, "2014-04-30": "139.90000", "2014-01-31": -5.7, "2013-10-31": 9, "2013-07-31": -11.3, "2013-04-30": "-236.30000", "2013-01-31": -7.374, "2012-10-31": -0.277, "2012-07-31": -94.602, "2012-04-30": "94.35300", "2012-01-31": 0.22, "2011-10-31": -0.186, "2011-07-31": 0.729, "2011-04-30": "7.40900", "2011-01-31": 4.868, "2010-10-31": -4.617, "2010-07-31": 4.617, "2010-04-30": "", "2010-01-31": 0, "2009-10-31": 0, "2009-07-31": 0, "2009-04-30": "", "2009-01-31": 0, "2008-10-31": 0, "2008-07-31": 0, "2008-04-30": "", "2008-01-31": 0, "2007-10-31": 0, "2007-07-31": 0, "2007-04-30": "", "2007-01-31": 0, "2006-10-31": 0, "2006-07-31": 0, "2006-04-30": "", "2006-01-31": 0, "2005-10-31": 0, "2005-07-31": 0, "2005-04-30": "", "2005-01-31": 0}, "Debt Issuance/Retirement Net - Total": {"2020-10-31": -51.9, "2020-07-31": 233.9, "2020-04-30": "455.20000", "2020-01-31": -396.9, "2019-10-31": 194.3, "2019-07-31": -170.6999, "2019-04-30": "281.09990", "2019-01-31": -328.9, "2018-10-31": 191.3, "2018-07-31": -254.1, "2018-04-30": "235.00000", "2018-01-31": -402.2, "2017-10-31": 188.7, "2017-07-31": -24.5, "2017-04-30": "-26.60000", "2017-01-31": -101, "2016-10-31": -48.6999, "2016-07-31": 207.7999, "2016-04-30": "-36.80000", "2016-01-31": -151.2, "2015-10-31": -15.3, "2015-07-31": -118.4, "2015-04-30": "-47.70000", "2015-01-31": -212.2, "2014-10-31": -153.6, "2014-07-31": -199.4, "2014-04-30": "59.00000", "2014-01-31": -303, "2013-10-31": -12.2, "2013-07-31": -193, "2013-04-30": "1857.10000", "2013-01-31": 430.44, "2012-10-31": 11.989, "2012-07-31": -113.99, "2012-04-30": "64.06100", "2012-01-31": -164.262, "2011-10-31": -38.97, "2011-07-31": -97.455, "2011-04-30": "-141.86600", "2011-01-31": -145.794, "2010-10-31": -4.976, "2010-07-31": 2313.985, "2010-04-30": "", "2010-01-31": 0, "2009-10-31": 0, "2009-07-31": 0, "2009-04-30": "", "2009-01-31": 0, "2008-10-31": 0, "2008-07-31": 0, "2008-04-30": "", "2008-01-31": 0, "2007-10-31": 0, "2007-07-31": 0, "2007-04-30": "", "2007-01-31": 0, "2006-10-31": 0, "2006-07-31": 0, "2006-04-30": "", "2006-01-31": 0, "2005-10-31": 0, "2005-07-31": 0, "2005-04-30": "", "2005-01-31": -12.162}, "Net Common Equity Issued/Repurchased": {"2020-10-31": -0.2, "2020-07-31": -1.1, "2020-04-30": "-114.80000", "2020-01-31": -104.3, "2019-10-31": -95.5, "2019-07-31": -67.2, "2019-04-30": "-75.60000", "2019-01-31": -54.7, "2018-10-31": -108.4, "2018-07-31": -79.8, "2018-04-30": "-61.90000", "2018-01-31": -40.3, "2017-10-31": -65.8, "2017-07-31": -60.7, "2017-04-30": "-62.30000", "2017-01-31": -91.7, "2016-10-31": -93.7, "2016-07-31": -71.4, "2016-04-30": "-52.20000", "2016-01-31": -49.4, "2015-10-31": -60.1, "2015-07-31": -15.8, "2015-04-30": "-5.70000", "2015-01-31": 2.9, "2014-10-31": 2.6, "2014-07-31": 0.4, "2014-04-30": "-4.00000", "2014-01-31": 23.6, "2013-10-31": -0.7, "2013-07-31": -22.8, "2013-04-30": "-10.00000", "2013-01-31": 6.134, "2012-10-31": 2.422, "2012-07-31": -6.812, "2012-04-30": "-2.44400", "2012-01-31": 12.18, "2011-10-31": 0.633, "2011-07-31": 0.022, "2011-04-30": "6.35200", "2011-01-31": 3.275, "2010-10-31": 13.558, "2010-07-31": 0.507, "2010-04-30": "368.64700", "2010-01-31": 4.28, "2009-10-31": 2.04, "2009-07-31": 0.641, "2009-04-30": "0.71700", "2009-01-31": -0.267, "2008-10-31": 0.378, "2008-07-31": 1.2, "2008-04-30": "1.48100", "2008-01-31": -199.897, "2007-10-31": 0.506, "2007-07-31": 8.239, "2007-04-30": "3.42200", "2007-01-31": 7.253, "2006-10-31": 2.232, "2006-07-31": 2.304, "2006-04-30": "5.74100", "2006-01-31": 13.047, "2005-10-31": 4.055, "2005-07-31": 16.007, "2005-04-30": "19.47000", "2005-01-31": 24.633}, "Net Total Equity Issued/Repurchased": {"2020-10-31": -0.2, "2020-07-31": -1.1, "2020-04-30": "-114.80000", "2020-01-31": -104.3, "2019-10-31": -95.5, "2019-07-31": -67.2, "2019-04-30": "-75.60000", "2019-01-31": -54.7, "2018-10-31": -108.4, "2018-07-31": -79.8, "2018-04-30": "-61.90000", "2018-01-31": -40.3, "2017-10-31": -65.8, "2017-07-31": -60.7, "2017-04-30": "-62.30000", "2017-01-31": -91.7, "2016-10-31": -93.7, "2016-07-31": -71.4, "2016-04-30": "-52.20000", "2016-01-31": -49.4, "2015-10-31": -60.1, "2015-07-31": -15.8, "2015-04-30": "-5.70000", "2015-01-31": 2.9, "2014-10-31": 2.6, "2014-07-31": 0.4, "2014-04-30": "-4.00000", "2014-01-31": 23.6, "2013-10-31": -0.7, "2013-07-31": -22.8, "2013-04-30": "-10.00000", "2013-01-31": 6.134, "2012-10-31": 2.422, "2012-07-31": -6.812, "2012-04-30": "-2.44400", "2012-01-31": 12.18, "2011-10-31": 0.633, "2011-07-31": 0.022, "2011-04-30": "6.35200", "2011-01-31": 3.275, "2010-10-31": 13.558, "2010-07-31": 189.102, "2010-04-30": "368.64700", "2010-01-31": 4.28, "2009-10-31": 2.04, "2009-07-31": 0.641, "2009-04-30": "0.71700", "2009-01-31": -0.267, "2008-10-31": 0.378, "2008-07-31": 1.2, "2008-04-30": "1.48100", "2008-01-31": -199.897, "2007-10-31": 0.506, "2007-07-31": 8.239, "2007-04-30": "3.42200", "2007-01-31": 7.253, "2006-10-31": 2.232, "2006-07-31": 2.304, "2006-04-30": "5.74100", "2006-01-31": 13.047, "2005-10-31": 4.055, "2005-07-31": 16.007, "2005-04-30": "19.47000", "2005-01-31": 24.633}, "Total Common And Preferred Stock Dividends Paid": {"2020-10-31": 0, "2020-07-31": 0, "2020-04-30": "-2.70000", "2020-01-31": 0, "2019-10-31": -2.8, "2019-07-31": -2.8, "2019-04-30": "-5.70000", "2019-01-31": 0, "2018-10-31": -2.8, "2018-07-31": -2.9, "2018-04-30": "-5.90000", "2018-01-31": -0.1, "2017-10-31": -2.9, "2017-07-31": -3, "2017-04-30": "-5.90000", "2017-01-31": 0, "2016-10-31": -3, "2016-07-31": -3, "2016-04-30": "-6.20000", "2016-01-31": 0, "2015-10-31": -3.1, "2015-07-31": -3.2, "2015-04-30": "-6.20000", "2015-01-31": 0, "2014-10-31": -3.1, "2014-07-31": -6.3, "2014-04-30": "-3.10000", "2014-01-31": 0, "2013-10-31": -3.1, "2013-07-31": -3.1, "2013-04-30": "-6.10000", "2013-01-31": -2.663, "2012-10-31": -2.747, "2012-07-31": -0.007, "2012-04-30": "-5.48300", "2012-01-31": -2.721, "2011-10-31": -2.719, "2011-07-31": -0.02, "2011-04-30": "-5.41400", "2011-01-31": -2.672, "2010-10-31": -2.691, "2010-07-31": -0.478, "2010-04-30": "-4.17400", "2010-01-31": -1.965, "2009-10-31": -1.961, "2009-07-31": 0, "2009-04-30": "-3.88500", "2009-01-31": 0, "2008-10-31": -3.888, "2008-07-31": 0, "2008-04-30": "-3.87200", "2008-01-31": 0, "2007-10-31": -4.246, "2007-07-31": 0.002, "2007-04-30": "-4.20800", "2007-01-31": -2.08, "2006-10-31": -2.076, "2006-07-31": 0.001, "2006-04-30": "-6.93100", "2006-01-31": -3.23, "2005-10-31": -6.386, "2005-07-31": -3.249, "2005-04-30": "-7.76500", "2005-01-31": -25.757}, "Financial Activities - Other": {"2020-10-31": -1.3, "2020-07-31": -14.1, "2020-04-30": "-1.30000", "2020-01-31": -1.4, "2019-10-31": -1.2, "2019-07-31": -1.4, "2019-04-30": "-1.50000", "2019-01-31": -1.4, "2018-10-31": -1.4, "2018-07-31": -1.4, "2018-04-30": "-1.20000", "2018-01-31": -1.3, "2017-10-31": -1.3, "2017-07-31": -1.3, "2017-04-30": "0.50000", "2017-01-31": -0.7, "2016-10-31": -0.5, "2016-07-31": -1.6, "2016-04-30": "-2.00000", "2016-01-31": -7.2, "2015-10-31": -0.2, "2015-07-31": -0.5, "2015-04-30": "0.10000", "2015-01-31": -0.4, "2014-10-31": 2.6, "2014-07-31": -0.8, "2014-04-30": "0.90000", "2014-01-31": 12.4, "2013-10-31": 5.3, "2013-07-31": -2, "2013-04-30": "12.40000", "2013-01-31": 4.238, "2012-10-31": -1.656, "2012-07-31": 0.953, "2012-04-30": "0.46500", "2012-01-31": 4.313, "2011-10-31": -2.094, "2011-07-31": -0.942, "2011-04-30": "-10.69800", "2011-01-31": -0.874, "2010-10-31": -0.219, "2010-07-31": -303.095, "2010-04-30": "2.93200", "2010-01-31": 0.74, "2009-10-31": 0.27, "2009-07-31": 0.153, "2009-04-30": "0.10600", "2009-01-31": 0.018, "2008-10-31": 0.102, "2008-07-31": 0.357, "2008-04-30": "0.68100", "2008-01-31": 0.662, "2007-10-31": 0.35, "2007-07-31": 3.023, "2007-04-30": "2.22600", "2007-01-31": 3.045, "2006-10-31": 0.704, "2006-07-31": -10.455, "2006-04-30": "1.92200", "2006-01-31": 0, "2005-10-31": 0, "2005-07-31": -14.205, "2005-04-30": "", "2005-01-31": 0}, "Cash Flow From Financial Activities": {"2020-10-31": -53.4, "2020-07-31": 218.7, "2020-04-30": "336.40000", "2020-01-31": -502.6, "2019-10-31": 94.8, "2019-07-31": -242.1, "2019-04-30": "198.30000", "2019-01-31": -385, "2018-10-31": 78.7, "2018-07-31": -338.2, "2018-04-30": "166.00000", "2018-01-31": -443.9, "2017-10-31": 118.7, "2017-07-31": -89.5, "2017-04-30": "-94.30000", "2017-01-31": -193.4, "2016-10-31": -145.9, "2016-07-31": 131.8, "2016-04-30": "-97.20000", "2016-01-31": -207.8, "2015-10-31": -78.7, "2015-07-31": -137.9, "2015-04-30": "-59.50000", "2015-01-31": -209.7, "2014-10-31": -151.5, "2014-07-31": -206.1, "2014-04-30": "52.80000", "2014-01-31": -267, "2013-10-31": -10.7, "2013-07-31": -220.9, "2013-04-30": "1853.40000", "2013-01-31": 438.149, "2012-10-31": 10.008, "2012-07-31": -119.856, "2012-04-30": "56.59900", "2012-01-31": -150.49, "2011-10-31": -43.15, "2011-07-31": -98.395, "2011-04-30": "-151.62600", "2011-01-31": -146.065, "2010-10-31": 5.672, "2010-07-31": 2199.514, "2010-04-30": "367.40500", "2010-01-31": 3.055, "2009-10-31": 0.349, "2009-07-31": 0.794, "2009-04-30": "-3.06200", "2009-01-31": -0.249, "2008-10-31": -3.408, "2008-07-31": 1.557, "2008-04-30": "-1.71000", "2008-01-31": -199.235, "2007-10-31": -3.39, "2007-07-31": 11.264, "2007-04-30": "1.44000", "2007-01-31": 8.218, "2006-10-31": 0.86, "2006-07-31": -8.15, "2006-04-30": "0.73200", "2006-01-31": 9.817, "2005-10-31": -2.331, "2005-07-31": -1.447, "2005-04-30": "11.70500", "2005-01-31": -13.286}, "Net Cash Flow": {"2020-10-31": 65.7, "2020-07-31": 593.6, "2020-04-30": "297.30000", "2020-01-31": -51.8, "2019-10-31": 121.7, "2019-07-31": -60.8, "2019-04-30": "42.30000", "2019-01-31": 53.5, "2018-10-31": -32.6, "2018-07-31": -3.4, "2018-04-30": "-59.40000", "2018-01-31": -118.4, "2017-10-31": 52.9, "2017-07-31": 68.5, "2017-04-30": "-239.20000", "2017-01-31": 67.7, "2016-10-31": -79.3, "2016-07-31": 376.6, "2016-04-30": "-191.30000", "2016-01-31": 186.5, "2015-10-31": -96.8, "2015-07-31": 47.4, "2015-04-30": "-60.00000", "2015-01-31": 114.2, "2014-10-31": -96, "2014-07-31": -51.9, "2014-04-30": "-80.20000", "2014-01-31": 50.7, "2013-10-31": -86.4, "2013-07-31": -117.4, "2013-04-30": "-145.90000", "2013-01-31": 615.567, "2012-10-31": 14.644, "2012-07-31": 23.374, "2012-04-30": "5.41500", "2012-01-31": 73.216, "2011-10-31": -127.71, "2011-07-31": -7.267, "2011-04-30": "-203.76000", "2011-01-31": 7.281, "2010-10-31": 16.097, "2010-07-31": -316.255, "2010-04-30": "310.71300", "2010-01-31": 124.268, "2009-10-31": -12.982, "2009-07-31": 87.591, "2009-04-30": "-46.16200", "2009-01-31": 130.61, "2008-10-31": -62.948, "2008-07-31": 76.282, "2008-04-30": "-85.69100", "2008-01-31": -66.715, "2007-10-31": -29.642, "2007-07-31": 66.539, "2007-04-30": "-66.36700", "2007-01-31": 7.497, "2006-10-31": -9.102, "2006-07-31": 62.55, "2006-04-30": "37.79700", "2006-01-31": 97.092, "2005-10-31": -0.885, "2005-07-31": 44.266, "2005-04-30": "2.77000", "2005-01-31": -8.874}, "Stock-Based Compensation": {"2020-10-31": 14.8, "2020-07-31": 11.8, "2020-04-30": "10.00000", "2020-01-31": 12.9, "2019-10-31": 14.9, "2019-07-31": 14.4, "2019-04-30": "13.90000", "2019-01-31": 14.3, "2018-10-31": 15.1, "2018-07-31": 15.2, "2018-04-30": "11.60000", "2018-01-31": 11.9, "2017-10-31": 11.9, "2017-07-31": 12.4, "2017-04-30": "8.70000", "2017-01-31": 9.3, "2016-10-31": 9.4, "2016-07-31": 9.2, "2016-04-30": "10.30000", "2016-01-31": 10.6, "2015-10-31": 11, "2015-07-31": 11.9, "2015-04-30": "8.50000", "2015-01-31": 11.4, "2014-10-31": 12.9, "2014-07-31": 12.7, "2014-04-30": "11.70000", "2014-01-31": 10.9, "2013-10-31": 12.6, "2013-07-31": 15.6, "2013-04-30": "18.90000", "2013-01-31": 7.228, "2012-10-31": 7.481, "2012-07-31": 8.375, "2012-04-30": "10.51600", "2012-01-31": 9.82, "2011-10-31": 10.468, "2011-07-31": 10.927, "2011-04-30": "9.72300", "2011-01-31": 10.231, "2010-10-31": 10.826, "2010-07-31": 8.134, "2010-04-30": "4.09000", "2010-01-31": 5.087, "2009-10-31": 3.747, "2009-07-31": 2.959, "2009-04-30": "2.66300", "2009-01-31": 2.136, "2008-10-31": 2.981, "2008-07-31": 3.09, "2008-04-30": "2.32000", "2008-01-31": 1.963, "2007-10-31": 2.237, "2007-07-31": 2.903, "2007-04-30": "2.52800", "2007-01-31": 6.862, "2006-10-31": 0, "2006-07-31": 0, "2006-04-30": "", "2006-01-31": 0, "2005-10-31": 0, "2005-07-31": 0, "2005-04-30": "", "2005-01-31": 0}, "Common Stock Dividends Paid": {"2020-10-31": 0, "2020-07-31": 0, "2020-04-30": "-2.70000", "2020-01-31": 0, "2019-10-31": -2.8, "2019-07-31": -2.8, "2019-04-30": "-5.70000", "2019-01-31": 0, "2018-10-31": -2.8, "2018-07-31": -2.9, "2018-04-30": "-5.90000", "2018-01-31": -0.1, "2017-10-31": -2.9, "2017-07-31": -3, "2017-04-30": "-5.90000", "2017-01-31": 0, "2016-10-31": -3, "2016-07-31": -3, "2016-04-30": "-6.20000", "2016-01-31": 0, "2015-10-31": -3.1, "2015-07-31": -3.2, "2015-04-30": "-6.20000", "2015-01-31": 0, "2014-10-31": -3.1, "2014-07-31": -6.3, "2014-04-30": "-3.10000", "2014-01-31": 0, "2013-10-31": -3.1, "2013-07-31": -3.1, "2013-04-30": "-6.10000", "2013-01-31": -2.663, "2012-10-31": -2.747, "2012-07-31": -0.007, "2012-04-30": "-5.48300", "2012-01-31": -2.721, "2011-10-31": -2.719, "2011-07-31": -0.02, "2011-04-30": "-5.41400", "2011-01-31": -2.672, "2010-10-31": -2.691, "2010-07-31": -0.478, "2010-04-30": "-4.17400", "2010-01-31": -1.965, "2009-10-31": -1.961, "2009-07-31": 0, "2009-04-30": "-3.88500", "2009-01-31": 0, "2008-10-31": -3.888, "2008-07-31": 0, "2008-04-30": "-3.87200", "2008-01-31": 0, "2007-10-31": -4.246, "2007-07-31": 0.002, "2007-04-30": "-4.20800", "2007-01-31": -2.08, "2006-10-31": -2.076, "2006-07-31": 0.001, "2006-04-30": "-3.70100", "2006-01-31": 0, "2005-10-31": -3.157, "2005-07-31": -0.02, "2005-04-30": "-2.48400", "2005-01-31": -4.635}}, "financial ratios": {"Current Ratio": {"2020-01-31": "1.43760", "2019-01-31": "1.71000", "2018-01-31": "1.61940", "2017-01-31": "1.84020", "2016-01-31": "1.83640", "2015-01-31": "1.95070", "2014-01-31": "1.93160", "2013-01-31": "2.09640", "2012-01-31": "1.66610", "2011-01-31": "1.97080", "2010-01-31": "2.74160", "2009-01-31": "2.47520", "2008-01-31": "2.32190", "2007-01-31": "2.68390", "2006-01-31": "2.90340", "2005-01-31": "2.36630"}, "Long-term Debt / Capital": {"2020-01-31": "0.31670", "2019-01-31": "0.32600", "2018-01-31": "0.35610", "2017-01-31": "0.39960", "2016-01-31": "0.39970", "2015-01-31": "0.44070", "2014-01-31": "0.47220", "2013-01-31": "0.40480", "2012-01-31": "0.40300", "2011-01-31": "0.49180", "2010-01-31": "0.25480", "2009-01-31": "0.28570", "2008-01-31": "0.29470", "2007-01-31": "0.29780", "2006-01-31": "0.34090", "2005-01-31": "0.38850"}, "Debt/Equity Ratio": {"2020-01-31": "0.47450", "2019-01-31": "0.48600", "2018-01-31": "0.55650", "2017-01-31": "0.66950", "2016-01-31": "0.70170", "2015-01-31": "0.81260", "2014-01-31": "0.91580", "2013-01-31": "0.71040", "2012-01-31": "0.70560", "2011-01-31": "0.96980", "2010-01-31": "0.34190", "2009-01-31": "0.40000", "2008-01-31": "0.41780", "2007-01-31": "0.42410", "2006-01-31": "0.51710", "2005-01-31": "0.63540"}, "Gross Margin": {"2020-01-31": "54.37890", "2019-01-31": "54.96960", "2018-01-31": "54.90200", "2017-01-31": "53.27620", "2016-01-31": "51.88830", "2015-01-31": "52.50090", "2014-01-31": "51.54040", "2013-01-31": "53.76800", "2012-01-31": "51.87720", "2011-01-31": "52.23270", "2010-01-31": "49.30120", "2009-01-31": "48.18220", "2008-01-31": "49.10930", "2007-01-31": "49.26050", "2006-01-31": "46.68030", "2005-01-31": "45.75230"}, "Operating Margin": {"2020-01-31": "5.63830", "2019-01-31": "9.23390", "2018-01-31": "7.09380", "2017-01-31": "9.81340", "2016-01-31": "9.48220", "2015-01-31": "6.42990", "2014-01-31": "6.27140", "2013-01-31": "10.92670", "2012-01-31": "8.33820", "2011-01-31": "4.37860", "2010-01-31": "10.16420", "2009-01-31": "6.89760", "2008-01-31": "12.72050", "2007-01-31": "11.15750", "2006-01-31": "10.83620", "2005-01-31": "7.86730"}, "EBIT Margin": {"2020-01-31": "5.63830", "2019-01-31": "9.23390", "2018-01-31": "7.09380", "2017-01-31": "9.81340", "2016-01-31": "9.48220", "2015-01-31": "6.42990", "2014-01-31": "6.27140", "2013-01-31": "10.92670", "2012-01-31": "8.33820", "2011-01-31": "4.37860", "2010-01-31": "10.16420", "2009-01-31": "6.89760", "2008-01-31": "12.72050", "2007-01-31": "11.15750", "2006-01-31": "10.83620", "2005-01-31": "7.86730"}, "EBITDA Margin": {"2020-01-31": "8.90600", "2019-01-31": "12.70090", "2018-01-31": "10.73830", "2017-01-31": "13.73630", "2016-01-31": "12.69160", "2015-01-31": "9.39910", "2014-01-31": "10.10210", "2013-01-31": "13.25000", "2012-01-31": "10.57920", "2011-01-31": "7.55180", "2010-01-31": "12.24400", "2009-01-31": "9.11940", "2008-01-31": "14.64160", "2007-01-31": "12.97040", "2006-01-31": "12.69490", "2005-01-31": "9.81820"}, "Pre-Tax Profit Margin": {"2020-01-31": "4.48080", "2019-01-31": "8.03160", "2018-01-31": "5.72310", "2017-01-31": "8.21880", "2016-01-31": "8.07330", "2015-01-31": "4.74930", "2014-01-31": "4.01520", "2013-01-31": "8.98730", "2012-01-31": "6.16380", "2011-01-31": "1.64350", "2010-01-31": "8.82060", "2009-01-31": "5.87110", "2008-01-31": "12.15670", "2007-01-31": "11.88310", "2006-01-31": "9.33910", "2005-01-31": "5.30160"}, "Net Profit Margin": {"2020-01-31": "4.21130", "2019-01-31": "7.72930", "2018-01-31": "6.03270", "2017-01-31": "6.69260", "2016-01-31": "7.13690", "2015-01-31": "5.32690", "2014-01-31": "1.75290", "2013-01-31": "6.97000", "2012-01-31": "4.40550", "2011-01-31": "1.11730", "2010-01-31": "6.74980", "2009-01-31": "3.68270", "2008-01-31": "7.55900", "2007-01-31": "6.74680", "2006-01-31": "4.32270", "2005-01-31": "2.28420"}, "Asset Turnover": {"2020-01-31": "0.72690", "2019-01-31": "0.81400", "2018-01-31": "0.75000", "2017-01-31": "0.74120", "2016-01-31": "0.75140", "2015-01-31": "0.76130", "2014-01-31": "0.70720", "2013-01-31": "0.78160", "2012-01-31": "0.87240", "2011-01-31": "0.68350", "2010-01-31": "1.02520", "2009-01-31": "1.13260", "2008-01-31": "1.11640", "2007-01-31": "1.03840", "2006-01-31": "1.08860", "2005-01-31": "1.05930"}, "Inventory Turnover Ratio": {"2020-01-31": "2.79790", "2019-01-31": "2.51010", "2018-01-31": "2.52650", "2017-01-31": "2.90830", "2016-01-31": "2.91820", "2015-01-31": "3.11340", "2014-01-31": "3.09690", "2013-01-31": "3.18050", "2012-01-31": "3.50400", "2011-01-31": "3.11580", "2010-01-31": "4.61020", "2009-01-31": "4.56800", "2008-01-31": "3.83020", "2007-01-31": "3.72340", "2006-01-31": "3.94920", "2005-01-31": "3.66610"}, "Receiveable Turnover": {"2020-01-31": "12.95130", "2019-01-31": "12.01390", "2018-01-31": "12.80130", "2017-01-31": "12.78940", "2016-01-31": "11.69310", "2015-01-31": "11.08880", "2014-01-31": "10.75460", "2013-01-31": "13.69290", "2012-01-31": "12.24750", "2011-01-31": "10.36950", "2010-01-31": "12.20090", "2009-01-31": "12.42210", "2008-01-31": "13.04020", "2007-01-31": "21.03990", "2006-01-31": "18.56860", "2005-01-31": "17.56530"}, "Days Sales In Receivables": {"2020-01-31": "28.18260", "2019-01-31": "30.38140", "2018-01-31": "28.51280", "2017-01-31": "28.53930", "2016-01-31": "31.21500", "2015-01-31": "32.91610", "2014-01-31": "33.93900", "2013-01-31": "26.65620", "2012-01-31": "29.80200", "2011-01-31": "35.19930", "2010-01-31": "29.91590", "2009-01-31": "29.38310", "2008-01-31": "27.99040", "2007-01-31": "17.34800", "2006-01-31": "19.65690", "2005-01-31": "20.77960"}, "ROE - Return On Equity": {"2020-01-31": "7.14270", "2019-01-31": "12.77670", "2018-01-31": "9.68320", "2017-01-31": "11.42050", "2016-01-31": "12.57390", "2015-01-31": "10.05660", "2014-01-31": "3.30780", "2013-01-31": "13.33720", "2012-01-31": "10.91070", "2011-01-31": "2.41250", "2010-01-31": "13.85560", "2009-01-31": "9.18820", "2008-01-31": "19.17000", "2007-01-31": "16.47590", "2006-01-31": "18.28970", "2005-01-31": "16.10190"}, "Return On Tangible Equity": {"2020-01-31": "-30.82120", "2019-01-31": "-52.73750", "2018-01-31": "-26.47540", "2017-01-31": "-24.11450", "2016-01-31": "-24.74280", "2015-01-31": "-16.39890", "2014-01-31": "-4.44820", "2013-01-31": "-33.69780", "2012-01-31": "-16.55440", "2011-01-31": "-2.74770", "2010-01-31": "1590.00500", "2009-01-31": "-76.72580", "2008-01-31": "-172.78610", "2007-01-31": "-217.41050", "2006-01-31": "-88.08410", "2005-01-31": "-23.92470"}, "ROA - Return On Assets": {"2020-01-31": "3.04530", "2019-01-31": "6.27630", "2018-01-31": "4.51050", "2017-01-31": "4.95760", "2016-01-31": "5.36270", "2015-01-31": "4.05450", "2014-01-31": "1.23880", "2013-01-31": "5.61070", "2012-01-31": "4.08300", "2011-01-31": "0.80150", "2010-01-31": "6.92020", "2009-01-31": "4.17110", "2008-01-31": "8.43860", "2007-01-31": "7.71000", "2006-01-31": "6.36950", "2005-01-31": "3.78260"}, "ROI - Return On Investment": {"2020-01-31": "4.88040", "2019-01-31": "8.61090", "2018-01-31": "6.23540", "2017-01-31": "6.85720", "2016-01-31": "7.54750", "2015-01-31": "5.62480", "2014-01-31": "1.74590", "2013-01-31": "7.93890", "2012-01-31": "6.06140", "2011-01-31": "1.13130", "2010-01-31": "10.32500", "2009-01-31": "6.56280", "2008-01-31": "13.52080", "2007-01-31": "11.56960", "2006-01-31": "9.52880", "2005-01-31": "5.70030"}, "Book Value Per Share": {"2020-01-31": "80.38820", "2019-01-31": "77.28770", "2018-01-31": "71.73450", "2017-01-31": "61.16330", "2016-01-31": "55.86470", "2015-01-31": "52.89230", "2014-01-31": "52.76080", "2013-01-31": "44.61070", "2012-01-31": "39.90490", "2011-01-31": "36.42000", "2010-01-31": "22.51460", "2009-01-31": "19.39940", "2008-01-31": "18.64680", "2007-01-31": "16.86970", "2006-01-31": "17.86910", "2005-01-31": "19.39880"}, "Operating Cash Flow Per Share": {"2020-01-31": 2.6484, "2019-01-31": 2.8326, "2018-01-31": -2.9611, "2017-01-31": 0.2653, "2016-01-31": 1.4187, "2015-01-31": 4.4863, "2014-01-31": -2.721, "2013-01-31": 0.9784, "2012-01-31": 1.3986, "2011-01-31": 1.2471, "2010-01-31": -0.5106, "2009-01-31": 0.7517, "2008-01-31": -0.8554, "2007-01-31": 1.0344, "2006-01-31": 0.901, "2005-01-31": 2.7625}, "Free Cash Flow Per Share": {"2020-01-31": 3.7268, "2019-01-31": 2.4358, "2018-01-31": -4.632, "2017-01-31": 0.598, "2016-01-31": 1.315, "2015-01-31": 4.286, "2014-01-31": -2.7417, "2013-01-31": 0.4576, "2012-01-31": 0.5685, "2011-01-31": 0.2025, "2010-01-31": 0.7237, "2009-01-31": 0.723, "2008-01-31": -1.6522, "2007-01-31": 0.8956, "2006-01-31": 1.0713, "2005-01-31": 1.8679}}, "financial ratios, quarterly": {"Current Ratio": {"2020-10-31": "1.54520", "2020-07-31": "1.52280", "2020-04-30": "1.37330", "2020-01-31": "1.43760", "2019-10-31": "1.40330", "2019-07-31": "1.39990", "2019-04-30": "1.47440", "2019-01-31": "1.71000", "2018-10-31": "1.74220", "2018-07-31": "1.72470", "2018-04-30": "1.76110", "2018-01-31": "1.61940", "2017-10-31": "1.82130", "2017-07-31": "1.79740", "2017-04-30": "1.92660", "2017-01-31": "1.84020", "2016-10-31": "2.17350", "2016-07-31": "2.11710", "2016-04-30": "1.81250", "2016-01-31": "1.83640", "2015-10-31": "2.02350", "2015-07-31": "1.98370", "2015-04-30": "2.13820", "2015-01-31": "1.95070", "2014-10-31": "2.07930", "2014-07-31": "1.86680", "2014-04-30": "1.99620", "2014-01-31": "1.93160", "2013-10-31": "2.35510", "2013-07-31": "2.14750", "2013-04-30": "2.36930", "2013-01-31": "2.09640", "2012-10-31": "1.67730", "2012-07-31": "1.64050", "2012-04-30": "1.75980", "2012-01-31": "1.66610", "2011-10-31": "1.80070", "2011-07-31": "1.76960", "2011-04-30": "1.93830", "2011-01-31": "1.97080", "2010-10-31": "2.18770", "2010-07-31": "2.09390", "2010-04-30": "3.46290", "2010-01-31": "2.74160", "2009-10-31": "2.68820", "2009-07-31": "2.47100", "2009-04-30": "2.69110", "2009-01-31": "2.47520", "2008-10-31": "2.50980", "2008-07-31": "2.76400", "2008-04-30": "2.71110", "2008-01-31": "2.32190", "2007-10-31": "3.04210", "2007-07-31": "3.20640", "2007-04-30": "3.34970", "2007-01-31": "2.68390", "2006-10-31": "3.36930", "2006-07-31": "3.23450", "2006-04-30": "3.51020", "2006-01-31": "2.90340", "2005-10-31": "2.97230", "2005-07-31": "2.87200", "2005-04-30": "2.96020", "2005-01-31": "2.36630"}, "Long-term Debt / Capital": {"2020-10-31": "0.42550", "2020-07-31": "0.43290", "2020-04-30": "0.38740", "2020-01-31": "0.31670", "2019-10-31": "0.31390", "2019-07-31": "0.31840", "2019-04-30": "0.32380", "2019-01-31": "0.32600", "2018-10-31": "0.33630", "2018-07-31": "0.34210", "2018-04-30": "0.35130", "2018-01-31": "0.35610", "2017-10-31": "0.37740", "2017-07-31": "0.38470", "2017-04-30": "0.39310", "2017-01-31": "0.39960", "2016-10-31": "0.40790", "2016-07-31": "0.41150", "2016-04-30": "0.38090", "2016-01-31": "0.39970", "2015-10-31": "0.41250", "2015-07-31": "0.42330", "2015-04-30": "0.43070", "2015-01-31": "0.44070", "2014-10-31": "0.44120", "2014-07-31": "0.44570", "2014-04-30": "0.46300", "2014-01-31": "0.47220", "2013-10-31": "0.48920", "2013-07-31": "0.50770", "2013-04-30": "0.51420", "2013-01-31": "0.40480", "2012-10-31": "0.35100", "2012-07-31": "0.38150", "2012-04-30": "0.38820", "2012-01-31": "0.40300", "2011-10-31": "0.42250", "2011-07-31": "0.43530", "2011-04-30": "0.45260", "2011-01-31": "0.49180", "2010-10-31": "0.51110", "2010-07-31": "0.53520", "2010-04-30": "0.20890", "2010-01-31": "0.25480", "2009-10-31": "0.25900", "2009-07-31": "0.27470", "2009-04-30": "0.28080", "2009-01-31": "0.28570", "2008-10-31": "0.26810", "2008-07-31": "0.27800", "2008-04-30": "0.28470", "2008-01-31": "0.29470", "2007-10-31": "0.26460", "2007-07-31": "0.27560", "2007-04-30": "0.28650", "2007-01-31": "0.29780", "2006-10-31": "0.30660", "2006-07-31": "0.31980", "2006-04-30": "0.32590", "2006-01-31": "0.34090", "2005-10-31": "0.35520", "2005-07-31": "0.36760", "2005-04-30": "0.37510", "2005-01-31": "0.38850"}, "Debt/Equity Ratio": {"2020-10-31": "0.75020", "2020-07-31": "0.78190", "2020-04-30": "0.70680", "2020-01-31": "0.47450", "2019-10-31": "0.52920", "2019-07-31": "0.50540", "2019-04-30": "0.53630", "2019-01-31": "0.48600", "2018-10-31": "0.55530", "2018-07-31": "0.53530", "2018-04-30": "0.58720", "2018-01-31": "0.55650", "2017-10-31": "0.64580", "2017-07-31": "0.62880", "2017-04-30": "0.65630", "2017-01-31": "0.66950", "2016-10-31": "0.69330", "2016-07-31": "0.70320", "2016-04-30": "0.64980", "2016-01-31": "0.70170", "2015-10-31": "0.73540", "2015-07-31": "0.76120", "2015-04-30": "0.78130", "2015-01-31": "0.81260", "2014-10-31": "0.81980", "2014-07-31": "0.86250", "2014-04-30": "0.91660", "2014-01-31": "0.91580", "2013-10-31": "0.98010", "2013-07-31": "1.05280", "2013-04-30": "1.08610", "2013-01-31": "0.71040", "2012-10-31": "0.61530", "2012-07-31": "0.66750", "2012-04-30": "0.70050", "2012-01-31": "0.70560", "2011-10-31": "0.75840", "2011-07-31": "0.79480", "2011-04-30": "0.84870", "2011-01-31": "0.96980", "2010-10-31": "1.04520", "2010-07-31": "1.15380", "2010-04-30": "0.26410", "2010-01-31": "0.34190", "2009-10-31": "0.34950", "2009-07-31": "0.37880", "2009-04-30": "0.39040", "2009-01-31": "0.40000", "2008-10-31": "0.36620", "2008-07-31": "0.38500", "2008-04-30": "0.39810", "2008-01-31": "0.41780", "2007-10-31": "0.35980", "2007-07-31": "0.38050", "2007-04-30": "0.40150", "2007-01-31": "0.42410", "2006-10-31": "0.44230", "2006-07-31": "0.47010", "2006-04-30": "0.48340", "2006-01-31": "0.51710", "2005-10-31": "0.55080", "2005-07-31": "0.58120", "2005-04-30": "0.60040", "2005-01-31": "0.63540"}, "Gross Margin": {"2020-10-31": "51.99470", "2020-07-31": "55.88030", "2020-04-30": "49.54610", "2020-01-31": "53.74890", "2019-10-31": "54.34170", "2019-07-31": "54.49620", "2019-04-30": "54.99720", "2019-01-31": "54.56920", "2018-10-31": "54.06220", "2018-07-31": "55.57700", "2018-04-30": "55.77640", "2018-01-31": "54.78410", "2017-10-31": "55.04030", "2017-07-31": "55.42780", "2017-04-30": "54.33890", "2017-01-31": "53.99250", "2016-10-31": "53.09450", "2016-07-31": "53.47330", "2016-04-30": "52.50290", "2016-01-31": "50.78820", "2015-10-31": "50.86630", "2015-07-31": "53.76070", "2015-04-30": "52.44510", "2015-01-31": "51.78370", "2014-10-31": "52.28160", "2014-07-31": "53.38630", "2014-04-30": "52.61500", "2014-01-31": "52.11230", "2013-10-31": "51.87020", "2013-07-31": "52.22410", "2013-04-30": "49.83250", "2013-01-31": "53.82140", "2012-10-31": "52.90360", "2012-07-31": "55.56250", "2012-04-30": "53.02130", "2012-01-31": "50.50830", "2011-10-31": "50.11410", "2011-07-31": "54.26470", "2011-04-30": "53.21260", "2011-01-31": "52.65720", "2010-10-31": "52.32510", "2010-07-31": "52.13970", "2010-04-30": "51.21330", "2010-01-31": "50.00900", "2009-10-31": "48.41620", "2009-07-31": "50.21060", "2009-04-30": "48.76460", "2009-01-31": "44.93720", "2008-10-31": "46.91510", "2008-07-31": "51.50700", "2008-04-30": "49.67090", "2008-01-31": "50.01570", "2007-10-31": "47.18870", "2007-07-31": "50.22900", "2007-04-30": "49.42900", "2007-01-31": "50.19780", "2006-10-31": "49.34020", "2006-07-31": "49.49510", "2006-04-30": "47.92770", "2006-01-31": "48.30780", "2005-10-31": "46.74700", "2005-07-31": "47.38910", "2005-04-30": "44.35290", "2005-01-31": "47.79730"}, "Operating Margin": {"2020-10-31": "5.76460", "2020-07-31": "-0.10760", "2020-04-30": "-21.19790", "2020-01-31": "0.66900", "2019-10-31": "10.41460", "2019-07-31": "5.78210", "2019-04-30": "5.73360", "2019-01-31": "5.38240", "2018-10-31": "11.18240", "2018-07-31": "9.91560", "2018-04-30": "10.55470", "2018-01-31": "2.32100", "2017-10-31": "11.90920", "2017-07-31": "8.72020", "2017-04-30": "5.69130", "2017-01-31": "15.30580", "2016-10-31": "8.81790", "2016-07-31": "7.39670", "2016-04-30": "7.37820", "2016-01-31": "8.33140", "2015-10-31": "11.71630", "2015-07-31": "8.26720", "2015-04-30": "9.40780", "2015-01-31": "0.29970", "2014-10-31": "12.53420", "2014-07-31": "8.06340", "2014-04-30": "4.30310", "2014-01-31": "7.79610", "2013-10-31": "11.03540", "2013-07-31": "4.36180", "2013-04-30": "0.96330", "2013-01-31": "6.71220", "2012-10-31": "14.67880", "2012-07-31": "11.46580", "2012-04-30": "10.93470", "2012-01-31": "1.57710", "2011-10-31": "11.89980", "2011-07-31": "10.00260", "2011-04-30": "9.98240", "2011-01-31": "0.23910", "2010-10-31": "11.75740", "2010-07-31": "3.98400", "2010-04-30": "-3.64380", "2010-01-31": "8.59330", "2009-10-31": "12.96690", "2009-07-31": "9.72050", "2009-04-30": "8.81090", "2009-01-31": "-8.61540", "2008-10-31": "11.88590", "2008-07-31": "9.71290", "2008-04-30": "12.89900", "2008-01-31": "9.01880", "2007-10-31": "14.69020", "2007-07-31": "12.29890", "2007-04-30": "14.45230", "2007-01-31": "8.46630", "2006-10-31": "14.89510", "2006-07-31": "10.84400", "2006-04-30": "10.20760", "2006-01-31": "9.23450", "2005-10-31": "13.43030", "2005-07-31": "10.17480", "2005-04-30": "10.08860", "2005-01-31": "7.44740"}, "EBIT Margin": {"2020-10-31": "5.76460", "2020-07-31": "-0.10760", "2020-04-30": "-21.19790", "2020-01-31": "0.66900", "2019-10-31": "10.41460", "2019-07-31": "5.78210", "2019-04-30": "5.73360", "2019-01-31": "5.38240", "2018-10-31": "11.18240", "2018-07-31": "9.91560", "2018-04-30": "10.55470", "2018-01-31": "2.32100", "2017-10-31": "11.90920", "2017-07-31": "8.72020", "2017-04-30": "5.69130", "2017-01-31": "15.30580", "2016-10-31": "8.81790", "2016-07-31": "7.39670", "2016-04-30": "7.37820", "2016-01-31": "8.33140", "2015-10-31": "11.71630", "2015-07-31": "8.26720", "2015-04-30": "9.40780", "2015-01-31": "0.29970", "2014-10-31": "12.53420", "2014-07-31": "8.06340", "2014-04-30": "4.30310", "2014-01-31": "7.79610", "2013-10-31": "11.03540", "2013-07-31": "4.36180", "2013-04-30": "0.96330", "2013-01-31": "6.71220", "2012-10-31": "14.67880", "2012-07-31": "11.46580", "2012-04-30": "10.93470", "2012-01-31": "1.57710", "2011-10-31": "11.89980", "2011-07-31": "10.00260", "2011-04-30": "9.98240", "2011-01-31": "0.23910", "2010-10-31": "11.75740", "2010-07-31": "3.98400", "2010-04-30": "-3.64380", "2010-01-31": "8.59330", "2009-10-31": "12.96690", "2009-07-31": "9.72050", "2009-04-30": "8.81090", "2009-01-31": "-8.61550", "2008-10-31": "11.88590", "2008-07-31": "9.71290", "2008-04-30": "12.89900", "2008-01-31": "9.01880", "2007-10-31": "14.69020", "2007-07-31": "12.29890", "2007-04-30": "14.45230", "2007-01-31": "8.46630", "2006-10-31": "14.89510", "2006-07-31": "10.84400", "2006-04-30": "10.20760", "2006-01-31": "9.23450", "2005-10-31": "13.43030", "2005-07-31": "10.17480", "2005-04-30": "10.08860", "2005-01-31": "7.44740"}, "EBITDA Margin": {"2020-10-31": "", "2020-07-31": "", "2020-04-30": "", "2020-01-31": "", "2019-10-31": "", "2019-07-31": "", "2019-04-30": "", "2019-01-31": "", "2018-10-31": "", "2018-07-31": "", "2018-04-30": "", "2018-01-31": "", "2017-10-31": "", "2017-07-31": "", "2017-04-30": "", "2017-01-31": "", "2016-10-31": "", "2016-07-31": "", "2016-04-30": "", "2016-01-31": "", "2015-10-31": "", "2015-07-31": "", "2015-04-30": "", "2015-01-31": "", "2014-10-31": "", "2014-07-31": "", "2014-04-30": "", "2014-01-31": "", "2013-10-31": "", "2013-07-31": "", "2013-04-30": "", "2013-01-31": "", "2012-10-31": "", "2012-07-31": "", "2012-04-30": "", "2012-01-31": "", "2011-10-31": "", "2011-07-31": "", "2011-04-30": "", "2011-01-31": "", "2010-10-31": "", "2010-07-31": "", "2010-04-30": "", "2010-01-31": "", "2009-10-31": "", "2009-07-31": "", "2009-04-30": "", "2009-01-31": "", "2008-10-31": "", "2008-07-31": "", "2008-04-30": "", "2008-01-31": "", "2007-10-31": "", "2007-07-31": "", "2007-04-30": "", "2007-01-31": "", "2006-10-31": "", "2006-07-31": "", "2006-04-30": "", "2006-01-31": "", "2005-10-31": "", "2005-07-31": "", "2005-04-30": "", "2005-01-31": ""}, "Pre-Tax Profit Margin": {"2020-10-31": "4.18300", "2020-07-31": "-2.13830", "2020-04-30": "-92.23220", "2020-01-31": "-4.83310", "2019-10-31": "9.34030", "2019-07-31": "9.42390", "2019-04-30": "4.46460", "2019-01-31": "4.20690", "2018-10-31": "10.01780", "2018-07-31": "8.66860", "2018-04-30": "9.32770", "2018-01-31": "1.00440", "2017-10-31": "10.59820", "2017-07-31": "7.28540", "2017-04-30": "4.24840", "2017-01-31": "5.93060", "2016-10-31": "7.51680", "2016-07-31": "5.94320", "2016-04-30": "13.84920", "2016-01-31": "7.01540", "2015-10-31": "10.45050", "2015-07-31": "6.76500", "2015-04-30": "7.82210", "2015-01-31": "-1.24710", "2014-10-31": "11.09670", "2014-07-31": "6.35250", "2014-04-30": "2.23560", "2014-01-31": "5.58400", "2013-10-31": "8.99920", "2013-07-31": "1.94930", "2013-04-30": "-1.43960", "2013-01-31": "4.79820", "2012-10-31": "12.95700", "2012-07-31": "9.34440", "2012-04-30": "8.88590", "2012-01-31": "0.54660", "2011-10-31": "9.99300", "2011-07-31": "7.64610", "2011-04-30": "6.38150", "2011-01-31": "3.81550", "2010-10-31": "9.03880", "2010-07-31": "-7.55670", "2010-04-30": "-4.98060", "2010-01-31": "7.25080", "2009-10-31": "11.80070", "2009-07-31": "8.21190", "2009-04-30": "7.40080", "2009-01-31": "-9.83980", "2008-10-31": "10.91940", "2008-07-31": "8.49590", "2008-04-30": "12.15620", "2008-01-31": "8.25120", "2007-10-31": "14.10070", "2007-07-31": "11.58500", "2007-04-30": "14.25990", "2007-01-31": "7.93270", "2006-10-31": "14.20470", "2006-07-31": "10.03010", "2006-04-30": "15.30200", "2006-01-31": "7.92560", "2005-10-31": "12.07080", "2005-07-31": "8.52240", "2005-04-30": "8.39870", "2005-01-31": "5.66610"}, "Net Profit Margin": {"2020-10-31": "3.29540", "2020-07-31": "-3.25170", "2020-04-30": "-81.60720", "2020-01-31": "-2.59150", "2019-10-31": "8.08440", "2019-07-31": "8.18460", "2019-04-30": "3.48000", "2019-01-31": "6.38890", "2018-10-31": "9.62960", "2018-07-31": "7.07890", "2018-04-30": "7.75080", "2018-01-31": "4.34190", "2017-10-31": "10.14850", "2017-07-31": "5.78290", "2017-04-30": "3.53950", "2017-01-31": "4.77770", "2016-10-31": "5.62310", "2016-07-31": "4.68110", "2016-04-30": "12.07630", "2016-01-31": "6.35270", "2015-10-31": "10.25180", "2015-07-31": "5.48280", "2015-04-30": "6.07140", "2015-01-31": "2.48940", "2014-10-31": "10.10700", "2014-07-31": "6.40310", "2014-04-30": "1.79760", "2014-01-31": "-1.82720", "2013-10-31": "8.70700", "2013-07-31": "-0.27480", "2013-04-30": "-0.53920", "2013-01-31": "4.89460", "2012-10-31": "9.91410", "2012-07-31": "6.53340", "2012-04-30": "6.36970", "2012-01-31": "2.40010", "2011-10-31": "6.38680", "2011-07-31": "4.70680", "2011-04-30": "3.96330", "2011-01-31": "3.59030", "2010-10-31": "6.58450", "2010-07-31": "-6.40130", "2010-04-30": "-4.46060", "2010-01-31": "4.39700", "2009-10-31": "11.98940", "2009-07-31": "5.01750", "2009-04-30": "4.43310", "2009-01-31": "-6.56560", "2008-10-31": "7.38150", "2008-07-31": "5.20640", "2008-04-30": "7.47980", "2008-01-31": "5.18950", "2007-10-31": "8.74230", "2007-07-31": "7.07850", "2007-04-30": "8.95510", "2007-01-31": "4.80380", "2006-10-31": "8.93480", "2006-07-31": "3.92330", "2006-04-30": "8.98730", "2006-01-31": "4.27940", "2005-10-31": "6.95070", "2005-07-31": "1.36790", "2005-04-30": "4.17260", "2005-01-31": "2.90230"}, "Asset Turnover": {"2020-10-31": "0.15980", "2020-07-31": "0.11930", "2020-04-30": "0.10930", "2020-01-31": "0.19080", "2019-10-31": "0.18460", "2019-07-31": "0.17110", "2019-04-30": "0.17640", "2019-01-31": "0.20940", "2018-10-31": "0.21340", "2018-07-31": "0.19950", "2018-04-30": "0.19760", "2018-01-31": "0.21020", "2017-10-31": "0.20220", "2017-07-31": "0.18070", "2017-04-30": "0.18230", "2017-01-31": "0.19040", "2016-10-31": "0.20280", "2016-07-31": "0.17290", "2016-04-30": "0.17620", "2016-01-31": "0.19790", "2015-10-31": "0.20220", "2015-07-31": "0.17530", "2015-04-30": "0.17650", "2015-01-31": "0.19110", "2014-10-31": "0.19820", "2014-07-31": "0.17050", "2014-04-30": "0.16890", "2014-01-31": "0.17730", "2013-10-31": "0.19390", "2013-07-31": "0.17030", "2013-04-30": "0.16480", "2013-01-31": "0.21160", "2012-10-31": "0.23520", "2012-07-31": "0.19860", "2012-04-30": "0.21050", "2012-01-31": "0.22700", "2011-10-31": "0.23900", "2011-07-31": "0.19280", "2011-04-30": "0.19980", "2011-01-31": "0.20610", "2010-10-31": "0.22060", "2010-07-31": "0.17000", "2010-04-30": "0.22680", "2010-01-31": "0.26270", "2009-10-31": "0.30270", "2009-07-31": "0.23700", "2009-04-30": "0.25400", "2009-01-31": "0.26260", "2008-10-31": "0.31850", "2008-07-31": "0.25500", "2008-04-30": "0.29000", "2008-01-31": "0.26910", "2007-10-31": "0.30920", "2007-07-31": "0.25890", "2007-04-30": "0.29070", "2007-01-31": "0.27670", "2006-10-31": "0.29180", "2006-07-31": "0.24700", "2006-04-30": "0.28040", "2006-01-31": "0.26240", "2005-10-31": "0.30930", "2005-07-31": "0.26980", "2005-04-30": "0.29940", "2005-01-31": "0.26700"}, "Inventory Turnover Ratio": {"2020-10-31": "0.68540", "2020-07-31": "0.42470", "2020-04-30": "0.43430", "2020-01-31": "0.74450", "2019-10-31": "0.66820", "2019-07-31": "0.57770", "2019-04-30": "0.65930", "2019-01-31": "0.65140", "2018-10-31": "0.68750", "2018-07-31": "0.59890", "2018-04-30": "0.67130", "2018-01-31": "0.71000", "2017-10-31": "0.72280", "2017-07-31": "0.61560", "2017-04-30": "0.72440", "2017-01-31": "0.73580", "2016-10-31": "0.83660", "2016-07-31": "0.63700", "2016-04-30": "0.71090", "2016-01-31": "0.78620", "2015-10-31": "0.79840", "2015-07-31": "0.61450", "2015-04-30": "0.76170", "2015-01-31": "0.79340", "2014-10-31": "0.85940", "2014-07-31": "0.67450", "2014-04-30": "0.79000", "2014-01-31": "0.76720", "2013-10-31": "0.93400", "2013-07-31": "0.70120", "2013-04-30": "0.84370", "2013-01-31": "0.86020", "2012-10-31": "0.90450", "2012-07-31": "0.65310", "2012-04-30": "0.91130", "2012-01-31": "0.93770", "2011-10-31": "0.98010", "2011-07-31": "0.66850", "2011-04-30": "0.92770", "2011-01-31": "0.93110", "2010-10-31": "1.05000", "2010-07-31": "0.76100", "2010-04-30": "1.06030", "2010-01-31": "1.16470", "2009-10-31": "1.27640", "2009-07-31": "0.87180", "2009-04-30": "1.01460", "2009-01-31": "1.12550", "2008-10-31": "1.17380", "2008-07-31": "0.83670", "2008-04-30": "1.06760", "2008-01-31": "0.90670", "2007-10-31": "1.10740", "2007-07-31": "0.85360", "2007-04-30": "1.06360", "2007-01-31": "0.97370", "2006-10-31": "1.02540", "2006-07-31": "0.90890", "2006-04-30": "1.12950", "2006-01-31": "0.92280", "2005-10-31": "1.08010", "2005-07-31": "0.89290", "2005-04-30": "1.12170", "2005-01-31": "0.88940"}, "Receiveable Turnover": {"2020-10-31": "2.58720", "2020-07-31": "2.65130", "2020-04-30": "2.37080", "2020-01-31": "3.39930", "2019-10-31": "2.59080", "2019-07-31": "2.92270", "2019-04-30": "2.68980", "2019-01-31": "3.09030", "2018-10-31": "2.61440", "2018-07-31": "3.18990", "2018-04-30": "2.84940", "2018-01-31": "3.58830", "2017-10-31": "2.75000", "2017-07-31": "3.07750", "2017-04-30": "2.79160", "2017-01-31": "3.28610", "2016-10-31": "2.84670", "2016-07-31": "3.25310", "2016-04-30": "2.80260", "2016-01-31": "3.07990", "2015-10-31": "2.49880", "2015-07-31": "3.01720", "2015-04-30": "2.45530", "2015-01-31": "2.78360", "2014-10-31": "2.45210", "2014-07-31": "2.57470", "2014-04-30": "2.29620", "2014-01-31": "2.69610", "2013-10-31": "2.46650", "2013-07-31": "2.60790", "2013-04-30": "2.33060", "2013-01-31": "3.70750", "2012-10-31": "2.70430", "2012-07-31": "3.14010", "2012-04-30": "2.62310", "2012-01-31": "3.18700", "2011-10-31": "2.66120", "2011-07-31": "3.22450", "2011-04-30": "2.67320", "2011-01-31": "3.12670", "2010-10-31": "2.71540", "2010-07-31": "3.54050", "2010-04-30": "2.56340", "2010-01-31": "3.12600", "2009-10-31": "2.46950", "2009-07-31": "3.05620", "2009-04-30": "2.50500", "2009-01-31": "2.88020", "2008-10-31": "2.30000", "2008-07-31": "2.98670", "2008-04-30": "2.42670", "2008-01-31": "3.14300", "2007-10-31": "2.53530", "2007-07-31": "3.45810", "2007-04-30": "3.21760", "2007-01-31": "5.60580", "2006-10-31": "3.31230", "2006-07-31": "4.26220", "2006-04-30": "3.55100", "2006-01-31": "4.47560", "2005-10-31": "2.81100", "2005-07-31": "3.75110", "2005-04-30": "3.67840", "2005-01-31": "4.42830"}, "Days Sales In Receivables": {"2020-10-31": "34.78730", "2020-07-31": "33.94570", "2020-04-30": "37.96210", "2020-01-31": "26.47610", "2019-10-31": "34.73820", "2019-07-31": "30.79310", "2019-04-30": "33.45920", "2019-01-31": "29.12320", "2018-10-31": "34.42420", "2018-07-31": "28.21440", "2018-04-30": "31.58520", "2018-01-31": "25.08140", "2017-10-31": "32.72760", "2017-07-31": "29.24490", "2017-04-30": "32.23980", "2017-01-31": "27.38820", "2016-10-31": "31.61610", "2016-07-31": "27.66620", "2016-04-30": "32.11340", "2016-01-31": "29.22180", "2015-10-31": "36.01660", "2015-07-31": "29.82940", "2015-04-30": "36.65510", "2015-01-31": "32.33180", "2014-10-31": "36.70370", "2014-07-31": "34.95500", "2014-04-30": "39.19540", "2014-01-31": "33.38110", "2013-10-31": "36.48840", "2013-07-31": "34.51040", "2013-04-30": "38.61590", "2013-01-31": "24.27520", "2012-10-31": "33.28030", "2012-07-31": "28.66170", "2012-04-30": "34.31100", "2012-01-31": "28.23970", "2011-10-31": "33.81980", "2011-07-31": "27.91140", "2011-04-30": "33.66720", "2011-01-31": "28.78480", "2010-10-31": "33.14390", "2010-07-31": "25.42010", "2010-04-30": "35.11000", "2010-01-31": "28.79070", "2009-10-31": "36.44530", "2009-07-31": "29.44830", "2009-04-30": "35.92750", "2009-01-31": "31.24760", "2008-10-31": "39.13040", "2008-07-31": "30.13360", "2008-04-30": "37.08710", "2008-01-31": "28.63520", "2007-10-31": "35.49920", "2007-07-31": "26.02550", "2007-04-30": "27.97120", "2007-01-31": "16.05490", "2006-10-31": "27.17130", "2006-07-31": "21.11570", "2006-04-30": "25.34490", "2006-01-31": "20.10920", "2005-10-31": "32.01750", "2005-07-31": "23.99300", "2005-04-30": "24.46690", "2005-01-31": "20.32390"}, "ROE - Return On Equity": {"2020-10-31": "1.48620", "2020-07-31": "-1.12800", "2020-04-30": "-24.30980", "2020-01-31": "-1.17870", "2019-10-31": "3.49030", "2019-07-31": "3.28870", "2019-04-30": "1.41630", "2019-01-31": "2.71800", "2018-10-31": "4.27020", "2018-07-31": "2.95940", "2018-04-30": "3.21500", "2018-01-31": "1.94890", "2017-10-31": "4.54680", "2017-07-31": "2.34340", "2017-04-30": "1.43790", "2017-01-31": "2.09180", "2016-10-31": "2.63020", "2016-07-31": "1.88400", "2016-04-30": "4.76320", "2016-01-31": "2.94800", "2015-10-31": "4.88160", "2015-07-31": "2.31760", "2015-04-30": "2.56720", "2015-01-31": "1.18000", "2014-10-31": "4.92390", "2014-07-31": "2.79230", "2014-04-30": "0.78580", "2014-01-31": "-0.86730", "2013-10-31": "4.51050", "2013-07-31": "-0.13030", "2013-04-30": "-0.24990", "2013-01-31": "2.48140", "2012-10-31": "5.68130", "2012-07-31": "3.34700", "2012-04-30": "3.49110", "2012-01-31": "1.54590", "2011-10-31": "4.33980", "2011-07-31": "2.64520", "2011-04-30": "2.32300", "2011-01-31": "2.34100", "2010-10-31": "4.48520", "2010-07-31": "-3.57610", "2010-04-30": "-1.82480", "2010-01-31": "2.31250", "2009-10-31": "7.31290", "2009-07-31": "2.51750", "2009-04-30": "2.41450", "2009-01-31": "-3.79810", "2008-10-31": "4.92170", "2008-07-31": "2.81390", "2008-04-30": "4.66310", "2008-01-31": "3.17210", "2007-10-31": "5.48200", "2007-07-31": "3.72370", "2007-04-30": "5.32620", "2007-01-31": "2.84010", "2006-10-31": "5.62030", "2006-07-31": "3.40690", "2006-04-30": "7.33530", "2006-01-31": "3.75310", "2005-10-31": "7.15050", "2005-07-31": "4.47210", "2005-04-30": "6.23420", "2005-01-31": "4.74990"}, "Return On Tangible Equity": {"2020-10-31": "-4.16470", "2020-07-31": "2.89520", "2020-04-30": "67.27160", "2020-01-31": "5.08610", "2019-10-31": "-14.18190", "2019-07-31": "-12.14920", "2019-04-30": "-5.87810", "2019-01-31": "-11.21890", "2018-10-31": "-15.66170", "2018-07-31": "-9.58000", "2018-04-30": "-9.56530", "2018-01-31": "-5.32870", "2017-10-31": "-11.44190", "2017-07-31": "-5.29840", "2017-04-30": "-3.06330", "2017-01-31": "-4.41680", "2016-10-31": "-5.34210", "2016-07-31": "-3.64240", "2016-04-30": "-9.19520", "2016-01-31": "-5.80100", "2015-10-31": "-9.33800", "2015-07-31": "-4.07010", "2015-04-30": "-4.43260", "2015-01-31": "-1.92420", "2014-10-31": "-8.12570", "2014-07-31": "-4.17700", "2014-04-30": "-1.10570", "2014-01-31": "1.16630", "2013-10-31": "-6.13570", "2013-07-31": "0.15540", "2013-04-30": "0.30090", "2013-01-31": "-6.26940", "2012-10-31": "-12.53860", "2012-07-31": "-6.07290", "2012-04-30": "-6.05160", "2012-01-31": "-2.34550", "2011-10-31": "-6.43210", "2011-07-31": "-3.59040", "2011-04-30": "-2.94660", "2011-01-31": "-2.66630", "2010-10-31": "-4.89090", "2010-07-31": "3.28990", "2010-04-30": "-7.96530", "2010-01-31": "265.37390", "2009-10-31": "-1945.15800", "2009-07-31": "-32.28660", "2009-04-30": "-23.12200", "2009-01-31": "31.71580", "2008-10-31": "-299.64050", "2008-07-31": "-51.61060", "2008-04-30": "-61.79810", "2008-01-31": "-28.59110", "2007-10-31": "81.71680", "2007-07-31": "165.95970", "2007-04-30": "-220.41770", "2007-01-31": "-37.47670", "2006-10-31": "-304.94360", "2006-07-31": "-46.34560", "2006-04-30": "-61.19750", "2006-01-31": "-18.07540", "2005-10-31": "-24.00180", "2005-07-31": "-11.84940", "2005-04-30": "-11.60670", "2005-01-31": "-7.05760"}, "ROA - Return On Assets": {"2020-10-31": "0.52420", "2020-07-31": "-0.39010", "2020-04-30": "-8.92450", "2020-01-31": "-0.50250", "2019-10-31": "1.49010", "2019-07-31": "1.39720", "2019-04-30": "0.61100", "2019-01-31": "1.33520", "2018-10-31": "2.05060", "2018-07-31": "1.40800", "2018-04-30": "1.52720", "2018-01-31": "0.90780", "2017-10-31": "2.04750", "2017-07-31": "1.04240", "2017-04-30": "0.64240", "2017-01-31": "0.90800", "2016-10-31": "1.13930", "2016-07-31": "0.80950", "2016-04-30": "2.12770", "2016-01-31": "1.25730", "2015-10-31": "2.07300", "2015-07-31": "0.96120", "2015-04-30": "1.07140", "2015-01-31": "0.47580", "2014-10-31": "2.00340", "2014-07-31": "1.09190", "2014-04-30": "0.30270", "2014-01-31": "-0.32480", "2013-10-31": "1.68700", "2013-07-31": "-0.04590", "2013-04-30": "-0.08880", "2013-01-31": "1.04390", "2012-10-31": "2.40050", "2012-07-31": "1.33580", "2012-04-30": "1.40810", "2012-01-31": "0.57850", "2011-10-31": "1.62140", "2011-07-31": "0.96430", "2011-04-30": "0.84130", "2011-01-31": "0.77780", "2010-10-31": "1.45280", "2010-07-31": "-1.08840", "2010-04-30": "-1.01150", "2010-01-31": "1.15500", "2009-10-31": "3.62930", "2009-07-31": "1.18920", "2009-04-30": "1.12620", "2009-01-31": "-1.72420", "2008-10-31": "2.35120", "2008-07-31": "1.32780", "2008-04-30": "2.16900", "2008-01-31": "1.39630", "2007-10-31": "2.70350", "2007-07-31": "1.83250", "2007-04-30": "2.60350", "2007-01-31": "1.32900", "2006-10-31": "2.60680", "2006-07-31": "1.55850", "2006-04-30": "2.69930", "2006-01-31": "1.30710", "2005-10-31": "2.33730", "2005-07-31": "1.42980", "2005-04-30": "1.58440", "2005-01-31": "1.11580"}, "ROI - Return On Investment": {"2020-10-31": "0.85380", "2020-07-31": "-0.63970", "2020-04-30": "-14.89220", "2020-01-31": "-0.80540", "2019-10-31": "2.39470", "2019-07-31": "2.24150", "2019-04-30": "0.95760", "2019-01-31": "1.83180", "2018-10-31": "2.83430", "2018-07-31": "1.94710", "2018-04-30": "2.08560", "2018-01-31": "1.25500", "2017-10-31": "2.83070", "2017-07-31": "1.44190", "2017-04-30": "0.87270", "2017-01-31": "1.25600", "2016-10-31": "1.55730", "2016-07-31": "1.10880", "2016-04-30": "2.94890", "2016-01-31": "1.76950", "2015-10-31": "2.86810", "2015-07-31": "1.33650", "2015-04-30": "1.46150", "2015-01-31": "0.66000", "2014-10-31": "2.75160", "2014-07-31": "1.54770", "2014-04-30": "0.42200", "2014-01-31": "-0.45780", "2013-10-31": "2.30390", "2013-07-31": "-0.06410", "2013-04-30": "-0.12140", "2013-01-31": "1.47700", "2012-10-31": "3.57290", "2012-07-31": "1.99980", "2012-04-30": "2.06480", "2012-01-31": "0.85880", "2011-10-31": "2.33570", "2011-07-31": "1.38980", "2011-04-30": "1.18190", "2011-01-31": "1.09780", "2010-10-31": "2.02180", "2010-07-31": "-1.51710", "2010-04-30": "-1.44360", "2010-01-31": "1.72330", "2009-10-31": "5.41910", "2009-07-31": "1.82590", "2009-04-30": "1.73650", "2009-01-31": "-2.71280", "2008-10-31": "3.60240", "2008-07-31": "2.03180", "2008-04-30": "3.33530", "2008-01-31": "2.23730", "2007-10-31": "4.03150", "2007-07-31": "2.69740", "2007-04-30": "3.80040", "2007-01-31": "1.99430", "2006-10-31": "3.89690", "2006-07-31": "2.31740", "2006-04-30": "3.97600", "2006-01-31": "1.95540", "2005-10-31": "3.58160", "2005-07-31": "2.16210", "2005-04-30": "2.34560", "2005-01-31": "1.68150"}, "Book Value Per Share": {"2020-10-31": "65.77030", "2020-07-31": "64.47460", "2020-04-30": "63.54400", "2020-01-31": "80.38820", "2019-10-31": "81.64880", "2019-07-31": "78.86560", "2019-04-30": "76.70240", "2019-01-31": "77.28770", "2018-10-31": "74.84030", "2018-07-31": "72.54640", "2018-04-30": "72.11210", "2018-01-31": "71.73450", "2017-10-31": "68.10850", "2017-07-31": "65.68180", "2017-04-30": "62.48480", "2017-01-31": "61.16330", "2016-10-31": "60.32620", "2016-07-31": "59.79630", "2016-04-30": "60.03950", "2016-01-31": "55.86470", "2015-10-31": "55.37940", "2015-07-31": "53.36350", "2015-04-30": "53.75610", "2015-01-31": "52.89230", "2014-10-31": "55.59830", "2014-07-31": "54.98470", "2014-04-30": "54.41440", "2014-01-31": "52.76080", "2013-10-31": "53.42130", "2013-07-31": "49.87620", "2013-04-30": "50.85900", "2013-01-31": "44.61070", "2012-10-31": "43.13080", "2012-07-31": "39.42090", "2012-04-30": "40.20930", "2012-01-31": "39.90490", "2011-10-31": "41.06330", "2011-07-31": "40.13630", "2011-04-30": "39.65720", "2011-01-31": "36.42000", "2010-10-31": "36.07360", "2010-07-31": "32.60540", "2010-04-30": "26.11800", "2010-01-31": "22.51460", "2009-10-31": "22.10590", "2009-07-31": "20.43460", "2009-04-30": "19.85050", "2009-01-31": "19.39940", "2008-10-31": "21.19480", "2008-07-31": "20.16960", "2008-04-30": "19.53180", "2008-01-31": "18.64680", "2007-10-31": "19.66000", "2007-07-31": "18.59870", "2007-04-30": "19.17790", "2007-01-31": "16.86970", "2006-10-31": "16.27690", "2006-07-31": "15.35030", "2006-04-30": "18.94020", "2006-01-31": "17.86910", "2005-10-31": "17.17620", "2005-07-31": "16.40870", "2005-04-30": "19.85200", "2005-01-31": "19.39880"}, "Operating Cash Flow Per Share": {"2020-10-31": 2.484, "2020-07-31": 5.488, "2020-04-30": "-2.00000", "2020-01-31": 7.8575, "2019-10-31": 1.5864, "2019-07-31": 5.1974, "2019-04-30": "-0.96440", "2019-01-31": 7.0713, "2018-10-31": -0.0338, "2018-07-31": 5.5984, "2018-04-30": "-1.60740", "2018-01-31": 5.5793, "2017-10-31": 0.3637, "2017-07-31": 2.9795, "2017-04-30": "-0.72660", "2017-01-31": 4.0033, "2016-10-31": 2.1205, "2016-07-31": 3.6986, "2016-04-30": "1.33460", "2016-01-31": 6.2214, "2015-10-31": 0.802, "2015-07-31": 3.1441, "2015-04-30": "0.72420", "2015-01-31": 5.5846, "2014-10-31": 1.8427, "2014-07-31": 2.6635, "2014-04-30": "-0.61780", "2014-01-31": 4.558, "2013-10-31": -0.1088, "2013-07-31": 2.2288, "2013-04-30": "-1.69130", "2013-01-31": 3.8505, "2012-10-31": 1.0408, "2012-07-31": 2.8233, "2012-04-30": "-0.00690", "2012-01-31": 4.3536, "2011-10-31": 0.4409, "2011-07-31": 2.0659, "2011-04-30": "-0.13110", "2011-01-31": 3.3701, "2010-10-31": 0.4892, "2010-07-31": 2.2481, "2010-04-30": "-0.77670", "2010-01-31": 2.5488, "2009-10-31": -0.0143, "2009-07-31": 1.9657, "2009-04-30": "-0.41660", "2009-01-31": 3.0756, "2008-10-31": -0.529, "2008-07-31": 2.1573, "2008-04-30": "-0.10970", "2008-01-31": 3.096, "2007-10-31": 0.1421, "2007-07-31": 1.5256, "2007-04-30": "-0.92120", "2007-01-31": 2.7188, "2006-10-31": 0.1109, "2006-07-31": 1.5561, "2006-04-30": "0.31210", "2006-01-31": 2.1797, "2005-10-31": -0.2581, "2005-07-31": 1.6582, "2005-04-30": "0.08370", "2005-01-31": 2.7625}, "Free Cash Flow Per Share": {"2020-10-31": 1.7777, "2020-07-31": 4.7646, "2020-04-30": "-2.78990", "2020-01-31": 6.3674, "2019-10-31": 0.4584, "2019-07-31": 4.995, "2019-04-30": "-1.97500", "2019-01-31": 5.6612, "2018-10-31": -1.4164, "2018-07-31": 4.4624, "2018-04-30": "-2.58820", "2018-01-31": 4.0628, "2017-10-31": -0.6502, "2017-07-31": 1.863, "2017-04-30": "-1.59240", "2017-01-31": 2.9744, "2016-10-31": 1.3666, "2016-07-31": 3.2001, "2016-04-30": "0.77410", "2016-01-31": 5.0806, "2015-10-31": -0.0233, "2015-07-31": 2.5172, "2015-04-30": "0.14270", "2015-01-31": 4.5967, "2014-10-31": 0.9942, "2014-07-31": 2.0385, "2014-04-30": "-1.22720", "2014-01-31": 3.6947, "2013-10-31": -0.8171, "2013-07-31": 1.5011, "2013-04-30": "-2.26250", "2013-01-31": 2.853, "2012-10-31": 0.2983, "2012-07-31": 2.2444, "2012-04-30": "-0.53780", "2012-01-31": 3.6404, "2011-10-31": -0.1608, "2011-07-31": 1.5266, "2011-04-30": "-0.60590", "2011-01-31": 2.6424, "2010-10-31": 0.1584, "2010-07-31": 1.9, "2010-04-30": "-0.86900", "2010-01-31": 2.4614, "2009-10-31": -0.1347, "2009-07-31": 1.8387, "2009-04-30": "-0.53610", "2009-01-31": 2.7657, "2008-10-31": -0.8704, "2008-07-31": 1.6483, "2008-04-30": "-0.63800", "2008-01-31": 2.4913, "2007-10-31": -0.3366, "2007-07-31": 1.1083, "2007-04-30": "-1.08040", "2007-01-31": 2.32, "2006-10-31": -0.0824, "2006-07-31": 1.3901, "2006-04-30": "0.20710", "2006-01-31": 1.9002, "2005-10-31": -0.257, "2005-07-31": 1.3366, "2005-04-30": "-0.04060", "2005-01-31": 1.8679}}, "revenue": {"PVH Annual Revenue (Millions of US $)": {"2020": "$9,909", "2019": "$9,657", "2018": "$8,915", "2017": "$8,203", "2016": "$8,020", "2015": "$8,241", "2014": "$8,186", "2013": "$6,043", "2012": "$5,891", "2011": "$4,637", "2010": "$2,399", "2009": "$2,492", "2008": "$2,425", "2007": "$2,091", "2006": "$1,909", "2005": "$1,641"}, "PVH Quarterly Revenue (Millions of US $)": {"2020-10-31": "$2,118", "2020-07-31": "$1,581", "2020-04-30": "$1,344", "2020-01-31": "$2,601", "2019-10-31": "$2,588", "2019-07-31": "$2,364", "2019-04-30": "$2,356", "2019-01-31": "$2,484", "2018-10-31": "$2,525", "2018-07-31": "$2,334", "2018-04-30": "$2,315", "2018-01-31": "$2,499", "2017-10-31": "$2,357", "2017-07-31": "$2,070", "2017-04-30": "$1,989", "2017-01-31": "$2,108", "2016-10-31": "$2,244", "2016-07-31": "$1,933", "2016-04-30": "$1,918", "2016-01-31": "$2,113", "2015-10-31": "$2,165", "2015-07-31": "$1,864", "2015-04-30": "$1,879", "2015-01-31": "$2,069", "2014-10-31": "$2,233", "2014-07-31": "$1,976", "2014-04-30": "$1,964", "2014-01-31": "$2,052", "2013-10-31": "$2,259", "2013-07-31": "$1,965", "2013-04-30": "$1,910", "2013-01-31": "$1,636", "2012-10-31": "$1,643", "2012-07-31": "$1,337", "2012-04-30": "$1,427", "2012-01-31": "$1,533", "2011-10-31": "$1,654", "2011-07-31": "$1,334", "2011-04-30": "$1,369", "2011-01-31": "$1,398", "2010-10-31": "$1,516", "2010-07-31": "$1,103", "2010-04-30": "$619", "2010-01-31": "$615", "2009-10-31": "$697", "2009-07-31": "$529", "2009-04-30": "$557", "2009-01-31": "$578", "2008-10-31": "$727", "2008-07-31": "$561", "2008-04-30": "$626", "2008-01-31": "$585", "2007-10-31": "$696", "2007-07-31": "$552", "2007-04-30": "$592", "2007-01-31": "$557", "2006-10-31": "$568", "2006-07-31": "$459", "2006-04-30": "$506", "2006-01-31": "$460", "2005-10-31": "$533", "2005-07-31": "$443", "2005-04-30": "$472", "2005-01-31": "$414"}}, "gross-profit": {"PVH Annual Gross Profit (Millions of US $)": {"2020": "$5,388", "2019": "$5,308", "2018": "$4,894", "2017": "$4,370", "2016": "$4,162", "2015": "$4,327", "2014": "$4,219", "2013": "$3,249", "2012": "$3,056", "2011": "$2,422", "2010": "$1,183", "2009": "$1,201", "2008": "$1,191", "2007": "$1,030", "2006": "$891", "2005": "$751"}, "PVH Quarterly Gross Profit (Millions of US $)": {"2020-10-31": "$1,101", "2020-07-31": "$883", "2020-04-30": "$666", "2020-01-31": "$1,398", "2019-10-31": "$1,406", "2019-07-31": "$1,288", "2019-04-30": "$1,296", "2019-01-31": "$1,355", "2018-10-31": "$1,365", "2018-07-31": "$1,297", "2018-04-30": "$1,291", "2018-01-31": "$1,369", "2017-10-31": "$1,297", "2017-07-31": "$1,147", "2017-04-30": "$1,081", "2017-01-31": "$1,138", "2016-10-31": "$1,192", "2016-07-31": "$1,034", "2016-04-30": "$1,007", "2016-01-31": "$1,073", "2015-10-31": "$1,101", "2015-07-31": "$1,002", "2015-04-30": "$986", "2015-01-31": "$1,071", "2014-10-31": "$1,168", "2014-07-31": "$1,055", "2014-04-30": "$1,033", "2014-01-31": "$1,070", "2013-10-31": "$1,172", "2013-07-31": "$1,026", "2013-04-30": "$952", "2013-01-31": "$881", "2012-10-31": "$869", "2012-07-31": "$743", "2012-04-30": "$757", "2012-01-31": "$774", "2011-10-31": "$829", "2011-07-31": "$724", "2011-04-30": "$729", "2011-01-31": "$736", "2010-10-31": "$793", "2010-07-31": "$575", "2010-04-30": "$317", "2010-01-31": "$307", "2009-10-31": "$338", "2009-07-31": "$266", "2009-04-30": "$272", "2009-01-31": "$260", "2008-10-31": "$341", "2008-07-31": "$289", "2008-04-30": "$311", "2008-01-31": "$292", "2007-10-31": "$329", "2007-07-31": "$277", "2007-04-30": "$293", "2007-01-31": "$280", "2006-10-31": "$280", "2006-07-31": "$227", "2006-04-30": "$243", "2006-01-31": "$222", "2005-10-31": "$249", "2005-07-31": "$210", "2005-04-30": "$209", "2005-01-31": "$198"}}, "operating-income": {"PVH Annual Operating Income (Millions of US $)": {"2020": "$559", "2019": "$892", "2018": "$632", "2017": "$805", "2016": "$761", "2015": "$530", "2014": "$513", "2013": "$660", "2012": "$491", "2011": "$203", "2010": "$244", "2009": "$172", "2008": "$308", "2007": "$233", "2006": "$207", "2005": "$129"}, "PVH Quarterly Operating Income (Millions of US $)": {"2020-10-31": "$122", "2020-07-31": "$-2", "2020-04-30": "$-285", "2020-01-31": "$17", "2019-10-31": "$270", "2019-07-31": "$137", "2019-04-30": "$135", "2019-01-31": "$134", "2018-10-31": "$282", "2018-07-31": "$231", "2018-04-30": "$244", "2018-01-31": "$58", "2017-10-31": "$281", "2017-07-31": "$181", "2017-04-30": "$113", "2017-01-31": "$323", "2016-10-31": "$198", "2016-07-31": "$143", "2016-04-30": "$142", "2016-01-31": "$176", "2015-10-31": "$254", "2015-07-31": "$154", "2015-04-30": "$177", "2015-01-31": "$6", "2014-10-31": "$280", "2014-07-31": "$159", "2014-04-30": "$85", "2014-01-31": "$160", "2013-10-31": "$249", "2013-07-31": "$86", "2013-04-30": "$18", "2013-01-31": "$110", "2012-10-31": "$241", "2012-07-31": "$153", "2012-04-30": "$156", "2012-01-31": "$24", "2011-10-31": "$197", "2011-07-31": "$133", "2011-04-30": "$137", "2011-01-31": "$3", "2010-10-31": "$178", "2010-07-31": "$44", "2010-04-30": "$-23", "2010-01-31": "$53", "2009-10-31": "$90", "2009-07-31": "$51", "2009-04-30": "$49", "2009-01-31": "$-50", "2008-10-31": "$86", "2008-07-31": "$54", "2008-04-30": "$81", "2008-01-31": "$53", "2007-10-31": "$102", "2007-07-31": "$68", "2007-04-30": "$86", "2007-01-31": "$47", "2006-10-31": "$85", "2006-07-31": "$50", "2006-04-30": "$52", "2006-01-31": "$42", "2005-10-31": "$72", "2005-07-31": "$45", "2005-04-30": "$48", "2005-01-31": "$31"}}, "ebitda": {"PVH Annual EBITDA (Millions of US $)": {"2020": "$882", "2019": "$1,227", "2018": "$957", "2017": "$1,127", "2016": "$1,018", "2015": "$775", "2014": "$827", "2013": "$801", "2012": "$623", "2011": "$350", "2010": "$294", "2009": "$227", "2008": "$355", "2007": "$271", "2006": "$242", "2005": "$161"}, "PVH Quarterly EBITDA (Millions of US $)": {"2020-10-31": "$202", "2020-07-31": "$77", "2020-04-30": "$-204", "2020-01-31": "$105", "2019-10-31": "$351", "2019-07-31": "$215", "2019-04-30": "$212", "2019-01-31": "$221", "2018-10-31": "$364", "2018-07-31": "$314", "2018-04-30": "$328", "2018-01-31": "$144", "2017-10-31": "$362", "2017-07-31": "$261", "2017-04-30": "$190", "2017-01-31": "$407", "2016-10-31": "$282", "2016-07-31": "$226", "2016-04-30": "$212", "2016-01-31": "$246", "2015-10-31": "$317", "2015-07-31": "$217", "2015-04-30": "$238", "2015-01-31": "$69", "2014-10-31": "$340", "2014-07-31": "$220", "2014-04-30": "$145", "2014-01-31": "$231", "2013-10-31": "$311", "2013-07-31": "$183", "2013-04-30": "$103", "2013-01-31": "$148", "2012-10-31": "$276", "2012-07-31": "$188", "2012-04-30": "$190", "2012-01-31": "$57", "2011-10-31": "$229", "2011-07-31": "$165", "2011-04-30": "$171", "2011-01-31": "$37", "2010-10-31": "$230", "2010-07-31": "$94", "2010-04-30": "$-10", "2010-01-31": "$65", "2009-10-31": "$103", "2009-07-31": "$64", "2009-04-30": "$62", "2009-01-31": "$-35", "2008-10-31": "$100", "2008-07-31": "$68", "2008-04-30": "$94", "2008-01-31": "$66", "2007-10-31": "$114", "2007-07-31": "$79", "2007-04-30": "$96", "2007-01-31": "$58", "2006-10-31": "$94", "2006-07-31": "$59", "2006-04-30": "$61", "2006-01-31": "$52", "2005-10-31": "$80", "2005-07-31": "$54", "2005-04-30": "$56", "2005-01-31": "$42"}}, "net-income": {"PVH Annual Net Income (Millions of US $)": {"2020": "$417", "2019": "$746", "2018": "$538", "2017": "$549", "2016": "$572", "2015": "$439", "2014": "$144", "2013": "$421", "2012": "$260", "2011": "$52", "2010": "$162", "2009": "$92", "2008": "$183", "2007": "$141", "2006": "$83", "2005": "$37"}, "PVH Quarterly Net Income (Millions of US $)": {"2020-10-31": "$70", "2020-07-31": "$-51", "2020-04-30": "$-1,097", "2020-01-31": "$-67", "2019-10-31": "$209", "2019-07-31": "$194", "2019-04-30": "$82", "2019-01-31": "$159", "2018-10-31": "$243", "2018-07-31": "$165", "2018-04-30": "$179", "2018-01-31": "$109", "2017-10-31": "$239", "2017-07-31": "$120", "2017-04-30": "$70", "2017-01-31": "$101", "2016-10-31": "$126", "2016-07-31": "$91", "2016-04-30": "$232", "2016-01-31": "$134", "2015-10-31": "$222", "2015-07-31": "$102", "2015-04-30": "$114", "2015-01-31": "$52", "2014-10-31": "$226", "2014-07-31": "$127", "2014-04-30": "$35", "2014-01-31": "$-38", "2013-10-31": "$197", "2013-07-31": "$-5", "2013-04-30": "$-10", "2013-01-31": "$80", "2012-10-31": "$163", "2012-07-31": "$87", "2012-04-30": "$91", "2012-01-31": "$37", "2011-10-31": "$106", "2011-07-31": "$63", "2011-04-30": "$54", "2011-01-31": "$50", "2010-10-31": "$100", "2010-07-31": "$-71", "2010-04-30": "$-28", "2010-01-31": "$27", "2009-10-31": "$84", "2009-07-31": "$27", "2009-04-30": "$25", "2009-01-31": "$-38", "2008-10-31": "$54", "2008-07-31": "$29", "2008-04-30": "$47", "2008-01-31": "$30", "2007-10-31": "$61", "2007-07-31": "$39", "2007-04-30": "$53", "2007-01-31": "$27", "2006-10-31": "$51", "2006-07-31": "$18", "2006-04-30": "$46", "2006-01-31": "$20", "2005-10-31": "$37", "2005-07-31": "$6", "2005-04-30": "$20", "2005-01-31": "$12"}}, "eps-earnings-per-share-diluted": {"PVH Annual EPS": {"2020": "$5.60", "2019": "$9.65", "2018": "$6.84", "2017": "$6.79", "2016": "$6.89", "2015": "$5.27", "2014": "$1.74", "2013": "$5.87", "2012": "$3.78", "2011": "$0.81", "2010": "$3.08", "2009": "$1.76", "2008": "$3.21", "2007": "$2.64", "2006": "$1.85", "2005": "$1.14"}, "PVH Quarterly EPS": {"2020-10-31": "$0.98", "2020-07-31": "$-0.72", "2020-04-30": "$-15.37", "2020-01-31": "$-0.88", "2019-10-31": "$2.82", "2019-07-31": "$2.58", "2019-04-30": "$1.08", "2019-01-31": "$2.09", "2018-10-31": "$3.15", "2018-07-31": "$2.12", "2018-04-30": "$2.29", "2018-01-31": "$1.38", "2017-10-31": "$3.05", "2017-07-31": "$1.52", "2017-04-30": "$0.89", "2017-01-31": "$1.29", "2016-10-31": "$1.56", "2016-07-31": "$1.11", "2016-04-30": "$2.83", "2016-01-31": "$1.63", "2015-10-31": "$2.67", "2015-07-31": "$1.22", "2015-04-30": "$1.37", "2015-01-31": "$0.62", "2014-10-31": "$2.71", "2014-07-31": "$1.52", "2014-04-30": "$0.42", "2014-01-31": "$-0.43", "2013-10-31": "$2.37", "2013-07-31": "$-0.07", "2013-04-30": "$-0.13", "2013-01-31": "$1.08", "2012-10-31": "$2.27", "2012-07-31": "$1.22", "2012-04-30": "$1.30", "2012-01-31": "$0.53", "2011-10-31": "$1.54", "2011-07-31": "$0.92", "2011-04-30": "$0.79", "2011-01-31": "$1.02", "2010-10-31": "$1.39", "2010-07-31": "$-1.07", "2010-04-30": "$-0.53", "2010-01-31": "$0.51", "2009-10-31": "$1.58", "2009-07-31": "$0.51", "2009-04-30": "$0.48", "2009-01-31": "$-0.73", "2008-10-31": "$1.03", "2008-07-31": "$0.56", "2008-04-30": "$0.90", "2008-01-31": "$0.56", "2007-10-31": "$1.05", "2007-07-31": "$0.68", "2007-04-30": "$0.92", "2007-01-31": "$0.55", "2006-10-31": "$0.89", "2006-07-31": "$0.33", "2006-04-30": "$0.87", "2006-01-31": "$0.50", "2005-10-31": "$0.73", "2005-07-31": "$0.16", "2005-04-30": "$0.46", "2005-01-31": "$0.50"}}, "shares-outstanding": {"PVH Annual Shares Outstanding (Millions of Shares)": {"2020": "75", "2019": "77", "2018": "79", "2017": "81", "2016": "83", "2015": "83", "2014": "83", "2013": "74", "2012": "73", "2011": "67", "2010": "53", "2009": "52", "2008": "57", "2007": "53", "2006": "52", "2005": "52"}, "PVH Quarterly Shares Outstanding (Millions of Shares)": {"2020-10-31": "72", "2020-07-31": "71", "2020-04-30": "71", "2020-01-31": "75", "2019-10-31": "74", "2019-07-31": "75", "2019-04-30": "76", "2019-01-31": "77", "2018-10-31": "77", "2018-07-31": "78", "2018-04-30": "78", "2018-01-31": "79", "2017-10-31": "79", "2017-07-31": "79", "2017-04-30": "79", "2017-01-31": "81", "2016-10-31": "81", "2016-07-31": "81", "2016-04-30": "82", "2016-01-31": "83", "2015-10-31": "83", "2015-07-31": "84", "2015-04-30": "83", "2015-01-31": "83", "2014-10-31": "83", "2014-07-31": "83", "2014-04-30": "83", "2014-01-31": "83", "2013-10-31": "83", "2013-07-31": "81", "2013-04-30": "80", "2013-01-31": "74", "2012-10-31": "74", "2012-07-31": "74", "2012-04-30": "74", "2012-01-31": "73", "2011-10-31": "73", "2011-07-31": "73", "2011-04-30": "73", "2011-01-31": "67", "2010-10-31": "72", "2010-07-31": "66", "2010-04-30": "52", "2010-01-31": "53", "2009-10-31": "53", "2009-07-31": "52", "2009-04-30": "52", "2009-01-31": "52", "2008-10-31": "52", "2008-07-31": "52", "2008-04-30": "52", "2008-01-31": "57", "2007-10-31": "58", "2007-07-31": "58", "2007-04-30": "58", "2007-01-31": "53", "2006-10-31": "57", "2006-07-31": "55", "2006-04-30": "56", "2006-01-31": "52", "2005-10-31": "55", "2005-07-31": "38", "2005-04-30": "54", "2005-01-31": "52"}}, "total-assets": {"PVH Annual Total Assets (Millions of US $)": {"2020": "$13,631", "2019": "$11,864", "2018": "$11,886", "2017": "$11,068", "2016": "$10,674", "2015": "$10,825", "2014": "$11,576", "2013": "$7,732", "2012": "$6,752", "2011": "$6,784", "2010": "$2,340", "2009": "$2,200", "2008": "$2,172", "2007": "$2,013", "2006": "$1,753", "2005": "$1,550"}, "PVH Quarterly Total Assets (Millions of US $)": {"2020-10-31": "$13,257", "2020-07-31": "$13,253", "2020-04-30": "$12,294", "2020-01-31": "$13,631", "2019-10-31": "$14,019", "2019-07-31": "$13,821", "2019-04-30": "$13,355", "2019-01-31": "$11,864", "2018-10-31": "$11,831", "2018-07-31": "$11,698", "2018-04-30": "$11,715", "2018-01-31": "$11,886", "2017-10-31": "$11,658", "2017-07-31": "$11,454", "2017-04-30": "$10,912", "2017-01-31": "$11,068", "2016-10-31": "$11,069", "2016-07-31": "$11,180", "2016-04-30": "$10,885", "2016-01-31": "$10,674", "2015-10-31": "$10,705", "2015-07-31": "$10,632", "2015-04-30": "$10,650", "2015-01-31": "$10,825", "2014-10-31": "$11,266", "2014-07-31": "$11,585", "2014-04-30": "$11,629", "2014-01-31": "$11,576", "2013-10-31": "$11,654", "2013-07-31": "$11,535", "2013-04-30": "$11,593", "2013-01-31": "$7,732", "2012-10-31": "$6,986", "2012-07-31": "$6,731", "2012-04-30": "$6,780", "2012-01-31": "$6,752", "2011-10-31": "$6,922", "2011-07-31": "$6,920", "2011-04-30": "$6,854", "2011-01-31": "$6,784", "2010-10-31": "$6,873", "2010-07-31": "$6,489", "2010-04-30": "$2,730", "2010-01-31": "$2,340", "2009-10-31": "$2,304", "2009-07-31": "$2,233", "2009-04-30": "$2,194", "2009-01-31": "$2,200", "2008-10-31": "$2,284", "2008-07-31": "$2,200", "2008-04-30": "$2,158", "2008-01-31": "$2,172", "2007-10-31": "$2,252", "2007-07-31": "$2,134", "2007-04-30": "$2,036", "2007-01-31": "$2,013", "2006-10-31": "$1,948", "2006-07-31": "$1,858", "2006-04-30": "$1,806", "2006-01-31": "$1,753", "2005-10-31": "$1,724", "2005-07-31": "$1,644", "2005-04-30": "$1,577", "2005-01-31": "$1,550"}}, "cash-on-hand": {"PVH Annual Cash on Hand (Millions of US $)": {"2020": "$503", "2019": "$452", "2018": "$494", "2017": "$730", "2016": "$556", "2015": "$479", "2014": "$593", "2013": "$892", "2012": "$233", "2011": "$499", "2010": "$481", "2009": "$328", "2008": "$270", "2007": "$366", "2006": "$267", "2005": "$124"}, "PVH Quarterly Cash on Hand (Millions of US $)": {"2020-10-31": "$1,460", "2020-07-31": "$1,394", "2020-04-30": "$801", "2020-01-31": "$503", "2019-10-31": "$555", "2019-07-31": "$434", "2019-04-30": "$494", "2019-01-31": "$452", "2018-10-31": "$399", "2018-07-31": "$431", "2018-04-30": "$435", "2018-01-31": "$494", "2017-10-31": "$612", "2017-07-31": "$559", "2017-04-30": "$491", "2017-01-31": "$730", "2016-10-31": "$662", "2016-07-31": "$742", "2016-04-30": "$365", "2016-01-31": "$556", "2015-10-31": "$370", "2015-07-31": "$467", "2015-04-30": "$419", "2015-01-31": "$479", "2014-10-31": "$365", "2014-07-31": "$461", "2014-04-30": "$513", "2014-01-31": "$593", "2013-10-31": "$543", "2013-07-31": "$629", "2013-04-30": "$746", "2013-01-31": "$892", "2012-10-31": "$277", "2012-07-31": "$262", "2012-04-30": "$239", "2012-01-31": "$233", "2011-10-31": "$160", "2011-07-31": "$288", "2011-04-30": "$295", "2011-01-31": "$499", "2010-10-31": "$491", "2010-07-31": "$475", "2010-04-30": "$792", "2010-01-31": "$481", "2009-10-31": "$357", "2009-07-31": "$370", "2009-04-30": "$282", "2009-01-31": "$328", "2008-10-31": "$198", "2008-07-31": "$261", "2008-04-30": "$184", "2008-01-31": "$270", "2007-10-31": "$337", "2007-07-31": "$366", "2007-04-30": "$300", "2007-01-31": "$366", "2006-10-31": "$359", "2006-07-31": "$368", "2006-04-30": "$305", "2006-01-31": "$267", "2005-10-31": "$170", "2005-07-31": "$171", "2005-04-30": "$127", "2005-01-31": "$124"}}, "long-term-debt": {"PVH Annual Long Term Debt (Millions of US $)": {"2020": "$2,694", "2019": "$2,819", "2018": "$3,061", "2017": "$3,197", "2016": "$3,032", "2015": "$3,439", "2014": "$3,878", "2013": "$2,212", "2012": "$1,833", "2011": "$2,364", "2010": "$400", "2009": "$400", "2008": "$400", "2007": "$400", "2006": "$400", "2005": "$400"}, "PVH Quarterly Long Term Debt (Millions of US $)": {"2020-10-31": "$3,464", "2020-07-31": "$3,498", "2020-04-30": "$2,854", "2020-01-31": "$2,694", "2019-10-31": "$2,738", "2019-07-31": "$2,743", "2019-04-30": "$2,759", "2019-01-31": "$2,819", "2018-10-31": "$2,878", "2018-07-31": "$2,894", "2018-04-30": "$3,013", "2018-01-31": "$3,061", "2017-10-31": "$3,183", "2017-07-31": "$3,186", "2017-04-30": "$3,157", "2017-01-31": "$3,197", "2016-10-31": "$3,303", "2016-07-31": "$3,358", "2016-04-30": "$2,992", "2016-01-31": "$3,032", "2015-10-31": "$3,191", "2015-07-31": "$3,237", "2015-04-30": "$3,363", "2015-01-31": "$3,439", "2014-10-31": "$3,619", "2014-07-31": "$3,643", "2014-04-30": "$3,862", "2014-01-31": "$3,878", "2013-10-31": "$4,175", "2013-07-31": "$4,195", "2013-04-30": "$4,362", "2013-01-31": "$2,212", "2012-10-31": "$1,648", "2012-07-31": "$1,715", "2012-04-30": "$1,795", "2012-01-31": "$1,833", "2011-10-31": "$2,030", "2011-07-31": "$2,090", "2011-04-30": "$2,208", "2011-01-31": "$2,364", "2010-10-31": "$2,524", "2010-07-31": "$2,492", "2010-04-30": "$400", "2010-01-31": "$400", "2009-10-31": "$400", "2009-07-31": "$400", "2009-04-30": "$400", "2009-01-31": "$400", "2008-10-31": "$400", "2008-07-31": "$400", "2008-04-30": "$400", "2008-01-31": "$400", "2007-10-31": "$400", "2007-07-31": "$400", "2007-04-30": "$400", "2007-01-31": "$400", "2006-10-31": "$400", "2006-07-31": "$400", "2006-04-30": "$400", "2006-01-31": "$400", "2005-10-31": "$400", "2005-07-31": "$400", "2005-04-30": "$400", "2005-01-31": "$400"}}, "total-liabilities": {"PVH Annual Total Liabilities (Millions of US $)": {"2020": "$7,820", "2019": "$6,036", "2018": "$6,349", "2017": "$6,263", "2016": "$6,122", "2015": "$6,461", "2014": "$7,240", "2013": "$4,479", "2012": "$4,037", "2011": "$4,342", "2010": "$1,171", "2009": "$1,201", "2008": "$1,216", "2007": "$1,071", "2006": "$981", "2005": "$921"}, "PVH Quarterly Total Liabilities (Millions of US $)": {"2020-10-31": "$8,581", "2020-07-31": "$8,669", "2020-04-30": "$7,781", "2020-01-31": "$7,820", "2019-10-31": "$8,034", "2019-07-31": "$7,949", "2019-04-30": "$7,594", "2019-01-31": "$6,036", "2018-10-31": "$6,150", "2018-07-31": "$6,132", "2018-04-30": "$6,150", "2018-01-31": "$6,349", "2017-10-31": "$6,408", "2017-07-31": "$6,359", "2017-04-30": "$6,037", "2017-01-31": "$6,263", "2016-10-31": "$6,274", "2016-07-31": "$6,376", "2016-04-30": "$6,023", "2016-01-31": "$6,122", "2015-10-31": "$6,159", "2015-07-31": "$6,222", "2015-04-30": "$6,205", "2015-01-31": "$6,461", "2014-10-31": "$6,682", "2014-07-31": "$7,055", "2014-04-30": "$7,150", "2014-01-31": "$7,240", "2013-10-31": "$7,295", "2013-07-31": "$7,466", "2013-04-30": "$7,472", "2013-01-31": "$4,479", "2012-10-31": "$3,940", "2012-07-31": "$3,951", "2012-04-30": "$3,951", "2012-01-31": "$4,037", "2011-10-31": "$4,147", "2011-07-31": "$4,209", "2011-04-30": "$4,183", "2011-01-31": "$4,342", "2010-10-31": "$4,458", "2010-07-31": "$4,325", "2010-04-30": "$1,217", "2010-01-31": "$1,171", "2009-10-31": "$1,161", "2009-07-31": "$1,178", "2009-04-30": "$1,171", "2009-01-31": "$1,201", "2008-10-31": "$1,193", "2008-07-31": "$1,162", "2008-04-30": "$1,154", "2008-01-31": "$1,216", "2007-10-31": "$1,141", "2007-07-31": "$1,084", "2007-04-30": "$1,041", "2007-01-31": "$1,071", "2006-10-31": "$1,044", "2006-07-31": "$1,008", "2006-04-30": "$979", "2006-01-31": "$981", "2005-10-31": "$998", "2005-07-31": "$956", "2005-04-30": "$911", "2005-01-31": "$921"}}, "total-share-holder-equity": {"PVH Annual Share Holder Equity (Millions of US $)": {"2020": "$5,812", "2019": "$5,828", "2018": "$5,536", "2017": "$4,805", "2016": "$4,552", "2015": "$4,364", "2014": "$4,335", "2013": "$3,253", "2012": "$2,715", "2011": "$2,443", "2010": "$1,169", "2009": "$999", "2008": "$956", "2007": "$942", "2006": "$773", "2005": "$629"}, "PVH Quarterly Share Holder Equity (Millions of US $)": {"2020-10-31": "$4,676", "2020-07-31": "$4,584", "2020-04-30": "$4,513", "2020-01-31": "$5,812", "2019-10-31": "$5,985", "2019-07-31": "$5,872", "2019-04-30": "$5,762", "2019-01-31": "$5,828", "2018-10-31": "$5,681", "2018-07-31": "$5,565", "2018-04-30": "$5,565", "2018-01-31": "$5,536", "2017-10-31": "$5,250", "2017-07-31": "$5,095", "2017-04-30": "$4,875", "2017-01-31": "$4,805", "2016-10-31": "$4,794", "2016-07-31": "$4,804", "2016-04-30": "$4,862", "2016-01-31": "$4,552", "2015-10-31": "$4,546", "2015-07-31": "$4,410", "2015-04-30": "$4,445", "2015-01-31": "$4,364", "2014-10-31": "$4,584", "2014-07-31": "$4,530", "2014-04-30": "$4,480", "2014-01-31": "$4,335", "2013-10-31": "$4,359", "2013-07-31": "$4,069", "2013-04-30": "$4,121", "2013-01-31": "$3,253", "2012-10-31": "$3,046", "2012-07-31": "$2,781", "2012-04-30": "$2,829", "2012-01-31": "$2,715", "2011-10-31": "$2,775", "2011-07-31": "$2,711", "2011-04-30": "$2,671", "2011-01-31": "$2,443", "2010-10-31": "$2,415", "2010-07-31": "$2,163", "2010-04-30": "$1,513", "2010-01-31": "$1,169", "2009-10-31": "$1,143", "2009-07-31": "$1,055", "2009-04-30": "$1,023", "2009-01-31": "$999", "2008-10-31": "$1,091", "2008-07-31": "$1,038", "2008-04-30": "$1,004", "2008-01-31": "$956", "2007-10-31": "$1,111", "2007-07-31": "$1,050", "2007-04-30": "$995", "2007-01-31": "$942", "2006-10-31": "$903", "2006-07-31": "$850", "2006-04-30": "$826", "2006-01-31": "$773", "2005-10-31": "$725", "2005-07-31": "$687", "2005-04-30": "$665", "2005-01-31": "$629"}}, "profit-margins": {"current": "-14.99%"}, "gross margin": {"2020-10-31": "52.96%", "2020-07-31": "53.65%", "2020-04-30": "53.48%", "2020-01-31": "54.37%", "2019-10-31": "54.59%", "2019-07-31": "54.52%", "2019-04-30": "54.78%", "2019-01-31": "54.96%", "2018-10-31": "55.02%", "2018-07-31": "55.28%", "2018-04-30": "55.23%", "2018-01-31": "54.90%", "2017-10-31": "54.70%", "2017-07-31": "54.19%", "2017-04-30": "53.72%", "2017-01-31": "53.29%", "2016-10-31": "52.46%", "2016-07-31": "51.85%", "2016-04-30": "51.90%", "2016-01-31": "51.89%", "2015-10-31": "52.15%", "2015-07-31": "52.54%", "2015-04-30": "52.47%", "2015-01-31": "52.50%", "2014-10-31": "52.60%", "2014-07-31": "52.48%", "2014-04-30": "52.20%", "2014-01-31": "51.55%", "2013-10-31": "51.88%", "2013-07-31": "52.11%", "2013-04-30": "52.79%", "2013-01-31": "53.78%", "2012-10-31": "52.91%", "2012-07-31": "52.14%", "2012-04-30": "51.85%", "2012-01-31": "51.88%", "2011-10-31": "52.44%", "2011-07-31": "53.09%", "2011-04-30": "52.60%", "2011-01-31": "52.22%", "2010-10-31": "51.70%", "2010-07-31": "50.66%", "2010-04-30": "49.92%", "2010-01-31": "49.33%", "2009-10-31": "48.12%", "2009-07-31": "47.64%", "2009-04-30": "47.96%", "2009-01-31": "48.19%", "2008-10-31": "49.34%", "2008-07-31": "49.47%", "2008-04-30": "49.17%", "2008-01-31": "49.11%", "2007-10-31": "49.19%", "2007-07-31": "49.80%", "2007-04-30": "49.63%", "2007-01-31": "49.28%", "2006-10-31": "48.77%", "2006-07-31": "48.06%", "2006-04-30": "47.58%", "2006-01-31": "46.65%", "2005-10-31": "46.51%"}, "operating margin": {"2020-10-31": "-1.94%", "2020-07-31": "-0.01%", "2020-04-30": "1.55%", "2020-01-31": "5.63%", "2019-10-31": "6.89%", "2019-07-31": "7.07%", "2019-04-30": "8.06%", "2019-01-31": "9.23%", "2018-10-31": "8.43%", "2018-07-31": "8.56%", "2018-04-30": "8.26%", "2018-01-31": "7.09%", "2017-10-31": "10.52%", "2017-07-31": "9.68%", "2017-04-30": "9.39%", "2017-01-31": "9.83%", "2016-10-31": "8.03%", "2016-07-31": "8.80%", "2016-04-30": "9.01%", "2016-01-31": "9.49%", "2015-10-31": "7.41%", "2015-07-31": "7.67%", "2015-04-30": "7.63%", "2015-01-31": "6.43%", "2014-10-31": "8.32%", "2014-07-31": "7.91%", "2014-04-30": "7.04%", "2014-01-31": "6.27%", "2013-10-31": "5.96%", "2013-07-31": "6.36%", "2013-04-30": "8.00%", "2013-01-31": "10.92%", "2012-10-31": "9.66%", "2012-07-31": "8.91%", "2012-04-30": "8.57%", "2012-01-31": "8.34%", "2011-10-31": "8.17%", "2011-07-31": "8.03%", "2011-04-30": "6.72%", "2011-01-31": "4.36%", "2010-10-31": "6.54%", "2010-07-31": "5.41%", "2010-04-30": "6.95%", "2010-01-31": "10.13%", "2009-10-31": "5.93%", "2009-07-31": "5.69%", "2009-04-30": "5.74%", "2009-01-31": "6.86%", "2008-10-31": "10.96%", "2008-07-31": "11.75%", "2008-04-30": "12.36%", "2008-01-31": "12.74%", "2007-10-31": "12.64%", "2007-07-31": "12.60%", "2007-04-30": "12.32%", "2007-01-31": "11.20%", "2006-10-31": "11.49%", "2006-07-31": "11.03%", "2006-04-30": "10.87%", "2006-01-31": "10.85%", "2005-10-31": "10.53%"}, "ebitda margin": {"2020-10-31": "2.35%", "2020-07-31": "4.05%", "2020-04-30": "5.25%", "2020-01-31": "8.91%", "2019-10-31": "10.19%", "2019-07-31": "10.39%", "2019-04-30": "11.44%", "2019-01-31": "12.69%", "2018-10-31": "11.89%", "2018-07-31": "12.08%", "2018-04-30": "11.85%", "2018-01-31": "10.73%", "2017-10-31": "14.31%", "2017-07-31": "13.55%", "2017-04-30": "13.36%", "2017-01-31": "13.74%", "2016-10-31": "11.77%", "2016-07-31": "12.31%", "2016-04-30": "12.31%", "2016-01-31": "12.69%", "2015-10-31": "10.54%", "2015-07-31": "10.74%", "2015-04-30": "10.63%", "2015-01-31": "9.39%", "2014-10-31": "11.37%", "2014-07-31": "10.98%", "2014-04-30": "10.55%", "2014-01-31": "10.10%", "2013-10-31": "9.59%", "2013-07-31": "9.92%", "2013-04-30": "10.96%", "2013-01-31": "13.27%", "2012-10-31": "11.97%", "2012-07-31": "11.16%", "2012-04-30": "10.78%", "2012-01-31": "10.56%", "2011-10-31": "10.46%", "2011-07-31": "10.74%", "2011-04-30": "9.88%", "2011-01-31": "7.57%", "2010-10-31": "9.84%", "2010-07-31": "8.31%", "2010-04-30": "9.02%", "2010-01-31": "12.26%", "2009-10-31": "8.22%", "2009-07-31": "7.99%", "2009-04-30": "8.05%", "2009-01-31": "9.11%", "2008-10-31": "13.13%", "2008-07-31": "13.86%", "2008-04-30": "14.36%", "2008-01-31": "14.64%", "2007-10-31": "14.48%", "2007-07-31": "14.41%", "2007-04-30": "14.11%", "2007-01-31": "13.01%", "2006-10-31": "13.35%", "2006-07-31": "12.87%", "2006-04-30": "12.72%", "2006-01-31": "12.68%", "2005-10-31": "12.46%"}, "pre tax profit margin": {"2020-10-31": "-17.15%", "2020-07-31": "-14.27%", "2020-04-30": "-10.13%", "2020-01-31": "4.48%", "2019-10-31": "6.89%", "2019-07-31": "7.05%", "2019-04-30": "6.86%", "2019-01-31": "8.03%", "2018-10-31": "7.20%", "2018-07-31": "7.29%", "2018-04-30": "6.95%", "2018-01-31": "5.73%", "2017-10-31": "7.17%", "2017-07-31": "6.30%", "2017-04-30": "5.97%", "2017-01-31": "8.23%", "2016-10-31": "8.50%", "2016-07-31": "9.29%", "2016-04-30": "9.50%", "2016-01-31": "8.07%", "2015-10-31": "5.93%", "2015-07-31": "6.15%", "2015-04-30": "6.07%", "2015-01-31": "4.76%", "2014-10-31": "6.48%", "2014-07-31": "5.91%", "2014-04-30": "4.85%", "2014-01-31": "4.01%", "2013-10-31": "3.76%", "2013-07-31": "4.22%", "2013-04-30": "5.96%", "2013-01-31": "9.00%", "2012-10-31": "7.96%", "2012-07-31": "7.14%", "2012-04-30": "6.76%", "2012-01-31": "6.15%", "2011-10-31": "7.07%", "2011-07-31": "6.75%", "2011-04-30": "3.60%", "2011-01-31": "1.64%", "2010-10-31": "1.76%", "2010-07-31": "0.43%", "2010-04-30": "5.65%", "2010-01-31": "8.80%", "2009-10-31": "4.62%", "2009-07-31": "4.43%", "2009-04-30": "4.58%", "2009-01-31": "5.86%", "2008-10-31": "10.04%", "2008-07-31": "10.94%", "2008-04-30": "11.63%", "2008-01-31": "12.12%", "2007-10-31": "12.10%", "2007-07-31": "12.03%", "2007-04-30": "11.72%", "2007-01-31": "11.87%", "2006-10-31": "12.04%", "2006-07-31": "11.39%", "2006-04-30": "11.07%", "2006-01-31": "9.33%", "2005-10-31": "8.86%"}, "net profit margin": {"2020-10-31": "-14.98%", "2020-07-31": "-12.40%", "2020-04-30": "-8.55%", "2020-01-31": "4.22%", "2019-10-31": "6.58%", "2019-07-31": "6.97%", "2019-04-30": "6.69%", "2019-01-31": "7.72%", "2018-10-31": "7.20%", "2018-07-31": "7.28%", "2018-04-30": "7.00%", "2018-01-31": "6.03%", "2017-10-31": "6.22%", "2017-07-31": "4.96%", "2017-04-30": "4.69%", "2017-01-31": "6.70%", "2016-10-31": "7.10%", "2016-07-31": "8.35%", "2016-04-30": "8.56%", "2016-01-31": "7.13%", "2015-10-31": "6.14%", "2015-07-31": "6.14%", "2015-04-30": "6.36%", "2015-01-31": "5.34%", "2014-10-31": "4.26%", "2014-07-31": "3.89%", "2014-04-30": "2.29%", "2014-01-31": "1.76%", "2013-10-31": "3.37%", "2013-07-31": "3.19%", "2013-04-30": "4.90%", "2013-01-31": "6.97%", "2012-10-31": "6.36%", "2012-07-31": "5.39%", "2012-04-30": "4.99%", "2012-01-31": "4.41%", "2011-10-31": "4.74%", "2011-07-31": "4.75%", "2011-04-30": "2.47%", "2011-01-31": "1.10%", "2010-10-31": "0.73%", "2010-07-31": "0.40%", "2010-04-30": "4.47%", "2010-01-31": "6.80%", "2009-10-31": "4.15%", "2009-07-31": "2.84%", "2009-04-30": "2.89%", "2009-01-31": "3.69%", "2008-10-31": "6.40%", "2008-07-31": "6.77%", "2008-04-30": "7.20%", "2008-01-31": "7.55%", "2007-10-31": "7.51%", "2007-07-31": "7.49%", "2007-04-30": "6.85%", "2007-01-31": "6.79%", "2006-10-31": "6.77%", "2006-07-31": "6.18%", "2006-04-30": "5.61%", "2006-01-31": "4.35%", "2005-10-31": "4.03%"}, "pe ratio": {"current": "317.30", "2021-02-05": "0.00", "2020-10-31": "0.00", "2020-07-31": "0.00", "2020-04-30": "0.00", "2020-01-31": "15.69", "2019-10-31": "10.16", "2019-07-31": "9.97", "2019-04-30": "15.25", "2019-01-31": "11.28", "2018-10-31": "13.46", "2018-07-31": "17.29", "2018-04-30": "19.29", "2018-01-31": "22.56", "2017-10-31": "18.80", "2017-07-31": "22.71", "2017-04-30": "20.86", "2017-01-31": "13.81", "2016-10-31": "14.92", "2016-07-31": "12.19", "2016-04-30": "11.38", "2016-01-31": "10.58", "2015-10-31": "15.36", "2015-07-31": "19.46", "2015-04-30": "16.49", "2015-01-31": "20.75", "2014-10-31": "27.06", "2014-07-31": "28.37", "2014-04-30": "58.42", "2014-01-31": "82.01", "2013-10-31": "40.99", "2013-07-31": "45.31", "2013-04-30": "26.75", "2013-01-31": "20.31", "2012-10-31": "18.73", "2012-07-31": "15.37", "2012-04-30": "18.13", "2012-01-31": "17.49", "2011-10-31": "18.50", "2011-07-31": "19.89", "2011-04-30": "38.57", "2011-01-31": "119.85", "2010-10-31": "223.76", "2010-07-31": "69.96", "2010-04-30": "29.94", "2010-01-31": "12.54", "2009-10-31": "21.54", "2009-07-31": "27.11", "2009-04-30": "21.38", "2009-01-31": "10.63", "2008-10-31": "7.87", "2008-07-31": "11.28", "2008-04-30": "12.93", "2008-01-31": "12.80", "2007-10-31": "14.89", "2007-07-31": "17.09", "2007-04-30": "20.79", "2007-01-31": "20.90", "2006-10-31": "17.75"}, "price sales": {"2021-02-05": "0.90", "2020-10-31": "0.55", "2020-07-31": "0.44", "2020-04-30": "0.41", "2020-01-31": "0.66", "2019-10-31": "0.67", "2019-07-31": "0.70", "2019-04-30": "1.02", "2019-01-31": "0.87", "2018-10-31": "0.97", "2018-07-31": "1.26", "2018-04-30": "1.35", "2018-01-31": "1.36", "2017-10-31": "1.17", "2017-07-31": "1.13", "2017-04-30": "0.98", "2017-01-31": "0.92", "2016-10-31": "1.06", "2016-07-31": "1.02", "2016-04-30": "0.98", "2016-01-31": "0.76", "2015-10-31": "0.94", "2015-07-31": "1.19", "2015-04-30": "1.05", "2015-01-31": "1.10", "2014-10-31": "1.15", "2014-07-31": "1.10", "2014-04-30": "1.25", "2014-01-31": "1.20", "2013-10-31": "1.27", "2013-07-31": "1.41", "2013-04-30": "1.32", "2013-01-31": "1.44", "2012-10-31": "1.35", "2012-07-31": "0.97", "2012-04-30": "1.08", "2012-01-31": "0.94", "2011-10-31": "0.91", "2011-07-31": "0.89", "2011-04-30": "0.90", "2011-01-31": "0.82", "2010-10-31": "0.98", "2010-07-31": "0.95", "2010-04-30": "1.32", "2010-01-31": "0.84", "2009-10-31": "0.87", "2009-07-31": "0.76", "2009-04-30": "0.61", "2009-01-31": "0.39", "2008-10-31": "0.51", "2008-07-31": "0.77", "2008-04-30": "0.94", "2008-01-31": "0.97", "2007-10-31": "1.10", "2007-07-31": "1.26", "2007-04-30": "1.39", "2007-01-31": "1.42", "2006-10-31": "1.22"}, "price book": {"current": "1.45", "2021-02-05": "1.45", "2020-10-31": "0.89", "2020-07-31": "0.75", "2020-04-30": "0.77", "2020-01-31": "1.08", "2019-10-31": "1.07", "2019-07-31": "1.13", "2019-04-30": "1.68", "2019-01-31": "1.41", "2018-10-31": "1.61", "2018-07-31": "2.11", "2018-04-30": "2.21", "2018-01-31": "2.15", "2017-10-31": "1.85", "2017-07-31": "1.81", "2017-04-30": "1.61", "2017-01-31": "1.53", "2016-10-31": "1.76", "2016-07-31": "1.68", "2016-04-30": "1.58", "2016-01-31": "1.30", "2015-10-31": "1.63", "2015-07-31": "2.16", "2015-04-30": "1.91", "2015-01-31": "2.07", "2014-10-31": "2.04", "2014-07-31": "1.99", "2014-04-30": "2.29", "2014-01-31": "2.27", "2013-10-31": "2.31", "2013-07-31": "2.62", "2013-04-30": "2.25", "2013-01-31": "2.64", "2012-10-31": "2.52", "2012-07-31": "1.99", "2012-04-30": "2.18", "2012-01-31": "1.91", "2011-10-31": "1.79", "2011-07-31": "1.76", "2011-04-30": "1.75", "2011-01-31": "1.58", "2010-10-31": "1.67", "2010-07-31": "1.57", "2010-04-30": "2.37", "2010-01-31": "1.72", "2009-10-31": "1.78", "2009-07-31": "1.70", "2009-04-30": "1.43", "2009-01-31": "0.96", "2008-10-31": "1.13", "2008-07-31": "1.71", "2008-04-30": "2.11", "2008-01-31": "2.20", "2007-10-31": "2.36", "2007-07-31": "2.72", "2007-04-30": "2.83", "2007-01-31": "3.17", "2006-10-31": "2.73", "2006-07-31": "2.24", "2006-04-30": "2.05", "2006-01-31": "1.95"}, "price fcf": {"2021-02-05": "", "2020-10-31": "$10.12", "2020-07-31": "$8.80", "2020-04-30": "$9.03", "2020-01-31": "$9.85", "2019-10-31": "$9.14", "2019-07-31": "$7.26", "2019-04-30": "$6.73", "2019-01-31": "$6.12", "2018-10-31": "$4.52", "2018-07-31": "$5.29", "2018-04-30": "$2.69", "2018-01-31": "$3.68", "2017-10-31": "$2.59", "2017-07-31": "$4.61", "2017-04-30": "$5.95", "2017-01-31": "$8.32", "2016-10-31": "$10.42", "2016-07-31": "$9.03", "2016-04-30": "$8.35", "2016-01-31": "$7.72", "2015-10-31": "$7.23", "2015-07-31": "$8.25", "2015-04-30": "$7.77", "2015-01-31": "$6.40", "2014-10-31": "$5.50", "2014-07-31": "$3.69", "2014-04-30": "$3.15", "2014-01-31": "$2.12", "2013-10-31": "$1.27", "2013-07-31": "$2.39", "2013-04-30": "$3.13", "2013-01-31": "$4.86", "2012-10-31": "$5.65", "2012-07-31": "$5.19", "2012-04-30": "$4.47", "2012-01-31": "$4.40", "2011-10-31": "$3.40", "2011-07-31": "$3.72", "2011-04-30": "$4.09", "2011-01-31": "$3.83", "2010-10-31": "$3.65", "2010-07-31": "$3.36", "2010-04-30": "$3.30", "2010-01-31": "$3.63", "2009-10-31": "$3.93", "2009-07-31": "$3.20", "2009-04-30": "$3.01", "2009-01-31": "$2.91", "2008-10-31": "$2.63", "2008-07-31": "$3.17", "2008-04-30": "$2.63", "2008-01-31": "$2.18", "2007-10-31": "$2.01", "2007-07-31": "$2.27", "2007-04-30": "$2.55", "2007-01-31": "$3.83", "2006-10-31": "$4.45"}, "net worth": {"value": "$6.77B"}, "current ratio": {"current": "1.55", "2020-10-31": "1.55", "2020-07-31": "1.52", "2020-04-30": "1.37", "2020-01-31": "1.44", "2019-10-31": "1.40", "2019-07-31": "1.40", "2019-04-30": "1.47", "2019-01-31": "1.71", "2018-10-31": "1.74", "2018-07-31": "1.73", "2018-04-30": "1.76", "2018-01-31": "1.62", "2017-10-31": "1.82", "2017-07-31": "1.80", "2017-04-30": "1.93", "2017-01-31": "1.84", "2016-10-31": "2.17", "2016-07-31": "2.12", "2016-04-30": "1.81", "2016-01-31": "1.84", "2015-10-31": "2.02", "2015-07-31": "1.98", "2015-04-30": "2.14", "2015-01-31": "1.95", "2014-10-31": "2.08", "2014-07-31": "1.87", "2014-04-30": "2.00", "2014-01-31": "1.93", "2013-10-31": "2.36", "2013-07-31": "2.15", "2013-04-30": "2.37", "2013-01-31": "2.10", "2012-10-31": "1.68", "2012-07-31": "1.64", "2012-04-30": "1.76", "2012-01-31": "1.67", "2011-10-31": "1.80", "2011-07-31": "1.77", "2011-04-30": "1.94", "2011-01-31": "1.97", "2010-10-31": "2.19", "2010-07-31": "2.09", "2010-04-30": "3.46", "2010-01-31": "2.74", "2009-10-31": "2.69", "2009-07-31": "2.47", "2009-04-30": "2.69", "2009-01-31": "2.48", "2008-10-31": "2.51", "2008-07-31": "2.76", "2008-04-30": "2.71", "2008-01-31": "2.32", "2007-10-31": "3.04", "2007-07-31": "3.21", "2007-04-30": "3.35", "2007-01-31": "2.68", "2006-10-31": "3.37", "2006-07-31": "3.23", "2006-04-30": "3.51", "2006-01-31": "2.90", "2005-10-31": "2.97", "2005-07-31": "2.87", "2005-04-30": "2.96", "2005-01-31": "2.37"}, "quick ratio": {"2020-10-31": "0.97", "2020-07-31": "0.87", "2020-04-30": "0.70", "2020-01-31": "0.75", "2019-10-31": "0.71", "2019-07-31": "0.63", "2019-04-30": "0.75", "2019-01-31": "0.80", "2018-10-31": "0.85", "2018-07-31": "0.78", "2018-04-30": "0.88", "2018-01-31": "0.77", "2017-10-31": "0.97", "2017-07-31": "0.88", "2017-04-30": "1.02", "2017-01-31": "1.00", "2016-10-31": "1.25", "2016-07-31": "1.10", "2016-04-30": "0.89", "2016-01-31": "0.97", "2015-10-31": "1.05", "2015-07-31": "0.96", "2015-04-30": "1.18", "2015-01-31": "1.07", "2014-10-31": "1.18", "2014-07-31": "1.02", "2014-04-30": "1.19", "2014-01-31": "1.11", "2013-10-31": "1.46", "2013-07-31": "1.21", "2013-04-30": "1.49", "2013-01-31": "1.34", "2012-10-31": "0.93", "2012-07-31": "0.82", "2012-04-30": "1.01", "2012-01-31": "0.89", "2011-10-31": "0.96", "2011-07-31": "0.86", "2011-04-30": "1.14", "2011-01-31": "1.21", "2010-10-31": "1.39", "2010-07-31": "1.22", "2010-04-30": "2.75", "2010-01-31": "2.02", "2009-10-31": "1.90", "2009-07-31": "1.63", "2009-04-30": "1.80", "2009-01-31": "1.67", "2008-10-31": "1.57", "2008-07-31": "1.66", "2008-04-30": "1.70", "2008-01-31": "1.43", "2007-10-31": "2.02", "2007-07-31": "2.05", "2007-04-30": "2.20", "2007-01-31": "1.73", "2006-10-31": "2.25", "2006-07-31": "2.16", "2006-04-30": "2.37", "2006-01-31": "1.79", "2005-10-31": "1.76", "2005-07-31": "1.57", "2005-04-30": "1.61", "2005-01-31": "1.20"}, "debt equity ratio": {"current": "0.74", "2020-10-31": "1.84", "2020-07-31": "1.89", "2020-04-30": "1.72", "2020-01-31": "1.35", "2019-10-31": "1.34", "2019-07-31": "1.35", "2019-04-30": "1.32", "2019-01-31": "1.04", "2018-10-31": "1.08", "2018-07-31": "1.10", "2018-04-30": "1.11", "2018-01-31": "1.15", "2017-10-31": "1.22", "2017-07-31": "1.25", "2017-04-30": "1.24", "2017-01-31": "1.30", "2016-10-31": "1.31", "2016-07-31": "1.33", "2016-04-30": "1.24", "2016-01-31": "1.35", "2015-10-31": "1.36", "2015-07-31": "1.41", "2015-04-30": "1.40", "2015-01-31": "1.48", "2014-10-31": "1.46", "2014-07-31": "1.56", "2014-04-30": "1.60", "2014-01-31": "1.67", "2013-10-31": "1.67", "2013-07-31": "1.84", "2013-04-30": "1.81", "2013-01-31": "1.38", "2012-10-31": "1.29", "2012-07-31": "1.42", "2012-04-30": "1.40", "2012-01-31": "1.49", "2011-10-31": "1.50", "2011-07-31": "1.55", "2011-04-30": "1.57", "2011-01-31": "1.78", "2010-10-31": "1.85", "2010-07-31": "2.00", "2010-04-30": "0.80", "2010-01-31": "1.00", "2009-10-31": "1.02", "2009-07-31": "1.12", "2009-04-30": "1.14", "2009-01-31": "1.20", "2008-10-31": "1.09", "2008-07-31": "1.12", "2008-04-30": "1.15", "2008-01-31": "1.27", "2007-10-31": "1.03", "2007-07-31": "1.03", "2007-04-30": "1.05", "2007-01-31": "1.14", "2006-10-31": "1.16", "2006-07-31": "1.19", "2006-04-30": "1.19", "2006-01-31": "1.27", "2005-10-31": "1.38", "2005-07-31": "1.39", "2005-04-30": "1.37", "2005-01-31": "1.46"}, "return on equity": {"2020-10-31": "-23.39%", "2020-07-31": "-19.26%", "2020-04-30": "-13.72%", "2020-01-31": "7.14%", "2019-10-31": "10.99%", "2019-07-31": "11.72%", "2019-04-30": "11.37%", "2019-01-31": "13.18%", "2018-10-31": "12.46%", "2018-07-31": "12.63%", "2018-04-30": "12.07%", "2018-01-31": "10.37%", "2017-10-31": "10.59%", "2017-07-31": "8.52%", "2017-04-30": "8.05%", "2017-01-31": "11.42%", "2016-10-31": "12.27%", "2016-07-31": "14.47%", "2016-04-30": "15.02%", "2016-01-31": "12.74%", "2015-10-31": "11.03%", "2015-07-31": "11.10%", "2015-04-30": "11.58%", "2015-01-31": "9.80%", "2014-10-31": "7.81%", "2014-07-31": "7.25%", "2014-04-30": "4.38%", "2014-01-31": "3.41%", "2013-10-31": "6.63%", "2013-07-31": "6.29%", "2013-04-30": "9.70%", "2013-01-31": "14.14%", "2012-10-31": "13.30%", "2012-07-31": "11.57%", "2012-04-30": "10.77%", "2012-01-31": "9.57%", "2011-10-31": "10.30%", "2011-07-31": "10.43%", "2011-04-30": "5.49%", "2011-01-31": "2.39%", "2010-10-31": "1.54%", "2010-07-31": "0.80%", "2010-04-30": "9.02%", "2010-01-31": "14.85%", "2009-10-31": "9.29%", "2009-07-31": "6.53%", "2009-04-30": "6.75%", "2009-01-31": "8.91%", "2008-10-31": "15.65%", "2008-07-31": "16.26%", "2008-04-30": "17.18%", "2008-01-31": "17.80%", "2007-10-31": "17.57%", "2007-07-31": "17.48%", "2007-04-30": "16.15%", "2007-01-31": "16.13%", "2006-10-31": "16.11%", "2006-07-31": "15.25%", "2006-04-30": "14.48%", "2006-01-31": "11.65%", "2005-10-31": "11.09%"}, "return on assets": {"2020-10-31": "-8.73%", "2020-07-31": "-7.56%", "2020-04-30": "-5.66%", "2020-01-31": "3.05%", "2019-10-31": "4.85%", "2019-07-31": "5.33%", "2019-04-30": "5.33%", "2019-01-31": "6.33%", "2018-10-31": "5.91%", "2018-07-31": "5.89%", "2018-04-30": "5.54%", "2018-01-31": "4.69%", "2017-10-31": "4.70%", "2017-07-31": "3.75%", "2017-04-30": "3.51%", "2017-01-31": "4.98%", "2016-10-31": "5.32%", "2016-07-31": "6.25%", "2016-04-30": "6.43%", "2016-01-31": "5.36%", "2015-10-31": "4.58%", "2015-07-31": "4.56%", "2015-04-30": "4.68%", "2015-01-31": "3.88%", "2014-10-31": "3.04%", "2014-07-31": "2.76%", "2014-04-30": "1.63%", "2014-01-31": "1.24%", "2013-10-31": "2.47%", "2013-07-31": "2.41%", "2013-04-30": "3.87%", "2013-01-31": "5.97%", "2012-10-31": "5.55%", "2012-07-31": "4.72%", "2012-04-30": "4.34%", "2012-01-31": "3.79%", "2011-10-31": "3.97%", "2011-07-31": "3.89%", "2011-04-30": "1.97%", "2011-01-31": "0.89%", "2010-10-31": "0.61%", "2010-07-31": "0.35%", "2010-04-30": "4.58%", "2010-01-31": "7.19%", "2009-10-31": "4.39%", "2009-07-31": "3.05%", "2009-04-30": "3.15%", "2009-01-31": "4.16%", "2008-10-31": "7.26%", "2008-07-31": "7.61%", "2008-04-30": "8.12%", "2008-01-31": "8.52%", "2007-10-31": "8.54%", "2007-07-31": "8.36%", "2007-04-30": "7.59%", "2007-01-31": "7.45%", "2006-10-31": "7.33%", "2006-07-31": "6.78%", "2006-04-30": "6.29%", "2006-01-31": "4.96%", "2005-10-31": "4.62%"}, "return on investments": {"2020-10-31": "-1.84%", "2020-07-31": "-0.01%", "2020-04-30": "1.66%", "2020-01-31": "6.49%", "2019-10-31": "7.82%", "2019-07-31": "8.01%", "2019-04-30": "9.15%", "2019-01-31": "10.41%", "2018-10-31": "9.53%", "2018-07-31": "9.56%", "2018-04-30": "9.01%", "2018-01-31": "7.58%", "2017-10-31": "10.96%", "2017-07-31": "10.05%", "2017-04-30": "9.62%", "2017-01-31": "10.04%", "2016-10-31": "8.32%", "2016-07-31": "9.13%", "2016-04-30": "9.42%", "2016-01-31": "9.89%", "2015-10-31": "7.63%", "2015-07-31": "7.84%", "2015-04-30": "7.78%", "2015-01-31": "6.52%", "2014-10-31": "8.31%", "2014-07-31": "7.85%", "2014-04-30": "6.96%", "2014-01-31": "6.13%", "2013-10-31": "6.02%", "2013-07-31": "6.76%", "2013-04-30": "9.02%", "2013-01-31": "13.69%", "2012-10-31": "12.50%", "2012-07-31": "11.48%", "2012-04-30": "10.86%", "2012-01-31": "10.32%", "2011-10-31": "9.74%", "2011-07-31": "9.29%", "2011-04-30": "7.51%", "2011-01-31": "4.95%", "2010-10-31": "7.71%", "2010-07-31": "6.78%", "2010-04-30": "10.56%", "2010-01-31": "16.23%", "2009-10-31": "9.63%", "2009-07-31": "9.43%", "2009-04-30": "9.67%", "2009-01-31": "11.94%", "2008-10-31": "19.27%", "2008-07-31": "20.33%", "2008-04-30": "21.26%", "2008-01-31": "21.64%", "2007-10-31": "21.27%", "2007-07-31": "20.84%", "2007-04-30": "20.27%", "2007-01-31": "18.28%", "2006-10-31": "18.51%", "2006-07-31": "18.11%", "2006-04-30": "18.31%", "2006-01-31": "18.61%", "2005-10-31": "18.21%"}, "return on tangible equity": {"2020-10-31": "71.20%", "2020-07-31": "64.52%", "2020-04-30": "50.40%", "2020-01-31": "-28.84%", "2019-10-31": "-43.94%", "2019-07-31": "-45.67%", "2019-04-30": "-42.78%", "2019-01-31": "-45.56%", "2018-10-31": "-38.87%", "2018-07-31": "-35.95%", "2018-04-30": "-31.43%", "2018-01-31": "-24.87%", "2017-10-31": "-23.81%", "2017-07-31": "-18.17%", "2017-04-30": "-16.49%", "2017-01-31": "-22.82%", "2016-10-31": "-24.10%", "2016-07-31": "-28.02%", "2016-04-30": "-28.40%", "2016-01-31": "-23.41%", "2015-10-31": "-19.34%", "2015-07-31": "-18.75%", "2015-04-30": "-18.78%", "2015-01-31": "-15.09%", "2014-10-31": "-11.46%", "2014-07-31": "-10.16%", "2014-04-30": "-5.81%", "2014-01-31": "-4.34%", "2013-10-31": "-9.25%", "2013-07-31": "-9.64%", "2013-04-30": "-17.00%", "2013-01-31": "-29.63%", "2012-10-31": "-24.95%", "2012-07-31": "-19.85%", "2012-04-30": "-17.35%", "2012-01-31": "-14.39%", "2011-10-31": "-14.48%", "2011-07-31": "-13.63%", "2011-04-30": "-6.55%", "2011-01-31": "-3.50%", "2010-10-31": "-2.92%", "2010-07-31": "-2.68%", "2010-04-30": "162.36%", "2010-01-31": "-356.28%", "2009-10-31": "-125.24%", "2009-07-31": "-83.18%", "2009-04-30": "-92.72%", "2009-01-31": "-135.79%", "2008-10-31": "-249.03%", "2008-07-31": "-407.32%", "2008-04-30": "-853.01%", "2008-01-31": "-2361.29%", "2007-10-31": "18000.00%", "2007-07-31": "-772.73%", "2007-04-30": "-342.53%", "2007-01-31": "-246.96%", "2006-10-31": "-188.81%", "2006-07-31": "-110.76%", "2006-04-30": "-76.09%", "2006-01-31": "-46.89%", "2005-10-31": "-36.32%"}, "dividend yield history": {"last payout": "$0.00", "last yield": "0.00%"}}