{"ticker": "PXD", "price": {"title": "Pioneer Natural Resources Historical Annual Stock Price Data", "value": 129.87, "historical": {"2021": {"Average Stock Price": "127.3825", "Year Open": "113.4800", "Year High": "135.1200", "Year Low": "113.4800", "Year Close": "129.8700", "Annual % Change": "14.03%"}, "2020": {"Average Stock Price": "100.5795", "Year Open": "152.3400", "Year High": "158.1100", "Year Low": "56.7700", "Year Close": "113.8900", "Annual % Change": "-24.76%"}, "2019": {"Average Stock Price": "139.9138", "Year Open": "134.3000", "Year High": "175.8900", "Year Low": "118.0200", "Year Close": "151.3700", "Annual % Change": "15.09%"}, "2018": {"Average Stock Price": "174.8921", "Year Open": "172.9200", "Year High": "212.3100", "Year Low": "120.5100", "Year Close": "131.5200", "Annual % Change": "-23.91%"}, "2017": {"Average Stock Price": "163.4792", "Year Open": "186.6000", "Year High": "198.9000", "Year Low": "127.9400", "Year Close": "172.8500", "Annual % Change": "-4.01%"}, "2016": {"Average Stock Price": "158.8728", "Year Open": "124.3500", "Year High": "193.2400", "Year Low": "107.7500", "Year Close": "180.0700", "Annual % Change": "43.62%"}, "2015": {"Average Stock Price": "143.3527", "Year Open": "149.8900", "Year High": "180.2300", "Year Low": "107.2400", "Year Close": "125.3800", "Annual % Change": "-15.77%"}, "2014": {"Average Stock Price": "191.4648", "Year Open": "176.5300", "Year High": "233.0700", "Year Low": "130.6000", "Year Close": "148.8500", "Annual % Change": "-19.13%"}, "2013": {"Average Stock Price": "154.8548", "Year Open": "109.7500", "Year High": "224.9500", "Year Low": "109.7500", "Year Close": "184.0700", "Annual % Change": "72.69%"}, "2012": {"Average Stock Price": "101.4170", "Year Open": "92.6300", "Year High": "116.2400", "Year Low": "78.7800", "Year Close": "106.5900", "Annual % Change": "19.12%"}, "2011": {"Average Stock Price": "88.6835", "Year Open": "88.3800", "Year High": "104.6600", "Year Low": "61.8200", "Year Close": "89.4800", "Annual % Change": "3.06%"}, "2010": {"Average Stock Price": "63.1069", "Year Open": "50.9800", "Year High": "87.5300", "Year Low": "43.6200", "Year Close": "86.8200", "Annual % Change": "80.24%"}, "2009": {"Average Stock Price": "28.3388", "Year Open": "18.0500", "Year High": "49.5500", "Year Low": "12.1000", "Year Close": "48.1700", "Annual % Change": "197.71%"}, "2008": {"Average Stock Price": "49.0876", "Year Open": "49.3100", "Year High": "79.7300", "Year Low": "14.4300", "Year Close": "16.1800", "Annual % Change": "-66.87%"}, "2007": {"Average Stock Price": "45.4765", "Year Open": "38.7200", "Year High": "54.3800", "Year Low": "37.5500", "Year Close": "48.8400", "Annual % Change": "23.05%"}, "2006": {"Average Stock Price": "42.8646", "Year Open": "52.8900", "Year High": "53.8100", "Year Low": "36.5300", "Year Close": "39.6900", "Annual % Change": "-22.59%"}, "2005": {"Average Stock Price": "44.6049", "Year Open": "34.1300", "Year High": "56.1900", "Year Low": "33.1500", "Year Close": "51.2700", "Annual % Change": "46.07%"}, "2004": {"Average Stock Price": "33.1128", "Year Open": "31.8600", "Year High": "36.9200", "Year Low": "29.7000", "Year Close": "35.1000", "Annual % Change": "9.93%"}, "2003": {"Average Stock Price": "25.9155", "Year Open": "26.1100", "Year High": "32.7500", "Year Low": "22.8200", "Year Close": "31.9300", "Annual % Change": "26.46%"}, "2002": {"Average Stock Price": "22.9482", "Year Open": "18.4600", "Year High": "27.1100", "Year Low": "16.1100", "Year Close": "25.2500", "Annual % Change": "31.10%"}, "2001": {"Average Stock Price": "17.6731", "Year Open": "19.1300", "Year High": "23.0000", "Year Low": "12.7600", "Year Close": "19.2600", "Annual % Change": "-2.18%"}, "2000": {"Average Stock Price": "12.0802", "Year Open": "8.4380", "Year High": "20.1900", "Year Low": "6.8750", "Year Close": "19.6900", "Annual % Change": "120.30%"}, "1999": {"Average Stock Price": "9.7354", "Year Open": "9.3750", "Year High": "13.1900", "Year Low": "5.1250", "Year Close": "8.9380", "Annual % Change": "2.15%"}, "1998": {"Average Stock Price": "19.3068", "Year Open": "28.6900", "Year High": "28.6900", "Year Low": "7.9380", "Year Close": "8.7500", "Annual % Change": "-69.83%"}}}, "market cap": {"value": "$21.23B"}, "income statement": {"Revenue": {"2019-12-31": "9304.00000", "2018-12-31": "9415.00000", "2017-12-31": "5455.00000", "2016-12-31": "3382.00000", "2015-12-31": "4561.00000", "2014-12-31": "5072.00000", "2013-12-31": "3658.00000", "2012-12-31": "3009.00000", "2011-12-31": "2513.24700", "2010-12-31": "2381.69500", "2009-12-31": "1290.38100", "2008-12-31": "2045.98000", "2007-12-31": "1785.01800", "2006-12-31": "1495.97900", "2005-12-31": "1425.40600"}, "Cost Of Goods Sold": {"2019-12-31": "5346.00000", "2018-12-31": "4785.00000", "2017-12-31": "2398.00000", "2016-12-31": "1736.00000", "2015-12-31": "1456.00000", "2014-12-31": "1396.00000", "2013-12-31": "924.00000", "2012-12-31": "652.00000", "2011-12-31": "410.91000", "2010-12-31": "364.76400", "2009-12-31": "345.88500", "2008-12-31": "402.87500", "2007-12-31": "296.98800", "2006-12-31": "349.06600", "2005-12-31": "309.71400"}, "Gross Profit": {"2019-12-31": "3958.00000", "2018-12-31": "4630.00000", "2017-12-31": "3057.00000", "2016-12-31": "1646.00000", "2015-12-31": "3105.00000", "2014-12-31": "3676.00000", "2013-12-31": "2734.00000", "2012-12-31": "2357.00000", "2011-12-31": "2102.33700", "2010-12-31": "2016.93100", "2009-12-31": "944.49600", "2008-12-31": "1643.10500", "2007-12-31": "1488.03000", "2006-12-31": "1146.91300", "2005-12-31": "1115.69200"}, "Research And Development Expenses": {"2019-12-31": "", "2018-12-31": "", "2017-12-31": "", "2016-12-31": "", "2015-12-31": "", "2014-12-31": "", "2013-12-31": "", "2012-12-31": "", "2011-12-31": "", "2010-12-31": "", "2009-12-31": "", "2008-12-31": "", "2007-12-31": "", "2006-12-31": "", "2005-12-31": ""}, "SG&A Expenses": {"2019-12-31": "623.00000", "2018-12-31": "665.00000", "2017-12-31": "541.00000", "2016-12-31": "461.00000", "2015-12-31": "472.00000", "2014-12-31": "553.00000", "2013-12-31": "488.00000", "2012-12-31": "413.00000", "2011-12-31": "329.41000", "2010-12-31": "276.47300", "2009-12-31": "229.23400", "2008-12-31": "297.05400", "2007-12-31": "242.62800", "2006-12-31": "116.59500", "2005-12-31": "110.10400"}, "Other Operating Income Or Expenses": {"2019-12-31": "-58.00000", "2018-12-31": "-191.00000", "2017-12-31": "-391.00000", "2016-12-31": "-151.00000", "2015-12-31": "-1155.00000", "2014-12-31": "-177.00000", "2013-12-31": "-1592.00000", "2012-12-31": "-97.00000", "2011-12-31": "-435.09900", "2010-12-31": "-189.59700", "2009-12-31": "-100.18600", "2008-12-31": "-281.69600", "2007-12-31": "-366.18100", "2006-12-31": "-282.19600", "2005-12-31": "-194.23600"}, "Operating Expenses": {"2019-12-31": "7738.00000", "2018-12-31": "7175.00000", "2017-12-31": "4730.00000", "2016-12-31": "3828.00000", "2015-12-31": "4468.00000", "2014-12-31": "3173.00000", "2013-12-31": "3893.00000", "2012-12-31": "1851.00000", "2011-12-31": "1664.99800", "2010-12-31": "1330.69000", "2009-12-31": "1239.45400", "2008-12-31": "1456.23300", "2007-12-31": "1279.14100", "2006-12-31": "1061.93800", "2005-12-31": "881.81090"}, "Operating Income": {"2019-12-31": "1566.00000", "2018-12-31": "2240.00000", "2017-12-31": "725.00000", "2016-12-31": "-446.00000", "2015-12-31": "93.00000", "2014-12-31": "1899.00000", "2013-12-31": "-235.00000", "2012-12-31": "1158.00000", "2011-12-31": "848.24900", "2010-12-31": "1051.00500", "2009-12-31": "50.92690", "2008-12-31": "589.74710", "2007-12-31": "505.87700", "2006-12-31": "434.04100", "2005-12-31": "543.59510"}, "Total Non-Operating Income/Expense": {"2019-12-31": "-579.00000", "2018-12-31": "-989.00000", "2017-12-31": "-416.00000", "2016-12-31": "-513.00000", "2015-12-31": "-514.00000", "2014-12-31": "-302.00000", "2013-12-31": "-339.00000", "2012-12-31": "-326.00000", "2011-12-31": "-252.18100", "2010-12-31": "-269.43300", "2009-12-31": "-276.10600", "2008-12-31": "-288.95000", "2007-12-31": "-170.81100", "2006-12-31": "-142.80300", "2005-12-31": "-210.05900"}, "Pre-Tax Income": {"2019-12-31": "987.00000", "2018-12-31": "1251.00000", "2017-12-31": "309.00000", "2016-12-31": "-959.00000", "2015-12-31": "-421.00000", "2014-12-31": "1597.00000", "2013-12-31": "-574.00000", "2012-12-31": "832.00000", "2011-12-31": "596.06800", "2010-12-31": "781.57200", "2009-12-31": "-225.17800", "2008-12-31": "300.79700", "2007-12-31": "335.06600", "2006-12-31": "291.23800", "2005-12-31": "333.53600"}, "Income Taxes": {"2019-12-31": "231.00000", "2018-12-31": "276.00000", "2017-12-31": "-524.00000", "2016-12-31": "-403.00000", "2015-12-31": "-155.00000", "2014-12-31": "556.00000", "2013-12-31": "-213.00000", "2012-12-31": "288.00000", "2011-12-31": "188.27800", "2010-12-31": "269.62700", "2009-12-31": "-83.19500", "2008-12-31": "113.91600", "2007-12-31": "105.92300", "2006-12-31": "141.02100", "2005-12-31": "149.23100"}, "Income After Taxes": {"2019-12-31": "756.00000", "2018-12-31": "975.00000", "2017-12-31": "833.00000", "2016-12-31": "-556.00000", "2015-12-31": "-266.00000", "2014-12-31": "1041.00000", "2013-12-31": "-361.00000", "2012-12-31": "544.00000", "2011-12-31": "407.79000", "2010-12-31": "511.94500", "2009-12-31": "-141.98300", "2008-12-31": "186.88100", "2007-12-31": "229.14300", "2006-12-31": "150.21700", "2005-12-31": "184.30500"}, "Other Income": {"2019-12-31": "", "2018-12-31": "", "2017-12-31": "", "2016-12-31": "", "2015-12-31": "", "2014-12-31": "", "2013-12-31": "", "2012-12-31": "", "2011-12-31": "", "2010-12-31": "", "2009-12-31": "", "2008-12-31": "", "2007-12-31": "", "2006-12-31": "", "2005-12-31": ""}, "Income From Continuous Operations": {"2019-12-31": "756.00000", "2018-12-31": "975.00000", "2017-12-31": "833.00000", "2016-12-31": "-556.00000", "2015-12-31": "-266.00000", "2014-12-31": "1041.00000", "2013-12-31": "-361.00000", "2012-12-31": "544.00000", "2011-12-31": "407.79000", "2010-12-31": "511.94500", "2009-12-31": "-141.98300", "2008-12-31": "186.88100", "2007-12-31": "229.14300", "2006-12-31": "150.21700", "2005-12-31": "184.30500"}, "Income From Discontinued Operations": {"2019-12-31": "", "2018-12-31": "", "2017-12-31": "", "2016-12-31": "", "2015-12-31": "-7.00000", "2014-12-31": "-111.00000", "2013-12-31": "-438.00000", "2012-12-31": "-301.00000", "2011-12-31": "474.12400", "2010-12-31": "134.05000", "2009-12-31": "99.71600", "2008-12-31": "44.77400", "2007-12-31": "143.23300", "2006-12-31": "589.51400", "2005-12-31": "350.26300"}, "Net Income": {"2019-12-31": "756.00000", "2018-12-31": "978.00000", "2017-12-31": "833.00000", "2016-12-31": "-556.00000", "2015-12-31": "-273.00000", "2014-12-31": "930.00000", "2013-12-31": "-838.00000", "2012-12-31": "192.00000", "2011-12-31": "819.31100", "2010-12-31": "591.31200", "2009-12-31": "-52.30200", "2008-12-31": "207.27500", "2007-12-31": "366.58600", "2006-12-31": "739.73100", "2005-12-31": "534.56800"}, "EBITDA": {"2019-12-31": "3387.00000", "2018-12-31": "3873.00000", "2017-12-31": "2223.00000", "2016-12-31": "1141.00000", "2015-12-31": "1580.00000", "2014-12-31": "3042.00000", "2013-12-31": "737.00000", "2012-12-31": "1876.00000", "2011-12-31": "1341.82500", "2010-12-31": "1508.44400", "2009-12-31": "512.85890", "2008-12-31": "948.01010", "2007-12-31": "739.41390", "2006-12-31": "593.58600", "2005-12-31": "765.78510"}, "EBIT": {"2019-12-31": "1566.00000", "2018-12-31": "2240.00000", "2017-12-31": "725.00000", "2016-12-31": "-446.00000", "2015-12-31": "93.00000", "2014-12-31": "1899.00000", "2013-12-31": "-235.00000", "2012-12-31": "1158.00000", "2011-12-31": "848.24900", "2010-12-31": "1051.00500", "2009-12-31": "50.92690", "2008-12-31": "589.74710", "2007-12-31": "505.87700", "2006-12-31": "434.04100", "2005-12-31": "543.59510"}, "Basic Shares Outstanding": {"2019-12-31": "167.00000", "2018-12-31": "171.00000", "2017-12-31": "170.00000", "2016-12-31": "166.00000", "2015-12-31": "149.00000", "2014-12-31": "144.00000", "2013-12-31": "136.00000", "2012-12-31": "123.00000", "2011-12-31": "116.90400", "2010-12-31": "115.06200", "2009-12-31": "114.17600", "2008-12-31": "117.46200", "2007-12-31": "120.15800", "2006-12-31": "124.35900", "2005-12-31": "137.11000"}, "Shares Outstanding": {"2019-12-31": "167.00000", "2018-12-31": "171.00000", "2017-12-31": "170.00000", "2016-12-31": "166.00000", "2015-12-31": "149.00000", "2014-12-31": "144.00000", "2013-12-31": "136.00000", "2012-12-31": "126.00000", "2011-12-31": "119.21500", "2010-12-31": "116.33000", "2009-12-31": "114.17600", "2008-12-31": "117.94700", "2007-12-31": "120.61400", "2006-12-31": "127.60800", "2005-12-31": "141.41700"}, "Basic EPS": {"2019-12-31": "4.50000", "2018-12-31": "5.71000", "2017-12-31": "4.86000", "2016-12-31": "-3.34000", "2015-12-31": "-1.83000", "2014-12-31": "6.40000", "2013-12-31": "-6.16000", "2012-12-31": "1.54000", "2011-12-31": "7.01000", "2010-12-31": "5.14000", "2009-12-31": "-0.46000", "2008-12-31": "1.76000", "2007-12-31": "3.05000", "2006-12-31": "5.95000", "2005-12-31": "3.90000"}, "EPS - Earnings Per Share": {"2019-12-31": "4.50000", "2018-12-31": "5.70000", "2017-12-31": "4.85000", "2016-12-31": "-3.34000", "2015-12-31": "-1.83000", "2014-12-31": "6.38000", "2013-12-31": "-6.16000", "2012-12-31": "1.50000", "2011-12-31": "6.88000", "2010-12-31": "5.08000", "2009-12-31": "-0.46000", "2008-12-31": "1.76000", "2007-12-31": "3.04000", "2006-12-31": "5.81000", "2005-12-31": "3.80000"}}, "income statement, quarterly": {"Revenue": {"2020-09-30": "1815.00000", "2020-06-30": "859.00000", "2020-03-31": "2257.00000", "2019-12-31": "2643.00000", "2019-09-30": "2325.00000", "2019-06-30": "1923.00000", "2019-03-31": "2413.00000", "2018-12-31": "2678.00000", "2018-09-30": "2476.00000", "2018-06-30": "2111.00000", "2018-03-31": "2150.00000", "2017-12-31": "1526.00000", "2017-09-30": "1167.00000", "2017-06-30": "1462.00000", "2017-03-31": "1300.00000", "2016-12-31": "725.00000", "2016-09-30": "1186.00000", "2016-06-30": "786.00000", "2016-03-31": "685.00000", "2015-12-31": "811.00000", "2015-09-30": "2237.00000", "2015-06-30": "644.00000", "2015-03-31": "869.00000", "2014-12-31": "1683.00000", "2014-09-30": "1513.00000", "2014-06-30": "932.00000", "2014-03-31": "944.00000", "2013-12-31": "925.00000", "2013-09-30": "807.00000", "2013-06-30": "1159.00000", "2013-03-31": "767.00000", "2012-12-31": "691.12800", "2012-09-30": "615.43700", "2012-06-30": "917.97500", "2012-03-31": "784.46000", "2011-12-31": "463.08920", "2011-09-30": "983.54500", "2011-06-30": "805.18800", "2011-03-31": "261.42500", "2010-12-31": "842.26400", "2010-09-30": "585.79600", "2010-06-30": "446.63900", "2010-03-31": "506.99600", "2009-12-31": "146.41790", "2009-09-30": "393.03500", "2009-06-30": "273.04400", "2009-03-31": "477.88400", "2008-12-31": "472.64200", "2008-09-30": "602.88800", "2008-06-30": "646.79200", "2008-03-31": "585.20500", "2007-12-31": "530.88600", "2007-09-30": "490.12100", "2007-06-30": "444.32900", "2007-03-31": "367.31900", "2006-12-31": "291.87200", "2006-09-30": "397.69300", "2006-06-30": "413.90800", "2006-03-31": "392.50600", "2005-12-31": "691.30100", "2005-09-30": "397.93900", "2005-06-30": "332.47700", "2005-03-31": "327.56200"}, "Cost Of Goods Sold": {"2020-09-30": "1161.00000", "2020-06-30": "739.00000", "2020-03-31": "1204.00000", "2019-12-31": "1495.00000", "2019-09-30": "1352.00000", "2019-06-30": "1321.00000", "2019-03-31": "1178.00000", "2018-12-31": "1110.00000", "2018-09-30": "1139.00000", "2018-06-30": "1269.00000", "2018-03-31": "1267.00000", "2017-12-31": "818.00000", "2017-09-30": "594.00000", "2017-06-30": "510.00000", "2017-03-31": "476.00000", "2016-12-31": "187.00000", "2016-09-30": "599.00000", "2016-06-30": "551.00000", "2016-03-31": "399.00000", "2015-12-31": "240.00000", "2015-09-30": "528.00000", "2015-06-30": "400.00000", "2015-03-31": "288.00000", "2014-12-31": "368.00000", "2014-09-30": "362.00000", "2014-06-30": "365.00000", "2014-03-31": "301.00000", "2013-12-31": "275.00000", "2013-09-30": "235.00000", "2013-06-30": "208.00000", "2013-03-31": "206.00000", "2012-12-31": "190.45100", "2012-09-30": "179.68700", "2012-06-30": "150.08100", "2012-03-31": "131.78100", "2011-12-31": "97.67300", "2011-09-30": "112.66100", "2011-06-30": "101.74100", "2011-03-31": "98.83500", "2010-12-31": "83.93500", "2010-09-30": "100.71700", "2010-06-30": "94.01200", "2010-03-31": "86.10000", "2009-12-31": "60.26700", "2009-09-30": "90.39400", "2009-06-30": "84.79300", "2009-03-31": "110.43100", "2008-12-31": "162.30400", "2008-09-30": "107.15900", "2008-06-30": "97.32700", "2008-03-31": "94.61900", "2007-12-31": "112.35800", "2007-09-30": "113.55400", "2007-06-30": "105.37800", "2007-03-31": "89.44800", "2006-12-31": "62.63000", "2006-09-30": "88.68700", "2006-06-30": "103.06600", "2006-03-31": "94.68300", "2005-12-31": "118.44900", "2005-09-30": "92.80900", "2005-06-30": "79.64000", "2005-03-31": "80.94600"}, "Gross Profit": {"2020-09-30": "654.00000", "2020-06-30": "120.00000", "2020-03-31": "1053.00000", "2019-12-31": "1148.00000", "2019-09-30": "973.00000", "2019-06-30": "602.00000", "2019-03-31": "1235.00000", "2018-12-31": "1568.00000", "2018-09-30": "1337.00000", "2018-06-30": "842.00000", "2018-03-31": "883.00000", "2017-12-31": "708.00000", "2017-09-30": "573.00000", "2017-06-30": "952.00000", "2017-03-31": "824.00000", "2016-12-31": "538.00000", "2016-09-30": "587.00000", "2016-06-30": "235.00000", "2016-03-31": "286.00000", "2015-12-31": "571.00000", "2015-09-30": "1709.00000", "2015-06-30": "244.00000", "2015-03-31": "581.00000", "2014-12-31": "1315.00000", "2014-09-30": "1151.00000", "2014-06-30": "567.00000", "2014-03-31": "643.00000", "2013-12-31": "650.00000", "2013-09-30": "572.00000", "2013-06-30": "951.00000", "2013-03-31": "561.00000", "2012-12-31": "500.67700", "2012-09-30": "435.75000", "2012-06-30": "767.89400", "2012-03-31": "652.67900", "2011-12-31": "365.41620", "2011-09-30": "870.88400", "2011-06-30": "703.44700", "2011-03-31": "162.59000", "2010-12-31": "758.32900", "2010-09-30": "485.07900", "2010-06-30": "352.62700", "2010-03-31": "420.89600", "2009-12-31": "86.15090", "2009-09-30": "302.64100", "2009-06-30": "188.25100", "2009-03-31": "367.45300", "2008-12-31": "310.33800", "2008-09-30": "495.72900", "2008-06-30": "549.46500", "2008-03-31": "490.58600", "2007-12-31": "418.52800", "2007-09-30": "376.56700", "2007-06-30": "338.95100", "2007-03-31": "277.87100", "2006-12-31": "229.24200", "2006-09-30": "309.00600", "2006-06-30": "310.84200", "2006-03-31": "297.82300", "2005-12-31": "572.85200", "2005-09-30": "305.13000", "2005-06-30": "252.83700", "2005-03-31": "246.61600"}, "Research And Development Expenses": {"2020-09-30": "", "2020-06-30": "", "2020-03-31": "", "2019-12-31": "", "2019-09-30": "", "2019-06-30": "", "2019-03-31": "", "2018-12-31": "", "2018-09-30": "", "2018-06-30": "", "2018-03-31": "", "2017-12-31": "", "2017-09-30": "", "2017-06-30": "", "2017-03-31": "", "2016-12-31": "", "2016-09-30": "", "2016-06-30": "", "2016-03-31": "", "2015-12-31": "", "2015-09-30": "", "2015-06-30": "", "2015-03-31": "", "2014-12-31": "", "2014-09-30": "", "2014-06-30": "", "2014-03-31": "", "2013-12-31": "", "2013-09-30": "", "2013-06-30": "", "2013-03-31": "", "2012-12-31": "", "2012-09-30": "", "2012-06-30": "", "2012-03-31": "", "2011-12-31": "", "2011-09-30": "", "2011-06-30": "", "2011-03-31": "", "2010-12-31": "", "2010-09-30": "", "2010-06-30": "", "2010-03-31": "", "2009-12-31": "", "2009-09-30": "", "2009-06-30": "", "2009-03-31": "", "2008-12-31": "", "2008-09-30": "", "2008-06-30": "", "2008-03-31": "", "2007-12-31": "", "2007-09-30": "", "2007-06-30": "", "2007-03-31": "", "2006-12-31": "", "2006-09-30": "", "2006-06-30": "", "2006-03-31": "", "2005-12-31": "", "2005-09-30": "", "2005-06-30": "", "2005-03-31": ""}, "SG&A Expenses": {"2020-09-30": "127.00000", "2020-06-30": "107.00000", "2020-03-31": "131.00000", "2019-12-31": "154.00000", "2019-09-30": "158.00000", "2019-06-30": "149.00000", "2019-03-31": "162.00000", "2018-12-31": "155.00000", "2018-09-30": "179.00000", "2018-06-30": "165.00000", "2018-03-31": "166.00000", "2017-12-31": "144.00000", "2017-09-30": "134.00000", "2017-06-30": "132.00000", "2017-03-31": "131.00000", "2016-12-31": "128.00000", "2016-09-30": "114.00000", "2016-06-30": "116.00000", "2016-03-31": "103.00000", "2015-12-31": "114.00000", "2015-09-30": "117.00000", "2015-06-30": "120.00000", "2015-03-31": "121.00000", "2014-12-31": "140.00000", "2014-09-30": "139.00000", "2014-06-30": "138.00000", "2014-03-31": "136.00000", "2013-12-31": "136.00000", "2013-09-30": "121.00000", "2013-06-30": "117.00000", "2013-03-31": "114.00000", "2012-12-31": "92.33900", "2012-09-30": "112.34600", "2012-06-30": "99.45200", "2012-03-31": "108.86300", "2011-12-31": "84.66900", "2011-09-30": "87.33100", "2011-06-30": "80.20300", "2011-03-31": "77.20700", "2010-12-31": "68.86400", "2010-09-30": "76.46200", "2010-06-30": "65.77100", "2010-03-31": "65.37600", "2009-12-31": "47.00300", "2009-09-30": "62.88800", "2009-06-30": "56.99000", "2009-03-31": "62.35300", "2008-12-31": "72.78400", "2008-09-30": "77.74600", "2008-06-30": "81.25400", "2008-03-31": "74.50900", "2007-12-31": "35.28300", "2007-09-30": "32.33000", "2007-06-30": "29.35000", "2007-03-31": "32.62400", "2006-12-31": "25.61800", "2006-09-30": "29.26200", "2006-06-30": "29.46800", "2006-03-31": "32.24700", "2005-12-31": "33.00500", "2005-09-30": "29.81700", "2005-06-30": "26.59600", "2005-03-31": "27.48800"}, "Other Operating Income Or Expenses": {"2020-09-30": "-16.00000", "2020-06-30": "-10.00000", "2020-03-31": "-9.00000", "2019-12-31": "-12.00000", "2019-09-30": "-11.00000", "2019-06-30": "-15.00000", "2019-03-31": "-20.00000", "2018-12-31": "-31.00000", "2018-09-30": "-20.00000", "2018-06-30": "-105.00000", "2018-03-31": "-35.00000", "2017-12-31": "-29.00000", "2017-09-30": "-18.00000", "2017-06-30": "-26.00000", "2017-03-31": "-318.00000", "2016-12-31": "-23.00000", "2016-09-30": "-19.00000", "2016-06-30": "-18.00000", "2016-03-31": "-91.00000", "2015-12-31": "-867.00000", "2015-09-30": "-97.00000", "2015-06-30": "-28.00000", "2015-03-31": "-163.00000", "2014-12-31": "-96.00000", "2014-09-30": "-22.00000", "2014-06-30": "-28.00000", "2014-03-31": "-31.00000", "2013-12-31": "-1526.00000", "2013-09-30": "-30.00000", "2013-06-30": "-18.00000", "2013-03-31": "-18.00000", "2012-12-31": "465.38400", "2012-09-30": "-27.03900", "2012-06-30": "-482.05800", "2012-03-31": "-53.28700", "2011-12-31": "-385.28000", "2011-09-30": "-12.53400", "2011-06-30": "-19.73000", "2011-03-31": "-17.55500", "2010-12-31": "-130.62200", "2010-09-30": "-21.61000", "2010-06-30": "-27.92700", "2010-03-31": "-9.43800", "2009-12-31": "-1.23400", "2009-09-30": "-25.07300", "2009-06-30": "-21.61800", "2009-03-31": "-52.26100", "2008-12-31": "-79.95500", "2008-09-30": "-199.71400", "2008-06-30": "-27.50900", "2008-03-31": "-39.13500", "2007-12-31": "-120.74300", "2007-09-30": "-32.02600", "2007-06-30": "-128.76500", "2007-03-31": "-85.31900", "2006-12-31": "-78.93000", "2006-09-30": "-41.00600", "2006-06-30": "-41.61800", "2006-03-31": "-120.64200", "2005-12-31": "-83.08000", "2005-09-30": "-56.38500", "2005-06-30": "-37.96900", "2005-03-31": "-53.98100"}, "Operating Expenses": {"2020-09-30": "1697.00000", "2020-06-30": "1272.00000", "2020-03-31": "1778.00000", "2019-12-31": "2101.00000", "2019-09-30": "1959.00000", "2019-06-30": "1897.00000", "2019-03-31": "1781.00000", "2018-12-31": "1701.00000", "2018-09-30": "1732.00000", "2018-06-30": "1917.00000", "2018-03-31": "1825.00000", "2017-12-31": "1358.00000", "2017-09-30": "1101.00000", "2017-06-30": "1009.00000", "2017-03-31": "1262.00000", "2016-12-31": "695.00000", "2016-09-30": "1118.00000", "2016-06-30": "1069.00000", "2016-03-31": "946.00000", "2015-12-31": "1603.00000", "2015-09-30": "1106.00000", "2015-06-30": "877.00000", "2015-03-31": "882.00000", "2014-12-31": "917.00000", "2014-09-30": "797.00000", "2014-06-30": "774.00000", "2014-03-31": "685.00000", "2013-12-31": "2167.00000", "2013-09-30": "608.00000", "2013-06-30": "568.00000", "2013-03-31": "550.00000", "2012-12-31": "-83.33100", "2012-09-30": "526.47000", "2012-06-30": "932.51200", "2012-03-31": "475.34900", "2011-12-31": "656.59610", "2011-09-30": "350.93900", "2011-06-30": "337.18500", "2011-03-31": "320.27800", "2010-12-31": "347.44420", "2010-09-30": "345.88490", "2010-06-30": "332.01900", "2010-03-31": "305.34200", "2009-12-31": "163.23110", "2009-09-30": "340.96000", "2009-06-30": "322.07400", "2009-03-31": "413.18900", "2008-12-31": "440.50900", "2008-09-30": "505.88400", "2008-06-30": "318.34100", "2008-03-31": "317.89000", "2007-12-31": "374.85400", "2007-09-30": "291.78900", "2007-06-30": "351.69100", "2007-03-31": "286.24100", "2006-12-31": "228.30700", "2006-09-30": "241.51700", "2006-06-30": "262.13600", "2006-03-31": "329.97800", "2005-12-31": "370.79200", "2005-09-30": "254.84700", "2005-06-30": "210.20400", "2005-03-31": "235.72300"}, "Operating Income": {"2020-09-30": "118.00000", "2020-06-30": "-413.00000", "2020-03-31": "479.00000", "2019-12-31": "542.00000", "2019-09-30": "366.00000", "2019-06-30": "26.00000", "2019-03-31": "632.00000", "2018-12-31": "977.00000", "2018-09-30": "744.00000", "2018-06-30": "194.00000", "2018-03-31": "325.00000", "2017-12-31": "168.00000", "2017-09-30": "66.00000", "2017-06-30": "453.00000", "2017-03-31": "38.00000", "2016-12-31": "30.00000", "2016-09-30": "68.00000", "2016-06-30": "-283.00000", "2016-03-31": "-261.00000", "2015-12-31": "-792.00000", "2015-09-30": "1131.00000", "2015-06-30": "-233.00000", "2015-03-31": "-13.00000", "2014-12-31": "766.00000", "2014-09-30": "716.00000", "2014-06-30": "158.00000", "2014-03-31": "259.00000", "2013-12-31": "-1242.00000", "2013-09-30": "199.00000", "2013-06-30": "591.00000", "2013-03-31": "217.00000", "2012-12-31": "774.45900", "2012-09-30": "88.96700", "2012-06-30": "-14.53710", "2012-03-31": "309.11100", "2011-12-31": "-193.50690", "2011-09-30": "632.60600", "2011-06-30": "468.00300", "2011-03-31": "-58.85300", "2010-12-31": "494.81990", "2010-09-30": "239.91110", "2010-06-30": "114.62000", "2010-03-31": "201.65400", "2009-12-31": "-16.81310", "2009-09-30": "52.07500", "2009-06-30": "-49.03000", "2009-03-31": "64.69500", "2008-12-31": "32.13300", "2008-09-30": "97.00400", "2008-06-30": "328.45100", "2008-03-31": "267.31500", "2007-12-31": "156.03200", "2007-09-30": "198.33200", "2007-06-30": "92.63800", "2007-03-31": "81.07800", "2006-12-31": "63.56500", "2006-09-30": "156.17600", "2006-06-30": "151.77200", "2006-03-31": "62.52800", "2005-12-31": "320.50900", "2005-09-30": "143.09200", "2005-06-30": "122.27300", "2005-03-31": "91.83900"}, "Total Non-Operating Income/Expense": {"2020-09-30": "-134.00000", "2020-06-30": "-125.00000", "2020-03-31": "-114.00000", "2019-12-31": "-95.00000", "2019-09-30": "-63.00000", "2019-06-30": "-242.00000", "2019-03-31": "-179.00000", "2018-12-31": "-565.00000", "2018-09-30": "-215.00000", "2018-06-30": "-112.00000", "2018-03-31": "-97.00000", "2017-12-31": "-106.00000", "2017-09-30": "-100.00000", "2017-06-30": "-99.00000", "2017-03-31": "-111.00000", "2016-12-31": "-114.00000", "2016-09-30": "-124.00000", "2016-06-30": "-128.00000", "2016-03-31": "-147.00000", "2015-12-31": "-181.00000", "2015-09-30": "-128.00000", "2015-06-30": "-107.00000", "2015-03-31": "-98.00000", "2014-12-31": "-99.00000", "2014-09-30": "-69.00000", "2014-06-30": "-71.00000", "2014-03-31": "-63.00000", "2013-12-31": "-125.00000", "2013-09-30": "-72.00000", "2013-06-30": "-68.00000", "2013-03-31": "-74.00000", "2012-12-31": "-173.80300", "2012-09-30": "-88.94900", "2012-06-30": "-82.10300", "2012-03-31": "18.85500", "2011-12-31": "-63.34300", "2011-09-30": "-64.61000", "2011-06-30": "-59.09600", "2011-03-31": "-65.13200", "2010-12-31": "-516.80900", "2010-09-30": "-67.21000", "2010-06-30": "115.43800", "2010-03-31": "199.14800", "2009-12-31": "-50.32900", "2009-09-30": "-67.55500", "2009-06-30": "-82.94300", "2009-03-31": "-75.27900", "2008-12-31": "-116.88400", "2008-09-30": "-80.97900", "2008-06-30": "-51.90600", "2008-03-31": "-54.33500", "2007-12-31": "-51.21500", "2007-09-30": "-44.36500", "2007-06-30": "-39.44600", "2007-03-31": "-38.43000", "2006-12-31": "-25.93800", "2006-09-30": "-38.40800", "2006-06-30": "-35.67900", "2006-03-31": "-42.77800", "2005-12-31": "-82.05900", "2005-09-30": "-64.14100", "2005-06-30": "-46.15900", "2005-03-31": "-43.08600"}, "Pre-Tax Income": {"2020-09-30": "-16.00000", "2020-06-30": "-538.00000", "2020-03-31": "365.00000", "2019-12-31": "447.00000", "2019-09-30": "303.00000", "2019-06-30": "-216.00000", "2019-03-31": "453.00000", "2018-12-31": "412.00000", "2018-09-30": "529.00000", "2018-06-30": "82.00000", "2018-03-31": "228.00000", "2017-12-31": "62.00000", "2017-09-30": "-34.00000", "2017-06-30": "354.00000", "2017-03-31": "-73.00000", "2016-12-31": "-84.00000", "2016-09-30": "-56.00000", "2016-06-30": "-411.00000", "2016-03-31": "-408.00000", "2015-12-31": "-973.00000", "2015-09-30": "1003.00000", "2015-06-30": "-340.00000", "2015-03-31": "-111.00000", "2014-12-31": "667.00000", "2014-09-30": "647.00000", "2014-06-30": "87.00000", "2014-03-31": "196.00000", "2013-12-31": "-1367.00000", "2013-09-30": "127.00000", "2013-06-30": "523.00000", "2013-03-31": "143.00000", "2012-12-31": "600.65600", "2012-09-30": "0.01800", "2012-06-30": "-96.64000", "2012-03-31": "327.96600", "2011-12-31": "-256.85000", "2011-09-30": "567.99600", "2011-06-30": "408.90700", "2011-03-31": "-123.98500", "2010-12-31": "-21.98900", "2010-09-30": "172.70100", "2010-06-30": "230.05800", "2010-03-31": "400.80200", "2009-12-31": "-67.14100", "2009-09-30": "-15.48000", "2009-06-30": "-131.97300", "2009-03-31": "-10.58400", "2008-12-31": "-84.75100", "2008-09-30": "16.02500", "2008-06-30": "276.54500", "2008-03-31": "212.98000", "2007-12-31": "104.81700", "2007-09-30": "153.96700", "2007-06-30": "53.19200", "2007-03-31": "42.64800", "2006-12-31": "37.62700", "2006-09-30": "117.76800", "2006-06-30": "116.09300", "2006-03-31": "19.75000", "2005-12-31": "238.45000", "2005-09-30": "78.95100", "2005-06-30": "76.11400", "2005-03-31": "48.75300"}, "Income Taxes": {"2020-09-30": "4.00000", "2020-06-30": "-99.00000", "2020-03-31": "76.00000", "2019-12-31": "103.00000", "2019-09-30": "72.00000", "2019-06-30": "-47.00000", "2019-03-31": "103.00000", "2018-12-31": "89.00000", "2018-09-30": "118.00000", "2018-06-30": "19.00000", "2018-03-31": "50.00000", "2017-12-31": "-603.00000", "2017-09-30": "-11.00000", "2017-06-30": "121.00000", "2017-03-31": "-31.00000", "2016-12-31": "-41.00000", "2016-09-30": "-78.00000", "2016-06-30": "-143.00000", "2016-03-31": "-141.00000", "2015-12-31": "-350.00000", "2015-09-30": "355.00000", "2015-06-30": "-123.00000", "2015-03-31": "-37.00000", "2014-12-31": "237.00000", "2014-09-30": "236.00000", "2014-06-30": "32.00000", "2014-03-31": "51.00000", "2013-12-31": "-494.00000", "2013-09-30": "48.00000", "2013-06-30": "183.00000", "2013-03-31": "50.00000", "2012-12-31": "204.76900", "2012-09-30": "10.61400", "2012-06-30": "-45.08600", "2012-03-31": "117.70300", "2011-12-31": "-86.72500", "2011-09-30": "182.72800", "2011-06-30": "140.18200", "2011-03-31": "-47.90700", "2010-12-31": "-33.81100", "2010-09-30": "76.21100", "2010-06-30": "83.22000", "2010-03-31": "144.00700", "2009-12-31": "-35.52400", "2009-09-30": "-5.20600", "2009-06-30": "-41.72400", "2009-03-31": "-0.74100", "2008-12-31": "22.28000", "2008-09-30": "13.16500", "2008-06-30": "120.97500", "2008-03-31": "86.22200", "2007-12-31": "-20.46400", "2007-09-30": "60.94800", "2007-06-30": "16.60100", "2007-03-31": "14.63200", "2006-12-31": "30.82600", "2006-09-30": "39.27100", "2006-06-30": "50.20700", "2006-03-31": "20.71700", "2005-12-31": "98.00600", "2005-09-30": "17.43800", "2005-06-30": "53.88500", "2005-03-31": "21.76200"}, "Income After Taxes": {"2020-09-30": "-20.00000", "2020-06-30": "-439.00000", "2020-03-31": "289.00000", "2019-12-31": "344.00000", "2019-09-30": "231.00000", "2019-06-30": "-169.00000", "2019-03-31": "350.00000", "2018-12-31": "323.00000", "2018-09-30": "411.00000", "2018-06-30": "63.00000", "2018-03-31": "178.00000", "2017-12-31": "665.00000", "2017-09-30": "-23.00000", "2017-06-30": "233.00000", "2017-03-31": "-42.00000", "2016-12-31": "-43.00000", "2016-09-30": "22.00000", "2016-06-30": "-268.00000", "2016-03-31": "-267.00000", "2015-12-31": "-623.00000", "2015-09-30": "648.00000", "2015-06-30": "-217.00000", "2015-03-31": "-74.00000", "2014-12-31": "430.00000", "2014-09-30": "411.00000", "2014-06-30": "55.00000", "2014-03-31": "145.00000", "2013-12-31": "-873.00000", "2013-09-30": "79.00000", "2013-06-30": "340.00000", "2013-03-31": "93.00000", "2012-12-31": "395.88700", "2012-09-30": "-10.59600", "2012-06-30": "-51.55400", "2012-03-31": "210.26300", "2011-12-31": "-170.12500", "2011-09-30": "385.26800", "2011-06-30": "268.72500", "2011-03-31": "-76.07800", "2010-12-31": "11.82200", "2010-09-30": "96.49000", "2010-06-30": "146.83800", "2010-03-31": "256.79500", "2009-12-31": "-31.61700", "2009-09-30": "-10.27400", "2009-06-30": "-90.24900", "2009-03-31": "-9.84300", "2008-12-31": "-107.03100", "2008-09-30": "2.86000", "2008-06-30": "155.57000", "2008-03-31": "126.75800", "2007-12-31": "125.28100", "2007-09-30": "93.01900", "2007-06-30": "36.59100", "2007-03-31": "28.01600", "2006-12-31": "6.80100", "2006-09-30": "78.49700", "2006-06-30": "65.88600", "2006-03-31": "-0.96700", "2005-12-31": "140.44400", "2005-09-30": "61.51300", "2005-06-30": "22.22900", "2005-03-31": "26.99100"}, "Other Income": {"2020-09-30": "", "2020-06-30": "", "2020-03-31": "", "2019-12-31": "", "2019-09-30": "", "2019-06-30": "", "2019-03-31": "", "2018-12-31": "", "2018-09-30": "", "2018-06-30": "", "2018-03-31": "", "2017-12-31": "", "2017-09-30": "", "2017-06-30": "", "2017-03-31": "", "2016-12-31": "", "2016-09-30": "", "2016-06-30": "", "2016-03-31": "", "2015-12-31": "", "2015-09-30": "", "2015-06-30": "", "2015-03-31": "", "2014-12-31": "", "2014-09-30": "", "2014-06-30": "", "2014-03-31": "", "2013-12-31": "", "2013-09-30": "", "2013-06-30": "", "2013-03-31": "", "2012-12-31": "", "2012-09-30": "", "2012-06-30": "", "2012-03-31": "", "2011-12-31": "", "2011-09-30": "", "2011-06-30": "", "2011-03-31": "", "2010-12-31": "", "2010-09-30": "", "2010-06-30": "", "2010-03-31": "", "2009-12-31": "", "2009-09-30": "", "2009-06-30": "", "2009-03-31": "", "2008-12-31": "", "2008-09-30": "", "2008-06-30": "", "2008-03-31": "", "2007-12-31": "", "2007-09-30": "", "2007-06-30": "", "2007-03-31": "", "2006-12-31": "", "2006-09-30": "", "2006-06-30": "", "2006-03-31": "", "2005-12-31": "", "2005-09-30": "", "2005-06-30": "", "2005-03-31": ""}, "Income From Continuous Operations": {"2020-09-30": "-20.00000", "2020-06-30": "-439.00000", "2020-03-31": "289.00000", "2019-12-31": "344.00000", "2019-09-30": "231.00000", "2019-06-30": "-169.00000", "2019-03-31": "350.00000", "2018-12-31": "323.00000", "2018-09-30": "411.00000", "2018-06-30": "63.00000", "2018-03-31": "178.00000", "2017-12-31": "665.00000", "2017-09-30": "-23.00000", "2017-06-30": "233.00000", "2017-03-31": "-42.00000", "2016-12-31": "-43.00000", "2016-09-30": "22.00000", "2016-06-30": "-268.00000", "2016-03-31": "-267.00000", "2015-12-31": "-623.00000", "2015-09-30": "648.00000", "2015-06-30": "-217.00000", "2015-03-31": "-74.00000", "2014-12-31": "430.00000", "2014-09-30": "411.00000", "2014-06-30": "55.00000", "2014-03-31": "145.00000", "2013-12-31": "-873.00000", "2013-09-30": "79.00000", "2013-06-30": "340.00000", "2013-03-31": "93.00000", "2012-12-31": "395.88700", "2012-09-30": "-10.59600", "2012-06-30": "-51.55400", "2012-03-31": "210.26300", "2011-12-31": "-170.12500", "2011-09-30": "385.26800", "2011-06-30": "268.72500", "2011-03-31": "-76.07800", "2010-12-31": "11.82200", "2010-09-30": "96.49000", "2010-06-30": "146.83800", "2010-03-31": "256.79500", "2009-12-31": "-31.61700", "2009-09-30": "-10.27400", "2009-06-30": "-90.24900", "2009-03-31": "-9.84300", "2008-12-31": "-62.47100", "2008-09-30": "2.86000", "2008-06-30": "155.57000", "2008-03-31": "126.75800", "2007-12-31": "84.35300", "2007-09-30": "93.01900", "2007-06-30": "36.59100", "2007-03-31": "28.01600", "2006-12-31": "6.80100", "2006-09-30": "78.49700", "2006-06-30": "65.88600", "2006-03-31": "-0.96700", "2005-12-31": "140.44400", "2005-09-30": "61.51300", "2005-06-30": "22.22900", "2005-03-31": "26.99100"}, "Income From Discontinued Operations": {"2020-09-30": "", "2020-06-30": "", "2020-03-31": "", "2019-12-31": "", "2019-09-30": "", "2019-06-30": "", "2019-03-31": "", "2018-12-31": "", "2018-09-30": "", "2018-06-30": "", "2018-03-31": "", "2017-12-31": "", "2017-09-30": "", "2017-06-30": "", "2017-03-31": "", "2016-12-31": "", "2016-09-30": "", "2016-06-30": "", "2016-03-31": "", "2015-12-31": "", "2015-09-30": "-2.00000", "2015-06-30": "-1.00000", "2015-03-31": "-4.00000", "2014-12-31": "2.00000", "2014-09-30": "-37.00000", "2014-06-30": "-54.00000", "2014-03-31": "-22.00000", "2013-12-31": "-484.00000", "2013-09-30": "19.00000", "2013-06-30": "11.00000", "2013-03-31": "16.00000", "2012-12-31": "-356.00700", "2012-09-30": "32.29500", "2012-06-30": "12.01700", "2012-03-31": "10.69500", "2011-12-31": "56.93700", "2011-09-30": "0.33000", "2011-06-30": "-3.02500", "2011-03-31": "419.88200", "2010-12-31": "70.30500", "2010-09-30": "18.08300", "2010-06-30": "41.85100", "2010-03-31": "3.81100", "2009-12-31": "85.84800", "2009-09-30": "12.10700", "2009-06-30": "2.73100", "2009-03-31": "-0.97000", "2008-12-31": "-2.99600", "2008-09-30": "0.32700", "2008-06-30": "7.35100", "2008-03-31": "1.94000", "2007-12-31": "120.37500", "2007-09-30": "8.90800", "2007-06-30": "-0.11100", "2007-03-31": "1.57700", "2006-12-31": "20.88500", "2006-09-30": "2.30200", "2006-06-30": "22.15300", "2006-03-31": "544.17400", "2005-12-31": "0.33500", "2005-09-30": "62.06000", "2005-06-30": "163.33000", "2005-03-31": "57.66600"}, "Net Income": {"2020-09-30": "-20.00000", "2020-06-30": "-439.00000", "2020-03-31": "289.00000", "2019-12-31": "344.00000", "2019-09-30": "231.00000", "2019-06-30": "-169.00000", "2019-03-31": "350.00000", "2018-12-31": "323.00000", "2018-09-30": "411.00000", "2018-06-30": "66.00000", "2018-03-31": "178.00000", "2017-12-31": "665.00000", "2017-09-30": "-23.00000", "2017-06-30": "233.00000", "2017-03-31": "-42.00000", "2016-12-31": "-43.00000", "2016-09-30": "22.00000", "2016-06-30": "-268.00000", "2016-03-31": "-267.00000", "2015-12-31": "-623.00000", "2015-09-30": "646.00000", "2015-06-30": "-218.00000", "2015-03-31": "-78.00000", "2014-12-31": "432.00000", "2014-09-30": "374.00000", "2014-06-30": "1.00000", "2014-03-31": "123.00000", "2013-12-31": "-1367.00000", "2013-09-30": "91.00000", "2013-06-30": "337.00000", "2013-03-31": "101.00000", "2012-12-31": "31.61900", "2012-09-30": "18.86700", "2012-06-30": "-70.65700", "2012-03-31": "212.17100", "2011-12-31": "-108.54000", "2011-09-30": "344.66700", "2011-06-30": "240.73000", "2011-03-31": "342.45400", "2010-12-31": "78.55600", "2010-09-30": "109.34600", "2010-06-30": "163.49300", "2010-03-31": "239.91700", "2009-12-31": "56.65400", "2009-09-30": "-7.16500", "2009-06-30": "-87.11700", "2009-03-31": "-14.67400", "2008-12-31": "-65.46700", "2008-09-30": "-5.23500", "2008-06-30": "154.44700", "2008-03-31": "126.28600", "2007-12-31": "204.72800", "2007-09-30": "101.92700", "2007-06-30": "36.48000", "2007-03-31": "29.59300", "2006-12-31": "27.68600", "2006-09-30": "80.79900", "2006-06-30": "88.03900", "2006-03-31": "543.20700", "2005-12-31": "140.77900", "2005-09-30": "123.57300", "2005-06-30": "185.55900", "2005-03-31": "84.65700"}, "EBITDA": {"2020-09-30": "534.00000", "2020-06-30": "23.00000", "2020-03-31": "931.00000", "2019-12-31": "1004.00000", "2019-09-30": "825.00000", "2019-06-30": "478.00000", "2019-03-31": "1080.00000", "2018-12-31": "1406.00000", "2018-09-30": "1164.00000", "2018-06-30": "600.00000", "2018-03-31": "703.00000", "2017-12-31": "558.00000", "2017-09-30": "443.00000", "2017-06-30": "820.00000", "2017-03-31": "402.00000", "2016-12-31": "414.00000", "2016-09-30": "481.00000", "2016-06-30": "128.00000", "2016-03-31": "118.00000", "2015-12-31": "-387.00000", "2015-09-30": "1521.00000", "2015-06-30": "124.00000", "2015-03-31": "322.00000", "2014-12-31": "1103.00000", "2014-09-30": "1013.00000", "2014-06-30": "425.00000", "2014-03-31": "501.00000", "2013-12-31": "-982.00000", "2013-09-30": "434.00000", "2013-06-30": "836.00000", "2013-03-31": "449.00000", "2012-12-31": "879.94600", "2012-09-30": "304.21600", "2012-06-30": "194.25190", "2012-03-31": "497.58600", "2011-12-31": "-91.08590", "2011-09-30": "762.45900", "2011-06-30": "601.48900", "2011-03-31": "68.96300", "2010-12-31": "547.62490", "2010-09-30": "376.44110", "2010-06-30": "248.29600", "2010-03-31": "336.08200", "2009-12-31": "9.01990", "2009-09-30": "190.32400", "2009-06-30": "85.34700", "2009-03-31": "228.16800", "2008-12-31": "139.43090", "2008-09-30": "188.86510", "2008-06-30": "406.28500", "2008-03-31": "348.58500", "2007-12-31": "214.73500", "2007-09-30": "276.79600", "2007-06-30": "145.82200", "2007-03-31": "124.26400", "2006-12-31": "104.92100", "2006-09-30": "179.19800", "2006-06-30": "203.84800", "2006-03-31": "105.61900", "2005-12-31": "378.32900", "2005-09-30": "198.14000", "2005-06-30": "168.41300", "2005-03-31": "155.02100"}, "EBIT": {"2020-09-30": "118.00000", "2020-06-30": "-413.00000", "2020-03-31": "479.00000", "2019-12-31": "542.00000", "2019-09-30": "366.00000", "2019-06-30": "26.00000", "2019-03-31": "632.00000", "2018-12-31": "977.00000", "2018-09-30": "744.00000", "2018-06-30": "194.00000", "2018-03-31": "325.00000", "2017-12-31": "168.00000", "2017-09-30": "66.00000", "2017-06-30": "453.00000", "2017-03-31": "38.00000", "2016-12-31": "30.00000", "2016-09-30": "68.00000", "2016-06-30": "-283.00000", "2016-03-31": "-261.00000", "2015-12-31": "-792.00000", "2015-09-30": "1131.00000", "2015-06-30": "-233.00000", "2015-03-31": "-13.00000", "2014-12-31": "766.00000", "2014-09-30": "716.00000", "2014-06-30": "158.00000", "2014-03-31": "259.00000", "2013-12-31": "-1242.00000", "2013-09-30": "199.00000", "2013-06-30": "591.00000", "2013-03-31": "217.00000", "2012-12-31": "774.45900", "2012-09-30": "88.96700", "2012-06-30": "-14.53710", "2012-03-31": "309.11100", "2011-12-31": "-193.50690", "2011-09-30": "632.60600", "2011-06-30": "468.00300", "2011-03-31": "-58.85300", "2010-12-31": "494.81990", "2010-09-30": "239.91110", "2010-06-30": "114.62000", "2010-03-31": "201.65400", "2009-12-31": "-16.81310", "2009-09-30": "52.07500", "2009-06-30": "-49.03000", "2009-03-31": "64.69500", "2008-12-31": "32.13300", "2008-09-30": "97.00400", "2008-06-30": "328.45100", "2008-03-31": "267.31500", "2007-12-31": "156.03200", "2007-09-30": "198.33200", "2007-06-30": "92.63800", "2007-03-31": "81.07800", "2006-12-31": "63.56500", "2006-09-30": "156.17600", "2006-06-30": "151.77200", "2006-03-31": "62.52800", "2005-12-31": "320.50900", "2005-09-30": "143.09200", "2005-06-30": "122.27300", "2005-03-31": "91.83900"}, "Basic Shares Outstanding": {"2020-09-30": "165.00000", "2020-06-30": "165.00000", "2020-03-31": "166.00000", "2019-12-31": "167.00000", "2019-09-30": "167.00000", "2019-06-30": "168.00000", "2019-03-31": "169.00000", "2018-12-31": "171.00000", "2018-09-30": "171.00000", "2018-06-30": "170.00000", "2018-03-31": "170.00000", "2017-12-31": "170.00000", "2017-09-30": "170.00000", "2017-06-30": "170.00000", "2017-03-31": "170.00000", "2016-12-31": "166.00000", "2016-09-30": "170.00000", "2016-06-30": "164.00000", "2016-03-31": "162.00000", "2015-12-31": "149.00000", "2015-09-30": "149.00000", "2015-06-30": "149.00000", "2015-03-31": "149.00000", "2014-12-31": "144.00000", "2014-09-30": "143.00000", "2014-06-30": "143.00000", "2014-03-31": "143.00000", "2013-12-31": "136.00000", "2013-09-30": "139.00000", "2013-06-30": "138.00000", "2013-03-31": "129.00000", "2012-12-31": "123.00000", "2012-09-30": "123.11100", "2012-06-30": "123.02800", "2012-03-31": "122.48000", "2011-12-31": "116.90400", "2011-09-30": "116.28100", "2011-06-30": "116.21300", "2011-03-31": "115.86900", "2010-12-31": "115.06200", "2010-09-30": "115.19100", "2010-06-30": "115.10400", "2010-03-31": "114.65500", "2009-12-31": "114.17600", "2009-09-30": "114.12300", "2009-06-30": "113.97900", "2009-03-31": "114.24200", "2008-12-31": "115.45500", "2008-09-30": "118.11000", "2008-06-30": "118.36300", "2008-03-31": "117.93400", "2007-12-31": "117.59900", "2007-09-30": "120.32300", "2007-06-30": "121.22600", "2007-03-31": "121.52300", "2006-12-31": "124.35900", "2006-09-30": "124.02100", "2006-06-30": "125.62900", "2006-03-31": "126.94400", "2005-12-31": "127.24300", "2005-09-30": "137.65500", "2005-06-30": "140.81200", "2005-03-31": "142.89800"}, "Shares Outstanding": {"2020-09-30": "165.00000", "2020-06-30": "165.00000", "2020-03-31": "166.00000", "2019-12-31": "167.00000", "2019-09-30": "167.00000", "2019-06-30": "168.00000", "2019-03-31": "169.00000", "2018-12-31": "171.00000", "2018-09-30": "171.00000", "2018-06-30": "171.00000", "2018-03-31": "171.00000", "2017-12-31": "170.00000", "2017-09-30": "170.00000", "2017-06-30": "170.00000", "2017-03-31": "170.00000", "2016-12-31": "166.00000", "2016-09-30": "170.00000", "2016-06-30": "164.00000", "2016-03-31": "162.00000", "2015-12-31": "149.00000", "2015-09-30": "150.00000", "2015-06-30": "149.00000", "2015-03-31": "149.00000", "2014-12-31": "144.00000", "2014-09-30": "143.00000", "2014-06-30": "143.00000", "2014-03-31": "143.00000", "2013-12-31": "136.00000", "2013-09-30": "139.00000", "2013-06-30": "139.00000", "2013-03-31": "133.00000", "2012-12-31": "126.00000", "2012-09-30": "123.11100", "2012-06-30": "123.02800", "2012-03-31": "126.24700", "2011-12-31": "119.21500", "2011-09-30": "117.07500", "2011-06-30": "118.59200", "2011-03-31": "115.86900", "2010-12-31": "116.33000", "2010-09-30": "116.02100", "2010-06-30": "116.00600", "2010-03-31": "115.46200", "2009-12-31": "114.17600", "2009-09-30": "114.12300", "2009-06-30": "113.97900", "2009-03-31": "114.24200", "2008-12-31": "115.45500", "2008-09-30": "118.11000", "2008-06-30": "119.37000", "2008-03-31": "118.26000", "2007-12-31": "119.17500", "2007-09-30": "121.80500", "2007-06-30": "122.77600", "2007-03-31": "122.79400", "2006-12-31": "127.60800", "2006-09-30": "126.73400", "2006-06-30": "129.62400", "2006-03-31": "126.94400", "2005-12-31": "131.46500", "2005-09-30": "141.78600", "2005-06-30": "145.24600", "2005-03-31": "147.34500"}, "Basic EPS": {"2020-09-30": "-0.12000", "2020-06-30": "-2.66000", "2020-03-31": "1.74000", "2019-12-31": "2.07000", "2019-09-30": "1.38000", "2019-06-30": "-1.01000", "2019-03-31": "2.06000", "2018-12-31": "1.89000", "2018-09-30": "2.40000", "2018-06-30": "0.38000", "2018-03-31": "1.04000", "2017-12-31": "3.88000", "2017-09-30": "-0.13000", "2017-06-30": "1.36000", "2017-03-31": "-0.25000", "2016-12-31": "-0.19000", "2016-09-30": "0.13000", "2016-06-30": "-1.63000", "2016-03-31": "-1.65000", "2015-12-31": "-4.13000", "2015-09-30": "4.28000", "2015-06-30": "-1.46000", "2015-03-31": "-0.52000", "2014-12-31": "2.96000", "2014-09-30": "2.58000", "2014-06-30": "0.01000", "2014-03-31": "0.85000", "2013-12-31": "-10.00000", "2013-09-30": "0.65000", "2013-06-30": "2.42000", "2013-03-31": "0.77000", "2012-12-31": "0.23000", "2012-09-30": "0.15000", "2012-06-30": "-0.57000", "2012-03-31": "1.73000", "2011-12-31": "-0.98000", "2011-09-30": "2.96000", "2011-06-30": "2.07000", "2011-03-31": "2.96000", "2010-12-31": "0.68000", "2010-09-30": "0.95000", "2010-06-30": "1.42000", "2010-03-31": "2.09000", "2009-12-31": "0.49000", "2009-09-30": "-0.06000", "2009-06-30": "-0.76000", "2009-03-31": "-0.13000", "2008-12-31": "-0.57000", "2008-09-30": "-0.04000", "2008-06-30": "1.30000", "2008-03-31": "1.07000", "2007-12-31": "1.74000", "2007-09-30": "0.85000", "2007-06-30": "0.30000", "2007-03-31": "0.24000", "2006-12-31": "0.32000", "2006-09-30": "0.65000", "2006-06-30": "0.70000", "2006-03-31": "4.28000", "2005-12-31": "1.11000", "2005-09-30": "0.90000", "2005-06-30": "1.32000", "2005-03-31": "0.59000"}, "EPS - Earnings Per Share": {"2020-09-30": "-0.12000", "2020-06-30": "-2.66000", "2020-03-31": "1.74000", "2019-12-31": "2.07000", "2019-09-30": "1.38000", "2019-06-30": "-1.01000", "2019-03-31": "2.06000", "2018-12-31": "1.89000", "2018-09-30": "2.39000", "2018-06-30": "0.38000", "2018-03-31": "1.04000", "2017-12-31": "3.87000", "2017-09-30": "-0.13000", "2017-06-30": "1.36000", "2017-03-31": "-0.25000", "2016-12-31": "-0.19000", "2016-09-30": "0.13000", "2016-06-30": "-1.63000", "2016-03-31": "-1.65000", "2015-12-31": "-4.12000", "2015-09-30": "4.27000", "2015-06-30": "-1.46000", "2015-03-31": "-0.52000", "2014-12-31": "2.94000", "2014-09-30": "2.58000", "2014-06-30": "0.01000", "2014-03-31": "0.85000", "2013-12-31": "-9.96000", "2013-09-30": "0.65000", "2013-06-30": "2.40000", "2013-03-31": "0.75000", "2012-12-31": "0.24000", "2012-09-30": "0.15000", "2012-06-30": "-0.57000", "2012-03-31": "1.68000", "2011-12-31": "-1.06000", "2011-09-30": "2.95000", "2011-06-30": "2.03000", "2011-03-31": "2.96000", "2010-12-31": "0.65000", "2010-09-30": "0.94000", "2010-06-30": "1.41000", "2010-03-31": "2.08000", "2009-12-31": "0.49000", "2009-09-30": "-0.06000", "2009-06-30": "-0.76000", "2009-03-31": "-0.13000", "2008-12-31": "-0.57000", "2008-09-30": "-0.04000", "2008-06-30": "1.29000", "2008-03-31": "1.07000", "2007-12-31": "1.72000", "2007-09-30": "0.84000", "2007-06-30": "0.30000", "2007-03-31": "0.24000", "2006-12-31": "0.20000", "2006-09-30": "0.64000", "2006-06-30": "0.69000", "2006-03-31": "4.28000", "2005-12-31": "1.08000", "2005-09-30": "0.88000", "2005-06-30": "1.28000", "2005-03-31": "0.58000"}}, "balance sheet": {"Cash On Hand": {"2019-12-31": "705.00000", "2018-12-31": "1268.00000", "2017-12-31": "2109.00000", "2016-12-31": "2559.00000", "2015-12-31": "1391.00000", "2014-12-31": "1025.00000", "2013-12-31": "393.00000", "2012-12-31": "229.39600", "2011-12-31": "537.48400", "2010-12-31": "111.16000", "2009-12-31": "27.36800", "2008-12-31": "48.33700", "2007-12-31": "12.17100", "2006-12-31": "7.03300", "2005-12-31": "18.80200"}, "Receivables": {"2019-12-31": "1042.00000", "2018-12-31": "821.00000", "2017-12-31": "652.00000", "2016-12-31": "521.00000", "2015-12-31": "428.00000", "2014-12-31": "463.00000", "2013-12-31": "439.00000", "2012-12-31": "327.60000", "2011-12-31": "283.81600", "2010-12-31": "276.20400", "2009-12-31": "356.77000", "2008-12-31": "268.12600", "2007-12-31": "323.87800", "2006-12-31": "224.06400", "2005-12-31": "337.65800"}, "Inventory": {"2019-12-31": "205.00000", "2018-12-31": "242.00000", "2017-12-31": "212.00000", "2016-12-31": "181.00000", "2015-12-31": "155.00000", "2014-12-31": "241.00000", "2013-12-31": "220.00000", "2012-12-31": "197.05600", "2011-12-31": "241.60900", "2010-12-31": "173.61500", "2009-12-31": "139.17700", "2008-12-31": "76.90100", "2007-12-31": "97.61900", "2006-12-31": "95.13100", "2005-12-31": "79.65900"}, "Pre-Paid Expenses": {"2019-12-31": "", "2018-12-31": "", "2017-12-31": "", "2016-12-31": "", "2015-12-31": "", "2014-12-31": "15.00000", "2013-12-31": "16.00000", "2012-12-31": "13.43800", "2011-12-31": "14.26300", "2010-12-31": "11.44100", "2009-12-31": "9.01100", "2008-12-31": "12.46400", "2007-12-31": "9.37800", "2006-12-31": "11.50900", "2005-12-31": "18.09100"}, "Other Current Assets": {"2019-12-31": "239.00000", "2018-12-31": "249.00000", "2017-12-31": "34.00000", "2016-12-31": "37.00000", "2015-12-31": "722.00000", "2014-12-31": "615.00000", "2013-12-31": "78.00000", "2012-12-31": "282.86500", "2011-12-31": "251.77100", "2010-12-31": "186.37200", "2009-12-31": "56.93500", "2008-12-31": "74.57300", "2007-12-31": "213.93600", "2006-12-31": "115.89400", "2005-12-31": "10.71600"}, "Total Current Assets": {"2019-12-31": "2191.00000", "2018-12-31": "2580.00000", "2017-12-31": "3007.00000", "2016-12-31": "3298.00000", "2015-12-31": "3194.00000", "2014-12-31": "2359.00000", "2013-12-31": "1730.00000", "2012-12-31": "1050.35500", "2011-12-31": "1402.29200", "2010-12-31": "1197.18300", "2009-12-31": "616.11800", "2008-12-31": "486.91100", "2007-12-31": "765.05500", "2006-12-31": "536.55800", "2005-12-31": "623.80400"}, "Property, Plant, And Equipment": {"2019-12-31": "14445.00000", "2018-12-31": "13548.00000", "2017-12-31": "11766.00000", "2016-12-31": "10841.00000", "2015-12-31": "10022.00000", "2014-12-31": "10390.00000", "2013-12-31": "8626.00000", "2012-12-31": "10078.35000", "2011-12-31": "8600.86700", "2010-12-31": "7563.78600", "2009-12-31": "7566.85600", "2008-12-31": "7860.00200", "2007-12-31": "7222.64100", "2006-12-31": "6282.64400", "2005-12-31": "6235.18800"}, "Long-Term Investments": {"2019-12-31": "", "2018-12-31": "125.00000", "2017-12-31": "66.00000", "2016-12-31": "420.00000", "2015-12-31": "", "2014-12-31": "239.00000", "2013-12-31": "225.00000", "2012-12-31": "204.12900", "2011-12-31": "169.53200", "2010-12-31": "72.04500", "2009-12-31": "", "2008-12-31": "", "2007-12-31": "", "2006-12-31": "", "2005-12-31": ""}, "Goodwill And Intangible Assets": {"2019-12-31": "261.00000", "2018-12-31": "264.00000", "2017-12-31": "270.00000", "2016-12-31": "272.00000", "2015-12-31": "272.00000", "2014-12-31": "272.00000", "2013-12-31": "274.00000", "2012-12-31": "298.14200", "2011-12-31": "298.14200", "2010-12-31": "298.18200", "2009-12-31": "309.25900", "2008-12-31": "310.56300", "2007-12-31": "310.87000", "2006-12-31": "309.90800", "2005-12-31": "311.65100"}, "Other Long-Term Assets": {"2019-12-31": "1890.00000", "2018-12-31": "1386.00000", "2017-12-31": "1894.00000", "2016-12-31": "1628.00000", "2015-12-31": "1666.00000", "2014-12-31": "1649.00000", "2013-12-31": "1439.00000", "2012-12-31": "1438.05400", "2011-12-31": "976.32300", "2010-12-31": "547.90600", "2009-12-31": "374.64500", "2008-12-31": "503.75600", "2007-12-31": "308.15200", "2006-12-31": "225.94400", "2005-12-31": "158.59100"}, "Total Long-Term Assets": {"2019-12-31": "16596.00000", "2018-12-31": "15323.00000", "2017-12-31": "13996.00000", "2016-12-31": "13161.00000", "2015-12-31": "11960.00000", "2014-12-31": "12550.00000", "2013-12-31": "10564.00000", "2012-12-31": "12018.67000", "2011-12-31": "10044.86000", "2010-12-31": "8481.91900", "2009-12-31": "8251.14600", "2008-12-31": "8674.87400", "2007-12-31": "7851.92600", "2006-12-31": "6818.84100", "2005-12-31": "6705.43000"}, "Total Assets": {"2019-12-31": "19067.00000", "2018-12-31": "17903.00000", "2017-12-31": "17003.00000", "2016-12-31": "16459.00000", "2015-12-31": "15154.00000", "2014-12-31": "14909.00000", "2013-12-31": "12294.00000", "2012-12-31": "13069.03000", "2011-12-31": "11447.16000", "2010-12-31": "9679.10200", "2009-12-31": "8867.26500", "2008-12-31": "9161.78500", "2007-12-31": "8616.98100", "2006-12-31": "7355.39900", "2005-12-31": "7329.23400"}, "Total Current Liabilities": {"2019-12-31": "2496.00000", "2018-12-31": "1818.00000", "2017-12-31": "2128.00000", "2016-12-31": "1566.00000", "2015-12-31": "1462.00000", "2014-12-31": "1419.00000", "2013-12-31": "1250.00000", "2012-12-31": "1034.79000", "2011-12-31": "1069.51100", "2010-12-31": "769.22000", "2009-12-31": "571.19100", "2008-12-31": "694.99700", "2007-12-31": "994.16900", "2006-12-31": "886.97900", "2005-12-31": "1033.35500"}, "Long Term Debt": {"2019-12-31": "1839.00000", "2018-12-31": "2284.00000", "2017-12-31": "2283.00000", "2016-12-31": "2728.00000", "2015-12-31": "3207.00000", "2014-12-31": "2648.00000", "2013-12-31": "2653.00000", "2012-12-31": "3721.19300", "2011-12-31": "2528.90500", "2010-12-31": "2601.67000", "2009-12-31": "2761.01100", "2008-12-31": "2899.24100", "2007-12-31": "2755.49100", "2006-12-31": "1497.16200", "2005-12-31": "2058.41200"}, "Other Non-Current Liabilities": {"2019-12-31": "1054.00000", "2018-12-31": "538.00000", "2017-12-31": "414.00000", "2016-12-31": "357.00000", "2015-12-31": "334.00000", "2014-12-31": "289.00000", "2013-12-31": "303.00000", "2012-12-31": "305.32300", "2011-12-31": "255.15600", "2010-12-31": "288.80800", "2009-12-31": "334.11200", "2008-12-31": "207.99300", "2007-12-31": "269.78000", "2006-12-31": "330.80100", "2005-12-31": "588.52500"}, "Total Long Term Liabilities": {"2019-12-31": "4452.00000", "2018-12-31": "3974.00000", "2017-12-31": "3596.00000", "2016-12-31": "4482.00000", "2015-12-31": "5317.00000", "2014-12-31": "4901.00000", "2013-12-31": "4429.00000", "2012-12-31": "6166.93200", "2011-12-31": "4726.50700", "2010-12-31": "4683.85700", "2009-12-31": "4653.04300", "2008-12-31": "4787.17500", "2007-12-31": "4580.09000", "2006-12-31": "3483.74900", "2005-12-31": "4078.77700"}, "Total Liabilities": {"2019-12-31": "6948.00000", "2018-12-31": "5792.00000", "2017-12-31": "5724.00000", "2016-12-31": "6048.00000", "2015-12-31": "6779.00000", "2014-12-31": "6320.00000", "2013-12-31": "5679.00000", "2012-12-31": "7201.72200", "2011-12-31": "5796.01800", "2010-12-31": "5453.07700", "2009-12-31": "5224.23400", "2008-12-31": "5482.17200", "2007-12-31": "5574.25900", "2006-12-31": "4370.72800", "2005-12-31": "5112.13200"}, "Common Stock Net": {"2019-12-31": "2.00000", "2018-12-31": "2.00000", "2017-12-31": "2.00000", "2016-12-31": "2.00000", "2015-12-31": "2.00000", "2014-12-31": "2.00000", "2013-12-31": "1.00000", "2012-12-31": "1.35000", "2011-12-31": "1.33100", "2010-12-31": "1.26200", "2009-12-31": "1.25200", "2008-12-31": "1.24600", "2007-12-31": "1.23400", "2006-12-31": "1.22700", "2005-12-31": "1.45200"}, "Retained Earnings (Accumulated Deficit)": {"2019-12-31": "4025.00000", "2018-12-31": "3470.00000", "2017-12-31": "2547.00000", "2016-12-31": "1728.00000", "2015-12-31": "2298.00000", "2014-12-31": "2583.00000", "2013-12-31": "1665.00000", "2012-12-31": "2514.64000", "2011-12-31": "2335.06600", "2010-12-31": "1510.42700", "2009-12-31": "917.68800", "2008-12-31": "988.78600", "2007-12-31": "822.08900", "2006-12-31": "497.48800", "2005-12-31": "-184.32000"}, "Comprehensive Income": {"2019-12-31": "", "2018-12-31": "", "2017-12-31": "", "2016-12-31": "", "2015-12-31": "", "2014-12-31": "", "2013-12-31": "", "2012-12-31": "", "2011-12-31": "-3.13000", "2010-12-31": "7.36100", "2009-12-31": "51.00900", "2008-12-31": "88.78800", "2007-12-31": "-228.25700", "2006-12-31": "-114.81700", "2005-12-31": "-447.63300"}, "Other Share Holders Equity": {"2019-12-31": "", "2018-12-31": "", "2017-12-31": "", "2016-12-31": "", "2015-12-31": "", "2014-12-31": "", "2013-12-31": "", "2012-12-31": "", "2011-12-31": "", "2010-12-31": "", "2009-12-31": "", "2008-12-31": "", "2007-12-31": "", "2006-12-31": "", "2005-12-31": ""}, "Share Holder Equity": {"2019-12-31": "12119.00000", "2018-12-31": "12111.00000", "2017-12-31": "11279.00000", "2016-12-31": "10411.00000", "2015-12-31": "8375.00000", "2014-12-31": "8589.00000", "2013-12-31": "6615.00000", "2012-12-31": "5867.30800", "2011-12-31": "5651.13800", "2010-12-31": "4226.02500", "2009-12-31": "3643.03100", "2008-12-31": "3679.61300", "2007-12-31": "3042.72200", "2006-12-31": "2984.67100", "2005-12-31": "2217.10200"}, "Total Liabilities And Share Holders Equity": {"2019-12-31": "19067.00000", "2018-12-31": "17903.00000", "2017-12-31": "17003.00000", "2016-12-31": "16459.00000", "2015-12-31": "15154.00000", "2014-12-31": "14909.00000", "2013-12-31": "12294.00000", "2012-12-31": "13069.03000", "2011-12-31": "11447.16000", "2010-12-31": "9679.10200", "2009-12-31": "8867.26500", "2008-12-31": "9161.78500", "2007-12-31": "8616.98100", "2006-12-31": "7355.39900", "2005-12-31": "7329.23400"}}, "balance sheet, quarterly": {"Cash On Hand": {"2020-09-30": "1391.00000", "2020-06-30": "249.00000", "2020-03-31": "858.00000", "2019-12-31": "705.00000", "2019-09-30": "664.00000", "2019-06-30": "718.00000", "2019-03-31": "956.00000", "2018-12-31": "1268.00000", "2018-09-30": "1476.00000", "2018-06-30": "1183.00000", "2018-03-31": "1723.00000", "2017-12-31": "2109.00000", "2017-09-30": "1993.00000", "2017-06-30": "2199.00000", "2017-03-31": "2209.00000", "2016-12-31": "2559.00000", "2016-09-30": "2624.00000", "2016-06-30": "3298.00000", "2016-03-31": "2505.00000", "2015-12-31": "1391.00000", "2015-09-30": "581.00000", "2015-06-30": "219.00000", "2015-03-31": "383.00000", "2014-12-31": "1025.00000", "2014-09-30": "550.00000", "2014-06-30": "445.00000", "2014-03-31": "257.00000", "2013-12-31": "393.00000", "2013-09-30": "744.12000", "2013-06-30": "695.62500", "2013-03-31": "430.29800", "2012-12-31": "229.39600", "2012-09-30": "333.88600", "2012-06-30": "317.76900", "2012-03-31": "316.91800", "2011-12-31": "537.48400", "2011-09-30": "210.56500", "2011-06-30": "352.42100", "2011-03-31": "520.65100", "2010-12-31": "111.16000", "2010-09-30": "78.16500", "2010-06-30": "197.68600", "2010-03-31": "34.54000", "2009-12-31": "27.36800", "2009-09-30": "55.61500", "2009-06-30": "64.32300", "2009-03-31": "44.47600", "2008-12-31": "48.33700", "2008-09-30": "66.81700", "2008-06-30": "43.28200", "2008-03-31": "17.32000", "2007-12-31": "12.17100", "2007-09-30": "19.27100", "2007-06-30": "25.31800", "2007-03-31": "13.35000", "2006-12-31": "7.03300", "2006-09-30": "100.07200", "2006-06-30": "457.04200", "2006-03-31": "42.98200", "2005-12-31": "18.80200", "2005-09-30": "64.50800", "2005-06-30": "58.45100", "2005-03-31": "16.03900"}, "Receivables": {"2020-09-30": "684.00000", "2020-06-30": "587.00000", "2020-03-31": "564.00000", "2019-12-31": "1042.00000", "2019-09-30": "859.00000", "2019-06-30": "795.00000", "2019-03-31": "883.00000", "2018-12-31": "821.00000", "2018-09-30": "883.00000", "2018-06-30": "860.00000", "2018-03-31": "833.00000", "2017-12-31": "652.00000", "2017-09-30": "650.00000", "2017-06-30": "492.00000", "2017-03-31": "430.00000", "2016-12-31": "521.00000", "2016-09-30": "473.00000", "2016-06-30": "438.00000", "2016-03-31": "354.00000", "2015-12-31": "428.00000", "2015-09-30": "413.00000", "2015-06-30": "412.00000", "2015-03-31": "365.00000", "2014-12-31": "463.00000", "2014-09-30": "512.00000", "2014-06-30": "472.00000", "2014-03-31": "439.00000", "2013-12-31": "439.00000", "2013-09-30": "423.62000", "2013-06-30": "351.41500", "2013-03-31": "360.61100", "2012-12-31": "327.60000", "2012-09-30": "310.69600", "2012-06-30": "254.91000", "2012-03-31": "299.05700", "2011-12-31": "283.81600", "2011-09-30": "280.50000", "2011-06-30": "272.85200", "2011-03-31": "308.19300", "2010-12-31": "276.20400", "2010-09-30": "220.04900", "2010-06-30": "214.40300", "2010-03-31": "265.03900", "2009-12-31": "356.77000", "2009-09-30": "153.80700", "2009-06-30": "181.70800", "2009-03-31": "179.76300", "2008-12-31": "268.12600", "2008-09-30": "344.92300", "2008-06-30": "428.11200", "2008-03-31": "336.00300", "2007-12-31": "323.87800", "2007-09-30": "328.03400", "2007-06-30": "260.66900", "2007-03-31": "226.51900", "2006-12-31": "224.06400", "2006-09-30": "161.47600", "2006-06-30": "166.98200", "2006-03-31": "187.19700", "2005-12-31": "337.65800", "2005-09-30": "257.95700", "2005-06-30": "265.19100", "2005-03-31": "224.87400"}, "Inventory": {"2020-09-30": "191.00000", "2020-06-30": "170.00000", "2020-03-31": "188.00000", "2019-12-31": "205.00000", "2019-09-30": "246.00000", "2019-06-30": "249.00000", "2019-03-31": "253.00000", "2018-12-31": "242.00000", "2018-09-30": "269.00000", "2018-06-30": "236.00000", "2018-03-31": "218.00000", "2017-12-31": "212.00000", "2017-09-30": "187.00000", "2017-06-30": "192.00000", "2017-03-31": "200.00000", "2016-12-31": "181.00000", "2016-09-30": "159.00000", "2016-06-30": "165.00000", "2016-03-31": "153.00000", "2015-12-31": "155.00000", "2015-09-30": "238.00000", "2015-06-30": "269.00000", "2015-03-31": "266.00000", "2014-12-31": "241.00000", "2014-09-30": "237.00000", "2014-06-30": "221.00000", "2014-03-31": "231.00000", "2013-12-31": "220.00000", "2013-09-30": "226.43800", "2013-06-30": "198.65000", "2013-03-31": "233.40200", "2012-12-31": "197.05600", "2012-09-30": "277.41900", "2012-06-30": "277.53900", "2012-03-31": "281.89000", "2011-12-31": "241.60900", "2011-09-30": "260.35600", "2011-06-30": "234.10800", "2011-03-31": "187.71500", "2010-12-31": "173.61500", "2010-09-30": "182.23800", "2010-06-30": "122.39300", "2010-03-31": "120.75000", "2009-12-31": "139.17700", "2009-09-30": "145.97600", "2009-06-30": "119.07700", "2009-03-31": "68.36500", "2008-12-31": "76.90100", "2008-09-30": "146.13600", "2008-06-30": "131.97300", "2008-03-31": "124.38600", "2007-12-31": "97.61900", "2007-09-30": "98.91800", "2007-06-30": "108.48300", "2007-03-31": "95.65400", "2006-12-31": "95.13100", "2006-09-30": "109.50900", "2006-06-30": "115.91700", "2006-03-31": "89.94200", "2005-12-31": "79.65900", "2005-09-30": "65.09400", "2005-06-30": "56.28200", "2005-03-31": "41.25600"}, "Pre-Paid Expenses": {"2020-09-30": "", "2020-06-30": "", "2020-03-31": "", "2019-12-31": "", "2019-09-30": "", "2019-06-30": "", "2019-03-31": "", "2018-12-31": "", "2018-09-30": "", "2018-06-30": "", "2018-03-31": "", "2017-12-31": "", "2017-09-30": "", "2017-06-30": "", "2017-03-31": "", "2016-12-31": "", "2016-09-30": "21.00000", "2016-06-30": "18.00000", "2016-03-31": "20.00000", "2015-12-31": "", "2015-09-30": "19.00000", "2015-06-30": "16.00000", "2015-03-31": "20.00000", "2014-12-31": "15.00000", "2014-09-30": "23.00000", "2014-06-30": "11.00000", "2014-03-31": "13.00000", "2013-12-31": "16.00000", "2013-09-30": "19.98400", "2013-06-30": "23.63400", "2013-03-31": "13.33700", "2012-12-31": "13.43800", "2012-09-30": "21.65700", "2012-06-30": "28.21300", "2012-03-31": "13.15200", "2011-12-31": "14.26300", "2011-09-30": "18.91000", "2011-06-30": "21.34200", "2011-03-31": "10.01000", "2010-12-31": "11.44100", "2010-09-30": "17.86800", "2010-06-30": "19.09700", "2010-03-31": "8.55100", "2009-12-31": "9.01100", "2009-09-30": "12.55300", "2009-06-30": "19.87000", "2009-03-31": "10.50400", "2008-12-31": "12.46400", "2008-09-30": "16.71000", "2008-06-30": "8.47700", "2008-03-31": "8.56700", "2007-12-31": "9.37800", "2007-09-30": "11.00400", "2007-06-30": "5.99900", "2007-03-31": "10.35300", "2006-12-31": "11.50900", "2006-09-30": "16.49700", "2006-06-30": "8.56300", "2006-03-31": "28.55000", "2005-12-31": "18.09100", "2005-09-30": "18.50400", "2005-06-30": "5.01500", "2005-03-31": "8.35500"}, "Other Current Assets": {"2020-09-30": "154.00000", "2020-06-30": "189.00000", "2020-03-31": "459.00000", "2019-12-31": "239.00000", "2019-09-30": "154.00000", "2019-06-30": "413.00000", "2019-03-31": "413.00000", "2018-12-31": "249.00000", "2018-09-30": "32.00000", "2018-06-30": "25.00000", "2018-03-31": "30.00000", "2017-12-31": "34.00000", "2017-09-30": "71.00000", "2017-06-30": "181.00000", "2017-03-31": "101.00000", "2016-12-31": "37.00000", "2016-09-30": "177.00000", "2016-06-30": "279.00000", "2016-03-31": "549.00000", "2015-12-31": "722.00000", "2015-09-30": "655.00000", "2015-06-30": "389.00000", "2015-03-31": "660.00000", "2014-12-31": "615.00000", "2014-09-30": "167.00000", "2014-06-30": "38.00000", "2014-03-31": "48.00000", "2013-12-31": "78.00000", "2013-09-30": "119.09900", "2013-06-30": "195.86800", "2013-03-31": "158.76600", "2012-12-31": "282.86500", "2012-09-30": "235.83400", "2012-06-30": "335.42500", "2012-03-31": "290.08700", "2011-12-31": "251.77100", "2011-09-30": "241.17200", "2011-06-30": "190.22100", "2011-03-31": "186.22200", "2010-12-31": "186.37200", "2010-09-30": "191.15600", "2010-06-30": "158.99900", "2010-03-31": "158.14600", "2009-12-31": "56.93500", "2009-09-30": "51.59400", "2009-06-30": "70.75900", "2009-03-31": "126.30000", "2008-12-31": "74.57300", "2008-09-30": "47.77000", "2008-06-30": "7.72000", "2008-03-31": "39.26300", "2007-12-31": "213.93600", "2007-09-30": "90.79500", "2007-06-30": "106.20400", "2007-03-31": "74.73600", "2006-12-31": "115.89400", "2006-09-30": "47.96300", "2006-06-30": "30.60400", "2006-03-31": "18.91400", "2005-12-31": "10.71600", "2005-09-30": "10.01100", "2005-06-30": "8.62100", "2005-03-31": "9.21300"}, "Total Current Assets": {"2020-09-30": "2420.00000", "2020-06-30": "1195.00000", "2020-03-31": "2069.00000", "2019-12-31": "2191.00000", "2019-09-30": "1923.00000", "2019-06-30": "2175.00000", "2019-03-31": "2505.00000", "2018-12-31": "2580.00000", "2018-09-30": "2660.00000", "2018-06-30": "2459.00000", "2018-03-31": "2824.00000", "2017-12-31": "3007.00000", "2017-09-30": "2901.00000", "2017-06-30": "3064.00000", "2017-03-31": "2940.00000", "2016-12-31": "3298.00000", "2016-09-30": "3454.00000", "2016-06-30": "4699.00000", "2016-03-31": "4081.00000", "2015-12-31": "3194.00000", "2015-09-30": "2403.00000", "2015-06-30": "1305.00000", "2015-03-31": "1694.00000", "2014-12-31": "2359.00000", "2014-09-30": "1491.00000", "2014-06-30": "1380.00000", "2014-03-31": "1542.00000", "2013-12-31": "1730.00000", "2013-09-30": "1533.26100", "2013-06-30": "1465.19200", "2013-03-31": "1196.41400", "2012-12-31": "1050.35500", "2012-09-30": "1579.88400", "2012-06-30": "1284.03300", "2012-03-31": "1367.10900", "2011-12-31": "1402.29200", "2011-09-30": "1103.64300", "2011-06-30": "1071.10700", "2011-03-31": "1235.59300", "2010-12-31": "1197.18300", "2010-09-30": "689.47600", "2010-06-30": "712.57800", "2010-03-31": "587.02600", "2009-12-31": "616.11800", "2009-09-30": "422.96200", "2009-06-30": "481.85000", "2009-03-31": "448.70800", "2008-12-31": "486.91100", "2008-09-30": "685.39800", "2008-06-30": "858.01000", "2008-03-31": "688.63700", "2007-12-31": "765.05500", "2007-09-30": "1307.12500", "2007-06-30": "597.22200", "2007-03-31": "513.81400", "2006-12-31": "536.55800", "2006-09-30": "518.15500", "2006-06-30": "895.07100", "2006-03-31": "1212.63800", "2005-12-31": "623.80400", "2005-09-30": "649.63600", "2005-06-30": "544.87600", "2005-03-31": "487.86100"}, "Property, Plant, And Equipment": {"2020-09-30": "14351.00000", "2020-06-30": "14445.00000", "2020-03-31": "14625.00000", "2019-12-31": "14445.00000", "2019-09-30": "14271.00000", "2019-06-30": "14002.00000", "2019-03-31": "14045.00000", "2018-12-31": "13548.00000", "2018-09-30": "12931.00000", "2018-06-30": "12490.00000", "2018-03-31": "12230.00000", "2017-12-31": "11766.00000", "2017-09-30": "11347.00000", "2017-06-30": "10996.00000", "2017-03-31": "10682.00000", "2016-12-31": "10841.00000", "2016-09-30": "10669.00000", "2016-06-30": "10192.00000", "2016-03-31": "10138.00000", "2015-12-31": "10022.00000", "2015-09-30": "10562.00000", "2015-06-30": "10495.00000", "2015-03-31": "10440.00000", "2014-12-31": "10390.00000", "2014-09-30": "9827.00000", "2014-06-30": "9474.00000", "2014-03-31": "8990.00000", "2013-12-31": "8626.00000", "2013-09-30": "10988.05000", "2013-06-30": "10646.51000", "2013-03-31": "10593.03000", "2012-12-31": "10078.35000", "2012-09-30": "9346.10200", "2012-06-30": "9247.34800", "2012-03-31": "9154.20800", "2011-12-31": "8600.86700", "2011-09-30": "8553.15100", "2011-06-30": "8116.72600", "2011-03-31": "7773.93400", "2010-12-31": "7563.78600", "2010-09-30": "7666.49900", "2010-06-30": "7571.82500", "2010-03-31": "7598.25400", "2009-12-31": "7566.85600", "2009-09-30": "7563.51600", "2009-06-30": "7631.85900", "2009-03-31": "7749.19000", "2008-12-31": "7860.00200", "2008-09-30": "7696.93500", "2008-06-30": "7639.82100", "2008-03-31": "7417.71200", "2007-12-31": "7222.64100", "2007-09-30": "6662.63800", "2007-06-30": "7009.92300", "2007-03-31": "6654.28600", "2006-12-31": "6282.64400", "2006-09-30": "5955.47900", "2006-06-30": "5660.57700", "2006-03-31": "5443.67800", "2005-12-31": "6235.18800", "2005-09-30": "6121.51000", "2005-06-30": "5917.63800", "2005-03-31": "5942.63300"}, "Long-Term Investments": {"2020-09-30": "", "2020-06-30": "", "2020-03-31": "", "2019-12-31": "", "2019-09-30": "", "2019-06-30": "", "2019-03-31": "11.00000", "2018-12-31": "125.00000", "2018-09-30": "193.00000", "2018-06-30": "313.00000", "2018-03-31": "93.00000", "2017-12-31": "66.00000", "2017-09-30": "151.00000", "2017-06-30": "187.00000", "2017-03-31": "168.00000", "2016-12-31": "420.00000", "2016-09-30": "319.00000", "2016-06-30": "23.00000", "2016-03-31": "21.00000", "2015-12-31": "", "2015-09-30": "", "2015-06-30": "277.00000", "2015-03-31": "259.00000", "2014-12-31": "239.00000", "2014-09-30": "221.00000", "2014-06-30": "229.00000", "2014-03-31": "239.00000", "2013-12-31": "225.00000", "2013-09-30": "235.63100", "2013-06-30": "228.47500", "2013-03-31": "216.36900", "2012-12-31": "204.12900", "2012-09-30": "194.00300", "2012-06-30": "184.37400", "2012-03-31": "176.51300", "2011-12-31": "169.53200", "2011-09-30": "164.10700", "2011-06-30": "155.70100", "2011-03-31": "109.39100", "2010-12-31": "72.04500", "2010-09-30": "", "2010-06-30": "", "2010-03-31": "", "2009-12-31": "", "2009-09-30": "", "2009-06-30": "", "2009-03-31": "", "2008-12-31": "", "2008-09-30": "", "2008-06-30": "", "2008-03-31": "", "2007-12-31": "", "2007-09-30": "", "2007-06-30": "", "2007-03-31": "", "2006-12-31": "", "2006-09-30": "", "2006-06-30": "", "2006-03-31": "", "2005-12-31": "", "2005-09-30": "", "2005-06-30": "", "2005-03-31": ""}, "Goodwill And Intangible Assets": {"2020-09-30": "261.00000", "2020-06-30": "261.00000", "2020-03-31": "261.00000", "2019-12-31": "261.00000", "2019-09-30": "261.00000", "2019-06-30": "262.00000", "2019-03-31": "264.00000", "2018-12-31": "264.00000", "2018-09-30": "267.00000", "2018-06-30": "269.00000", "2018-03-31": "269.00000", "2017-12-31": "270.00000", "2017-09-30": "270.00000", "2017-06-30": "270.00000", "2017-03-31": "272.00000", "2016-12-31": "272.00000", "2016-09-30": "272.00000", "2016-06-30": "272.00000", "2016-03-31": "272.00000", "2015-12-31": "272.00000", "2015-09-30": "272.00000", "2015-06-30": "272.00000", "2015-03-31": "272.00000", "2014-12-31": "272.00000", "2014-09-30": "272.00000", "2014-06-30": "274.00000", "2014-03-31": "274.00000", "2013-12-31": "274.00000", "2013-09-30": "279.68700", "2013-06-30": "279.68700", "2013-03-31": "298.14200", "2012-12-31": "298.14200", "2012-09-30": "293.44900", "2012-06-30": "298.14200", "2012-03-31": "298.14200", "2011-12-31": "298.14200", "2011-09-30": "298.15400", "2011-06-30": "298.17700", "2011-03-31": "298.14500", "2010-12-31": "298.18200", "2010-09-30": "298.41300", "2010-06-30": "298.56300", "2010-03-31": "308.83100", "2009-12-31": "309.25900", "2009-09-30": "309.37100", "2009-06-30": "310.55100", "2009-03-31": "310.56300", "2008-12-31": "310.56300", "2008-09-30": "310.56300", "2008-06-30": "310.59600", "2008-03-31": "310.86100", "2007-12-31": "310.87000", "2007-09-30": "310.87200", "2007-06-30": "309.83000", "2007-03-31": "309.86900", "2006-12-31": "309.90800", "2006-09-30": "310.62600", "2006-06-30": "311.34600", "2006-03-31": "311.60300", "2005-12-31": "311.65100", "2005-09-30": "306.66600", "2005-06-30": "307.06800", "2005-03-31": "307.95100"}, "Other Long-Term Assets": {"2020-09-30": "1747.00000", "2020-06-30": "1789.00000", "2020-03-31": "1846.00000", "2019-12-31": "1890.00000", "2019-09-30": "1303.00000", "2019-06-30": "1335.00000", "2019-03-31": "1174.00000", "2018-12-31": "1386.00000", "2018-09-30": "1973.00000", "2018-06-30": "1918.00000", "2018-03-31": "1907.00000", "2017-12-31": "1894.00000", "2017-09-30": "1796.00000", "2017-06-30": "1754.00000", "2017-03-31": "1687.00000", "2016-12-31": "1628.00000", "2016-09-30": "1611.00000", "2016-06-30": "1622.00000", "2016-03-31": "1659.00000", "2015-12-31": "1666.00000", "2015-09-30": "1728.00000", "2015-06-30": "1653.00000", "2015-03-31": "1682.00000", "2014-12-31": "1649.00000", "2014-09-30": "1461.00000", "2014-06-30": "1353.00000", "2014-03-31": "1420.00000", "2013-12-31": "1439.00000", "2013-09-30": "1508.31500", "2013-06-30": "1542.71900", "2013-03-31": "1457.34700", "2012-12-31": "1438.05400", "2012-09-30": "1400.56300", "2012-06-30": "1555.83700", "2012-03-31": "1029.58700", "2011-12-31": "976.32300", "2011-09-30": "858.63000", "2011-06-30": "709.49900", "2011-03-31": "608.92300", "2010-12-31": "547.90600", "2010-09-30": "627.68700", "2010-06-30": "527.00000", "2010-03-31": "478.05300", "2009-12-31": "374.64500", "2009-09-30": "382.64700", "2009-06-30": "447.44800", "2009-03-31": "542.84800", "2008-12-31": "503.75600", "2008-09-30": "372.50900", "2008-06-30": "356.26900", "2008-03-31": "318.97700", "2007-12-31": "308.15200", "2007-09-30": "269.13200", "2007-06-30": "220.41000", "2007-03-31": "220.08700", "2006-12-31": "225.94400", "2006-09-30": "214.02500", "2006-06-30": "200.43400", "2006-03-31": "141.33000", "2005-12-31": "158.59100", "2005-09-30": "149.80100", "2005-06-30": "144.99500", "2005-03-31": "141.85400"}, "Total Long-Term Assets": {"2020-09-30": "16359.00000", "2020-06-30": "16495.00000", "2020-03-31": "16732.00000", "2019-12-31": "16596.00000", "2019-09-30": "15835.00000", "2019-06-30": "15599.00000", "2019-03-31": "15494.00000", "2018-12-31": "15323.00000", "2018-09-30": "15364.00000", "2018-06-30": "14990.00000", "2018-03-31": "14499.00000", "2017-12-31": "13996.00000", "2017-09-30": "13564.00000", "2017-06-30": "13207.00000", "2017-03-31": "12809.00000", "2016-12-31": "13161.00000", "2016-09-30": "12871.00000", "2016-06-30": "12109.00000", "2016-03-31": "12090.00000", "2015-12-31": "11960.00000", "2015-09-30": "12562.00000", "2015-06-30": "12697.00000", "2015-03-31": "12653.00000", "2014-12-31": "12550.00000", "2014-09-30": "11781.00000", "2014-06-30": "11330.00000", "2014-03-31": "10923.00000", "2013-12-31": "10564.00000", "2013-09-30": "13011.68000", "2013-06-30": "12697.39000", "2013-03-31": "12564.88000", "2012-12-31": "12018.67000", "2012-09-30": "11234.12000", "2012-06-30": "11285.70000", "2012-03-31": "10658.45000", "2011-12-31": "10044.86000", "2011-09-30": "9881.40100", "2011-06-30": "9281.98000", "2011-03-31": "8790.39400", "2010-12-31": "8481.91900", "2010-09-30": "8607.64500", "2010-06-30": "8399.74400", "2010-03-31": "8385.62900", "2009-12-31": "8251.14600", "2009-09-30": "8258.10600", "2009-06-30": "8390.99100", "2009-03-31": "8602.93700", "2008-12-31": "8674.87400", "2008-09-30": "8381.18300", "2008-06-30": "8306.92700", "2008-03-31": "8057.33000", "2007-12-31": "7851.92600", "2007-09-30": "7246.45900", "2007-06-30": "7540.64000", "2007-03-31": "7186.50300", "2006-12-31": "6818.84100", "2006-09-30": "6480.13000", "2006-06-30": "6172.35700", "2006-03-31": "5896.61100", "2005-12-31": "6705.43000", "2005-09-30": "6577.97700", "2005-06-30": "6369.70100", "2005-03-31": "6394.47600"}, "Total Assets": {"2020-09-30": "18977.00000", "2020-06-30": "17906.00000", "2020-03-31": "19051.00000", "2019-12-31": "19067.00000", "2019-09-30": "18078.00000", "2019-06-30": "18106.00000", "2019-03-31": "18355.00000", "2018-12-31": "17903.00000", "2018-09-30": "18024.00000", "2018-06-30": "17449.00000", "2018-03-31": "17323.00000", "2017-12-31": "17003.00000", "2017-09-30": "16465.00000", "2017-06-30": "16271.00000", "2017-03-31": "15749.00000", "2016-12-31": "16459.00000", "2016-09-30": "16325.00000", "2016-06-30": "16808.00000", "2016-03-31": "16171.00000", "2015-12-31": "15154.00000", "2015-09-30": "14965.00000", "2015-06-30": "14002.00000", "2015-03-31": "14347.00000", "2014-12-31": "14909.00000", "2014-09-30": "13272.00000", "2014-06-30": "12710.00000", "2014-03-31": "12465.00000", "2013-12-31": "12294.00000", "2013-09-30": "14544.94000", "2013-06-30": "14162.59000", "2013-03-31": "13761.30000", "2012-12-31": "13069.03000", "2012-09-30": "12814.00000", "2012-06-30": "12569.73000", "2012-03-31": "12025.56000", "2011-12-31": "11447.16000", "2011-09-30": "10985.04000", "2011-06-30": "10353.09000", "2011-03-31": "10025.99000", "2010-12-31": "9679.10200", "2010-09-30": "9297.12000", "2010-06-30": "9112.32200", "2010-03-31": "8972.65500", "2009-12-31": "8867.26500", "2009-09-30": "8681.06800", "2009-06-30": "8872.84200", "2009-03-31": "9051.64500", "2008-12-31": "9161.78500", "2008-09-30": "9066.58100", "2008-06-30": "9164.93700", "2008-03-31": "8745.96700", "2007-12-31": "8616.98100", "2007-09-30": "8553.58400", "2007-06-30": "8137.86300", "2007-03-31": "7700.31700", "2006-12-31": "7355.39900", "2006-09-30": "6998.28500", "2006-06-30": "7067.42800", "2006-03-31": "7109.24900", "2005-12-31": "7329.23400", "2005-09-30": "7227.61300", "2005-06-30": "6914.57700", "2005-03-31": "6882.33700"}, "Total Current Liabilities": {"2020-09-30": "1688.00000", "2020-06-30": "1584.00000", "2020-03-31": "2080.00000", "2019-12-31": "2496.00000", "2019-09-30": "2460.00000", "2019-06-30": "2525.00000", "2019-03-31": "2532.00000", "2018-12-31": "1818.00000", "2018-09-30": "2225.00000", "2018-06-30": "2262.00000", "2018-03-31": "2250.00000", "2017-12-31": "2128.00000", "2017-09-30": "1715.00000", "2017-06-30": "1558.00000", "2017-03-31": "952.00000", "2016-12-31": "1566.00000", "2016-09-30": "1377.00000", "2016-06-30": "1831.00000", "2016-03-31": "1783.00000", "2015-12-31": "1462.00000", "2015-09-30": "1147.00000", "2015-06-30": "1033.00000", "2015-03-31": "1162.00000", "2014-12-31": "1419.00000", "2014-09-30": "1439.00000", "2014-06-30": "1465.00000", "2014-03-31": "1238.00000", "2013-12-31": "1250.00000", "2013-09-30": "1214.81100", "2013-06-30": "1012.12800", "2013-03-31": "971.86600", "2012-12-31": "1034.79000", "2012-09-30": "991.84800", "2012-06-30": "1128.99100", "2012-03-31": "1110.12200", "2011-12-31": "1069.51100", "2011-09-30": "776.11700", "2011-06-30": "755.64100", "2011-03-31": "695.86400", "2010-12-31": "769.22000", "2010-09-30": "596.22100", "2010-06-30": "587.28500", "2010-03-31": "521.68700", "2009-12-31": "571.19100", "2009-09-30": "517.82000", "2009-06-30": "579.75900", "2009-03-31": "493.39100", "2008-12-31": "694.99700", "2008-09-30": "814.05000", "2008-06-30": "1339.29900", "2008-03-31": "1023.35100", "2007-12-31": "994.16900", "2007-09-30": "1003.47200", "2007-06-30": "880.19100", "2007-03-31": "932.36900", "2006-12-31": "886.97900", "2006-09-30": "878.48700", "2006-06-30": "881.08800", "2006-03-31": "995.08100", "2005-12-31": "1033.35500", "2005-09-30": "1132.17600", "2005-06-30": "885.08100", "2005-03-31": "922.99900"}, "Long Term Debt": {"2020-09-30": "3148.00000", "2020-06-30": "2054.00000", "2020-03-31": "2140.00000", "2019-12-31": "1839.00000", "2019-09-30": "1838.00000", "2019-06-30": "1837.00000", "2019-03-31": "1836.00000", "2018-12-31": "2284.00000", "2018-09-30": "2286.00000", "2018-06-30": "2285.00000", "2018-03-31": "2284.00000", "2017-12-31": "2283.00000", "2017-09-30": "2282.00000", "2017-06-30": "2281.00000", "2017-03-31": "2729.00000", "2016-12-31": "2728.00000", "2016-09-30": "2726.00000", "2016-06-30": "2725.00000", "2016-03-31": "2724.00000", "2015-12-31": "3207.00000", "2015-09-30": "2675.00000", "2015-06-30": "2672.00000", "2015-03-31": "2668.00000", "2014-12-31": "2648.00000", "2014-09-30": "2662.00000", "2014-06-30": "2659.00000", "2014-03-31": "2706.00000", "2013-12-31": "2653.00000", "2013-09-30": "2851.21200", "2013-06-30": "2823.42800", "2013-03-31": "3017.28000", "2012-12-31": "3721.19300", "2012-09-30": "3562.07000", "2012-06-30": "3285.49700", "2012-03-31": "2620.61500", "2011-12-31": "2528.90500", "2011-09-30": "2587.37100", "2011-06-30": "2570.97800", "2011-03-31": "2562.68800", "2010-12-31": "2601.67000", "2010-09-30": "2539.41600", "2010-06-30": "2531.43100", "2010-03-31": "2647.60400", "2009-12-31": "2761.01100", "2009-09-30": "2867.29800", "2009-06-30": "2978.81900", "2009-03-31": "3075.48600", "2008-12-31": "2899.24100", "2008-09-30": "2823.37100", "2008-06-30": "2642.44300", "2008-03-31": "2803.55800", "2007-12-31": "2755.49100", "2007-09-30": "2610.68300", "2007-06-30": "2229.98800", "2007-03-31": "1859.25500", "2006-12-31": "1497.16200", "2006-09-30": "1194.55600", "2006-06-30": "1263.99400", "2006-03-31": "1159.76300", "2005-12-31": "2058.41200", "2005-09-30": "1939.29600", "2005-06-30": "1394.73900", "2005-03-31": "1831.93800"}, "Other Non-Current Liabilities": {"2020-09-30": "968.00000", "2020-06-30": "1001.00000", "2020-03-31": "1009.00000", "2019-12-31": "1054.00000", "2019-09-30": "462.00000", "2019-06-30": "465.00000", "2019-03-31": "306.00000", "2018-12-31": "538.00000", "2018-09-30": "555.00000", "2018-06-30": "471.00000", "2018-03-31": "459.00000", "2017-12-31": "414.00000", "2017-09-30": "396.00000", "2017-06-30": "343.00000", "2017-03-31": "354.00000", "2016-12-31": "357.00000", "2016-09-30": "354.00000", "2016-06-30": "372.00000", "2016-03-31": "334.00000", "2015-12-31": "334.00000", "2015-09-30": "237.00000", "2015-06-30": "275.00000", "2015-03-31": "280.00000", "2014-12-31": "289.00000", "2014-09-30": "284.00000", "2014-06-30": "361.00000", "2014-03-31": "301.00000", "2013-12-31": "303.00000", "2013-09-30": "300.50700", "2013-06-30": "288.73000", "2013-03-31": "303.44300", "2012-12-31": "305.32300", "2012-09-30": "250.50200", "2012-06-30": "243.96900", "2012-03-31": "280.77000", "2011-12-31": "255.15600", "2011-09-30": "245.04000", "2011-06-30": "344.85200", "2011-03-31": "418.28100", "2010-12-31": "288.80800", "2010-09-30": "255.67000", "2010-06-30": "232.68300", "2010-03-31": "254.52400", "2009-12-31": "334.11200", "2009-09-30": "243.74000", "2009-06-30": "216.24300", "2009-03-31": "203.73300", "2008-12-31": "207.99300", "2008-09-30": "282.16600", "2008-06-30": "467.20600", "2008-03-31": "288.52000", "2007-12-31": "269.78000", "2007-09-30": "220.66600", "2007-06-30": "268.52900", "2007-03-31": "289.04200", "2006-12-31": "330.80100", "2006-09-30": "322.21400", "2006-06-30": "383.02800", "2006-03-31": "389.55300", "2005-12-31": "588.52500", "2005-09-30": "701.87900", "2005-06-30": "576.46100", "2005-03-31": "556.35800"}, "Total Long Term Liabilities": {"2020-09-30": "5635.00000", "2020-06-30": "4582.00000", "2020-03-31": "4760.00000", "2019-12-31": "4452.00000", "2019-09-30": "3762.00000", "2019-06-30": "3705.00000", "2019-03-31": "3614.00000", "2018-12-31": "3974.00000", "2018-09-30": "3905.00000", "2018-06-30": "3703.00000", "2018-03-31": "3671.00000", "2017-12-31": "3596.00000", "2017-09-30": "4153.00000", "2017-06-30": "4111.00000", "2017-03-31": "4449.00000", "2016-12-31": "4482.00000", "2016-09-30": "4517.00000", "2016-06-30": "4591.00000", "2016-03-31": "4693.00000", "2015-12-31": "5317.00000", "2015-09-30": "4837.00000", "2015-06-30": "4661.00000", "2015-03-31": "4686.00000", "2014-12-31": "4901.00000", "2014-09-30": "4680.00000", "2014-06-30": "4495.00000", "2014-03-31": "4503.00000", "2013-12-31": "4429.00000", "2013-09-30": "5567.38200", "2013-06-30": "5502.30200", "2013-03-31": "5523.36000", "2012-12-31": "6166.93200", "2012-09-30": "6022.04400", "2012-06-30": "5683.76700", "2012-03-31": "5082.76600", "2011-12-31": "4726.50700", "2011-09-30": "5012.25900", "2011-06-30": "4781.48300", "2011-03-31": "4776.55500", "2010-12-31": "4683.85700", "2010-09-30": "4543.06100", "2010-06-30": "4466.90400", "2010-03-31": "4567.34000", "2009-12-31": "4653.04300", "2009-09-30": "4629.01700", "2009-06-30": "4751.99800", "2009-03-31": "4928.15300", "2008-12-31": "4787.17500", "2008-09-30": "4741.75700", "2008-06-30": "4699.35000", "2008-03-31": "4671.71200", "2007-12-31": "4580.09000", "2007-09-30": "4485.38600", "2007-06-30": "4167.45000", "2007-03-31": "3785.16800", "2006-12-31": "3483.74900", "2006-09-30": "3150.46400", "2006-06-30": "3271.41300", "2006-03-31": "3158.35700", "2005-12-31": "4078.77700", "2005-09-30": "3971.18700", "2005-06-30": "3383.86300", "2005-03-31": "3452.39800"}, "Total Liabilities": {"2020-09-30": "7323.00000", "2020-06-30": "6166.00000", "2020-03-31": "6840.00000", "2019-12-31": "6948.00000", "2019-09-30": "6222.00000", "2019-06-30": "6230.00000", "2019-03-31": "6146.00000", "2018-12-31": "5792.00000", "2018-09-30": "6130.00000", "2018-06-30": "5965.00000", "2018-03-31": "5921.00000", "2017-12-31": "5724.00000", "2017-09-30": "5868.00000", "2017-06-30": "5669.00000", "2017-03-31": "5401.00000", "2016-12-31": "6048.00000", "2016-09-30": "5894.00000", "2016-06-30": "6422.00000", "2016-03-31": "6476.00000", "2015-12-31": "6779.00000", "2015-09-30": "5984.00000", "2015-06-30": "5694.00000", "2015-03-31": "5848.00000", "2014-12-31": "6320.00000", "2014-09-30": "6119.00000", "2014-06-30": "5960.00000", "2014-03-31": "5741.00000", "2013-12-31": "5679.00000", "2013-09-30": "6782.19300", "2013-06-30": "6514.43000", "2013-03-31": "6495.22600", "2012-12-31": "7201.72200", "2012-09-30": "7013.89200", "2012-06-30": "6812.75800", "2012-03-31": "6192.88800", "2011-12-31": "5796.01800", "2011-09-30": "5788.37600", "2011-06-30": "5537.12400", "2011-03-31": "5472.41900", "2010-12-31": "5453.07700", "2010-09-30": "5139.28200", "2010-06-30": "5054.18900", "2010-03-31": "5089.02700", "2009-12-31": "5224.23400", "2009-09-30": "5146.83600", "2009-06-30": "5331.75600", "2009-03-31": "5421.54400", "2008-12-31": "5482.17200", "2008-09-30": "5555.80700", "2008-06-30": "6038.64900", "2008-03-31": "5695.06300", "2007-12-31": "5574.25900", "2007-09-30": "5488.85800", "2007-06-30": "5047.64100", "2007-03-31": "4717.53700", "2006-12-31": "4370.72800", "2006-09-30": "4028.95100", "2006-06-30": "4152.50100", "2006-03-31": "4153.43800", "2005-12-31": "5112.13200", "2005-09-30": "5103.36300", "2005-06-30": "4268.94400", "2005-03-31": "4375.39700"}, "Common Stock Net": {"2020-09-30": "2.00000", "2020-06-30": "2.00000", "2020-03-31": "2.00000", "2019-12-31": "2.00000", "2019-09-30": "2.00000", "2019-06-30": "2.00000", "2019-03-31": "2.00000", "2018-12-31": "2.00000", "2018-09-30": "2.00000", "2018-06-30": "2.00000", "2018-03-31": "2.00000", "2017-12-31": "2.00000", "2017-09-30": "2.00000", "2017-06-30": "2.00000", "2017-03-31": "2.00000", "2016-12-31": "2.00000", "2016-09-30": "2.00000", "2016-06-30": "2.00000", "2016-03-31": "2.00000", "2015-12-31": "2.00000", "2015-09-30": "2.00000", "2015-06-30": "2.00000", "2015-03-31": "2.00000", "2014-12-31": "2.00000", "2014-09-30": "1.00000", "2014-06-30": "1.00000", "2014-03-31": "1.00000", "2013-12-31": "1.00000", "2013-09-30": "1.45800", "2013-06-30": "1.45800", "2013-03-31": "1.45800", "2012-12-31": "1.35000", "2012-09-30": "1.34800", "2012-06-30": "1.34800", "2012-03-31": "1.34800", "2011-12-31": "1.33100", "2011-09-30": "1.27600", "2011-06-30": "1.27600", "2011-03-31": "1.27500", "2010-12-31": "1.26200", "2010-09-30": "1.26200", "2010-06-30": "1.26100", "2010-03-31": "1.26000", "2009-12-31": "1.25200", "2009-09-30": "1.25200", "2009-06-30": "1.25100", "2009-03-31": "1.25100", "2008-12-31": "1.24600", "2008-09-30": "1.24600", "2008-06-30": "1.24500", "2008-03-31": "1.24400", "2007-12-31": "1.23400", "2007-09-30": "1.23300", "2007-06-30": "1.23200", "2007-03-31": "1.23200", "2006-12-31": "1.22700", "2006-09-30": "1.45600", "2006-06-30": "1.45500", "2006-03-31": "1.47600", "2005-12-31": "1.45200", "2005-09-30": "1.47000", "2005-06-30": "1.46800", "2005-03-31": "1.46800"}, "Retained Earnings (Accumulated Deficit)": {"2020-09-30": "3582.00000", "2020-06-30": "3693.00000", "2020-03-31": "4223.00000", "2019-12-31": "4025.00000", "2019-09-30": "3755.00000", "2019-06-30": "3597.00000", "2019-03-31": "3766.00000", "2018-12-31": "3470.00000", "2018-09-30": "3147.00000", "2018-06-30": "2764.00000", "2018-03-31": "2698.00000", "2017-12-31": "2547.00000", "2017-09-30": "1882.00000", "2017-06-30": "1912.00000", "2017-03-31": "1679.00000", "2016-12-31": "1728.00000", "2016-09-30": "1772.00000", "2016-06-30": "1756.00000", "2016-03-31": "2024.00000", "2015-12-31": "2298.00000", "2015-09-30": "2921.00000", "2015-06-30": "2281.00000", "2015-03-31": "2500.00000", "2014-12-31": "2583.00000", "2014-09-30": "2152.00000", "2014-06-30": "1784.00000", "2014-03-31": "1782.00000", "2013-12-31": "1665.00000", "2013-09-30": "3032.53100", "2013-06-30": "2947.04000", "2013-03-31": "2609.80100", "2012-12-31": "2514.64000", "2012-09-30": "2485.93500", "2012-06-30": "2473.50400", "2012-03-31": "2543.87300", "2011-12-31": "2335.06600", "2011-09-30": "2446.21700", "2011-06-30": "2099.62300", "2011-03-31": "1854.04100", "2010-12-31": "1510.42700", "2010-09-30": "1430.56600", "2010-06-30": "1323.66200", "2010-03-31": "1156.57800", "2009-12-31": "917.68800", "2009-09-30": "861.92200", "2009-06-30": "875.22600", "2009-03-31": "968.32600", "2008-12-31": "988.78600", "2008-09-30": "1064.15500", "2008-06-30": "1087.07900", "2008-03-31": "933.97400", "2007-12-31": "822.08900", "2007-09-30": "621.58200", "2007-06-30": "538.54200", "2007-03-31": "507.79800", "2006-12-31": "497.48800", "2006-09-30": "478.34500", "2006-06-30": "424.18600", "2006-03-31": "340.45200", "2005-12-31": "-184.32000", "2005-09-30": "-323.97800", "2005-06-30": "-417.29400", "2005-03-31": "-600.36100"}, "Comprehensive Income": {"2020-09-30": "", "2020-06-30": "", "2020-03-31": "", "2019-12-31": "", "2019-09-30": "", "2019-06-30": "", "2019-03-31": "", "2018-12-31": "", "2018-09-30": "", "2018-06-30": "", "2018-03-31": "", "2017-12-31": "", "2017-09-30": "", "2017-06-30": "", "2017-03-31": "", "2016-12-31": "", "2016-09-30": "", "2016-06-30": "", "2016-03-31": "", "2015-12-31": "", "2015-09-30": "", "2015-06-30": "", "2015-03-31": "", "2014-12-31": "", "2014-09-30": "", "2014-06-30": "", "2014-03-31": "", "2013-12-31": "", "2013-09-30": "", "2013-06-30": "", "2013-03-31": "", "2012-12-31": "", "2012-09-30": "0.00000", "2012-06-30": "", "2012-03-31": "-1.55000", "2011-12-31": "-3.13000", "2011-09-30": "-0.05800", "2011-06-30": "2.86300", "2011-03-31": "3.43900", "2010-12-31": "7.36100", "2010-09-30": "17.67500", "2010-06-30": "29.16600", "2010-03-31": "39.45000", "2009-12-31": "51.00900", "2009-09-30": "64.85100", "2009-06-30": "76.63700", "2009-03-31": "74.13400", "2008-12-31": "88.78800", "2008-09-30": "-90.36400", "2008-06-30": "-546.06400", "2008-03-31": "-318.09300", "2007-12-31": "-228.25700", "2007-09-30": "5.93500", "2007-06-30": "-32.84700", "2007-03-31": "-110.38600", "2006-12-31": "-114.81700", "2006-09-30": "-134.09400", "2006-06-30": "-218.71300", "2006-03-31": "-245.11000", "2005-12-31": "-447.63300", "2005-09-30": "-640.07300", "2005-06-30": "-444.21100", "2005-03-31": "-472.86200"}, "Other Share Holders Equity": {"2020-09-30": "", "2020-06-30": "", "2020-03-31": "", "2019-12-31": "", "2019-09-30": "", "2019-06-30": "", "2019-03-31": "", "2018-12-31": "", "2018-09-30": "", "2018-06-30": "", "2018-03-31": "", "2017-12-31": "", "2017-09-30": "", "2017-06-30": "", "2017-03-31": "", "2016-12-31": "", "2016-09-30": "", "2016-06-30": "", "2016-03-31": "", "2015-12-31": "", "2015-09-30": "", "2015-06-30": "", "2015-03-31": "", "2014-12-31": "", "2014-09-30": "", "2014-06-30": "", "2014-03-31": "", "2013-12-31": "", "2013-09-30": "", "2013-06-30": "", "2013-03-31": "", "2012-12-31": "", "2012-09-30": "", "2012-06-30": "", "2012-03-31": "", "2011-12-31": "", "2011-09-30": "", "2011-06-30": "", "2011-03-31": "", "2010-12-31": "", "2010-09-30": "", "2010-06-30": "", "2010-03-31": "", "2009-12-31": "", "2009-09-30": "", "2009-06-30": "", "2009-03-31": "", "2008-12-31": "", "2008-09-30": "", "2008-06-30": "", "2008-03-31": "", "2007-12-31": "", "2007-09-30": "", "2007-06-30": "", "2007-03-31": "", "2006-12-31": "", "2006-09-30": "", "2006-06-30": "", "2006-03-31": "", "2005-12-31": "", "2005-09-30": "", "2005-06-30": "", "2005-03-31": ""}, "Share Holder Equity": {"2020-09-30": "11654.00000", "2020-06-30": "11740.00000", "2020-03-31": "12211.00000", "2019-12-31": "12119.00000", "2019-09-30": "11856.00000", "2019-06-30": "11876.00000", "2019-03-31": "12209.00000", "2018-12-31": "12111.00000", "2018-09-30": "11894.00000", "2018-06-30": "11484.00000", "2018-03-31": "11402.00000", "2017-12-31": "11279.00000", "2017-09-30": "10597.00000", "2017-06-30": "10602.00000", "2017-03-31": "10348.00000", "2016-12-31": "10411.00000", "2016-09-30": "10431.00000", "2016-06-30": "10386.00000", "2016-03-31": "9695.00000", "2015-12-31": "8375.00000", "2015-09-30": "8981.00000", "2015-06-30": "8308.00000", "2015-03-31": "8499.00000", "2014-12-31": "8589.00000", "2014-09-30": "7153.00000", "2014-06-30": "6750.00000", "2014-03-31": "6724.00000", "2013-12-31": "6615.00000", "2013-09-30": "7762.75100", "2013-06-30": "7648.15700", "2013-03-31": "7266.07100", "2012-12-31": "5867.30800", "2012-09-30": "5800.10900", "2012-06-30": "5756.97600", "2012-03-31": "5832.67100", "2011-12-31": "5651.13800", "2011-09-30": "5196.66700", "2011-06-30": "4815.96400", "2011-03-31": "4553.56700", "2010-12-31": "4226.02500", "2010-09-30": "4157.83800", "2010-06-30": "4058.13300", "2010-03-31": "3883.62800", "2009-12-31": "3643.03100", "2009-09-30": "3534.23200", "2009-06-30": "3541.08600", "2009-03-31": "3630.10100", "2008-12-31": "3679.61300", "2008-09-30": "3510.77400", "2008-06-30": "3126.28800", "2008-03-31": "3050.90400", "2007-12-31": "3042.72200", "2007-09-30": "3064.72600", "2007-06-30": "3090.22200", "2007-03-31": "2982.78000", "2006-12-31": "2984.67100", "2006-09-30": "2969.33400", "2006-06-30": "2914.92700", "2006-03-31": "2955.81100", "2005-12-31": "2217.10200", "2005-09-30": "2124.25000", "2005-06-30": "2645.63300", "2005-03-31": "2506.94000"}, "Total Liabilities And Share Holders Equity": {"2020-09-30": "18977.00000", "2020-06-30": "17906.00000", "2020-03-31": "19051.00000", "2019-12-31": "19067.00000", "2019-09-30": "18078.00000", "2019-06-30": "18106.00000", "2019-03-31": "18355.00000", "2018-12-31": "17903.00000", "2018-09-30": "18024.00000", "2018-06-30": "17449.00000", "2018-03-31": "17323.00000", "2017-12-31": "17003.00000", "2017-09-30": "16465.00000", "2017-06-30": "16271.00000", "2017-03-31": "15749.00000", "2016-12-31": "16459.00000", "2016-09-30": "16325.00000", "2016-06-30": "16808.00000", "2016-03-31": "16171.00000", "2015-12-31": "15154.00000", "2015-09-30": "14965.00000", "2015-06-30": "14002.00000", "2015-03-31": "14347.00000", "2014-12-31": "14909.00000", "2014-09-30": "13272.00000", "2014-06-30": "12710.00000", "2014-03-31": "12465.00000", "2013-12-31": "12294.00000", "2013-09-30": "14544.94000", "2013-06-30": "14162.59000", "2013-03-31": "13761.30000", "2012-12-31": "13069.03000", "2012-09-30": "12814.00000", "2012-06-30": "12569.73000", "2012-03-31": "12025.56000", "2011-12-31": "11447.16000", "2011-09-30": "10985.04000", "2011-06-30": "10353.09000", "2011-03-31": "10025.99000", "2010-12-31": "9679.10200", "2010-09-30": "9297.12000", "2010-06-30": "9112.32200", "2010-03-31": "8972.65500", "2009-12-31": "8867.26500", "2009-09-30": "8681.06800", "2009-06-30": "8872.84200", "2009-03-31": "9051.64500", "2008-12-31": "9161.78500", "2008-09-30": "9066.58100", "2008-06-30": "9164.93700", "2008-03-31": "8745.96700", "2007-12-31": "8616.98100", "2007-09-30": "8553.58400", "2007-06-30": "8137.86300", "2007-03-31": "7700.31700", "2006-12-31": "7355.39900", "2006-09-30": "6998.28500", "2006-06-30": "7067.42800", "2006-03-31": "7109.24900", "2005-12-31": "7329.23400", "2005-09-30": "7227.61300", "2005-06-30": "6914.57700", "2005-03-31": "6882.33700"}}, "cash flow statement": {"Net Income/Loss": {"2019-12-31": "756.00000", "2018-12-31": "975.00000", "2017-12-31": "833.00000", "2016-12-31": "-556.00000", "2015-12-31": "-273.00000", "2014-12-31": "930.00000", "2013-12-31": "-799.00000", "2012-12-31": "243.00000", "2011-12-31": "881.91400", "2010-12-31": "645.99500", "2009-12-31": "-42.26700", "2008-12-31": "231.65500", "2007-12-31": "372.37600", "2006-12-31": "739.73100", "2005-12-31": "534.56800"}, "Total Depreciation And Amortization - Cash Flow": {"2019-12-31": "1821.00000", "2018-12-31": "1633.00000", "2017-12-31": "1498.00000", "2016-12-31": "1587.00000", "2015-12-31": "1487.00000", "2014-12-31": "1143.00000", "2013-12-31": "972.00000", "2012-12-31": "718.00000", "2011-12-31": "493.57600", "2010-12-31": "457.43900", "2009-12-31": "461.93200", "2008-12-31": "358.26300", "2007-12-31": "233.53700", "2006-12-31": "159.54500", "2005-12-31": "222.19000"}, "Other Non-Cash Items": {"2019-12-31": "916.00000", "2018-12-31": "492.00000", "2017-12-31": "-154.00000", "2016-12-31": "614.00000", "2015-12-31": "266.00000", "2014-12-31": "334.00000", "2013-12-31": "1953.00000", "2012-12-31": "853.00000", "2011-12-31": "122.89300", "2010-12-31": "90.89200", "2009-12-31": "179.68600", "2008-12-31": "548.33300", "2007-12-31": "360.80600", "2006-12-31": "-83.70600", "2005-12-31": "620.65600"}, "Total Non-Cash Items": {"2019-12-31": "2737.00000", "2018-12-31": "2125.00000", "2017-12-31": "1344.00000", "2016-12-31": "2201.00000", "2015-12-31": "1753.00000", "2014-12-31": "1477.00000", "2013-12-31": "2925.00000", "2012-12-31": "1571.00000", "2011-12-31": "616.46910", "2010-12-31": "548.33110", "2009-12-31": "641.61800", "2008-12-31": "906.59600", "2007-12-31": "594.34300", "2006-12-31": "75.83900", "2005-12-31": "842.84600"}, "Change In Accounts Receivable": {"2019-12-31": "-227.00000", "2018-12-31": "-52.00000", "2017-12-31": "-120.00000", "2016-12-31": "-141.00000", "2015-12-31": "54.00000", "2014-12-31": "-29.00000", "2013-12-31": "-123.00000", "2012-12-31": "-28.00000", "2011-12-31": "-47.33100", "2010-12-31": "36.65300", "2009-12-31": "16.29300", "2008-12-31": "45.44600", "2007-12-31": "-96.69100", "2006-12-31": "121.36000", "2005-12-31": "-128.01500"}, "Change In Inventories": {"2019-12-31": "-20.00000", "2018-12-31": "-70.00000", "2017-12-31": "-35.00000", "2016-12-31": "-32.00000", "2015-12-31": "8.00000", "2014-12-31": "-37.00000", "2013-12-31": "-39.00000", "2012-12-31": "33.00000", "2011-12-31": "-137.40100", "2010-12-31": "-26.28100", "2009-12-31": "-46.70800", "2008-12-31": "-82.40300", "2007-12-31": "-10.90100", "2006-12-31": "-48.06000", "2005-12-31": "-36.94800"}, "Change In Accounts Payable": {"2019-12-31": "-7.00000", "2018-12-31": "321.00000", "2017-12-31": "134.00000", "2016-12-31": "58.00000", "2015-12-31": "-258.00000", "2014-12-31": "104.00000", "2013-12-31": "209.00000", "2012-12-31": "46.00000", "2011-12-31": "136.29600", "2010-12-31": "128.92700", "2009-12-31": "-65.86200", "2008-12-31": "65.64400", "2007-12-31": "30.12200", "2006-12-31": "-36.08500", "2005-12-31": "83.96000"}, "Change In Assets/Liabilities": {"2019-12-31": "-124.00000", "2018-12-31": "-57.00000", "2017-12-31": "-57.00000", "2016-12-31": "-70.00000", "2015-12-31": "-9.00000", "2014-12-31": "-62.00000", "2013-12-31": "-30.00000", "2012-12-31": "-12.00000", "2011-12-31": "57.98400", "2010-12-31": "-46.73100", "2009-12-31": "-9.83800", "2008-12-31": "-103.32200", "2007-12-31": "-100.55800", "2006-12-31": "-70.76700", "2005-12-31": "-27.00900"}, "Total Change In Assets/Liabilities": {"2019-12-31": "-378.00000", "2018-12-31": "142.00000", "2017-12-31": "-78.00000", "2016-12-31": "-145.00000", "2015-12-31": "-225.00000", "2014-12-31": "-41.00000", "2013-12-31": "20.00000", "2012-12-31": "23.00000", "2011-12-31": "31.33100", "2010-12-31": "90.69700", "2009-12-31": "-56.29200", "2008-12-31": "-104.38800", "2007-12-31": "-193.42900", "2006-12-31": "-60.74200", "2005-12-31": "-100.26000"}, "Cash Flow From Operating Activities": {"2019-12-31": "3115.00000", "2018-12-31": "3242.00000", "2017-12-31": "2099.00000", "2016-12-31": "1500.00000", "2015-12-31": "1255.00000", "2014-12-31": "2366.00000", "2013-12-31": "2146.00000", "2012-12-31": "1837.00000", "2011-12-31": "1529.71400", "2010-12-31": "1285.02300", "2009-12-31": "543.05900", "2008-12-31": "1033.86300", "2007-12-31": "773.29000", "2006-12-31": "754.82800", "2005-12-31": "1277.15400"}, "Net Change In Property, Plant, And Equipment": {"2019-12-31": "-3071.00000", "2018-12-31": "-3314.00000", "2017-12-31": "-2355.00000", "2016-12-31": "-1557.00000", "2015-12-31": "-1840.00000", "2014-12-31": "-2699.00000", "2013-12-31": "-2165.00000", "2012-12-31": "-2959.00000", "2011-12-31": "-1471.16700", "2010-12-31": "-881.99190", "2009-12-31": "-410.98500", "2008-12-31": "-1151.41000", "2007-12-31": "-1782.99200", "2006-12-31": "145.51490", "2005-12-31": "85.69910"}, "Net Change In Intangible Assets": {"2019-12-31": "", "2018-12-31": "", "2017-12-31": "", "2016-12-31": "", "2015-12-31": "", "2014-12-31": "", "2013-12-31": "", "2012-12-31": "", "2011-12-31": "", "2010-12-31": "", "2009-12-31": "", "2008-12-31": "", "2007-12-31": "", "2006-12-31": "", "2005-12-31": ""}, "Net Acquisitions/Divestitures": {"2019-12-31": "", "2018-12-31": "", "2017-12-31": "", "2016-12-31": "-428.00000", "2015-12-31": "", "2014-12-31": "", "2013-12-31": "", "2012-12-31": "-297.00000", "2011-12-31": "", "2010-12-31": "", "2009-12-31": "", "2008-12-31": "", "2007-12-31": "", "2006-12-31": "", "2005-12-31": "-0.96500"}, "Net Change In Short-term Investments": {"2019-12-31": "", "2018-12-31": "", "2017-12-31": "", "2016-12-31": "", "2015-12-31": "", "2014-12-31": "", "2013-12-31": "", "2012-12-31": "", "2011-12-31": "", "2010-12-31": "", "2009-12-31": "", "2008-12-31": "", "2007-12-31": "", "2006-12-31": "", "2005-12-31": ""}, "Net Change In Long-Term Investments": {"2019-12-31": "624.00000", "2018-12-31": "704.00000", "2017-12-31": "563.00000", "2016-12-31": "-1836.00000", "2015-12-31": "", "2014-12-31": "", "2013-12-31": "25.00000", "2012-12-31": "", "2011-12-31": "-89.62000", "2010-12-31": "-72.86400", "2009-12-31": "", "2008-12-31": "", "2007-12-31": "", "2006-12-31": "", "2005-12-31": ""}, "Net Change In Investments - Total": {"2019-12-31": "624.00000", "2018-12-31": "704.00000", "2017-12-31": "563.00000", "2016-12-31": "-1836.00000", "2015-12-31": "", "2014-12-31": "", "2013-12-31": "25.00000", "2012-12-31": "", "2011-12-31": "-89.62000", "2010-12-31": "-72.86400", "2009-12-31": "", "2008-12-31": "", "2007-12-31": "", "2006-12-31": "", "2005-12-31": ""}, "Investing Activities - Other": {"2019-12-31": "", "2018-12-31": "", "2017-12-31": "", "2016-12-31": "", "2015-12-31": "", "2014-12-31": "", "2013-12-31": "", "2012-12-31": "", "2011-12-31": "", "2010-12-31": "", "2009-12-31": "", "2008-12-31": "", "2007-12-31": "", "2006-12-31": "", "2005-12-31": ""}, "Cash Flow From Investing Activities": {"2019-12-31": "-2447.00000", "2018-12-31": "-2610.00000", "2017-12-31": "-1792.00000", "2016-12-31": "-3821.00000", "2015-12-31": "-1840.00000", "2014-12-31": "-2699.00000", "2013-12-31": "-2140.00000", "2012-12-31": "-3256.00000", "2011-12-31": "-1560.78700", "2010-12-31": "-954.85600", "2009-12-31": "-410.98500", "2008-12-31": "-1151.41000", "2007-12-31": "-1782.99200", "2006-12-31": "145.51500", "2005-12-31": "84.73400"}, "Net Long-Term Debt": {"2019-12-31": "", "2018-12-31": "-450.00000", "2017-12-31": "-485.00000", "2016-12-31": "-455.00000", "2015-12-31": "998.00000", "2014-12-31": "", "2013-12-31": "-1080.00000", "2012-12-31": "1165.00000", "2011-12-31": "-98.26700", "2010-12-31": "-182.91000", "2009-12-31": "-159.86100", "2008-12-31": "225.75900", "2007-12-31": "1251.37000", "2006-12-31": "-554.67400", "2005-12-31": "-353.57300"}, "Net Current Debt": {"2019-12-31": "", "2018-12-31": "", "2017-12-31": "", "2016-12-31": "", "2015-12-31": "", "2014-12-31": "", "2013-12-31": "", "2012-12-31": "", "2011-12-31": "", "2010-12-31": "", "2009-12-31": "0.48600", "2008-12-31": "-7.79300", "2007-12-31": "0.76800", "2006-12-31": "0.61000", "2005-12-31": "-60.12900"}, "Debt Issuance/Retirement Net - Total": {"2019-12-31": "", "2018-12-31": "-450.00000", "2017-12-31": "-485.00000", "2016-12-31": "-455.00000", "2015-12-31": "998.00000", "2014-12-31": "", "2013-12-31": "-1080.00000", "2012-12-31": "1165.00000", "2011-12-31": "-98.26700", "2010-12-31": "-182.91000", "2009-12-31": "-159.37500", "2008-12-31": "217.96600", "2007-12-31": "1252.13800", "2006-12-31": "-554.06400", "2005-12-31": "-413.70200"}, "Net Common Equity Issued/Repurchased": {"2019-12-31": "-647.00000", "2018-12-31": "-171.00000", "2017-12-31": "-30.00000", "2016-12-31": "2516.00000", "2015-12-31": "-25.00000", "2014-12-31": "959.00000", "2013-12-31": "1271.00000", "2012-12-31": "-56.00000", "2011-12-31": "570.47700", "2010-12-31": "-6.66400", "2009-12-31": "47.56800", "2008-12-31": "-7.69100", "2007-12-31": "-207.53300", "2006-12-31": "-331.56400", "2005-12-31": "-907.68190"}, "Net Total Equity Issued/Repurchased": {"2019-12-31": "-647.00000", "2018-12-31": "-171.00000", "2017-12-31": "-30.00000", "2016-12-31": "2516.00000", "2015-12-31": "-25.00000", "2014-12-31": "959.00000", "2013-12-31": "1271.00000", "2012-12-31": "-56.00000", "2011-12-31": "570.47700", "2010-12-31": "-6.66400", "2009-12-31": "47.56800", "2008-12-31": "-7.69100", "2007-12-31": "-207.53300", "2006-12-31": "-331.56400", "2005-12-31": "-907.68190"}, "Total Common And Preferred Stock Dividends Paid": {"2019-12-31": "-127.00000", "2018-12-31": "-55.00000", "2017-12-31": "-14.00000", "2016-12-31": "-13.00000", "2015-12-31": "-12.00000", "2014-12-31": "-12.00000", "2013-12-31": "-11.00000", "2012-12-31": "-10.00000", "2011-12-31": "-9.55600", "2010-12-31": "-9.48800", "2009-12-31": "-9.37000", "2008-12-31": "-35.91700", "2007-12-31": "-32.80400", "2006-12-31": "-31.72600", "2005-12-31": "-30.33900"}, "Financial Activities - Other": {"2019-12-31": "-14.00000", "2018-12-31": "-27.00000", "2017-12-31": "", "2016-12-31": "", "2015-12-31": "-10.00000", "2014-12-31": "18.00000", "2013-12-31": "-22.00000", "2012-12-31": "12.00000", "2011-12-31": "-5.25700", "2010-12-31": "-47.31300", "2009-12-31": "-31.86600", "2008-12-31": "-20.64500", "2007-12-31": "1.54300", "2006-12-31": "3.81100", "2005-12-31": "-1.91100"}, "Cash Flow From Financial Activities": {"2019-12-31": "-788.00000", "2018-12-31": "-703.00000", "2017-12-31": "-529.00000", "2016-12-31": "2048.00000", "2015-12-31": "951.00000", "2014-12-31": "965.00000", "2013-12-31": "158.00000", "2012-12-31": "1111.00000", "2011-12-31": "457.39700", "2010-12-31": "-246.37500", "2009-12-31": "-153.04300", "2008-12-31": "153.71300", "2007-12-31": "1013.34400", "2006-12-31": "-913.54300", "2005-12-31": "-1353.63400"}, "Net Cash Flow": {"2019-12-31": "-120.00000", "2018-12-31": "-71.00000", "2017-12-31": "-222.00000", "2016-12-31": "-273.00000", "2015-12-31": "366.00000", "2014-12-31": "632.00000", "2013-12-31": "164.00000", "2012-12-31": "-308.00000", "2011-12-31": "426.32400", "2010-12-31": "83.79200", "2009-12-31": "-20.96900", "2008-12-31": "36.16600", "2007-12-31": "5.13800", "2006-12-31": "-11.76900", "2005-12-31": "11.54500"}, "Stock-Based Compensation": {"2019-12-31": "", "2018-12-31": "", "2017-12-31": "", "2016-12-31": "", "2015-12-31": "", "2014-12-31": "", "2013-12-31": "", "2012-12-31": "", "2011-12-31": "", "2010-12-31": "", "2009-12-31": "", "2008-12-31": "", "2007-12-31": "", "2006-12-31": "", "2005-12-31": ""}, "Common Stock Dividends Paid": {"2019-12-31": "-127.00000", "2018-12-31": "-55.00000", "2017-12-31": "-14.00000", "2016-12-31": "-13.00000", "2015-12-31": "-12.00000", "2014-12-31": "-12.00000", "2013-12-31": "-11.00000", "2012-12-31": "-10.00000", "2011-12-31": "-9.55600", "2010-12-31": "-9.48800", "2009-12-31": "-9.37000", "2008-12-31": "-35.91700", "2007-12-31": "-32.80400", "2006-12-31": "-31.72600", "2005-12-31": "-30.33900"}}, "cash flow statement, quarterly": {"Net Income/Loss": {"2020-09-30": -20, "2020-06-30": -439, "2020-03-31": "289.00000", "2019-12-31": 344, "2019-09-30": 231, "2019-06-30": -169, "2019-03-31": "350.00000", "2018-12-31": 323, "2018-09-30": 411, "2018-06-30": 63, "2018-03-31": "178.00000", "2017-12-31": 665, "2017-09-30": -23, "2017-06-30": 233, "2017-03-31": "-42.00000", "2016-12-31": -43, "2016-09-30": 22, "2016-06-30": -268, "2016-03-31": "-267.00000", "2015-12-31": -623, "2015-09-30": 646, "2015-06-30": -218, "2015-03-31": "-78.00000", "2014-12-31": 431, "2014-09-30": 375, "2014-06-30": 1, "2014-03-31": "123.00000", "2013-12-31": -1358, "2013-09-30": 99, "2013-06-30": 351, "2013-03-31": "109.00000", "2012-12-31": 39.88, "2012-09-30": 21.699, "2012-06-30": -39.537, "2012-03-31": "220.95800", "2011-12-31": -113.188, "2011-09-30": 385.598, "2011-06-30": 265.7, "2011-03-31": "343.80400", "2010-12-31": 82.127, "2010-09-30": 114.573, "2010-06-30": 188.689, "2010-03-31": "260.60600", "2009-12-31": 54.23, "2009-09-30": 1.833, "2009-06-30": -87.517, "2009-03-31": "-10.81300", "2008-12-31": -63.151, "2008-09-30": 3.188, "2008-06-30": 162.92, "2008-03-31": "128.69800", "2007-12-31": 204.376, "2007-09-30": 101.927, "2007-06-30": 36.48, "2007-03-31": "29.59300", "2006-12-31": 27.686, "2006-09-30": 80.799, "2006-06-30": 88.039, "2006-03-31": "543.20700", "2005-12-31": 140.779, "2005-09-30": 123.573, "2005-06-30": 185.559, "2005-03-31": "84.65700"}, "Total Depreciation And Amortization - Cash Flow": {"2020-09-30": 416, "2020-06-30": 436, "2020-03-31": "452.00000", "2019-12-31": 462, "2019-09-30": 459, "2019-06-30": 452, "2019-03-31": "448.00000", "2018-12-31": 429, "2018-09-30": 420, "2018-06-30": 406, "2018-03-31": "378.00000", "2017-12-31": 390, "2017-09-30": 377, "2017-06-30": 367, "2017-03-31": "364.00000", "2016-12-31": 384, "2016-09-30": 413, "2016-06-30": 411, "2016-03-31": "379.00000", "2015-12-31": 405, "2015-09-30": 390, "2015-06-30": 357, "2015-03-31": "335.00000", "2014-12-31": 337, "2014-09-30": 297, "2014-06-30": 267, "2014-03-31": "242.00000", "2013-12-31": 260, "2013-09-30": 235, "2013-06-30": 245, "2013-03-31": "232.00000", "2012-12-31": 105.487, "2012-09-30": 215.249, "2012-06-30": 208.789, "2012-03-31": "188.47500", "2011-12-31": 102.421, "2011-09-30": 129.853, "2011-06-30": 133.486, "2011-03-31": "127.81600", "2010-12-31": 52.805, "2010-09-30": 136.53, "2010-06-30": 133.676, "2010-03-31": "134.42800", "2009-12-31": 25.833, "2009-09-30": 138.249, "2009-06-30": 134.377, "2009-03-31": "163.47300", "2008-12-31": 107.298, "2008-09-30": 91.861, "2008-06-30": 77.834, "2008-03-31": "81.27000", "2007-12-31": 58.703, "2007-09-30": 78.464, "2007-06-30": 53.184, "2007-03-31": "43.18600", "2006-12-31": 41.356, "2006-09-30": 23.022, "2006-06-30": 52.076, "2006-03-31": "43.09100", "2005-12-31": 57.82, "2005-09-30": 55.048, "2005-06-30": 46.14, "2005-03-31": "63.18200"}, "Other Non-Cash Items": {"2020-09-30": 78, "2020-06-30": 351, "2020-03-31": "-21.00000", "2019-12-31": 205, "2019-09-30": 201, "2019-06-30": 459, "2019-03-31": "51.00000", "2018-12-31": 250, "2018-09-30": -242, "2018-06-30": 271, "2018-03-31": "213.00000", "2017-12-31": -302, "2017-09-30": 167, "2017-06-30": -161, "2017-03-31": "142.00000", "2016-12-31": 190, "2016-09-30": 56, "2016-06-30": 238, "2016-03-31": "130.00000", "2015-12-31": 648, "2015-09-30": -692, "2015-06-30": 233, "2015-03-31": "77.00000", "2014-12-31": -251, "2014-09-30": 2, "2014-06-30": 343, "2014-03-31": "240.00000", "2013-12-31": 1624, "2013-09-30": 265, "2013-06-30": -88, "2013-03-31": "152.00000", "2012-12-31": 257.293, "2012-09-30": 228.306, "2012-06-30": 303.275, "2012-03-31": "64.12600", "2011-12-31": 460.19, "2011-09-30": -103.133, "2011-06-30": -52.038, "2011-03-31": "-182.12600", "2010-12-31": 287.4661, "2010-09-30": -19.4311, "2010-06-30": -52.024, "2010-03-31": "-125.11900", "2009-12-31": 74.356, "2009-09-30": -0.648, "2009-06-30": 166.642, "2009-03-31": "-60.66400", "2008-12-31": 101.532, "2008-09-30": 227.625, "2008-06-30": 141.517, "2008-03-31": "77.65900", "2007-12-31": -21.103, "2007-09-30": 98.719, "2007-06-30": 190.763, "2007-03-31": "92.42700", "2006-12-31": 164.295, "2006-09-30": 94.779, "2006-06-30": 79.003, "2006-03-31": "-421.78300", "2005-12-31": 182.593, "2005-09-30": 153.734, "2005-06-30": 125.262, "2005-03-31": "159.06700"}, "Total Non-Cash Items": {"2020-09-30": 494, "2020-06-30": 787, "2020-03-31": "431.00000", "2019-12-31": 667, "2019-09-30": 660, "2019-06-30": 911, "2019-03-31": "499.00000", "2018-12-31": 679, "2018-09-30": 178, "2018-06-30": 677, "2018-03-31": "591.00000", "2017-12-31": 88, "2017-09-30": 544, "2017-06-30": 206, "2017-03-31": "506.00000", "2016-12-31": 574, "2016-09-30": 469, "2016-06-30": 649, "2016-03-31": "509.00000", "2015-12-31": 1053, "2015-09-30": -302, "2015-06-30": 590, "2015-03-31": "412.00000", "2014-12-31": 86, "2014-09-30": 299, "2014-06-30": 610, "2014-03-31": "482.00000", "2013-12-31": 1884, "2013-09-30": 500, "2013-06-30": 157, "2013-03-31": "384.00000", "2012-12-31": 362.78, "2012-09-30": 443.555, "2012-06-30": 512.064, "2012-03-31": "252.60100", "2011-12-31": 562.6111, "2011-09-30": 26.72, "2011-06-30": 81.448, "2011-03-31": "-54.31000", "2010-12-31": 340.2711, "2010-09-30": 117.099, "2010-06-30": 81.652, "2010-03-31": "9.30900", "2009-12-31": 100.189, "2009-09-30": 137.601, "2009-06-30": 301.019, "2009-03-31": "102.80900", "2008-12-31": 208.8299, "2008-09-30": 319.4861, "2008-06-30": 219.351, "2008-03-31": "158.92900", "2007-12-31": 37.6, "2007-09-30": 177.183, "2007-06-30": 243.947, "2007-03-31": "135.61300", "2006-12-31": 205.651, "2006-09-30": 117.801, "2006-06-30": 131.079, "2006-03-31": "-378.69200", "2005-12-31": 240.413, "2005-09-30": 208.782, "2005-06-30": 171.402, "2005-03-31": "222.24900"}, "Change In Accounts Receivable": {"2020-09-30": -97, "2020-06-30": -11, "2020-03-31": "479.00000", "2019-12-31": -180, "2019-09-30": -64, "2019-06-30": 86, "2019-03-31": "-69.00000", "2018-12-31": 181, "2018-09-30": -19, "2018-06-30": -33, "2018-03-31": "-181.00000", "2017-12-31": 11, "2017-09-30": -158, "2017-06-30": -65, "2017-03-31": "92.00000", "2016-12-31": -77, "2016-09-30": -13, "2016-06-30": -84, "2016-03-31": "33.00000", "2015-12-31": 28, "2015-09-30": -23, "2015-06-30": -47, "2015-03-31": "96.00000", "2014-12-31": 48, "2014-09-30": -18, "2014-06-30": -22, "2014-03-31": "-37.00000", "2013-12-31": -34, "2013-09-30": -56, "2013-06-30": 9, "2013-03-31": "-42.00000", "2012-12-31": -20.054, "2012-09-30": -41.827, "2012-06-30": 54.544, "2012-03-31": "-20.66300", "2011-12-31": -12.079, "2011-09-30": -11.647, "2011-06-30": 1.665, "2011-03-31": "-25.27000", "2010-12-31": -61.22, "2010-09-30": 1.497, "2010-06-30": 48.296, "2010-03-31": "48.08000", "2009-12-31": -54.781, "2009-09-30": 17.133, "2009-06-30": 11.72, "2009-03-31": "42.22100", "2008-12-31": 84.485, "2008-09-30": 59.496, "2008-06-30": -84.474, "2008-03-31": "-14.06100", "2007-12-31": -41.87, "2007-09-30": -55.383, "2007-06-30": 15.789, "2007-03-31": "-15.22700", "2006-12-31": -40.454, "2006-09-30": -1.351, "2006-06-30": 37.137, "2006-03-31": "126.02800", "2005-12-31": -82.76, "2005-09-30": 9.047, "2005-06-30": -42.269, "2005-03-31": "-12.03300"}, "Change In Inventories": {"2020-09-30": -21, "2020-06-30": 18, "2020-03-31": "16.00000", "2019-12-31": 35, "2019-09-30": 3, "2019-06-30": -22, "2019-03-31": "-36.00000", "2018-12-31": 0, "2018-09-30": -35, "2018-06-30": -29, "2018-03-31": "-6.00000", "2017-12-31": -26, "2017-09-30": 2, "2017-06-30": 8, "2017-03-31": "-19.00000", "2016-12-31": -25, "2016-09-30": 5, "2016-06-30": -12, "2016-03-31": "", "2015-12-31": 37, "2015-09-30": 15, "2015-06-30": -10, "2015-03-31": "-34.00000", "2014-12-31": -10, "2014-09-30": -19, "2014-06-30": 8, "2014-03-31": "-16.00000", "2013-12-31": -11, "2013-09-30": -27, "2013-06-30": -2, "2013-03-31": "1.00000", "2012-12-31": 39.347, "2012-09-30": 26.971, "2012-06-30": -2.291, "2012-03-31": "-31.02700", "2011-12-31": -21.44, "2011-09-30": -41.825, "2011-06-30": -44.817, "2011-03-31": "-29.31900", "2010-12-31": -19.822, "2010-09-30": -18.938, "2010-06-30": -4.95, "2010-03-31": "17.42900", "2009-12-31": 5.361, "2009-09-30": 5.62, "2009-06-30": -23.219, "2009-03-31": "-34.47000", "2008-12-31": -27.413, "2008-09-30": -14.347, "2008-06-30": -14.471, "2008-03-31": "-26.17200", "2007-12-31": -4.57, "2007-09-30": 3.073, "2007-06-30": -11.393, "2007-03-31": "1.98900", "2006-12-31": 4.053, "2006-09-30": -12.988, "2006-06-30": -18.994, "2006-03-31": "-20.13100", "2005-12-31": -15.281, "2005-09-30": -8.964, "2005-06-30": -11.388, "2005-03-31": "-1.31500"}, "Change In Accounts Payable": {"2020-09-30": 149, "2020-06-30": -29, "2020-03-31": "-284.00000", "2019-12-31": -8, "2019-09-30": 70, "2019-06-30": 5, "2019-03-31": "-74.00000", "2018-12-31": 16, "2018-09-30": 87, "2018-06-30": 227, "2018-03-31": "-9.00000", "2017-12-31": 52, "2017-09-30": 124, "2017-06-30": 111, "2017-03-31": "-153.00000", "2016-12-31": 66, "2016-09-30": 52, "2016-06-30": 109, "2016-03-31": "-169.00000", "2015-12-31": 8, "2015-09-30": 9, "2015-06-30": -25, "2015-03-31": "-250.00000", "2014-12-31": 8, "2014-09-30": 66, "2014-06-30": 100, "2014-03-31": "-70.00000", "2013-12-31": 25, "2013-09-30": 193, "2013-06-30": 48, "2013-03-31": "-57.00000", "2012-12-31": 22.446, "2012-09-30": -7.026, "2012-06-30": 11.254, "2012-03-31": "19.32600", "2011-12-31": 52.664, "2011-09-30": 77.431, "2011-06-30": 96.181, "2011-03-31": "-89.98000", "2010-12-31": 66.578, "2010-09-30": 11.891, "2010-06-30": 84.754, "2010-03-31": "-34.29600", "2009-12-31": 28.376, "2009-09-30": 13.15, "2009-06-30": 4.062, "2009-03-31": "-111.45000", "2008-12-31": 50.28, "2008-09-30": 16.533, "2008-06-30": 32.744, "2008-03-31": "-33.91300", "2007-12-31": 18.374, "2007-09-30": 44.334, "2007-06-30": -7.996, "2007-03-31": "-24.59000", "2006-12-31": -14.832, "2006-09-30": 75.16, "2006-06-30": -18.758, "2006-03-31": "-77.65500", "2005-12-31": 46.666, "2005-09-30": 27.73, "2005-06-30": -8.029, "2005-03-31": "17.59300"}, "Change In Assets/Liabilities": {"2020-09-30": -113, "2020-06-30": 3, "2020-03-31": "-106.00000", "2019-12-31": -30, "2019-09-30": -6, "2019-06-30": -22, "2019-03-31": "-66.00000", "2018-12-31": -285, "2018-09-30": 252, "2018-06-30": -5, "2018-03-31": "-19.00000", "2017-12-31": 10, "2017-09-30": -35, "2017-06-30": -12, "2017-03-31": "-20.00000", "2016-12-31": 21, "2016-09-30": -73, "2016-06-30": 18, "2016-03-31": "-36.00000", "2015-12-31": 32, "2015-09-30": -37, "2015-06-30": 39, "2015-03-31": "-43.00000", "2014-12-31": 6, "2014-09-30": -73, "2014-06-30": 35, "2014-03-31": "-30.00000", "2013-12-31": 29, "2013-09-30": -30, "2013-06-30": 12, "2013-03-31": "-41.00000", "2012-12-31": 32.933, "2012-09-30": -2.473, "2012-06-30": -9.003, "2012-03-31": "-33.45700", "2011-12-31": 36.106, "2011-09-30": 16.625, "2011-06-30": 22.319, "2011-03-31": "-17.06600", "2010-12-31": -4.766, "2010-09-30": -16.64, "2010-06-30": -3.832, "2010-03-31": "-21.49300", "2009-12-31": 2.925, "2009-09-30": -21.016, "2009-06-30": 25.606, "2009-03-31": "-17.35300", "2008-12-31": -3.913, "2008-09-30": -61.88, "2008-06-30": 7.384, "2008-03-31": "-44.91300", "2007-12-31": -22.621, "2007-09-30": -54.789, "2007-06-30": -6.395, "2007-03-31": "-16.75300", "2006-12-31": -39.005, "2006-09-30": -41.586, "2006-06-30": 18.275, "2006-03-31": "-8.45100", "2005-12-31": 21.816, "2005-09-30": -44.051, "2005-06-30": 5.498, "2005-03-31": "-10.27200"}, "Total Change In Assets/Liabilities": {"2020-09-30": -82, "2020-06-30": -19, "2020-03-31": "105.00000", "2019-12-31": -183, "2019-09-30": 3, "2019-06-30": 47, "2019-03-31": "-245.00000", "2018-12-31": -88, "2018-09-30": 285, "2018-06-30": 159, "2018-03-31": "-214.00000", "2017-12-31": 45, "2017-09-30": -67, "2017-06-30": 44, "2017-03-31": "-100.00000", "2016-12-31": 10, "2016-09-30": -51, "2016-06-30": 28, "2016-03-31": "-132.00000", "2015-12-31": 36, "2015-09-30": 13, "2015-06-30": -44, "2015-03-31": "-230.00000", "2014-12-31": 51, "2014-09-30": -59, "2014-06-30": 106, "2014-03-31": "-139.00000", "2013-12-31": 15, "2013-09-30": 69, "2013-06-30": 69, "2013-03-31": "-133.00000", "2012-12-31": 76.87, "2012-09-30": -33.194, "2012-06-30": 26.797, "2012-03-31": "-47.47300", "2011-12-31": 50.253, "2011-09-30": 53.266, "2011-06-30": 74.092, "2011-03-31": "-146.28000", "2010-12-31": -39.097, "2010-09-30": -23.164, "2010-06-30": 123.51, "2010-03-31": "29.44800", "2009-12-31": -22.185, "2009-09-30": 23.063, "2009-06-30": 10.405, "2009-03-31": "-67.57500", "2008-12-31": 71.68, "2008-09-30": -16.902, "2008-06-30": -49.221, "2008-03-31": "-109.94500", "2007-12-31": -6.659, "2007-09-30": -88.496, "2007-06-30": -63.065, "2007-03-31": "-35.20900", "2006-12-31": -135.179, "2006-09-30": -18.814, "2006-06-30": -60.472, "2006-03-31": "153.72300", "2005-12-31": -27.412, "2005-09-30": -22.552, "2005-06-30": -47.044, "2005-03-31": "-3.25200"}, "Cash Flow From Operating Activities": {"2020-09-30": 392, "2020-06-30": 329, "2020-03-31": "825.00000", "2019-12-31": 828, "2019-09-30": 894, "2019-06-30": 789, "2019-03-31": "604.00000", "2018-12-31": 914, "2018-09-30": 874, "2018-06-30": 899, "2018-03-31": "555.00000", "2017-12-31": 798, "2017-09-30": 454, "2017-06-30": 483, "2017-03-31": "364.00000", "2016-12-31": 541, "2016-09-30": 440, "2016-06-30": 409, "2016-03-31": "110.00000", "2015-12-31": 466, "2015-09-30": 357, "2015-06-30": 328, "2015-03-31": "104.00000", "2014-12-31": 568, "2014-09-30": 615, "2014-06-30": 717, "2014-03-31": "466.00000", "2013-12-31": 541, "2013-09-30": 668, "2013-06-30": 577, "2013-03-31": "360.00000", "2012-12-31": 479.53, "2012-09-30": 432.06, "2012-06-30": 499.324, "2012-03-31": "426.08600", "2011-12-31": 499.676, "2011-09-30": 465.584, "2011-06-30": 421.24, "2011-03-31": "143.21400", "2010-12-31": 383.301, "2010-09-30": 208.508, "2010-06-30": 393.851, "2010-03-31": "299.36300", "2009-12-31": 132.234, "2009-09-30": 162.497, "2009-06-30": 223.907, "2009-03-31": "24.42100", "2008-12-31": 217.359, "2008-09-30": 305.772, "2008-06-30": 333.05, "2008-03-31": "177.68200", "2007-12-31": 235.317, "2007-09-30": 190.614, "2007-06-30": 217.362, "2007-03-31": "129.99700", "2006-12-31": 98.158, "2006-09-30": 179.786, "2006-06-30": 158.646, "2006-03-31": "318.23800", "2005-12-31": 353.78, "2005-09-30": 309.803, "2005-06-30": 309.917, "2005-03-31": "303.65400"}, "Net Change In Property, Plant, And Equipment": {"2020-09-30": -236, "2020-06-30": -424, "2020-03-31": "-681.00000", "2019-12-31": -589, "2019-09-30": -894, "2019-06-30": -781, "2019-03-31": "-807.00000", "2018-12-31": -1015, "2018-09-30": -706, "2018-06-30": -728, "2018-03-31": "-865.00000", "2017-12-31": -747, "2017-09-30": -703, "2017-06-30": -464, "2017-03-31": "-441.00000", "2016-12-31": -517, "2016-09-30": 55, "2016-06-30": -546, "2016-03-31": "-549.00000", "2015-12-31": -632, "2015-09-30": -2, "2015-06-30": -489, "2015-03-31": "-717.00000", "2014-12-31": -1071, "2014-09-30": -525, "2014-06-30": -477, "2014-03-31": "-626.00000", "2013-12-31": -703, "2013-09-30": -648, "2013-06-30": -107, "2013-03-31": "-707.00000", "2012-12-31": -739.87, "2012-09-30": -693.038, "2012-06-30": -846.426, "2012-03-31": "-679.66600", "2011-12-31": -705.934, "2011-09-30": -606.238, "2011-06-30": -530.211, "2011-03-31": "371.21600", "2010-12-31": -333.4409, "2010-09-30": -310.286, "2010-06-30": -71.722, "2010-03-31": "-166.54300", "2009-12-31": -97.994, "2009-09-30": -53.184, "2009-06-30": -88.744, "2009-03-31": "-171.06300", "2008-12-31": -266.6909, "2008-09-30": -393.2381, "2008-06-30": -313.941, "2008-03-31": "-177.54000", "2007-12-31": -377.93, "2007-09-30": -418.625, "2007-06-30": -538.982, "2007-03-31": "-447.45500", "2006-12-31": -452.597, "2006-09-30": -367.1791, "2006-06-30": 343.536, "2006-03-31": "621.75500", "2005-12-31": -217.5139, "2005-09-30": -356.98, "2005-06-30": 266.099, "2005-03-31": "394.09400"}, "Net Change In Intangible Assets": {"2020-09-30": 0, "2020-06-30": 0, "2020-03-31": "", "2019-12-31": 0, "2019-09-30": 0, "2019-06-30": 0, "2019-03-31": "", "2018-12-31": 0, "2018-09-30": 0, "2018-06-30": 0, "2018-03-31": "", "2017-12-31": 0, "2017-09-30": 0, "2017-06-30": 0, "2017-03-31": "", "2016-12-31": 0, "2016-09-30": 0, "2016-06-30": 0, "2016-03-31": "", "2015-12-31": 0, "2015-09-30": 0, "2015-06-30": 0, "2015-03-31": "", "2014-12-31": 0, "2014-09-30": 0, "2014-06-30": 0, "2014-03-31": "", "2013-12-31": 0, "2013-09-30": 0, "2013-06-30": 0, "2013-03-31": "", "2012-12-31": 0, "2012-09-30": 0, "2012-06-30": 0, "2012-03-31": "", "2011-12-31": 0, "2011-09-30": 0, "2011-06-30": 0, "2011-03-31": "", "2010-12-31": 0, "2010-09-30": 0, "2010-06-30": 0, "2010-03-31": "", "2009-12-31": 0, "2009-09-30": 0, "2009-06-30": 0, "2009-03-31": "", "2008-12-31": 0, "2008-09-30": 0, "2008-06-30": 0, "2008-03-31": "", "2007-12-31": 0, "2007-09-30": 0, "2007-06-30": 0, "2007-03-31": "", "2006-12-31": 0, "2006-09-30": 0, "2006-06-30": 0, "2006-03-31": "", "2005-12-31": 0, "2005-09-30": 0, "2005-06-30": 0, "2005-03-31": ""}, "Net Acquisitions/Divestitures": {"2020-09-30": 0, "2020-06-30": 0, "2020-03-31": "", "2019-12-31": 0, "2019-09-30": 0, "2019-06-30": 0, "2019-03-31": "", "2018-12-31": 0, "2018-09-30": 0, "2018-06-30": 0, "2018-03-31": "", "2017-12-31": 0, "2017-09-30": 0, "2017-06-30": 0, "2017-03-31": "", "2016-12-31": 1, "2016-09-30": -429, "2016-06-30": 0, "2016-03-31": "", "2015-12-31": 0, "2015-09-30": 0, "2015-06-30": 0, "2015-03-31": "", "2014-12-31": 0, "2014-09-30": 0, "2014-06-30": 0, "2014-03-31": "", "2013-12-31": 0, "2013-09-30": 0, "2013-06-30": 0, "2013-03-31": "", "2012-12-31": -0.041, "2012-09-30": -0.985, "2012-06-30": -295.974, "2012-03-31": "", "2011-12-31": 0, "2011-09-30": 0, "2011-06-30": 0, "2011-03-31": "", "2010-12-31": 0, "2010-09-30": 0, "2010-06-30": 0, "2010-03-31": "", "2009-12-31": 0, "2009-09-30": 0, "2009-06-30": 0, "2009-03-31": "", "2008-12-31": 0, "2008-09-30": 0, "2008-06-30": 0, "2008-03-31": "", "2007-12-31": 0, "2007-09-30": 0, "2007-06-30": 0, "2007-03-31": "", "2006-12-31": 0, "2006-09-30": 0, "2006-06-30": 0, "2006-03-31": "", "2005-12-31": 0, "2005-09-30": 0, "2005-06-30": 0, "2005-03-31": "-0.96500"}, "Net Change In Short-term Investments": {"2020-09-30": 0, "2020-06-30": 0, "2020-03-31": "", "2019-12-31": 0, "2019-09-30": 0, "2019-06-30": 0, "2019-03-31": "", "2018-12-31": 0, "2018-09-30": 0, "2018-06-30": 0, "2018-03-31": "", "2017-12-31": 0, "2017-09-30": 0, "2017-06-30": 0, "2017-03-31": "", "2016-12-31": 0, "2016-09-30": 0, "2016-06-30": 0, "2016-03-31": "", "2015-12-31": 0, "2015-09-30": 0, "2015-06-30": 0, "2015-03-31": "", "2014-12-31": 0, "2014-09-30": 0, "2014-06-30": 0, "2014-03-31": "", "2013-12-31": 0, "2013-09-30": 0, "2013-06-30": 0, "2013-03-31": "", "2012-12-31": 0, "2012-09-30": 0, "2012-06-30": 0, "2012-03-31": "", "2011-12-31": 0, "2011-09-30": 0, "2011-06-30": 0, "2011-03-31": "", "2010-12-31": 0, "2010-09-30": 0, "2010-06-30": 0, "2010-03-31": "", "2009-12-31": 0, "2009-09-30": 0, "2009-06-30": 0, "2009-03-31": "", "2008-12-31": 0, "2008-09-30": 0, "2008-06-30": 0, "2008-03-31": "", "2007-12-31": 0, "2007-09-30": 0, "2007-06-30": 0, "2007-03-31": "", "2006-12-31": 0, "2006-09-30": 0, "2006-06-30": 0, "2006-03-31": "", "2005-12-31": 0, "2005-09-30": 0, "2005-06-30": 0, "2005-03-31": ""}, "Net Change In Long-Term Investments": {"2020-09-30": 0, "2020-06-30": -1, "2020-03-31": "", "2019-12-31": 56, "2019-09-30": 0, "2019-06-30": 456, "2019-03-31": "112.00000", "2018-12-31": 182, "2018-09-30": -47, "2018-06-30": 109, "2018-03-31": "460.00000", "2017-12-31": 217, "2017-09-30": 218, "2017-06-30": -15, "2017-03-31": "143.00000", "2016-12-31": 209, "2016-09-30": -551, "2016-06-30": -580, "2016-03-31": "-914.00000", "2015-12-31": 0, "2015-09-30": 0, "2015-06-30": 0, "2015-03-31": "", "2014-12-31": 0, "2014-09-30": 0, "2014-06-30": 0, "2014-03-31": "", "2013-12-31": 25, "2013-09-30": 0, "2013-06-30": 0, "2013-03-31": "", "2012-12-31": 0, "2012-09-30": 0, "2012-06-30": 0, "2012-03-31": "", "2011-12-31": 0, "2011-09-30": -6.763, "2011-06-30": -45.809, "2011-03-31": "-37.04800", "2010-12-31": -57.213, "2010-09-30": -15.543, "2010-06-30": -0.108, "2010-03-31": "", "2009-12-31": 0, "2009-09-30": 0, "2009-06-30": 0, "2009-03-31": "", "2008-12-31": 0, "2008-09-30": 0, "2008-06-30": 0, "2008-03-31": "", "2007-12-31": 0, "2007-09-30": 0, "2007-06-30": 0, "2007-03-31": "", "2006-12-31": 0, "2006-09-30": 0, "2006-06-30": 0, "2006-03-31": "", "2005-12-31": 0, "2005-09-30": 0, "2005-06-30": 0, "2005-03-31": ""}, "Net Change In Investments - Total": {"2020-09-30": 0, "2020-06-30": -1, "2020-03-31": "", "2019-12-31": 56, "2019-09-30": 0, "2019-06-30": 456, "2019-03-31": "112.00000", "2018-12-31": 182, "2018-09-30": -47, "2018-06-30": 109, "2018-03-31": "460.00000", "2017-12-31": 217, "2017-09-30": 218, "2017-06-30": -15, "2017-03-31": "143.00000", "2016-12-31": 209, "2016-09-30": -551, "2016-06-30": -580, "2016-03-31": "-914.00000", "2015-12-31": 0, "2015-09-30": 0, "2015-06-30": 0, "2015-03-31": "", "2014-12-31": 0, "2014-09-30": 0, "2014-06-30": 0, "2014-03-31": "", "2013-12-31": 25, "2013-09-30": 0, "2013-06-30": 0, "2013-03-31": "", "2012-12-31": 0, "2012-09-30": 0, "2012-06-30": 0, "2012-03-31": "", "2011-12-31": 0, "2011-09-30": -6.763, "2011-06-30": -45.809, "2011-03-31": "-37.04800", "2010-12-31": -57.213, "2010-09-30": -15.543, "2010-06-30": -0.108, "2010-03-31": "", "2009-12-31": 0, "2009-09-30": 0, "2009-06-30": 0, "2009-03-31": "", "2008-12-31": 0, "2008-09-30": 0, "2008-06-30": 0, "2008-03-31": "", "2007-12-31": 0, "2007-09-30": 0, "2007-06-30": 0, "2007-03-31": "", "2006-12-31": 0, "2006-09-30": 0, "2006-06-30": 0, "2006-03-31": "", "2005-12-31": 0, "2005-09-30": 0, "2005-06-30": 0, "2005-03-31": ""}, "Investing Activities - Other": {"2020-09-30": 0, "2020-06-30": 0, "2020-03-31": "", "2019-12-31": 0, "2019-09-30": 0, "2019-06-30": 0, "2019-03-31": "", "2018-12-31": 0, "2018-09-30": 0, "2018-06-30": 0, "2018-03-31": "", "2017-12-31": 0, "2017-09-30": 0, "2017-06-30": 0, "2017-03-31": "", "2016-12-31": 0, "2016-09-30": 0, "2016-06-30": 0, "2016-03-31": "", "2015-12-31": 0, "2015-09-30": 0, "2015-06-30": 0, "2015-03-31": "", "2014-12-31": 0, "2014-09-30": 0, "2014-06-30": 0, "2014-03-31": "", "2013-12-31": 0, "2013-09-30": 0, "2013-06-30": 0, "2013-03-31": "", "2012-12-31": 0, "2012-09-30": 0, "2012-06-30": 0, "2012-03-31": "", "2011-12-31": 0, "2011-09-30": 0, "2011-06-30": 0, "2011-03-31": "", "2010-12-31": 0, "2010-09-30": 0, "2010-06-30": 0, "2010-03-31": "", "2009-12-31": 0, "2009-09-30": 0, "2009-06-30": 0, "2009-03-31": "", "2008-12-31": 0, "2008-09-30": 0, "2008-06-30": 0, "2008-03-31": "", "2007-12-31": 0, "2007-09-30": 0, "2007-06-30": 0, "2007-03-31": "", "2006-12-31": 0, "2006-09-30": 0, "2006-06-30": 0, "2006-03-31": "", "2005-12-31": 0, "2005-09-30": 0, "2005-06-30": 0, "2005-03-31": ""}, "Cash Flow From Investing Activities": {"2020-09-30": -236, "2020-06-30": -425, "2020-03-31": "-681.00000", "2019-12-31": -533, "2019-09-30": -894, "2019-06-30": -325, "2019-03-31": "-695.00000", "2018-12-31": -833, "2018-09-30": -753, "2018-06-30": -619, "2018-03-31": "-405.00000", "2017-12-31": -530, "2017-09-30": -485, "2017-06-30": -479, "2017-03-31": "-298.00000", "2016-12-31": -307, "2016-09-30": -925, "2016-06-30": -1126, "2016-03-31": "-1463.00000", "2015-12-31": -632, "2015-09-30": -2, "2015-06-30": -489, "2015-03-31": "-717.00000", "2014-12-31": -1071, "2014-09-30": -525, "2014-06-30": -477, "2014-03-31": "-626.00000", "2013-12-31": -678, "2013-09-30": -648, "2013-06-30": -107, "2013-03-31": "-707.00000", "2012-12-31": -739.911, "2012-09-30": -694.023, "2012-06-30": -1142.4, "2012-03-31": "-679.66600", "2011-12-31": -705.934, "2011-09-30": -613.001, "2011-06-30": -576.02, "2011-03-31": "334.16800", "2010-12-31": -390.654, "2010-09-30": -325.829, "2010-06-30": -71.83, "2010-03-31": "-166.54300", "2009-12-31": -97.994, "2009-09-30": -53.184, "2009-06-30": -88.744, "2009-03-31": "-171.06300", "2008-12-31": -266.691, "2008-09-30": -393.238, "2008-06-30": -313.941, "2008-03-31": "-177.54000", "2007-12-31": -377.93, "2007-09-30": -418.625, "2007-06-30": -538.982, "2007-03-31": "-447.45500", "2006-12-31": -452.597, "2006-09-30": -367.179, "2006-06-30": 343.536, "2006-03-31": "621.75500", "2005-12-31": -217.514, "2005-09-30": -356.98, "2005-06-30": 266.099, "2005-03-31": "393.12900"}, "Net Long-Term Debt": {"2020-09-30": 1091, "2020-06-30": 462, "2020-03-31": "-450.00000", "2019-12-31": 0, "2019-09-30": 0, "2019-06-30": 0, "2019-03-31": "", "2018-12-31": 0, "2018-09-30": 0, "2018-06-30": -450, "2018-03-31": "", "2017-12-31": 0, "2017-09-30": 0, "2017-06-30": 0, "2017-03-31": "-485.00000", "2016-12-31": 0, "2016-09-30": -455, "2016-06-30": 0, "2016-03-31": "", "2015-12-31": 998, "2015-09-30": 0, "2015-06-30": 0, "2015-03-31": "", "2014-12-31": 0, "2014-09-30": 0, "2014-06-30": -50, "2014-03-31": "50.00000", "2013-12-31": -201, "2013-09-30": 25, "2013-06-30": -197, "2013-03-31": "-707.00000", "2012-12-31": 152.382, "2012-09-30": 269.525, "2012-06-30": 658.093, "2012-03-31": "85.00000", "2011-12-31": -65, "2011-09-30": 9.933, "2011-06-30": 2, "2011-03-31": "-45.20000", "2010-12-31": 56.2, "2010-09-30": 2, "2010-06-30": -122, "2010-03-31": "-119.11000", "2009-12-31": -111.861, "2009-09-30": -117, "2009-06-30": -102, "2009-03-31": "171.00000", "2008-12-31": -2.442, "2008-09-30": 179, "2008-06-30": 2.978, "2008-03-31": "46.22300", "2007-12-31": 143, "2007-09-30": 378.925, "2007-06-30": 369, "2007-03-31": "360.44500", "2006-12-31": 306.4221, "2006-09-30": -56.744, "2006-06-30": 95.6479, "2006-03-31": "-900.00000", "2005-12-31": 110.964, "2005-09-30": 532.733, "2005-06-30": -444.27, "2005-03-31": "-553.00000"}, "Net Current Debt": {"2020-09-30": 0, "2020-06-30": -800, "2020-03-31": "800.00000", "2019-12-31": 0, "2019-09-30": 0, "2019-06-30": 0, "2019-03-31": "", "2018-12-31": 0, "2018-09-30": 7, "2018-06-30": -7, "2018-03-31": "", "2017-12-31": 0, "2017-09-30": 0, "2017-06-30": 0, "2017-03-31": "", "2016-12-31": 0, "2016-09-30": 0, "2016-06-30": 0, "2016-03-31": "", "2015-12-31": 0, "2015-09-30": 0, "2015-06-30": 0, "2015-03-31": "", "2014-12-31": 0, "2014-09-30": 0, "2014-06-30": 1, "2014-03-31": "-1.00000", "2013-12-31": 0, "2013-09-30": 0, "2013-06-30": 0, "2013-03-31": "", "2012-12-31": 0, "2012-09-30": 0, "2012-06-30": 0, "2012-03-31": "", "2011-12-31": 0, "2011-09-30": 0, "2011-06-30": 0.02, "2011-03-31": "-0.02000", "2010-12-31": 0, "2010-09-30": 0, "2010-06-30": -2.818, "2010-03-31": "2.81800", "2009-12-31": 0.486, "2009-09-30": 0, "2009-06-30": 0, "2009-03-31": "", "2008-12-31": -7.793, "2008-09-30": -13.255, "2008-06-30": 13.255, "2008-03-31": "", "2007-12-31": 0.768, "2007-09-30": 0, "2007-06-30": 0, "2007-03-31": "", "2006-12-31": 0.61, "2006-09-30": 0, "2006-06-30": 0, "2006-03-31": "", "2005-12-31": -60.129, "2005-09-30": 0, "2005-06-30": 0, "2005-03-31": ""}, "Debt Issuance/Retirement Net - Total": {"2020-09-30": 1091, "2020-06-30": -338, "2020-03-31": "350.00000", "2019-12-31": 0, "2019-09-30": 0, "2019-06-30": 0, "2019-03-31": "", "2018-12-31": 0, "2018-09-30": 7, "2018-06-30": -457, "2018-03-31": "", "2017-12-31": 0, "2017-09-30": 0, "2017-06-30": 0, "2017-03-31": "-485.00000", "2016-12-31": 0, "2016-09-30": -455, "2016-06-30": 0, "2016-03-31": "", "2015-12-31": 998, "2015-09-30": 0, "2015-06-30": 0, "2015-03-31": "", "2014-12-31": 0, "2014-09-30": 0, "2014-06-30": -49, "2014-03-31": "49.00000", "2013-12-31": -201, "2013-09-30": 25, "2013-06-30": -197, "2013-03-31": "-707.00000", "2012-12-31": 152.382, "2012-09-30": 269.525, "2012-06-30": 658.093, "2012-03-31": "85.00000", "2011-12-31": -65, "2011-09-30": 9.933, "2011-06-30": 2.02, "2011-03-31": "-45.22000", "2010-12-31": 56.2, "2010-09-30": 2, "2010-06-30": -124.818, "2010-03-31": "-116.29200", "2009-12-31": -111.375, "2009-09-30": -117, "2009-06-30": -102, "2009-03-31": "171.00000", "2008-12-31": -10.235, "2008-09-30": 165.745, "2008-06-30": 16.233, "2008-03-31": "46.22300", "2007-12-31": 143.768, "2007-09-30": 378.925, "2007-06-30": 369, "2007-03-31": "360.44500", "2006-12-31": 307.0321, "2006-09-30": -56.744, "2006-06-30": 95.6479, "2006-03-31": "-900.00000", "2005-12-31": 50.835, "2005-09-30": 532.733, "2005-06-30": -444.27, "2005-03-31": "-553.00000"}, "Net Common Equity Issued/Repurchased": {"2020-09-30": 4, "2020-06-30": -50, "2020-03-31": "-122.00000", "2019-12-31": -26, "2019-09-30": -197, "2019-06-30": -202, "2019-03-31": "-222.00000", "2018-12-31": -128, "2018-09-30": 7, "2018-06-30": -5, "2018-03-31": "-45.00000", "2017-12-31": -1, "2017-09-30": 7, "2017-06-30": 0, "2017-03-31": "-36.00000", "2016-12-31": -1, "2016-09-30": 6, "2016-06-30": 937, "2016-03-31": "1574.00000", "2015-12-31": 0, "2015-09-30": 6, "2015-06-30": -1, "2015-03-31": "-30.00000", "2014-12-31": 979, "2014-09-30": 6, "2014-06-30": 1, "2014-03-31": "-27.00000", "2013-12-31": 0, "2013-09-30": 5, "2013-06-30": 3, "2013-03-31": "1263.00000", "2012-12-31": -6.395, "2012-09-30": 5.704, "2012-06-30": -0.188, "2012-03-31": "-55.12100", "2011-12-31": 607.113, "2011-09-30": 2.22, "2011-06-30": -3.511, "2011-03-31": "-35.34500", "2010-12-31": 0.376, "2010-09-30": 2.91, "2010-06-30": 0.445, "2010-03-31": "-10.39500", "2009-12-31": 61.426, "2009-09-30": 4.006, "2009-06-30": 1.301, "2009-03-31": "-19.16500", "2008-12-31": 70.502, "2008-09-30": -56.463, "2008-06-30": 4.343, "2008-03-31": "-26.07300", "2007-12-31": -2.492, "2007-09-30": -157.877, "2007-06-30": -18.096, "2007-03-31": "-29.06800", "2006-12-31": -45.808, "2006-09-30": -117.977, "2006-06-30": -167.72, "2006-03-31": "-0.05900", "2005-12-31": -249.0479, "2005-09-30": -459.844, "2005-06-30": -71.89, "2005-03-31": "-126.90000"}, "Net Total Equity Issued/Repurchased": {"2020-09-30": 4, "2020-06-30": -50, "2020-03-31": "-122.00000", "2019-12-31": -26, "2019-09-30": -197, "2019-06-30": -202, "2019-03-31": "-222.00000", "2018-12-31": -128, "2018-09-30": 7, "2018-06-30": -5, "2018-03-31": "-45.00000", "2017-12-31": -1, "2017-09-30": 7, "2017-06-30": 0, "2017-03-31": "-36.00000", "2016-12-31": -1, "2016-09-30": 6, "2016-06-30": 937, "2016-03-31": "1574.00000", "2015-12-31": 0, "2015-09-30": 6, "2015-06-30": -1, "2015-03-31": "-30.00000", "2014-12-31": 979, "2014-09-30": 6, "2014-06-30": 1, "2014-03-31": "-27.00000", "2013-12-31": 0, "2013-09-30": 5, "2013-06-30": 3, "2013-03-31": "1263.00000", "2012-12-31": -6.395, "2012-09-30": 5.704, "2012-06-30": -0.188, "2012-03-31": "-55.12100", "2011-12-31": 607.113, "2011-09-30": 2.22, "2011-06-30": -3.511, "2011-03-31": "-35.34500", "2010-12-31": 0.376, "2010-09-30": 2.91, "2010-06-30": 0.445, "2010-03-31": "-10.39500", "2009-12-31": 61.426, "2009-09-30": 4.006, "2009-06-30": 1.301, "2009-03-31": "-19.16500", "2008-12-31": 70.502, "2008-09-30": -56.463, "2008-06-30": 4.343, "2008-03-31": "-26.07300", "2007-12-31": -2.492, "2007-09-30": -157.877, "2007-06-30": -18.096, "2007-03-31": "-29.06800", "2006-12-31": -45.808, "2006-09-30": -117.977, "2006-06-30": -167.72, "2006-03-31": "-0.05900", "2005-12-31": -249.0479, "2005-09-30": -459.844, "2005-06-30": -71.89, "2005-03-31": "-126.90000"}, "Total Common And Preferred Stock Dividends Paid": {"2020-09-30": -91, "2020-06-30": -91, "2020-03-31": "-73.00000", "2019-12-31": -73, "2019-09-30": 0, "2019-06-30": -54, "2019-03-31": "", "2018-12-31": -28, "2018-09-30": 0, "2018-06-30": -27, "2018-03-31": "", "2017-12-31": -7, "2017-09-30": 0, "2017-06-30": -7, "2017-03-31": "", "2016-12-31": -6, "2016-09-30": 0, "2016-06-30": -7, "2016-03-31": "", "2015-12-31": -6, "2015-09-30": 0, "2015-06-30": -6, "2015-03-31": "", "2014-12-31": -6, "2014-09-30": 0, "2014-06-30": -6, "2014-03-31": "", "2013-12-31": -5, "2013-09-30": 0, "2013-06-30": -6, "2013-03-31": "", "2012-12-31": -4.972, "2012-09-30": 0, "2012-06-30": -4.985, "2012-03-31": "-0.04300", "2011-12-31": -4.744, "2011-09-30": 0, "2011-06-30": -4.739, "2011-03-31": "-0.07300", "2010-12-31": -4.705, "2010-09-30": 0, "2010-06-30": -4.718, "2010-03-31": "-0.06500", "2009-12-31": -4.691, "2009-09-30": 0, "2009-06-30": -4.679, "2009-03-31": "", "2008-12-31": -19.021, "2008-09-30": -0.003, "2008-06-30": -16.841, "2008-03-31": "-0.05200", "2007-12-31": -16.769, "2007-09-30": 0, "2007-06-30": -16.035, "2007-03-31": "", "2006-12-31": -16.216, "2006-09-30": 0, "2006-06-30": -15.51, "2006-03-31": "", "2005-12-31": -16.007, "2005-09-30": 0, "2005-06-30": -14.332, "2005-03-31": ""}, "Financial Activities - Other": {"2020-09-30": -18, "2020-06-30": -34, "2020-03-31": "-146.00000", "2019-12-31": -4, "2019-09-30": -8, "2019-06-30": -1, "2019-03-31": "-1.00000", "2018-12-31": -19, "2018-09-30": -8, "2018-06-30": 0, "2018-03-31": "", "2017-12-31": 0, "2017-09-30": 0, "2017-06-30": 0, "2017-03-31": "", "2016-12-31": 0, "2016-09-30": 0, "2016-06-30": 0, "2016-03-31": "", "2015-12-31": -16, "2015-09-30": 1, "2015-06-30": 4, "2015-03-31": "1.00000", "2014-12-31": 5, "2014-09-30": 9, "2014-06-30": 2, "2014-03-31": "2.00000", "2013-12-31": -8, "2013-09-30": -2, "2013-06-30": -4, "2013-03-31": "-8.00000", "2012-12-31": 14.964, "2012-09-30": 2.851, "2012-06-30": -8.993, "2012-03-31": "3.17800", "2011-12-31": -4.192, "2011-09-30": -6.592, "2011-06-30": -7.22, "2011-03-31": "12.74700", "2010-12-31": -11.523, "2010-09-30": -7.11, "2010-06-30": -29.784, "2010-03-31": "1.10400", "2009-12-31": -7.847, "2009-09-30": -5.027, "2009-06-30": -9.938, "2009-03-31": "-9.05400", "2008-12-31": -10.394, "2008-09-30": 1.722, "2008-06-30": 3.118, "2008-03-31": "-15.09100", "2007-12-31": 10.919, "2007-09-30": 0.158, "2007-06-30": -1.8, "2007-03-31": "-7.73400", "2006-12-31": 16.675, "2006-09-30": 5.23, "2006-06-30": -2.679, "2006-03-31": "-15.41500", "2005-12-31": 32.337, "2005-09-30": -20.273, "2005-06-30": -5.673, "2005-03-31": "-8.30200"}, "Cash Flow From Financial Activities": {"2020-09-30": 986, "2020-06-30": -513, "2020-03-31": "9.00000", "2019-12-31": -103, "2019-09-30": -205, "2019-06-30": -257, "2019-03-31": "-223.00000", "2018-12-31": -175, "2018-09-30": 6, "2018-06-30": -489, "2018-03-31": "-45.00000", "2017-12-31": -8, "2017-09-30": 7, "2017-06-30": -7, "2017-03-31": "-521.00000", "2016-12-31": -7, "2016-09-30": -449, "2016-06-30": 930, "2016-03-31": "1574.00000", "2015-12-31": 976, "2015-09-30": 7, "2015-06-30": -3, "2015-03-31": "-29.00000", "2014-12-31": 978, "2014-09-30": 15, "2014-06-30": -52, "2014-03-31": "24.00000", "2013-12-31": -214, "2013-09-30": 28, "2013-06-30": -204, "2013-03-31": "548.00000", "2012-12-31": 155.979, "2012-09-30": 278.08, "2012-06-30": 643.927, "2012-03-31": "33.01400", "2011-12-31": 533.177, "2011-09-30": 5.561, "2011-06-30": -13.45, "2011-03-31": "-67.89100", "2010-12-31": 40.348, "2010-09-30": -2.2, "2010-06-30": -158.875, "2010-03-31": "-125.64800", "2009-12-31": -62.487, "2009-09-30": -118.021, "2009-06-30": -115.316, "2009-03-31": "142.78100", "2008-12-31": 30.852, "2008-09-30": 111.001, "2008-06-30": 6.853, "2008-03-31": "5.00700", "2007-12-31": 135.426, "2007-09-30": 221.206, "2007-06-30": 333.069, "2007-03-31": "323.64300", "2006-12-31": 261.683, "2006-09-30": -169.491, "2006-06-30": -90.261, "2006-03-31": "-915.47400", "2005-12-31": -181.883, "2005-09-30": 52.616, "2005-06-30": -536.165, "2005-03-31": "-688.20200"}, "Net Cash Flow": {"2020-09-30": 1142, "2020-06-30": -609, "2020-03-31": "153.00000", "2019-12-31": 192, "2019-09-30": -205, "2019-06-30": 207, "2019-03-31": "-314.00000", "2018-12-31": -94, "2018-09-30": 127, "2018-06-30": -209, "2018-03-31": "105.00000", "2017-12-31": 260, "2017-09-30": -24, "2017-06-30": -3, "2017-03-31": "-455.00000", "2016-12-31": 227, "2016-09-30": -934, "2016-06-30": 213, "2016-03-31": "221.00000", "2015-12-31": 810, "2015-09-30": 362, "2015-06-30": -164, "2015-03-31": "-642.00000", "2014-12-31": 475, "2014-09-30": 105, "2014-06-30": 188, "2014-03-31": "-136.00000", "2013-12-31": -351, "2013-09-30": 48, "2013-06-30": 266, "2013-03-31": "201.00000", "2012-12-31": -104.402, "2012-09-30": 16.117, "2012-06-30": 0.851, "2012-03-31": "-220.56600", "2011-12-31": 326.919, "2011-09-30": -141.856, "2011-06-30": -168.23, "2011-03-31": "409.49100", "2010-12-31": 32.995, "2010-09-30": -119.521, "2010-06-30": 163.146, "2010-03-31": "7.17200", "2009-12-31": -28.247, "2009-09-30": -8.708, "2009-06-30": 19.847, "2009-03-31": "-3.86100", "2008-12-31": -18.48, "2008-09-30": 23.535, "2008-06-30": 25.962, "2008-03-31": "5.14900", "2007-12-31": -7.1, "2007-09-30": -6.047, "2007-06-30": 11.968, "2007-03-31": "6.31700", "2006-12-31": -93.039, "2006-09-30": -356.97, "2006-06-30": 414.06, "2006-03-31": "24.18000", "2005-12-31": -45.706, "2005-09-30": 6.057, "2005-06-30": 42.412, "2005-03-31": "8.78200"}, "Stock-Based Compensation": {"2020-09-30": 0, "2020-06-30": 0, "2020-03-31": "", "2019-12-31": 0, "2019-09-30": 0, "2019-06-30": 0, "2019-03-31": "", "2018-12-31": 0, "2018-09-30": 0, "2018-06-30": 0, "2018-03-31": "", "2017-12-31": 0, "2017-09-30": 0, "2017-06-30": 0, "2017-03-31": "", "2016-12-31": 0, "2016-09-30": 0, "2016-06-30": 0, "2016-03-31": "", "2015-12-31": 0, "2015-09-30": 0, "2015-06-30": 0, "2015-03-31": "", "2014-12-31": 0, "2014-09-30": 0, "2014-06-30": 0, "2014-03-31": "", "2013-12-31": 0, "2013-09-30": 0, "2013-06-30": 0, "2013-03-31": "", "2012-12-31": 0, "2012-09-30": 0, "2012-06-30": 0, "2012-03-31": "", "2011-12-31": 0, "2011-09-30": 0, "2011-06-30": 0, "2011-03-31": "", "2010-12-31": 0, "2010-09-30": 0, "2010-06-30": 0, "2010-03-31": "", "2009-12-31": 0, "2009-09-30": 0, "2009-06-30": 0, "2009-03-31": "", "2008-12-31": 0, "2008-09-30": 0, "2008-06-30": 0, "2008-03-31": "", "2007-12-31": 0, "2007-09-30": 0, "2007-06-30": 0, "2007-03-31": "", "2006-12-31": 0, "2006-09-30": 0, "2006-06-30": 0, "2006-03-31": "", "2005-12-31": -19.619, "2005-09-30": 6.449, "2005-06-30": 8.018, "2005-03-31": "5.15200"}, "Common Stock Dividends Paid": {"2020-09-30": -91, "2020-06-30": -91, "2020-03-31": "-73.00000", "2019-12-31": -73, "2019-09-30": 0, "2019-06-30": -54, "2019-03-31": "0.00000", "2018-12-31": -28, "2018-09-30": 0, "2018-06-30": -27, "2018-03-31": "", "2017-12-31": -7, "2017-09-30": 0, "2017-06-30": -7, "2017-03-31": "", "2016-12-31": -6, "2016-09-30": 0, "2016-06-30": -7, "2016-03-31": "", "2015-12-31": -6, "2015-09-30": 0, "2015-06-30": -6, "2015-03-31": "", "2014-12-31": -6, "2014-09-30": 0, "2014-06-30": -6, "2014-03-31": "", "2013-12-31": -5, "2013-09-30": 0, "2013-06-30": -6, "2013-03-31": "", "2012-12-31": -4.972, "2012-09-30": 0, "2012-06-30": -4.985, "2012-03-31": "-0.04300", "2011-12-31": -4.744, "2011-09-30": 0, "2011-06-30": -4.739, "2011-03-31": "-0.07300", "2010-12-31": -4.705, "2010-09-30": 0, "2010-06-30": -4.718, "2010-03-31": "-0.06500", "2009-12-31": -4.691, "2009-09-30": 0, "2009-06-30": -4.679, "2009-03-31": "", "2008-12-31": -19.021, "2008-09-30": -0.003, "2008-06-30": -16.841, "2008-03-31": "-0.05200", "2007-12-31": -16.769, "2007-09-30": 0, "2007-06-30": -16.035, "2007-03-31": "", "2006-12-31": -16.216, "2006-09-30": 0, "2006-06-30": -15.51, "2006-03-31": "", "2005-12-31": -16.007, "2005-09-30": 0, "2005-06-30": -14.332, "2005-03-31": ""}}, "financial ratios": {"Current Ratio": {"2019-12-31": "0.87780", "2018-12-31": "1.41910", "2017-12-31": "1.41310", "2016-12-31": "2.10600", "2015-12-31": "2.18470", "2014-12-31": "1.66240", "2013-12-31": "1.38400", "2012-12-31": "1.01500", "2011-12-31": "1.31120", "2010-12-31": "1.55640", "2009-12-31": "1.07870", "2008-12-31": "0.70060", "2007-12-31": "0.76950", "2006-12-31": "0.60490", "2005-12-31": "0.60370"}, "Long-term Debt / Capital": {"2019-12-31": "0.13180", "2018-12-31": "0.15870", "2017-12-31": "0.16830", "2016-12-31": "0.20760", "2015-12-31": "0.27690", "2014-12-31": "0.23570", "2013-12-31": "0.28630", "2012-12-31": "0.38810", "2011-12-31": "0.30920", "2010-12-31": "0.38100", "2009-12-31": "0.43110", "2008-12-31": "0.44070", "2007-12-31": "0.47520", "2006-12-31": "0.33410", "2005-12-31": "0.48140"}, "Debt/Equity Ratio": {"2019-12-31": "0.18890", "2018-12-31": "0.18860", "2017-12-31": "0.24220", "2016-12-31": "0.30860", "2015-12-31": "0.43640", "2014-12-31": "0.30830", "2013-12-31": "0.40110", "2012-12-31": "0.63420", "2011-12-31": "0.44750", "2010-12-31": "0.61560", "2009-12-31": "0.75790", "2008-12-31": "0.78790", "2007-12-31": "0.90560", "2006-12-31": "0.50160", "2005-12-31": "0.92840"}, "Gross Margin": {"2019-12-31": "42.54080", "2018-12-31": "49.17690", "2017-12-31": "56.04030", "2016-12-31": "48.66940", "2015-12-31": "68.07720", "2014-12-31": "72.47630", "2013-12-31": "74.74030", "2012-12-31": "78.33170", "2011-12-31": "83.65020", "2010-12-31": "84.68470", "2009-12-31": "73.19510", "2008-12-31": "80.30900", "2007-12-31": "83.36220", "2006-12-31": "76.66640", "2005-12-31": "78.27190"}, "Operating Margin": {"2019-12-31": "16.83150", "2018-12-31": "23.79180", "2017-12-31": "13.29060", "2016-12-31": "-13.18750", "2015-12-31": "2.03900", "2014-12-31": "37.44090", "2013-12-31": "-6.42430", "2012-12-31": "38.48460", "2011-12-31": "33.75110", "2010-12-31": "44.12840", "2009-12-31": "3.94670", "2008-12-31": "28.82470", "2007-12-31": "28.34020", "2006-12-31": "29.01390", "2005-12-31": "38.13620"}, "EBIT Margin": {"2019-12-31": "16.83150", "2018-12-31": "23.79180", "2017-12-31": "13.29060", "2016-12-31": "-13.18750", "2015-12-31": "2.03900", "2014-12-31": "37.44090", "2013-12-31": "-6.42430", "2012-12-31": "38.48460", "2011-12-31": "33.75110", "2010-12-31": "44.12840", "2009-12-31": "3.94670", "2008-12-31": "28.82470", "2007-12-31": "28.34020", "2006-12-31": "29.01390", "2005-12-31": "38.13620"}, "EBITDA Margin": {"2019-12-31": "36.40370", "2018-12-31": "41.13650", "2017-12-31": "40.75160", "2016-12-31": "33.73740", "2015-12-31": "34.64150", "2014-12-31": "59.97630", "2013-12-31": "20.14760", "2012-12-31": "62.34630", "2011-12-31": "53.39010", "2010-12-31": "63.33490", "2009-12-31": "39.74480", "2008-12-31": "46.33530", "2007-12-31": "41.42330", "2006-12-31": "39.67880", "2005-12-31": "53.72400"}, "Pre-Tax Profit Margin": {"2019-12-31": "10.60830", "2018-12-31": "13.28730", "2017-12-31": "5.66450", "2016-12-31": "-28.35600", "2015-12-31": "-9.23040", "2014-12-31": "31.48660", "2013-12-31": "-15.69160", "2012-12-31": "27.65040", "2011-12-31": "23.71710", "2010-12-31": "32.81580", "2009-12-31": "-17.45050", "2008-12-31": "14.70190", "2007-12-31": "18.77100", "2006-12-31": "19.46810", "2005-12-31": "23.39940"}, "Net Profit Margin": {"2019-12-31": "8.12550", "2018-12-31": "10.38770", "2017-12-31": "15.27040", "2016-12-31": "-16.44000", "2015-12-31": "-5.98550", "2014-12-31": "18.33600", "2013-12-31": "-22.90870", "2012-12-31": "6.38090", "2011-12-31": "32.59970", "2010-12-31": "24.82740", "2009-12-31": "-4.05320", "2008-12-31": "10.13080", "2007-12-31": "20.53680", "2006-12-31": "49.44800", "2005-12-31": "37.50290"}, "Asset Turnover": {"2019-12-31": "0.48800", "2018-12-31": "0.52590", "2017-12-31": "0.32080", "2016-12-31": "0.20550", "2015-12-31": "0.30100", "2014-12-31": "0.34020", "2013-12-31": "0.29750", "2012-12-31": "0.23020", "2011-12-31": "0.21960", "2010-12-31": "0.24610", "2009-12-31": "0.14550", "2008-12-31": "0.22330", "2007-12-31": "0.20720", "2006-12-31": "0.20340", "2005-12-31": "0.19450"}, "Inventory Turnover Ratio": {"2019-12-31": "26.07810", "2018-12-31": "19.77270", "2017-12-31": "11.31130", "2016-12-31": "9.59120", "2015-12-31": "9.39350", "2014-12-31": "5.79250", "2013-12-31": "4.20000", "2012-12-31": "3.30870", "2011-12-31": "1.70070", "2010-12-31": "2.10100", "2009-12-31": "2.48520", "2008-12-31": "5.23890", "2007-12-31": "3.04230", "2006-12-31": "3.66930", "2005-12-31": "3.88800"}, "Receiveable Turnover": {"2019-12-31": "8.92900", "2018-12-31": "11.46770", "2017-12-31": "8.36660", "2016-12-31": "6.49140", "2015-12-31": "10.65650", "2014-12-31": "10.95460", "2013-12-31": "8.33260", "2012-12-31": "9.18500", "2011-12-31": "8.85520", "2010-12-31": "8.62300", "2009-12-31": "3.61680", "2008-12-31": "7.63070", "2007-12-31": "5.51140", "2006-12-31": "6.67660", "2005-12-31": "4.22140"}, "Days Sales In Receivables": {"2019-12-31": "40.87810", "2018-12-31": "31.82850", "2017-12-31": "43.62600", "2016-12-31": "56.22860", "2015-12-31": "34.25130", "2014-12-31": "33.31920", "2013-12-31": "43.80400", "2012-12-31": "39.73880", "2011-12-31": "41.21870", "2010-12-31": "42.32890", "2009-12-31": "100.91670", "2008-12-31": "47.83330", "2007-12-31": "66.22650", "2006-12-31": "54.66880", "2005-12-31": "86.46320"}, "ROE - Return On Equity": {"2019-12-31": "6.23810", "2018-12-31": "8.05050", "2017-12-31": "7.38540", "2016-12-31": "-5.34050", "2015-12-31": "-3.17610", "2014-12-31": "12.12020", "2013-12-31": "-5.45730", "2012-12-31": "9.27170", "2011-12-31": "7.21610", "2010-12-31": "12.11410", "2009-12-31": "-3.89740", "2008-12-31": "5.07880", "2007-12-31": "7.53090", "2006-12-31": "5.03290", "2005-12-31": "8.31290"}, "Return On Tangible Equity": {"2019-12-31": "6.37540", "2018-12-31": "8.22990", "2017-12-31": "7.56650", "2016-12-31": "-5.48380", "2015-12-31": "-3.28270", "2014-12-31": "12.51650", "2013-12-31": "-5.69310", "2012-12-31": "9.76810", "2011-12-31": "7.61800", "2010-12-31": "13.03380", "2009-12-31": "-4.25890", "2008-12-31": "5.54700", "2007-12-31": "8.38780", "2006-12-31": "5.61610", "2005-12-31": "9.67250"}, "ROA - Return On Assets": {"2019-12-31": "3.96500", "2018-12-31": "5.44600", "2017-12-31": "4.89910", "2016-12-31": "-3.37810", "2015-12-31": "-1.75530", "2014-12-31": "6.98240", "2013-12-31": "-2.93640", "2012-12-31": "4.16250", "2011-12-31": "3.56240", "2010-12-31": "5.28920", "2009-12-31": "-1.60120", "2008-12-31": "2.03980", "2007-12-31": "2.65920", "2006-12-31": "2.04230", "2005-12-31": "2.51470"}, "ROI - Return On Investment": {"2019-12-31": "5.41620", "2018-12-31": "6.77320", "2017-12-31": "6.14220", "2016-12-31": "-4.23170", "2015-12-31": "-2.29670", "2014-12-31": "9.26400", "2013-12-31": "-3.89510", "2012-12-31": "5.67350", "2011-12-31": "4.98520", "2010-12-31": "7.49810", "2009-12-31": "-2.21710", "2008-12-31": "2.84060", "2007-12-31": "3.95200", "2006-12-31": "3.35170", "2005-12-31": "4.31070"}, "Book Value Per Share": {"2019-12-31": "73.20580", "2018-12-31": "71.45180", "2017-12-31": "66.27340", "2016-12-31": "61.34080", "2015-12-31": "56.06510", "2014-12-31": "57.68110", "2013-12-31": "46.25870", "2012-12-31": "47.56400", "2011-12-31": "46.37550", "2010-12-31": "36.64960", "2009-12-31": "31.85140", "2008-12-31": "32.12350", "2007-12-31": "25.84560", "2006-12-31": "24.49830", "2005-12-31": "17.48060"}, "Operating Cash Flow Per Share": {"2019-12-31": -0.3064, "2018-12-31": 6.612, "2017-12-31": 3.311, "2016-12-31": 0.6133, "2015-12-31": -8.0078, "2014-12-31": 0.6512, "2013-12-31": 1.2, "2012-12-31": 1.7478, "2011-12-31": 1.7852, "2010-12-31": 6.2901, "2009-12-31": -4.0092, "2008-12-31": 2.3542, "2007-12-31": 0.4961, "2006-12-31": -3.1159, "2005-12-31": 9.0311}, "Free Cash Flow Per Share": {"2019-12-31": 0.6846, "2018-12-31": 1.0848, "2017-12-31": -1.1625, "2016-12-31": 3.5828, "2015-12-31": -1.6137, "2014-12-31": -2.1728, "2013-12-31": 8.7651, "2012-12-31": -9.3959, "2011-12-31": -2.9734, "2010-12-31": 2.3077, "2009-12-31": 2.1534, "2008-12-31": 7.3747, "2007-12-31": -15.4268, "2006-12-31": -2.5816, "2005-12-31": 9.6371}}, "financial ratios, quarterly": {"Current Ratio": {"2020-09-30": "1.43360", "2020-06-30": "0.75440", "2020-03-31": "0.99470", "2019-12-31": "0.87780", "2019-09-30": "0.78170", "2019-06-30": "0.86140", "2019-03-31": "0.98930", "2018-12-31": "1.41910", "2018-09-30": "1.19550", "2018-06-30": "1.08710", "2018-03-31": "1.25510", "2017-12-31": "1.41310", "2017-09-30": "1.69150", "2017-06-30": "1.96660", "2017-03-31": "3.08820", "2016-12-31": "2.10600", "2016-09-30": "2.50840", "2016-06-30": "2.56640", "2016-03-31": "2.28880", "2015-12-31": "2.18470", "2015-09-30": "2.09500", "2015-06-30": "1.26330", "2015-03-31": "1.45780", "2014-12-31": "1.66240", "2014-09-30": "1.03610", "2014-06-30": "0.94200", "2014-03-31": "1.24560", "2013-12-31": "1.38400", "2013-09-30": "1.26210", "2013-06-30": "1.44760", "2013-03-31": "1.23100", "2012-12-31": "1.01500", "2012-09-30": "1.59290", "2012-06-30": "1.13730", "2012-03-31": "1.23150", "2011-12-31": "1.31120", "2011-09-30": "1.42200", "2011-06-30": "1.41750", "2011-03-31": "1.77560", "2010-12-31": "1.55640", "2010-09-30": "1.15640", "2010-06-30": "1.21330", "2010-03-31": "1.12520", "2009-12-31": "1.07870", "2009-09-30": "0.81680", "2009-06-30": "0.83110", "2009-03-31": "0.90940", "2008-12-31": "0.70060", "2008-09-30": "0.84200", "2008-06-30": "0.64060", "2008-03-31": "0.67290", "2007-12-31": "0.76950", "2007-09-30": "1.30260", "2007-06-30": "0.67850", "2007-03-31": "0.55110", "2006-12-31": "0.60490", "2006-09-30": "0.58980", "2006-06-30": "1.01590", "2006-03-31": "1.21860", "2005-12-31": "0.60370", "2005-09-30": "0.57380", "2005-06-30": "0.61560", "2005-03-31": "0.52860"}, "Long-term Debt / Capital": {"2020-09-30": "0.21270", "2020-06-30": "0.14890", "2020-03-31": "0.14910", "2019-12-31": "0.13180", "2019-09-30": "0.13420", "2019-06-30": "0.13400", "2019-03-31": "0.13070", "2018-12-31": "0.15870", "2018-09-30": "0.16120", "2018-06-30": "0.16600", "2018-03-31": "0.16690", "2017-12-31": "0.16830", "2017-09-30": "0.17720", "2017-06-30": "0.17710", "2017-03-31": "0.20870", "2016-12-31": "0.20760", "2016-09-30": "0.20720", "2016-06-30": "0.20780", "2016-03-31": "0.21930", "2015-12-31": "0.27690", "2015-09-30": "0.22950", "2015-06-30": "0.24340", "2015-03-31": "0.23890", "2014-12-31": "0.23570", "2014-09-30": "0.27120", "2014-06-30": "0.28260", "2014-03-31": "0.28700", "2013-12-31": "0.28630", "2013-09-30": "0.26860", "2013-06-30": "0.26960", "2013-03-31": "0.29340", "2012-12-31": "0.38810", "2012-09-30": "0.38050", "2012-06-30": "0.36330", "2012-03-31": "0.31000", "2011-12-31": "0.30920", "2011-09-30": "0.33240", "2011-06-30": "0.34800", "2011-03-31": "0.36010", "2010-12-31": "0.38100", "2010-09-30": "0.37920", "2010-06-30": "0.38420", "2010-03-31": "0.40540", "2009-12-31": "0.43110", "2009-09-30": "0.44790", "2009-06-30": "0.45690", "2009-03-31": "0.45860", "2008-12-31": "0.44070", "2008-09-30": "0.44570", "2008-06-30": "0.45810", "2008-03-31": "0.47890", "2007-12-31": "0.47520", "2007-09-30": "0.46000", "2007-06-30": "0.41920", "2007-03-31": "0.38400", "2006-12-31": "0.33410", "2006-09-30": "0.28690", "2006-06-30": "0.30250", "2006-03-31": "0.28180", "2005-12-31": "0.48140", "2005-09-30": "0.47720", "2005-06-30": "0.34520", "2005-03-31": "0.42220"}, "Debt/Equity Ratio": {"2020-09-30": "0.28210", "2020-06-30": "0.18680", "2020-03-31": "0.21610", "2019-12-31": "0.18890", "2019-09-30": "0.19300", "2019-06-30": "0.19250", "2019-03-31": "0.18720", "2018-12-31": "0.18860", "2018-09-30": "0.19220", "2018-06-30": "0.19900", "2018-03-31": "0.23970", "2017-12-31": "0.24220", "2017-09-30": "0.25770", "2017-06-30": "0.25750", "2017-03-31": "0.26370", "2016-12-31": "0.30860", "2016-09-30": "0.30780", "2016-06-30": "0.35280", "2016-03-31": "0.37750", "2015-12-31": "0.43640", "2015-09-30": "0.29790", "2015-06-30": "0.32160", "2015-03-31": "0.31390", "2014-12-31": "0.30830", "2014-09-30": "0.37220", "2014-06-30": "0.39390", "2014-03-31": "0.40240", "2013-12-31": "0.40110", "2013-09-30": "0.36730", "2013-06-30": "0.36920", "2013-03-31": "0.41530", "2012-12-31": "0.63420", "2012-09-30": "0.61410", "2012-06-30": "0.57070", "2012-03-31": "0.44930", "2011-12-31": "0.44750", "2011-09-30": "0.49790", "2011-06-30": "0.53380", "2011-03-31": "0.56280", "2010-12-31": "0.61560", "2010-09-30": "0.61080", "2010-06-30": "0.62380", "2010-03-31": "0.68170", "2009-12-31": "0.75790", "2009-09-30": "0.81130", "2009-06-30": "0.84120", "2009-03-31": "0.84720", "2008-12-31": "0.78790", "2008-09-30": "0.80420", "2008-06-30": "0.84520", "2008-03-31": "0.91890", "2007-12-31": "0.90560", "2007-09-30": "0.85180", "2007-06-30": "0.72160", "2007-03-31": "0.62330", "2006-12-31": "0.50160", "2006-09-30": "0.40230", "2006-06-30": "0.43360", "2006-03-31": "0.39240", "2005-12-31": "0.92840", "2005-09-30": "0.91290", "2005-06-30": "0.52720", "2005-03-31": "0.73070"}, "Gross Margin": {"2020-09-30": "36.03310", "2020-06-30": "13.96970", "2020-03-31": "46.65490", "2019-12-31": "43.43550", "2019-09-30": "41.84950", "2019-06-30": "31.30530", "2019-03-31": "51.18110", "2018-12-31": "58.55120", "2018-09-30": "53.99840", "2018-06-30": "39.88630", "2018-03-31": "41.06980", "2017-12-31": "46.39580", "2017-09-30": "49.10030", "2017-06-30": "65.11630", "2017-03-31": "63.38460", "2016-12-31": "74.20690", "2016-09-30": "49.49410", "2016-06-30": "29.89820", "2016-03-31": "41.75180", "2015-12-31": "70.40690", "2015-09-30": "76.39700", "2015-06-30": "37.88820", "2015-03-31": "66.85850", "2014-12-31": "78.13430", "2014-09-30": "76.07400", "2014-06-30": "60.83690", "2014-03-31": "68.11440", "2013-12-31": "70.27030", "2013-09-30": "70.87980", "2013-06-30": "82.05350", "2013-03-31": "73.14210", "2012-12-31": "72.44350", "2012-09-30": "70.80330", "2012-06-30": "83.65090", "2012-03-31": "83.20110", "2011-12-31": "78.90840", "2011-09-30": "88.54540", "2011-06-30": "87.36430", "2011-03-31": "62.19370", "2010-12-31": "90.03460", "2010-09-30": "82.80680", "2010-06-30": "78.95120", "2010-03-31": "83.01760", "2009-12-31": "58.83910", "2009-09-30": "77.00100", "2009-06-30": "68.94530", "2009-03-31": "76.89170", "2008-12-31": "65.66030", "2008-09-30": "82.22570", "2008-06-30": "84.95230", "2008-03-31": "83.83150", "2007-12-31": "78.83580", "2007-09-30": "76.83140", "2007-06-30": "76.28380", "2007-03-31": "75.64840", "2006-12-31": "78.54200", "2006-09-30": "77.69960", "2006-06-30": "75.09930", "2006-03-31": "75.87730", "2005-12-31": "82.86580", "2005-09-30": "76.67760", "2005-06-30": "76.04650", "2005-03-31": "75.28840"}, "Operating Margin": {"2020-09-30": "6.50140", "2020-06-30": "-48.07920", "2020-03-31": "21.22290", "2019-12-31": "20.50700", "2019-09-30": "15.74190", "2019-06-30": "1.35210", "2019-03-31": "26.19150", "2018-12-31": "36.48250", "2018-09-30": "30.04850", "2018-06-30": "9.19000", "2018-03-31": "15.11630", "2017-12-31": "11.00920", "2017-09-30": "5.65550", "2017-06-30": "30.98500", "2017-03-31": "2.92310", "2016-12-31": "4.13790", "2016-09-30": "5.73360", "2016-06-30": "-36.00510", "2016-03-31": "-38.10220", "2015-12-31": "-97.65720", "2015-09-30": "50.55880", "2015-06-30": "-36.18010", "2015-03-31": "-1.49600", "2014-12-31": "45.51400", "2014-09-30": "47.32320", "2014-06-30": "16.95280", "2014-03-31": "27.43640", "2013-12-31": "-134.27030", "2013-09-30": "24.65920", "2013-06-30": "50.99220", "2013-03-31": "28.29210", "2012-12-31": "112.05720", "2012-09-30": "14.45590", "2012-06-30": "-1.58360", "2012-03-31": "39.40430", "2011-12-31": "-41.78610", "2011-09-30": "64.31900", "2011-06-30": "58.12340", "2011-03-31": "-22.51240", "2010-12-31": "58.74880", "2010-09-30": "40.95470", "2010-06-30": "25.66280", "2010-03-31": "39.77430", "2009-12-31": "-11.48300", "2009-09-30": "13.24950", "2009-06-30": "-17.95680", "2009-03-31": "13.53780", "2008-12-31": "6.79860", "2008-09-30": "16.08990", "2008-06-30": "50.78160", "2008-03-31": "45.67890", "2007-12-31": "29.39090", "2007-09-30": "40.46590", "2007-06-30": "20.84900", "2007-03-31": "22.07290", "2006-12-31": "21.77840", "2006-09-30": "39.27050", "2006-06-30": "36.66810", "2006-03-31": "15.93050", "2005-12-31": "46.36320", "2005-09-30": "35.95830", "2005-06-30": "36.77640", "2005-03-31": "28.03710"}, "EBIT Margin": {"2020-09-30": "6.50140", "2020-06-30": "-48.07920", "2020-03-31": "21.22290", "2019-12-31": "20.50700", "2019-09-30": "15.74190", "2019-06-30": "1.35210", "2019-03-31": "26.19150", "2018-12-31": "36.48250", "2018-09-30": "30.04850", "2018-06-30": "9.19000", "2018-03-31": "15.11630", "2017-12-31": "11.00920", "2017-09-30": "5.65550", "2017-06-30": "30.98500", "2017-03-31": "2.92310", "2016-12-31": "4.13790", "2016-09-30": "5.73360", "2016-06-30": "-36.00510", "2016-03-31": "-38.10220", "2015-12-31": "-97.65720", "2015-09-30": "50.55880", "2015-06-30": "-36.18010", "2015-03-31": "-1.49600", "2014-12-31": "45.51400", "2014-09-30": "47.32320", "2014-06-30": "16.95280", "2014-03-31": "27.43640", "2013-12-31": "-134.27030", "2013-09-30": "24.65920", "2013-06-30": "50.99220", "2013-03-31": "28.29210", "2012-12-31": "112.05730", "2012-09-30": "14.45590", "2012-06-30": "-1.58360", "2012-03-31": "39.40430", "2011-12-31": "-41.78610", "2011-09-30": "64.31900", "2011-06-30": "58.12340", "2011-03-31": "-22.51240", "2010-12-31": "58.74880", "2010-09-30": "40.95470", "2010-06-30": "25.66280", "2010-03-31": "39.77430", "2009-12-31": "-11.48300", "2009-09-30": "13.24950", "2009-06-30": "-17.95680", "2009-03-31": "13.53780", "2008-12-31": "6.79860", "2008-09-30": "16.08990", "2008-06-30": "50.78160", "2008-03-31": "45.67890", "2007-12-31": "29.39090", "2007-09-30": "40.46590", "2007-06-30": "20.84900", "2007-03-31": "22.07290", "2006-12-31": "21.77840", "2006-09-30": "39.27050", "2006-06-30": "36.66810", "2006-03-31": "15.93050", "2005-12-31": "46.36320", "2005-09-30": "35.95830", "2005-06-30": "36.77640", "2005-03-31": "28.03710"}, "EBITDA Margin": {"2020-09-30": "", "2020-06-30": "", "2020-03-31": "", "2019-12-31": "", "2019-09-30": "", "2019-06-30": "", "2019-03-31": "", "2018-12-31": "", "2018-09-30": "", "2018-06-30": "", "2018-03-31": "", "2017-12-31": "", "2017-09-30": "", "2017-06-30": "", "2017-03-31": "", "2016-12-31": "", "2016-09-30": "", "2016-06-30": "", "2016-03-31": "", "2015-12-31": "", "2015-09-30": "", "2015-06-30": "", "2015-03-31": "", "2014-12-31": "", "2014-09-30": "", "2014-06-30": "", "2014-03-31": "", "2013-12-31": "", "2013-09-30": "", "2013-06-30": "", "2013-03-31": "", "2012-12-31": "", "2012-09-30": "", "2012-06-30": "", "2012-03-31": "", "2011-12-31": "", "2011-09-30": "", "2011-06-30": "", "2011-03-31": "", "2010-12-31": "", "2010-09-30": "", "2010-06-30": "", "2010-03-31": "", "2009-12-31": "", "2009-09-30": "", "2009-06-30": "", "2009-03-31": "", "2008-12-31": "", "2008-09-30": "", "2008-06-30": "", "2008-03-31": "", "2007-12-31": "", "2007-09-30": "", "2007-06-30": "", "2007-03-31": "", "2006-12-31": "", "2006-09-30": "", "2006-06-30": "", "2006-03-31": "", "2005-12-31": "", "2005-09-30": "", "2005-06-30": "", "2005-03-31": ""}, "Pre-Tax Profit Margin": {"2020-09-30": "-0.88150", "2020-06-30": "-62.63100", "2020-03-31": "16.17190", "2019-12-31": "16.91260", "2019-09-30": "13.03230", "2019-06-30": "-11.23250", "2019-03-31": "18.77330", "2018-12-31": "15.38460", "2018-09-30": "21.36510", "2018-06-30": "3.88440", "2018-03-31": "10.60470", "2017-12-31": "4.06290", "2017-09-30": "-2.91350", "2017-06-30": "24.21340", "2017-03-31": "-5.61540", "2016-12-31": "-11.58620", "2016-09-30": "-4.72180", "2016-06-30": "-52.29010", "2016-03-31": "-59.56210", "2015-12-31": "-119.97530", "2015-09-30": "44.83680", "2015-06-30": "-52.79500", "2015-03-31": "-12.77330", "2014-12-31": "39.63160", "2014-09-30": "42.76270", "2014-06-30": "9.33480", "2014-03-31": "20.76270", "2013-12-31": "-147.78380", "2013-09-30": "15.73730", "2013-06-30": "45.12510", "2013-03-31": "18.64410", "2012-12-31": "86.90950", "2012-09-30": "0.00290", "2012-06-30": "-10.52750", "2012-03-31": "41.80790", "2011-12-31": "-55.46450", "2011-09-30": "57.74990", "2011-06-30": "50.78410", "2011-03-31": "-47.42660", "2010-12-31": "-2.61070", "2010-09-30": "29.48140", "2010-06-30": "51.50870", "2010-03-31": "79.05430", "2009-12-31": "-45.85570", "2009-09-30": "-3.93860", "2009-06-30": "-48.33400", "2009-03-31": "-2.21480", "2008-12-31": "-17.93130", "2008-09-30": "2.65800", "2008-06-30": "42.75640", "2008-03-31": "36.39410", "2007-12-31": "19.74380", "2007-09-30": "31.41410", "2007-06-30": "11.97130", "2007-03-31": "11.61060", "2006-12-31": "12.89160", "2006-09-30": "29.61280", "2006-06-30": "28.04800", "2006-03-31": "5.03180", "2005-12-31": "34.49290", "2005-09-30": "19.84000", "2005-06-30": "22.89300", "2005-03-31": "14.88360"}, "Net Profit Margin": {"2020-09-30": "-1.10190", "2020-06-30": "-51.10590", "2020-03-31": "12.80460", "2019-12-31": "13.01550", "2019-09-30": "9.93550", "2019-06-30": "-8.78840", "2019-03-31": "14.50480", "2018-12-31": "12.06120", "2018-09-30": "16.59940", "2018-06-30": "3.12650", "2018-03-31": "8.27910", "2017-12-31": "43.57800", "2017-09-30": "-1.97090", "2017-06-30": "15.93710", "2017-03-31": "-3.23080", "2016-12-31": "-5.93100", "2016-09-30": "1.85500", "2016-06-30": "-34.09670", "2016-03-31": "-38.97810", "2015-12-31": "-76.81870", "2015-09-30": "28.87800", "2015-06-30": "-33.85090", "2015-03-31": "-8.97580", "2014-12-31": "25.66850", "2014-09-30": "24.71910", "2014-06-30": "0.10730", "2014-03-31": "13.02970", "2013-12-31": "-147.78380", "2013-09-30": "11.27630", "2013-06-30": "29.07680", "2013-03-31": "13.16820", "2012-12-31": "4.57500", "2012-09-30": "3.06560", "2012-06-30": "-7.69710", "2012-03-31": "27.04680", "2011-12-31": "-23.43830", "2011-09-30": "35.04330", "2011-06-30": "29.89740", "2011-03-31": "130.99510", "2010-12-31": "9.32680", "2010-09-30": "18.66620", "2010-06-30": "36.60520", "2010-03-31": "47.32130", "2009-12-31": "38.69330", "2009-09-30": "-1.82300", "2009-06-30": "-31.90590", "2009-03-31": "-3.07060", "2008-12-31": "-13.85130", "2008-09-30": "-0.86830", "2008-06-30": "23.87890", "2008-03-31": "21.57980", "2007-12-31": "38.56350", "2007-09-30": "20.79630", "2007-06-30": "8.21010", "2007-03-31": "8.05650", "2006-12-31": "9.48570", "2006-09-30": "20.31690", "2006-06-30": "21.27020", "2006-03-31": "138.39460", "2005-12-31": "20.36440", "2005-09-30": "31.05330", "2005-06-30": "55.81110", "2005-03-31": "25.84460"}, "Asset Turnover": {"2020-09-30": "0.09560", "2020-06-30": "0.04800", "2020-03-31": "0.11850", "2019-12-31": "0.13860", "2019-09-30": "0.12860", "2019-06-30": "0.10620", "2019-03-31": "0.13150", "2018-12-31": "0.14960", "2018-09-30": "0.13740", "2018-06-30": "0.12100", "2018-03-31": "0.12410", "2017-12-31": "0.08970", "2017-09-30": "0.07090", "2017-06-30": "0.08990", "2017-03-31": "0.08250", "2016-12-31": "0.04400", "2016-09-30": "0.07260", "2016-06-30": "0.04680", "2016-03-31": "0.04240", "2015-12-31": "0.05350", "2015-09-30": "0.14950", "2015-06-30": "0.04600", "2015-03-31": "0.06060", "2014-12-31": "0.11290", "2014-09-30": "0.11400", "2014-06-30": "0.07330", "2014-03-31": "0.07570", "2013-12-31": "0.07520", "2013-09-30": "0.05550", "2013-06-30": "0.08180", "2013-03-31": "0.05570", "2012-12-31": "0.05290", "2012-09-30": "0.04800", "2012-06-30": "0.07300", "2012-03-31": "0.06520", "2011-12-31": "0.04050", "2011-09-30": "0.08950", "2011-06-30": "0.07780", "2011-03-31": "0.02610", "2010-12-31": "0.08700", "2010-09-30": "0.06300", "2010-06-30": "0.04900", "2010-03-31": "0.05650", "2009-12-31": "0.01650", "2009-09-30": "0.04530", "2009-06-30": "0.03080", "2009-03-31": "0.05280", "2008-12-31": "0.05160", "2008-09-30": "0.06650", "2008-06-30": "0.07060", "2008-03-31": "0.06690", "2007-12-31": "0.06160", "2007-09-30": "0.05730", "2007-06-30": "0.05460", "2007-03-31": "0.04770", "2006-12-31": "0.03970", "2006-09-30": "0.05680", "2006-06-30": "0.05860", "2006-03-31": "0.05520", "2005-12-31": "0.09430", "2005-09-30": "0.05510", "2005-06-30": "0.04810", "2005-03-31": "0.04760"}, "Inventory Turnover Ratio": {"2020-09-30": "6.07850", "2020-06-30": "4.34710", "2020-03-31": "6.40430", "2019-12-31": "7.29270", "2019-09-30": "5.49590", "2019-06-30": "5.30520", "2019-03-31": "4.65610", "2018-12-31": "4.58680", "2018-09-30": "4.23420", "2018-06-30": "5.37710", "2018-03-31": "5.81190", "2017-12-31": "3.85850", "2017-09-30": "3.17650", "2017-06-30": "2.65630", "2017-03-31": "2.38000", "2016-12-31": "1.03310", "2016-09-30": "3.76730", "2016-06-30": "3.33940", "2016-03-31": "2.60780", "2015-12-31": "1.54840", "2015-09-30": "2.21850", "2015-06-30": "1.48700", "2015-03-31": "1.08270", "2014-12-31": "1.52700", "2014-09-30": "1.52740", "2014-06-30": "1.65160", "2014-03-31": "1.30300", "2013-12-31": "1.25000", "2013-09-30": "1.03780", "2013-06-30": "1.04710", "2013-03-31": "0.88260", "2012-12-31": "0.96650", "2012-09-30": "0.64770", "2012-06-30": "0.54080", "2012-03-31": "0.46750", "2011-12-31": "0.40430", "2011-09-30": "0.43270", "2011-06-30": "0.43460", "2011-03-31": "0.52650", "2010-12-31": "0.48350", "2010-09-30": "0.55270", "2010-06-30": "0.76810", "2010-03-31": "0.71300", "2009-12-31": "0.43300", "2009-09-30": "0.61920", "2009-06-30": "0.71210", "2009-03-31": "1.61530", "2008-12-31": "2.11060", "2008-09-30": "0.73330", "2008-06-30": "0.73750", "2008-03-31": "0.76070", "2007-12-31": "1.15100", "2007-09-30": "1.14800", "2007-06-30": "0.97140", "2007-03-31": "0.93510", "2006-12-31": "0.65840", "2006-09-30": "0.80990", "2006-06-30": "0.88910", "2006-03-31": "1.05270", "2005-12-31": "1.48700", "2005-09-30": "1.42580", "2005-06-30": "1.41500", "2005-03-31": "1.96200"}, "Receiveable Turnover": {"2020-09-30": "2.65350", "2020-06-30": "1.46340", "2020-03-31": "4.00180", "2019-12-31": "2.53650", "2019-09-30": "2.70660", "2019-06-30": "2.41890", "2019-03-31": "2.73270", "2018-12-31": "3.26190", "2018-09-30": "2.80410", "2018-06-30": "2.45470", "2018-03-31": "2.58100", "2017-12-31": "2.34050", "2017-09-30": "1.79540", "2017-06-30": "2.97150", "2017-03-31": "3.02330", "2016-12-31": "1.39160", "2016-09-30": "2.50740", "2016-06-30": "1.79450", "2016-03-31": "1.93500", "2015-12-31": "1.89490", "2015-09-30": "5.41650", "2015-06-30": "1.56310", "2015-03-31": "2.38080", "2014-12-31": "3.63500", "2014-09-30": "2.95510", "2014-06-30": "1.97460", "2014-03-31": "2.15030", "2013-12-31": "2.10710", "2013-09-30": "1.90500", "2013-06-30": "3.29810", "2013-03-31": "2.12690", "2012-12-31": "2.10970", "2012-09-30": "1.98080", "2012-06-30": "3.60120", "2012-03-31": "2.62310", "2011-12-31": "1.63170", "2011-09-30": "3.50640", "2011-06-30": "2.95100", "2011-03-31": "0.84830", "2010-12-31": "3.04940", "2010-09-30": "2.66210", "2010-06-30": "2.08320", "2010-03-31": "1.91290", "2009-12-31": "0.41040", "2009-09-30": "2.55540", "2009-06-30": "1.50270", "2009-03-31": "2.65840", "2008-12-31": "1.76280", "2008-09-30": "1.74790", "2008-06-30": "1.51080", "2008-03-31": "1.74170", "2007-12-31": "1.63920", "2007-09-30": "1.49410", "2007-06-30": "1.70460", "2007-03-31": "1.62160", "2006-12-31": "1.30260", "2006-09-30": "2.46290", "2006-06-30": "2.47880", "2006-03-31": "2.09680", "2005-12-31": "2.04730", "2005-09-30": "1.54270", "2005-06-30": "1.25370", "2005-03-31": "1.45660"}, "Days Sales In Receivables": {"2020-09-30": "33.91740", "2020-06-30": "61.50180", "2020-03-31": "22.49000", "2019-12-31": "35.48240", "2019-09-30": "33.25160", "2019-06-30": "37.20750", "2019-03-31": "32.93410", "2018-12-31": "27.59150", "2018-09-30": "32.09610", "2018-06-30": "36.66510", "2018-03-31": "34.86980", "2017-12-31": "38.45350", "2017-09-30": "50.12850", "2017-06-30": "30.28730", "2017-03-31": "29.76920", "2016-12-31": "64.67590", "2016-09-30": "35.89380", "2016-06-30": "50.15270", "2016-03-31": "46.51100", "2015-12-31": "47.49690", "2015-09-30": "16.61600", "2015-06-30": "57.57760", "2015-03-31": "37.80210", "2014-12-31": "24.75940", "2014-09-30": "30.45610", "2014-06-30": "45.57940", "2014-03-31": "41.85380", "2013-12-31": "42.71350", "2013-09-30": "47.24390", "2013-06-30": "27.28850", "2013-03-31": "42.31420", "2012-12-31": "42.66070", "2012-09-30": "45.43540", "2012-06-30": "24.99190", "2012-03-31": "34.31040", "2011-12-31": "55.15880", "2011-09-30": "25.66740", "2011-06-30": "30.49810", "2011-03-31": "106.10070", "2010-12-31": "29.51370", "2010-09-30": "33.80770", "2010-06-30": "43.20330", "2010-03-31": "47.04870", "2009-12-31": "219.29900", "2009-09-30": "35.21980", "2009-06-30": "59.89410", "2009-03-31": "33.85480", "2008-12-31": "51.05630", "2008-09-30": "51.49060", "2008-06-30": "59.57110", "2008-03-31": "51.67470", "2007-12-31": "54.90640", "2007-09-30": "60.23630", "2007-06-30": "52.79920", "2007-03-31": "55.50140", "2006-12-31": "69.09110", "2006-09-30": "36.54290", "2006-06-30": "36.30850", "2006-03-31": "42.92350", "2005-12-31": "43.95950", "2005-09-30": "58.34090", "2005-06-30": "71.78600", "2005-03-31": "61.78570"}, "ROE - Return On Equity": {"2020-09-30": "-0.17160", "2020-06-30": "-3.73940", "2020-03-31": "2.36670", "2019-12-31": "2.83850", "2019-09-30": "1.94840", "2019-06-30": "-1.42300", "2019-03-31": "2.86670", "2018-12-31": "2.66700", "2018-09-30": "3.45550", "2018-06-30": "0.54860", "2018-03-31": "1.56110", "2017-12-31": "5.89590", "2017-09-30": "-0.21700", "2017-06-30": "2.19770", "2017-03-31": "-0.40590", "2016-12-31": "-0.41300", "2016-09-30": "0.21090", "2016-06-30": "-2.58040", "2016-03-31": "-2.75400", "2015-12-31": "-7.43880", "2015-09-30": "7.21520", "2015-06-30": "-2.61190", "2015-03-31": "-0.87070", "2014-12-31": "5.00640", "2014-09-30": "5.74580", "2014-06-30": "0.81480", "2014-03-31": "2.15650", "2013-12-31": "-13.19730", "2013-09-30": "1.01770", "2013-06-30": "4.44550", "2013-03-31": "1.27990", "2012-12-31": "6.74730", "2012-09-30": "-0.18270", "2012-06-30": "-0.89550", "2012-03-31": "3.60490", "2011-12-31": "-3.01050", "2011-09-30": "7.41380", "2011-06-30": "5.57990", "2011-03-31": "-1.67070", "2010-12-31": "0.27970", "2010-09-30": "2.32070", "2010-06-30": "3.61840", "2010-03-31": "6.61220", "2009-12-31": "-0.86790", "2009-09-30": "-0.29070", "2009-06-30": "-2.54860", "2009-03-31": "-0.27110", "2008-12-31": "-1.69780", "2008-09-30": "0.08150", "2008-06-30": "4.97620", "2008-03-31": "4.15480", "2007-12-31": "2.77230", "2007-09-30": "3.03510", "2007-06-30": "1.18410", "2007-03-31": "0.93930", "2006-12-31": "0.22790", "2006-09-30": "2.64360", "2006-06-30": "2.26030", "2006-03-31": "-0.03270", "2005-12-31": "6.33460", "2005-09-30": "2.89580", "2005-06-30": "0.84020", "2005-03-31": "1.07670"}, "Return On Tangible Equity": {"2020-09-30": "-0.17550", "2020-06-30": "-3.82440", "2020-03-31": "2.41840", "2019-12-31": "2.90100", "2019-09-30": "1.99220", "2019-06-30": "-1.45510", "2019-03-31": "2.93010", "2018-12-31": "2.72640", "2018-09-30": "3.53490", "2018-06-30": "0.56170", "2018-03-31": "1.59890", "2017-12-31": "6.04050", "2017-09-30": "-0.22270", "2017-06-30": "2.25510", "2017-03-31": "-0.41680", "2016-12-31": "-0.42410", "2016-09-30": "0.21660", "2016-06-30": "-2.64980", "2016-03-31": "-2.83350", "2015-12-31": "-7.68850", "2015-09-30": "7.44060", "2015-06-30": "-2.70030", "2015-03-31": "-0.89950", "2014-12-31": "5.17010", "2014-09-30": "5.97300", "2014-06-30": "0.84930", "2014-03-31": "2.24810", "2013-12-31": "-13.76750", "2013-09-30": "1.05570", "2013-06-30": "4.61430", "2013-03-31": "1.33470", "2012-12-31": "7.10860", "2012-09-30": "-0.19240", "2012-06-30": "-0.94440", "2012-03-31": "3.79910", "2011-12-31": "-3.17810", "2011-09-30": "7.86500", "2011-06-30": "5.94820", "2011-03-31": "-1.78780", "2010-12-31": "0.30100", "2010-09-30": "2.50010", "2010-06-30": "3.90570", "2010-03-31": "7.18350", "2009-12-31": "-0.94840", "2009-09-30": "-0.31860", "2009-06-30": "-2.79360", "2009-03-31": "-0.29650", "2008-12-31": "-1.85430", "2008-09-30": "0.08940", "2008-06-30": "5.52510", "2008-03-31": "4.62610", "2007-12-31": "3.08780", "2007-09-30": "3.37780", "2007-06-30": "1.31600", "2007-03-31": "1.04810", "2006-12-31": "0.25430", "2006-09-30": "2.95240", "2006-06-30": "2.53060", "2006-03-31": "-0.03660", "2005-12-31": "7.37060", "2005-09-30": "3.38430", "2005-06-30": "0.95050", "2005-03-31": "1.22740"}, "ROA - Return On Assets": {"2020-09-30": "-0.10540", "2020-06-30": "-2.45170", "2020-03-31": "1.51700", "2019-12-31": "1.80420", "2019-09-30": "1.27780", "2019-06-30": "-0.93340", "2019-03-31": "1.90680", "2018-12-31": "1.80420", "2018-09-30": "2.28030", "2018-06-30": "0.36110", "2018-03-31": "1.02750", "2017-12-31": "3.91110", "2017-09-30": "-0.13970", "2017-06-30": "1.43200", "2017-03-31": "-0.26670", "2016-12-31": "-0.26130", "2016-09-30": "0.13480", "2016-06-30": "-1.59450", "2016-03-31": "-1.65110", "2015-12-31": "-4.11110", "2015-09-30": "4.33010", "2015-06-30": "-1.54980", "2015-03-31": "-0.51580", "2014-12-31": "2.88420", "2014-09-30": "3.09670", "2014-06-30": "0.43270", "2014-03-31": "1.16330", "2013-12-31": "-7.10100", "2013-09-30": "0.54310", "2013-06-30": "2.40070", "2013-03-31": "0.67580", "2012-12-31": "3.02920", "2012-09-30": "-0.08270", "2012-06-30": "-0.41010", "2012-03-31": "1.74850", "2011-12-31": "-1.48620", "2011-09-30": "3.50720", "2011-06-30": "2.59560", "2011-03-31": "-0.75880", "2010-12-31": "0.12210", "2010-09-30": "1.03780", "2010-06-30": "1.61140", "2010-03-31": "2.86200", "2009-12-31": "-0.35660", "2009-09-30": "-0.11830", "2009-06-30": "-1.01710", "2009-03-31": "-0.10870", "2008-12-31": "-0.68190", "2008-09-30": "0.03150", "2008-06-30": "1.69740", "2008-03-31": "1.44930", "2007-12-31": "0.97890", "2007-09-30": "1.08750", "2007-06-30": "0.44960", "2007-03-31": "0.36380", "2006-12-31": "0.09250", "2006-09-30": "1.12170", "2006-06-30": "0.93220", "2006-03-31": "-0.01360", "2005-12-31": "1.91620", "2005-09-30": "0.85110", "2005-06-30": "0.32150", "2005-03-31": "0.39220"}, "ROI - Return On Investment": {"2020-09-30": "-0.13510", "2020-06-30": "-3.18250", "2020-03-31": "2.01380", "2019-12-31": "2.46450", "2019-09-30": "1.68690", "2019-06-30": "-1.23240", "2019-03-31": "2.49200", "2018-12-31": "2.24380", "2018-09-30": "2.89840", "2018-06-30": "0.45750", "2018-03-31": "1.30060", "2017-12-31": "4.90340", "2017-09-30": "-0.17860", "2017-06-30": "1.80860", "2017-03-31": "-0.32120", "2016-12-31": "-0.32730", "2016-09-30": "0.16720", "2016-06-30": "-2.04410", "2016-03-31": "-2.14990", "2015-12-31": "-5.37900", "2015-09-30": "5.55940", "2015-06-30": "-1.97630", "2015-03-31": "-0.66270", "2014-12-31": "3.82660", "2014-09-30": "4.18750", "2014-06-30": "0.58450", "2014-03-31": "1.53760", "2013-12-31": "-9.41950", "2013-09-30": "0.74430", "2013-06-30": "3.24690", "2013-03-31": "0.90440", "2012-12-31": "4.12880", "2012-09-30": "-0.11320", "2012-06-30": "-0.57010", "2012-03-31": "2.48740", "2011-12-31": "-2.07980", "2011-09-30": "4.94950", "2011-06-30": "3.63780", "2011-03-31": "-1.06910", "2010-12-31": "0.17310", "2010-09-30": "1.44070", "2010-06-30": "2.22830", "2010-03-31": "3.93180", "2009-12-31": "-0.49370", "2009-09-30": "-0.16050", "2009-06-30": "-1.38420", "2009-03-31": "-0.14680", "2008-12-31": "-0.94960", "2008-09-30": "0.04520", "2008-06-30": "2.69680", "2008-03-31": "2.16520", "2007-12-31": "1.45480", "2007-09-30": "1.63900", "2007-06-30": "0.68780", "2007-03-31": "0.57860", "2006-12-31": "0.15170", "2006-09-30": "1.88520", "2006-06-30": "1.57660", "2006-03-31": "-0.02350", "2005-12-31": "3.28480", "2005-09-30": "1.51380", "2005-06-30": "0.55020", "2005-03-31": "0.62210"}, "Book Value Per Share": {"2020-09-30": "70.88680", "2020-06-30": "71.46510", "2020-03-31": "74.06760", "2019-12-31": "73.20580", "2019-09-30": "71.57560", "2019-06-30": "71.06230", "2019-03-31": "72.49050", "2018-12-31": "71.45180", "2018-09-30": "69.77510", "2018-06-30": "67.39400", "2018-03-31": "66.90570", "2017-12-31": "66.27340", "2017-09-30": "62.27490", "2017-06-30": "62.32910", "2017-03-31": "60.83700", "2016-12-31": "61.34080", "2016-09-30": "61.46080", "2016-06-30": "61.23750", "2016-03-31": "59.27600", "2015-12-31": "56.06510", "2015-09-30": "60.06550", "2015-06-30": "55.75840", "2015-03-31": "57.04030", "2014-12-31": "57.68110", "2014-09-30": "50.02100", "2014-06-30": "47.20280", "2014-03-31": "47.02100", "2013-12-31": "46.25870", "2013-09-30": "55.98120", "2013-06-30": "55.20340", "2013-03-31": "53.24610", "2012-12-31": "47.56400", "2012-09-30": "47.06660", "2012-06-30": "46.79140", "2012-03-31": "47.41080", "2011-12-31": "46.37550", "2011-09-30": "44.66410", "2011-06-30": "41.42980", "2011-03-31": "39.18940", "2010-12-31": "36.64960", "2010-09-30": "36.07230", "2010-06-30": "35.24180", "2010-03-31": "33.74980", "2009-12-31": "31.85140", "2009-09-30": "30.91340", "2009-06-30": "31.05620", "2009-03-31": "31.86310", "2008-12-31": "32.12350", "2008-09-30": "29.85630", "2008-06-30": "26.38640", "2008-03-31": "25.81090", "2007-12-31": "25.84560", "2007-09-30": "26.07100", "2007-06-30": "25.51040", "2007-03-31": "24.58160", "2006-12-31": "24.49830", "2006-09-30": "24.35320", "2006-06-30": "23.68800", "2006-03-31": "23.26950", "2005-12-31": "17.48060", "2005-09-30": "15.92250", "2005-06-30": "18.64470", "2005-03-31": "17.42120"}, "Operating Cash Flow Per Share": {"2020-09-30": 2.3758, "2020-06-30": 2.024, "2020-03-31": "4.96990", "2019-12-31": 4.9581, "2019-09-30": 5.4029, "2019-06-30": 4.7177, "2019-03-31": "3.57400", "2018-12-31": 5.3451, "2018-09-30": 5.1111, "2018-06-30": 5.2573, "2018-03-31": "3.24560", "2017-12-31": 4.6942, "2017-09-30": 2.6705, "2017-06-30": 2.8412, "2017-03-31": "2.14120", "2016-12-31": 3.3949, "2016-09-30": 2.4766, "2016-06-30": 2.4856, "2016-03-31": "0.67900", "2015-12-31": 3.1628, "2015-09-30": 2.3607, "2015-06-30": 2.2013, "2015-03-31": "0.69800", "2014-12-31": 3.8572, "2014-09-30": 4.3007, "2014-06-30": 5.014, "2014-03-31": "3.25870", "2013-12-31": 4.2326, "2013-09-30": 4.8058, "2013-06-30": 4.0342, "2013-03-31": "2.70680", "2012-12-31": 3.553, "2012-09-30": 3.5045, "2012-06-30": 4.1469, "2012-03-31": "3.37500", "2011-12-31": 4.0335, "2011-09-30": 4.0385, "2011-06-30": 3.5236, "2011-03-31": "1.23600", "2010-12-31": 3.2743, "2010-09-30": 1.7964, "2010-06-30": 3.383, "2010-03-31": "2.59270", "2009-12-31": 1.1565, "2009-09-30": 1.4211, "2009-06-30": 1.9649, "2009-03-31": "0.21380", "2008-12-31": 2.0416, "2008-09-30": 2.6345, "2008-06-30": 2.7761, "2008-03-31": "1.50250", "2007-12-31": 2.072, "2007-09-30": 1.5875, "2007-06-30": 1.7705, "2007-03-31": "1.05870", "2006-12-31": 0.7337, "2006-09-30": 1.5025, "2006-06-30": 1.1721, "2006-03-31": "2.50690", "2005-12-31": 3.2024, "2005-09-30": 2.288, "2005-06-30": 2.1636, "2005-03-31": "2.06080"}, "Free Cash Flow Per Share": {"2020-09-30": 0.9454, "2020-06-30": -0.5705, "2020-03-31": "0.86750", "2019-12-31": 1.4312, "2019-09-30": -0.007, "2019-06-30": 0.0405, "2019-03-31": "-1.20120", "2018-12-31": -0.5907, "2018-09-30": 0.9825, "2018-06-30": 1, "2018-03-31": "-1.81290", "2017-12-31": 0.3, "2017-09-30": -1.4647, "2017-06-30": 0.1117, "2017-03-31": "-0.45290", "2016-12-31": 0.1331, "2016-09-30": 3.0357, "2016-06-30": -0.8023, "2016-03-31": "-2.70990", "2015-12-31": -1.1329, "2015-09-30": 2.4013, "2015-06-30": -1.0805, "2015-03-31": "-4.11410", "2014-12-31": -3.5013, "2014-09-30": 0.6294, "2014-06-30": 1.6783, "2014-03-31": "-1.11890", "2013-12-31": -1.1685, "2013-09-30": 0.1439, "2013-06-30": 3.4939, "2013-03-31": "-2.60900", "2012-12-31": -1.9057, "2012-09-30": -2.1166, "2012-06-30": -2.8739, "2012-03-31": "-2.00860", "2011-12-31": -1.7707, "2011-09-30": -1.1571, "2011-06-30": -1.0209, "2011-03-31": "4.43980", "2010-12-31": 0.4205, "2010-09-30": -0.8778, "2010-06-30": 2.7715, "2010-03-31": "1.15030", "2009-12-31": 0.2995, "2009-09-30": 0.958, "2009-06-30": 1.1829, "2009-03-31": "-1.28360", "2008-12-31": -0.4405, "2008-09-30": -0.7389, "2008-06-30": 0.1601, "2008-03-31": "0.00120", "2007-12-31": -1.3537, "2007-09-30": -1.9135, "2007-06-30": -2.6199, "2007-03-31": "-2.58530", "2006-12-31": -2.8454, "2006-09-30": -1.2249, "2006-06-30": 3.721, "2006-03-31": "7.40480", "2005-12-31": 1.7157, "2005-09-30": -0.1187, "2005-06-30": 4.0342, "2005-03-31": "4.73550"}}, "revenue": {"Pioneer Natural Resources Annual Revenue (Millions of US $)": {"2019": "$9,304", "2018": "$9,415", "2017": "$5,455", "2016": "$3,382", "2015": "$4,561", "2014": "$5,072", "2013": "$3,658", "2012": "$3,009", "2011": "$2,513", "2010": "$2,382", "2009": "$1,290", "2008": "$2,046", "2007": "$1,785", "2006": "$1,496", "2005": "$1,425"}, "Pioneer Natural Resources Quarterly Revenue (Millions of US $)": {"2020-09-30": "$1,815", "2020-06-30": "$859", "2020-03-31": "$2,257", "2019-12-31": "$2,643", "2019-09-30": "$2,325", "2019-06-30": "$1,923", "2019-03-31": "$2,413", "2018-12-31": "$2,678", "2018-09-30": "$2,476", "2018-06-30": "$2,111", "2018-03-31": "$2,150", "2017-12-31": "$1,526", "2017-09-30": "$1,167", "2017-06-30": "$1,462", "2017-03-31": "$1,300", "2016-12-31": "$725", "2016-09-30": "$1,186", "2016-06-30": "$786", "2016-03-31": "$685", "2015-12-31": "$811", "2015-09-30": "$2,237", "2015-06-30": "$644", "2015-03-31": "$869", "2014-12-31": "$1,683", "2014-09-30": "$1,513", "2014-06-30": "$932", "2014-03-31": "$944", "2013-12-31": "$925", "2013-09-30": "$807", "2013-06-30": "$1,159", "2013-03-31": "$767", "2012-12-31": "$691", "2012-09-30": "$615", "2012-06-30": "$918", "2012-03-31": "$784", "2011-12-31": "$463", "2011-09-30": "$984", "2011-06-30": "$805", "2011-03-31": "$261", "2010-12-31": "$842", "2010-09-30": "$586", "2010-06-30": "$447", "2010-03-31": "$507", "2009-12-31": "$146", "2009-09-30": "$393", "2009-06-30": "$273", "2009-03-31": "$478", "2008-12-31": "$473", "2008-09-30": "$603", "2008-06-30": "$647", "2008-03-31": "$585", "2007-12-31": "$531", "2007-09-30": "$490", "2007-06-30": "$444", "2007-03-31": "$367", "2006-12-31": "$292", "2006-09-30": "$398", "2006-06-30": "$414", "2006-03-31": "$393", "2005-12-31": "$691", "2005-09-30": "$398", "2005-06-30": "$332", "2005-03-31": "$328"}}, "gross-profit": {"Pioneer Natural Resources Annual Gross Profit (Millions of US $)": {"2019": "$3,958", "2018": "$4,630", "2017": "$3,057", "2016": "$1,646", "2015": "$3,105", "2014": "$3,676", "2013": "$2,734", "2012": "$2,357", "2011": "$2,102", "2010": "$2,017", "2009": "$944", "2008": "$1,643", "2007": "$1,488", "2006": "$1,147", "2005": "$1,116"}, "Pioneer Natural Resources Quarterly Gross Profit (Millions of US $)": {"2020-09-30": "$654", "2020-06-30": "$120", "2020-03-31": "$1,053", "2019-12-31": "$1,148", "2019-09-30": "$973", "2019-06-30": "$602", "2019-03-31": "$1,235", "2018-12-31": "$1,568", "2018-09-30": "$1,337", "2018-06-30": "$842", "2018-03-31": "$883", "2017-12-31": "$708", "2017-09-30": "$573", "2017-06-30": "$952", "2017-03-31": "$824", "2016-12-31": "$538", "2016-09-30": "$587", "2016-06-30": "$235", "2016-03-31": "$286", "2015-12-31": "$571", "2015-09-30": "$1,709", "2015-06-30": "$244", "2015-03-31": "$581", "2014-12-31": "$1,315", "2014-09-30": "$1,151", "2014-06-30": "$567", "2014-03-31": "$643", "2013-12-31": "$650", "2013-09-30": "$572", "2013-06-30": "$951", "2013-03-31": "$561", "2012-12-31": "$501", "2012-09-30": "$436", "2012-06-30": "$768", "2012-03-31": "$653", "2011-12-31": "$365", "2011-09-30": "$871", "2011-06-30": "$703", "2011-03-31": "$163", "2010-12-31": "$758", "2010-09-30": "$485", "2010-06-30": "$353", "2010-03-31": "$421", "2009-12-31": "$86", "2009-09-30": "$303", "2009-06-30": "$188", "2009-03-31": "$367", "2008-12-31": "$310", "2008-09-30": "$496", "2008-06-30": "$549", "2008-03-31": "$491", "2007-12-31": "$419", "2007-09-30": "$377", "2007-06-30": "$339", "2007-03-31": "$278", "2006-12-31": "$229", "2006-09-30": "$309", "2006-06-30": "$311", "2006-03-31": "$298", "2005-12-31": "$573", "2005-09-30": "$305", "2005-06-30": "$253", "2005-03-31": "$247"}}, "operating-income": {"Pioneer Natural Resources Annual Operating Income (Millions of US $)": {"2019": "$1,566", "2018": "$2,240", "2017": "$725", "2016": "$-446", "2015": "$93", "2014": "$1,899", "2013": "$-235", "2012": "$1,158", "2011": "$848", "2010": "$1,051", "2009": "$51", "2008": "$590", "2007": "$506", "2006": "$434", "2005": "$544"}, "Pioneer Natural Resources Quarterly Operating Income (Millions of US $)": {"2020-09-30": "$118", "2020-06-30": "$-413", "2020-03-31": "$479", "2019-12-31": "$542", "2019-09-30": "$366", "2019-06-30": "$26", "2019-03-31": "$632", "2018-12-31": "$977", "2018-09-30": "$744", "2018-06-30": "$194", "2018-03-31": "$325", "2017-12-31": "$168", "2017-09-30": "$66", "2017-06-30": "$453", "2017-03-31": "$38", "2016-12-31": "$30", "2016-09-30": "$68", "2016-06-30": "$-283", "2016-03-31": "$-261", "2015-12-31": "$-792", "2015-09-30": "$1,131", "2015-06-30": "$-233", "2015-03-31": "$-13", "2014-12-31": "$766", "2014-09-30": "$716", "2014-06-30": "$158", "2014-03-31": "$259", "2013-12-31": "$-1,242", "2013-09-30": "$199", "2013-06-30": "$591", "2013-03-31": "$217", "2012-12-31": "$774", "2012-09-30": "$89", "2012-06-30": "$-15", "2012-03-31": "$309", "2011-12-31": "$-194", "2011-09-30": "$633", "2011-06-30": "$468", "2011-03-31": "$-59", "2010-12-31": "$495", "2010-09-30": "$240", "2010-06-30": "$115", "2010-03-31": "$202", "2009-12-31": "$-17", "2009-09-30": "$52", "2009-06-30": "$-49", "2009-03-31": "$65", "2008-12-31": "$32", "2008-09-30": "$97", "2008-06-30": "$328", "2008-03-31": "$267", "2007-12-31": "$156", "2007-09-30": "$198", "2007-06-30": "$93", "2007-03-31": "$81", "2006-12-31": "$64", "2006-09-30": "$156", "2006-06-30": "$152", "2006-03-31": "$63", "2005-12-31": "$321", "2005-09-30": "$143", "2005-06-30": "$122", "2005-03-31": "$92"}}, "ebitda": {"Pioneer Natural Resources Annual EBITDA (Millions of US $)": {"2019": "$3,387", "2018": "$3,873", "2017": "$2,223", "2016": "$1,141", "2015": "$1,580", "2014": "$3,042", "2013": "$737", "2012": "$1,876", "2011": "$1,342", "2010": "$1,508", "2009": "$513", "2008": "$948", "2007": "$739", "2006": "$594", "2005": "$766"}, "Pioneer Natural Resources Quarterly EBITDA (Millions of US $)": {"2020-09-30": "$534", "2020-06-30": "$23", "2020-03-31": "$931", "2019-12-31": "$1,004", "2019-09-30": "$825", "2019-06-30": "$478", "2019-03-31": "$1,080", "2018-12-31": "$1,406", "2018-09-30": "$1,164", "2018-06-30": "$600", "2018-03-31": "$703", "2017-12-31": "$558", "2017-09-30": "$443", "2017-06-30": "$820", "2017-03-31": "$402", "2016-12-31": "$414", "2016-09-30": "$481", "2016-06-30": "$128", "2016-03-31": "$118", "2015-12-31": "$-387", "2015-09-30": "$1,521", "2015-06-30": "$124", "2015-03-31": "$322", "2014-12-31": "$1,103", "2014-09-30": "$1,013", "2014-06-30": "$425", "2014-03-31": "$501", "2013-12-31": "$-982", "2013-09-30": "$434", "2013-06-30": "$836", "2013-03-31": "$449", "2012-12-31": "$880", "2012-09-30": "$304", "2012-06-30": "$194", "2012-03-31": "$498", "2011-12-31": "$-91", "2011-09-30": "$762", "2011-06-30": "$601", "2011-03-31": "$69", "2010-12-31": "$548", "2010-09-30": "$376", "2010-06-30": "$248", "2010-03-31": "$336", "2009-12-31": "$9", "2009-09-30": "$190", "2009-06-30": "$85", "2009-03-31": "$228", "2008-12-31": "$139", "2008-09-30": "$189", "2008-06-30": "$406", "2008-03-31": "$349", "2007-12-31": "$215", "2007-09-30": "$277", "2007-06-30": "$146", "2007-03-31": "$124", "2006-12-31": "$105", "2006-09-30": "$179", "2006-06-30": "$204", "2006-03-31": "$106", "2005-12-31": "$378", "2005-09-30": "$198", "2005-06-30": "$168", "2005-03-31": "$155"}}, "net-income": {"Pioneer Natural Resources Annual Net Income (Millions of US $)": {"2019": "$756", "2018": "$978", "2017": "$833", "2016": "$-556", "2015": "$-273", "2014": "$930", "2013": "$-838", "2012": "$192", "2011": "$819", "2010": "$591", "2009": "$-52", "2008": "$207", "2007": "$367", "2006": "$740", "2005": "$535"}, "Pioneer Natural Resources Quarterly Net Income (Millions of US $)": {"2020-09-30": "$-20", "2020-06-30": "$-439", "2020-03-31": "$289", "2019-12-31": "$344", "2019-09-30": "$231", "2019-06-30": "$-169", "2019-03-31": "$350", "2018-12-31": "$323", "2018-09-30": "$411", "2018-06-30": "$66", "2018-03-31": "$178", "2017-12-31": "$665", "2017-09-30": "$-23", "2017-06-30": "$233", "2017-03-31": "$-42", "2016-12-31": "$-43", "2016-09-30": "$22", "2016-06-30": "$-268", "2016-03-31": "$-267", "2015-12-31": "$-623", "2015-09-30": "$646", "2015-06-30": "$-218", "2015-03-31": "$-78", "2014-12-31": "$432", "2014-09-30": "$374", "2014-06-30": "$1", "2014-03-31": "$123", "2013-12-31": "$-1,367", "2013-09-30": "$91", "2013-06-30": "$337", "2013-03-31": "$101", "2012-12-31": "$32", "2012-09-30": "$19", "2012-06-30": "$-71", "2012-03-31": "$212", "2011-12-31": "$-109", "2011-09-30": "$345", "2011-06-30": "$241", "2011-03-31": "$342", "2010-12-31": "$79", "2010-09-30": "$109", "2010-06-30": "$163", "2010-03-31": "$240", "2009-12-31": "$57", "2009-09-30": "$-7", "2009-06-30": "$-87", "2009-03-31": "$-15", "2008-12-31": "$-65", "2008-09-30": "$-5", "2008-06-30": "$154", "2008-03-31": "$126", "2007-12-31": "$205", "2007-09-30": "$102", "2007-06-30": "$36", "2007-03-31": "$30", "2006-12-31": "$28", "2006-09-30": "$81", "2006-06-30": "$88", "2006-03-31": "$543", "2005-12-31": "$141", "2005-09-30": "$124", "2005-06-30": "$186", "2005-03-31": "$85"}}, "eps-earnings-per-share-diluted": {"Pioneer Natural Resources Annual EPS": {"2019": "$4.50", "2018": "$5.70", "2017": "$4.85", "2016": "$-3.34", "2015": "$-1.83", "2014": "$6.38", "2013": "$-6.16", "2012": "$1.50", "2011": "$6.88", "2010": "$5.08", "2009": "$-0.46", "2008": "$1.76", "2007": "$3.04", "2006": "$5.81", "2005": "$3.80"}, "Pioneer Natural Resources Quarterly EPS": {"2020-09-30": "$-0.12", "2020-06-30": "$-2.66", "2020-03-31": "$1.74", "2019-12-31": "$2.07", "2019-09-30": "$1.38", "2019-06-30": "$-1.01", "2019-03-31": "$2.06", "2018-12-31": "$1.89", "2018-09-30": "$2.39", "2018-06-30": "$0.38", "2018-03-31": "$1.04", "2017-12-31": "$3.87", "2017-09-30": "$-0.13", "2017-06-30": "$1.36", "2017-03-31": "$-0.25", "2016-12-31": "$-0.19", "2016-09-30": "$0.13", "2016-06-30": "$-1.63", "2016-03-31": "$-1.65", "2015-12-31": "$-4.12", "2015-09-30": "$4.27", "2015-06-30": "$-1.46", "2015-03-31": "$-0.52", "2014-12-31": "$2.94", "2014-09-30": "$2.58", "2014-06-30": "$0.01", "2014-03-31": "$0.85", "2013-12-31": "$-9.96", "2013-09-30": "$0.65", "2013-06-30": "$2.40", "2013-03-31": "$0.75", "2012-12-31": "$0.24", "2012-09-30": "$0.15", "2012-06-30": "$-0.57", "2012-03-31": "$1.68", "2011-12-31": "$-1.06", "2011-09-30": "$2.95", "2011-06-30": "$2.03", "2011-03-31": "$2.96", "2010-12-31": "$0.65", "2010-09-30": "$0.94", "2010-06-30": "$1.41", "2010-03-31": "$2.08", "2009-12-31": "$0.49", "2009-09-30": "$-0.06", "2009-06-30": "$-0.76", "2009-03-31": "$-0.13", "2008-12-31": "$-0.57", "2008-09-30": "$-0.04", "2008-06-30": "$1.29", "2008-03-31": "$1.07", "2007-12-31": "$1.72", "2007-09-30": "$0.84", "2007-06-30": "$0.30", "2007-03-31": "$0.24", "2006-12-31": "$0.20", "2006-09-30": "$0.64", "2006-06-30": "$0.69", "2006-03-31": "$4.28", "2005-12-31": "$1.08", "2005-09-30": "$0.88", "2005-06-30": "$1.28", "2005-03-31": "$0.58"}}, "shares-outstanding": {"Pioneer Natural Resources Annual Shares Outstanding (Millions of Shares)": {"2019": "167", "2018": "171", "2017": "170", "2016": "166", "2015": "149", "2014": "144", "2013": "136", "2012": "126", "2011": "119", "2010": "116", "2009": "114", "2008": "118", "2007": "121", "2006": "128", "2005": "141"}, "Pioneer Natural Resources Quarterly Shares Outstanding (Millions of Shares)": {"2020-09-30": "165", "2020-06-30": "165", "2020-03-31": "166", "2019-12-31": "167", "2019-09-30": "167", "2019-06-30": "168", "2019-03-31": "169", "2018-12-31": "171", "2018-09-30": "171", "2018-06-30": "171", "2018-03-31": "171", "2017-12-31": "170", "2017-09-30": "170", "2017-06-30": "170", "2017-03-31": "170", "2016-12-31": "166", "2016-09-30": "170", "2016-06-30": "164", "2016-03-31": "162", "2015-12-31": "149", "2015-09-30": "150", "2015-06-30": "149", "2015-03-31": "149", "2014-12-31": "144", "2014-09-30": "143", "2014-06-30": "143", "2014-03-31": "143", "2013-12-31": "136", "2013-09-30": "139", "2013-06-30": "139", "2013-03-31": "133", "2012-12-31": "126", "2012-09-30": "123", "2012-06-30": "123", "2012-03-31": "126", "2011-12-31": "119", "2011-09-30": "117", "2011-06-30": "119", "2011-03-31": "116", "2010-12-31": "116", "2010-09-30": "116", "2010-06-30": "116", "2010-03-31": "115", "2009-12-31": "114", "2009-09-30": "114", "2009-06-30": "114", "2009-03-31": "114", "2008-12-31": "115", "2008-09-30": "118", "2008-06-30": "119", "2008-03-31": "118", "2007-12-31": "119", "2007-09-30": "122", "2007-06-30": "123", "2007-03-31": "123", "2006-12-31": "128", "2006-09-30": "127", "2006-06-30": "130", "2006-03-31": "127", "2005-12-31": "131", "2005-09-30": "142", "2005-06-30": "145", "2005-03-31": "147"}}, "total-assets": {"Pioneer Natural Resources Annual Total Assets (Millions of US $)": {"2019": "$19,067", "2018": "$17,903", "2017": "$17,003", "2016": "$16,459", "2015": "$15,154", "2014": "$14,909", "2013": "$12,294", "2012": "$13,069", "2011": "$11,447", "2010": "$9,679", "2009": "$8,867", "2008": "$9,162", "2007": "$8,617", "2006": "$7,355", "2005": "$7,329"}, "Pioneer Natural Resources Quarterly Total Assets (Millions of US $)": {"2020-09-30": "$18,977", "2020-06-30": "$17,906", "2020-03-31": "$19,051", "2019-12-31": "$19,067", "2019-09-30": "$18,078", "2019-06-30": "$18,106", "2019-03-31": "$18,355", "2018-12-31": "$17,903", "2018-09-30": "$18,024", "2018-06-30": "$17,449", "2018-03-31": "$17,323", "2017-12-31": "$17,003", "2017-09-30": "$16,465", "2017-06-30": "$16,271", "2017-03-31": "$15,749", "2016-12-31": "$16,459", "2016-09-30": "$16,325", "2016-06-30": "$16,808", "2016-03-31": "$16,171", "2015-12-31": "$15,154", "2015-09-30": "$14,965", "2015-06-30": "$14,002", "2015-03-31": "$14,347", "2014-12-31": "$14,909", "2014-09-30": "$13,272", "2014-06-30": "$12,710", "2014-03-31": "$12,465", "2013-12-31": "$12,294", "2013-09-30": "$14,545", "2013-06-30": "$14,163", "2013-03-31": "$13,761", "2012-12-31": "$13,069", "2012-09-30": "$12,814", "2012-06-30": "$12,570", "2012-03-31": "$12,026", "2011-12-31": "$11,447", "2011-09-30": "$10,985", "2011-06-30": "$10,353", "2011-03-31": "$10,026", "2010-12-31": "$9,679", "2010-09-30": "$9,297", "2010-06-30": "$9,112", "2010-03-31": "$8,973", "2009-12-31": "$8,867", "2009-09-30": "$8,681", "2009-06-30": "$8,873", "2009-03-31": "$9,052", "2008-12-31": "$9,162", "2008-09-30": "$9,067", "2008-06-30": "$9,165", "2008-03-31": "$8,746", "2007-12-31": "$8,617", "2007-09-30": "$8,554", "2007-06-30": "$8,138", "2007-03-31": "$7,700", "2006-12-31": "$7,355", "2006-09-30": "$6,998", "2006-06-30": "$7,067", "2006-03-31": "$7,109", "2005-12-31": "$7,329", "2005-09-30": "$7,228", "2005-06-30": "$6,915", "2005-03-31": "$6,882"}}, "cash-on-hand": {"Pioneer Natural Resources Annual Cash on Hand (Millions of US $)": {"2019": "$705", "2018": "$1,268", "2017": "$2,109", "2016": "$2,559", "2015": "$1,391", "2014": "$1,025", "2013": "$393", "2012": "$229", "2011": "$537", "2010": "$111", "2009": "$27", "2008": "$48", "2007": "$12", "2006": "$7", "2005": "$19"}, "Pioneer Natural Resources Quarterly Cash on Hand (Millions of US $)": {"2020-09-30": "$1,391", "2020-06-30": "$249", "2020-03-31": "$858", "2019-12-31": "$705", "2019-09-30": "$664", "2019-06-30": "$718", "2019-03-31": "$956", "2018-12-31": "$1,268", "2018-09-30": "$1,476", "2018-06-30": "$1,183", "2018-03-31": "$1,723", "2017-12-31": "$2,109", "2017-09-30": "$1,993", "2017-06-30": "$2,199", "2017-03-31": "$2,209", "2016-12-31": "$2,559", "2016-09-30": "$2,624", "2016-06-30": "$3,298", "2016-03-31": "$2,505", "2015-12-31": "$1,391", "2015-09-30": "$581", "2015-06-30": "$219", "2015-03-31": "$383", "2014-12-31": "$1,025", "2014-09-30": "$550", "2014-06-30": "$445", "2014-03-31": "$257", "2013-12-31": "$393", "2013-09-30": "$744", "2013-06-30": "$696", "2013-03-31": "$430", "2012-12-31": "$229", "2012-09-30": "$334", "2012-06-30": "$318", "2012-03-31": "$317", "2011-12-31": "$537", "2011-09-30": "$211", "2011-06-30": "$352", "2011-03-31": "$521", "2010-12-31": "$111", "2010-09-30": "$78", "2010-06-30": "$198", "2010-03-31": "$35", "2009-12-31": "$27", "2009-09-30": "$56", "2009-06-30": "$64", "2009-03-31": "$44", "2008-12-31": "$48", "2008-09-30": "$67", "2008-06-30": "$43", "2008-03-31": "$17", "2007-12-31": "$12", "2007-09-30": "$19", "2007-06-30": "$25", "2007-03-31": "$13", "2006-12-31": "$7", "2006-09-30": "$100", "2006-06-30": "$457", "2006-03-31": "$43", "2005-12-31": "$19", "2005-09-30": "$65", "2005-06-30": "$58", "2005-03-31": "$16"}}, "long-term-debt": {"Pioneer Natural Resources Annual Long Term Debt (Millions of US $)": {"2019": "$1,839", "2018": "$2,284", "2017": "$2,283", "2016": "$2,728", "2015": "$3,207", "2014": "$2,648", "2013": "$2,653", "2012": "$3,721", "2011": "$2,529", "2010": "$2,602", "2009": "$2,761", "2008": "$2,899", "2007": "$2,755", "2006": "$1,497", "2005": "$2,058"}, "Pioneer Natural Resources Quarterly Long Term Debt (Millions of US $)": {"2020-09-30": "$3,148", "2020-06-30": "$2,054", "2020-03-31": "$2,140", "2019-12-31": "$1,839", "2019-09-30": "$1,838", "2019-06-30": "$1,837", "2019-03-31": "$1,836", "2018-12-31": "$2,284", "2018-09-30": "$2,286", "2018-06-30": "$2,285", "2018-03-31": "$2,284", "2017-12-31": "$2,283", "2017-09-30": "$2,282", "2017-06-30": "$2,281", "2017-03-31": "$2,729", "2016-12-31": "$2,728", "2016-09-30": "$2,726", "2016-06-30": "$2,725", "2016-03-31": "$2,724", "2015-12-31": "$3,207", "2015-09-30": "$2,675", "2015-06-30": "$2,672", "2015-03-31": "$2,668", "2014-12-31": "$2,648", "2014-09-30": "$2,662", "2014-06-30": "$2,659", "2014-03-31": "$2,706", "2013-12-31": "$2,653", "2013-09-30": "$2,851", "2013-06-30": "$2,823", "2013-03-31": "$3,017", "2012-12-31": "$3,721", "2012-09-30": "$3,562", "2012-06-30": "$3,285", "2012-03-31": "$2,621", "2011-12-31": "$2,529", "2011-09-30": "$2,587", "2011-06-30": "$2,571", "2011-03-31": "$2,563", "2010-12-31": "$2,602", "2010-09-30": "$2,539", "2010-06-30": "$2,531", "2010-03-31": "$2,648", "2009-12-31": "$2,761", "2009-09-30": "$2,867", "2009-06-30": "$2,979", "2009-03-31": "$3,075", "2008-12-31": "$2,899", "2008-09-30": "$2,823", "2008-06-30": "$2,642", "2008-03-31": "$2,804", "2007-12-31": "$2,755", "2007-09-30": "$2,611", "2007-06-30": "$2,230", "2007-03-31": "$1,859", "2006-12-31": "$1,497", "2006-09-30": "$1,195", "2006-06-30": "$1,264", "2006-03-31": "$1,160", "2005-12-31": "$2,058", "2005-09-30": "$1,939", "2005-06-30": "$1,395", "2005-03-31": "$1,832"}}, "total-liabilities": {"Pioneer Natural Resources Annual Total Liabilities (Millions of US $)": {"2019": "$6,948", "2018": "$5,792", "2017": "$5,724", "2016": "$6,048", "2015": "$6,779", "2014": "$6,320", "2013": "$5,679", "2012": "$7,202", "2011": "$5,796", "2010": "$5,453", "2009": "$5,224", "2008": "$5,482", "2007": "$5,574", "2006": "$4,371", "2005": "$5,112"}, "Pioneer Natural Resources Quarterly Total Liabilities (Millions of US $)": {"2020-09-30": "$7,323", "2020-06-30": "$6,166", "2020-03-31": "$6,840", "2019-12-31": "$6,948", "2019-09-30": "$6,222", "2019-06-30": "$6,230", "2019-03-31": "$6,146", "2018-12-31": "$5,792", "2018-09-30": "$6,130", "2018-06-30": "$5,965", "2018-03-31": "$5,921", "2017-12-31": "$5,724", "2017-09-30": "$5,868", "2017-06-30": "$5,669", "2017-03-31": "$5,401", "2016-12-31": "$6,048", "2016-09-30": "$5,894", "2016-06-30": "$6,422", "2016-03-31": "$6,476", "2015-12-31": "$6,779", "2015-09-30": "$5,984", "2015-06-30": "$5,694", "2015-03-31": "$5,848", "2014-12-31": "$6,320", "2014-09-30": "$6,119", "2014-06-30": "$5,960", "2014-03-31": "$5,741", "2013-12-31": "$5,679", "2013-09-30": "$6,782", "2013-06-30": "$6,514", "2013-03-31": "$6,495", "2012-12-31": "$7,202", "2012-09-30": "$7,014", "2012-06-30": "$6,813", "2012-03-31": "$6,193", "2011-12-31": "$5,796", "2011-09-30": "$5,788", "2011-06-30": "$5,537", "2011-03-31": "$5,472", "2010-12-31": "$5,453", "2010-09-30": "$5,139", "2010-06-30": "$5,054", "2010-03-31": "$5,089", "2009-12-31": "$5,224", "2009-09-30": "$5,147", "2009-06-30": "$5,332", "2009-03-31": "$5,422", "2008-12-31": "$5,482", "2008-09-30": "$5,556", "2008-06-30": "$6,039", "2008-03-31": "$5,695", "2007-12-31": "$5,574", "2007-09-30": "$5,489", "2007-06-30": "$5,048", "2007-03-31": "$4,718", "2006-12-31": "$4,371", "2006-09-30": "$4,029", "2006-06-30": "$4,153", "2006-03-31": "$4,153", "2005-12-31": "$5,112", "2005-09-30": "$5,103", "2005-06-30": "$4,269", "2005-03-31": "$4,375"}}, "total-share-holder-equity": {"Pioneer Natural Resources Annual Share Holder Equity (Millions of US $)": {"2019": "$12,119", "2018": "$12,111", "2017": "$11,279", "2016": "$10,411", "2015": "$8,375", "2014": "$8,589", "2013": "$6,615", "2012": "$5,867", "2011": "$5,651", "2010": "$4,226", "2009": "$3,643", "2008": "$3,680", "2007": "$3,043", "2006": "$2,985", "2005": "$2,217"}, "Pioneer Natural Resources Quarterly Share Holder Equity (Millions of US $)": {"2020-09-30": "$11,654", "2020-06-30": "$11,740", "2020-03-31": "$12,211", "2019-12-31": "$12,119", "2019-09-30": "$11,856", "2019-06-30": "$11,876", "2019-03-31": "$12,209", "2018-12-31": "$12,111", "2018-09-30": "$11,894", "2018-06-30": "$11,484", "2018-03-31": "$11,402", "2017-12-31": "$11,279", "2017-09-30": "$10,597", "2017-06-30": "$10,602", "2017-03-31": "$10,348", "2016-12-31": "$10,411", "2016-09-30": "$10,431", "2016-06-30": "$10,386", "2016-03-31": "$9,695", "2015-12-31": "$8,375", "2015-09-30": "$8,981", "2015-06-30": "$8,308", "2015-03-31": "$8,499", "2014-12-31": "$8,589", "2014-09-30": "$7,153", "2014-06-30": "$6,750", "2014-03-31": "$6,724", "2013-12-31": "$6,615", "2013-09-30": "$7,763", "2013-06-30": "$7,648", "2013-03-31": "$7,266", "2012-12-31": "$5,867", "2012-09-30": "$5,800", "2012-06-30": "$5,757", "2012-03-31": "$5,833", "2011-12-31": "$5,651", "2011-09-30": "$5,197", "2011-06-30": "$4,816", "2011-03-31": "$4,554", "2010-12-31": "$4,226", "2010-09-30": "$4,158", "2010-06-30": "$4,058", "2010-03-31": "$3,884", "2009-12-31": "$3,643", "2009-09-30": "$3,534", "2009-06-30": "$3,541", "2009-03-31": "$3,630", "2008-12-31": "$3,680", "2008-09-30": "$3,511", "2008-06-30": "$3,126", "2008-03-31": "$3,051", "2007-12-31": "$3,043", "2007-09-30": "$3,065", "2007-06-30": "$3,090", "2007-03-31": "$2,983", "2006-12-31": "$2,985", "2006-09-30": "$2,969", "2006-06-30": "$2,915", "2006-03-31": "$2,956", "2005-12-31": "$2,217", "2005-09-30": "$2,124", "2005-06-30": "$2,646", "2005-03-31": "$2,507"}}, "profit-margins": {"current": "2.3%"}, "gross margin": {"2020-09-30": "39.28%", "2020-06-30": "40.75%", "2020-03-31": "41.28%", "2019-12-31": "42.54%", "2019-09-30": "46.88%", "2019-06-30": "49.97%", "2019-03-31": "51.48%", "2018-12-31": "49.18%", "2018-09-30": "45.63%", "2018-06-30": "43.23%", "2018-03-31": "49.42%", "2017-12-31": "56.04%", "2017-09-30": "62.03%", "2017-06-30": "62.08%", "2017-03-31": "54.64%", "2016-12-31": "48.67%", "2016-09-30": "48.41%", "2016-06-30": "61.98%", "2016-03-31": "64.20%", "2015-12-31": "68.08%", "2015-09-30": "70.84%", "2015-06-30": "69.89%", "2015-03-31": "72.32%", "2014-12-31": "72.48%", "2014-09-30": "69.80%", "2014-06-30": "67.41%", "2014-03-31": "73.43%", "2013-12-31": "74.74%", "2013-09-30": "75.50%", "2013-06-30": "75.77%", "2013-03-31": "75.76%", "2012-12-31": "78.39%", "2012-09-30": "79.93%", "2012-06-30": "84.38%", "2012-03-31": "85.38%", "2011-12-31": "83.65%", "2011-09-30": "86.27%", "2011-06-30": "84.56%", "2011-03-31": "82.35%", "2010-12-31": "84.68%", "2010-09-30": "79.77%", "2010-06-30": "77.90%", "2010-03-31": "75.66%", "2009-12-31": "73.18%", "2009-09-30": "72.23%", "2009-06-30": "74.49%", "2009-03-31": "78.24%", "2008-12-31": "79.98%", "2008-09-30": "82.63%", "2008-06-30": "81.49%", "2008-03-31": "79.32%", "2007-12-31": "77.13%", "2007-09-30": "76.77%", "2007-06-30": "76.95%", "2007-03-31": "76.61%", "2006-12-31": "76.62%", "2006-09-30": "78.64%", "2006-06-30": "78.43%", "2006-03-31": "78.78%", "2005-12-31": "78.79%"}, "operating margin": {"2020-09-30": "9.59%", "2020-06-30": "12.05%", "2020-03-31": "15.45%", "2019-12-31": "16.83%", "2019-09-30": "21.43%", "2019-06-30": "25.07%", "2019-03-31": "26.32%", "2018-12-31": "23.79%", "2018-09-30": "17.32%", "2018-06-30": "10.83%", "2018-03-31": "16.05%", "2017-12-31": "13.29%", "2017-09-30": "12.61%", "2017-06-30": "12.60%", "2017-03-31": "-3.68%", "2016-12-31": "-13.19%", "2016-09-30": "-36.56%", "2016-06-30": "-4.54%", "2016-03-31": "-3.54%", "2015-12-31": "2.04%", "2015-09-30": "30.39%", "2015-06-30": "26.25%", "2015-03-31": "32.56%", "2014-12-31": "37.44%", "2014-09-30": "-2.53%", "2014-06-30": "-17.35%", "2014-03-31": "-5.03%", "2013-12-31": "-6.42%", "2013-09-30": "52.02%", "2013-06-30": "51.70%", "2013-03-31": "35.61%", "2012-12-31": "38.46%", "2012-09-30": "6.80%", "2012-06-30": "23.28%", "2012-03-31": "40.05%", "2011-12-31": "33.74%", "2011-09-30": "53.15%", "2011-06-30": "45.87%", "2011-03-31": "37.03%", "2010-12-31": "44.16%", "2010-09-30": "32.03%", "2010-06-30": "23.58%", "2010-03-31": "14.25%", "2009-12-31": "3.95%", "2009-09-30": "6.18%", "2009-06-30": "7.94%", "2009-03-31": "23.72%", "2008-12-31": "31.37%", "2008-09-30": "35.84%", "2008-06-30": "42.12%", "2008-03-31": "34.83%", "2007-12-31": "28.82%", "2007-09-30": "27.37%", "2007-06-30": "26.25%", "2007-03-31": "30.80%", "2006-12-31": "29.06%", "2006-09-30": "36.50%", "2006-06-30": "35.81%", "2006-03-31": "35.78%", "2005-12-31": "38.77%"}, "ebitda margin": {"2020-09-30": "32.90%", "2020-06-30": "34.43%", "2020-03-31": "35.40%", "2019-12-31": "36.40%", "2019-09-30": "40.57%", "2019-06-30": "43.50%", "2019-03-31": "43.91%", "2018-12-31": "41.14%", "2018-09-30": "36.61%", "2018-06-30": "33.13%", "2018-03-31": "40.03%", "2017-12-31": "40.75%", "2017-09-30": "44.67%", "2017-06-30": "45.30%", "2017-03-31": "35.65%", "2016-12-31": "33.74%", "2016-09-30": "9.80%", "2016-06-30": "30.54%", "2016-03-31": "31.44%", "2015-12-31": "34.64%", "2015-09-30": "56.51%", "2015-06-30": "54.41%", "2015-03-31": "57.29%", "2014-12-31": "59.98%", "2014-09-30": "22.18%", "2014-06-30": "10.48%", "2014-03-31": "20.57%", "2013-12-31": "20.15%", "2013-09-30": "75.91%", "2013-06-30": "76.39%", "2013-03-31": "61.08%", "2012-12-31": "62.37%", "2012-09-30": "32.55%", "2012-06-30": "43.28%", "2012-03-31": "58.30%", "2011-12-31": "53.36%", "2011-09-30": "68.46%", "2011-06-30": "63.91%", "2011-03-31": "58.10%", "2010-12-31": "63.31%", "2010-09-30": "57.47%", "2010-06-30": "52.44%", "2010-03-31": "47.01%", "2009-12-31": "39.69%", "2009-09-30": "39.70%", "2009-06-30": "35.08%", "2009-03-31": "43.71%", "2008-12-31": "46.92%", "2008-09-30": "48.99%", "2008-06-30": "55.35%", "2008-03-31": "48.15%", "2007-12-31": "41.59%", "2007-09-30": "40.93%", "2007-06-30": "36.91%", "2007-03-31": "41.60%", "2006-12-31": "39.68%", "2006-09-30": "45.73%", "2006-06-30": "46.73%", "2006-03-31": "46.86%", "2005-12-31": "51.40%"}, "pre tax profit margin": {"2020-09-30": "3.41%", "2020-06-30": "7.14%", "2020-03-31": "9.83%", "2019-12-31": "10.61%", "2019-09-30": "10.19%", "2019-06-30": "12.41%", "2019-03-31": "15.25%", "2018-12-31": "13.29%", "2018-09-30": "10.90%", "2018-06-30": "4.86%", "2018-03-31": "9.67%", "2017-12-31": "5.66%", "2017-09-30": "3.50%", "2017-06-30": "3.02%", "2017-03-31": "-15.61%", "2016-12-31": "-28.36%", "2016-09-30": "-53.29%", "2016-06-30": "-17.46%", "2016-03-31": "-16.40%", "2015-12-31": "-9.23%", "2015-09-30": "22.44%", "2015-06-30": "18.33%", "2015-03-31": "25.82%", "2014-12-31": "31.49%", "2014-09-30": "-10.13%", "2014-06-30": "-26.52%", "2014-03-31": "-13.59%", "2013-12-31": "-15.69%", "2013-09-30": "40.71%", "2013-06-30": "39.20%", "2013-03-31": "21.63%", "2012-12-31": "27.66%", "2012-09-30": "-0.94%", "2012-06-30": "17.21%", "2012-03-31": "34.52%", "2011-12-31": "23.72%", "2011-09-30": "28.73%", "2011-06-30": "17.48%", "2011-03-31": "12.03%", "2010-12-31": "32.83%", "2010-09-30": "43.71%", "2010-06-30": "36.77%", "2010-03-31": "14.18%", "2009-12-31": "-17.44%", "2009-09-30": "-15.03%", "2009-06-30": "-11.60%", "2009-03-31": "8.95%", "2008-12-31": "18.24%", "2008-09-30": "25.82%", "2008-06-30": "33.24%", "2008-03-31": "25.61%", "2007-12-31": "19.38%", "2007-09-30": "18.08%", "2007-06-30": "16.79%", "2007-03-31": "21.41%", "2006-12-31": "19.51%", "2006-09-30": "25.95%", "2006-06-30": "23.89%", "2006-03-31": "22.77%", "2005-12-31": "25.27%"}, "net profit margin": {"2020-09-30": "2.30%", "2020-06-30": "5.26%", "2020-03-31": "7.60%", "2019-12-31": "8.13%", "2019-09-30": "7.87%", "2019-06-30": "9.64%", "2019-03-31": "11.88%", "2018-12-31": "10.39%", "2018-09-30": "15.97%", "2018-06-30": "12.74%", "2018-03-31": "16.70%", "2017-12-31": "15.27%", "2017-09-30": "2.69%", "2017-06-30": "3.64%", "2017-03-31": "-8.28%", "2016-12-31": "-16.44%", "2016-09-30": "-32.76%", "2016-06-30": "-11.33%", "2016-03-31": "-10.56%", "2015-12-31": "-5.99%", "2015-09-30": "14.39%", "2015-06-30": "10.83%", "2015-03-31": "14.59%", "2014-12-31": "18.34%", "2014-09-30": "-20.14%", "2014-06-30": "-31.93%", "2014-03-31": "-21.28%", "2013-12-31": "-22.91%", "2013-09-30": "16.38%", "2013-06-30": "15.13%", "2013-03-31": "2.71%", "2012-12-31": "6.38%", "2012-09-30": "1.83%", "2012-06-30": "11.97%", "2012-03-31": "22.69%", "2011-12-31": "32.59%", "2011-09-30": "34.82%", "2011-06-30": "30.91%", "2011-03-31": "32.44%", "2010-12-31": "24.81%", "2010-09-30": "33.75%", "2010-06-30": "30.34%", "2010-03-31": "15.39%", "2009-12-31": "-4.03%", "2009-09-30": "-10.76%", "2009-06-30": "-9.41%", "2009-03-31": "3.13%", "2008-12-31": "9.10%", "2008-09-30": "20.29%", "2008-06-30": "26.05%", "2008-03-31": "22.88%", "2007-12-31": "20.36%", "2007-09-30": "12.30%", "2007-06-30": "11.66%", "2007-03-31": "15.43%", "2006-12-31": "49.43%", "2006-09-30": "44.99%", "2006-06-30": "47.26%", "2006-03-31": "54.80%", "2005-12-31": "30.65%"}, "pe ratio": {"current": "38.40", "2021-02-11": "127.32", "2020-09-30": "83.90", "2020-06-30": "38.34", "2020-03-31": "16.54", "2019-12-31": "32.87", "2019-09-30": "28.31", "2019-06-30": "27.97", "2019-03-31": "21.96", "2018-12-31": "22.31", "2018-09-30": "21.93", "2018-06-30": "35.43", "2018-03-31": "27.03", "2017-12-31": "34.39", "2017-09-30": "197.76", "2017-06-30": "157.11", "2017-03-31": "0.00", "2016-12-31": "0.00", "2016-09-30": "0.00", "2016-06-30": "0.00", "2016-03-31": "0.00", "2015-12-31": "0.00", "2015-09-30": "22.55", "2015-06-30": "38.08", "2015-03-31": "31.64", "2014-12-31": "22.59", "2014-09-30": "0.00", "2014-06-30": "0.00", "2014-03-31": "0.00", "2013-12-31": "0.00", "2013-09-30": "45.23", "2013-06-30": "39.60", "2013-03-31": "217.54", "2012-12-31": "69.33", "2012-09-30": "304.55", "2012-06-30": "27.12", "2012-03-31": "18.74", "2011-12-31": "12.28", "2011-09-30": "7.35", "2011-06-30": "13.05", "2011-03-31": "16.38", "2010-12-31": "16.36", "2010-09-30": "12.73", "2010-06-30": "14.60", "2010-03-31": "31.82", "2009-12-31": "0.00", "2009-09-30": "0.00", "2009-06-30": "0.00", "2009-03-31": "26.76", "2008-12-31": "8.55", "2008-09-30": "12.20", "2008-06-30": "15.02", "2008-03-31": "11.86", "2007-12-31": "14.98", "2007-09-30": "26.57", "2007-06-30": "32.75", "2007-03-31": "22.71", "2006-12-31": "6.42"}, "price sales": {"2021-02-11": "2.85", "2020-09-30": "1.88", "2020-06-30": "1.99", "2020-03-31": "1.26", "2019-12-31": "2.66", "2019-09-30": "2.21", "2019-06-30": "2.67", "2019-03-31": "2.60", "2018-12-31": "2.31", "2018-09-30": "3.48", "2018-06-30": "4.49", "2018-03-31": "4.48", "2017-12-31": "5.20", "2017-09-30": "5.18", "2017-06-30": "5.58", "2017-03-31": "7.55", "2016-12-31": "8.53", "2016-09-30": "8.35", "2016-06-30": "4.96", "2016-03-31": "4.70", "2015-12-31": "3.96", "2015-09-30": "3.19", "2015-06-30": "4.12", "2015-03-31": "4.55", "2014-12-31": "4.05", "2014-09-30": "6.22", "2014-06-30": "8.61", "2014-03-31": "6.54", "2013-12-31": "6.64", "2013-09-30": "7.16", "2013-06-30": "5.67", "2013-03-31": "5.05", "2012-12-31": "4.25", "2012-09-30": "4.46", "2012-06-30": "3.27", "2012-03-31": "4.25", "2011-12-31": "4.03", "2011-09-30": "2.56", "2011-06-30": "4.04", "2011-03-31": "5.33", "2010-12-31": "4.06", "2010-09-30": "4.29", "2010-06-30": "4.40", "2010-03-31": "4.70", "2009-12-31": "4.09", "2009-09-30": "2.47", "2009-06-30": "1.55", "2009-03-31": "0.84", "2008-12-31": "0.79", "2008-09-30": "2.51", "2008-06-30": "3.96", "2008-03-31": "2.75", "2007-12-31": "3.08", "2007-09-30": "3.31", "2007-06-30": "3.84", "2007-03-31": "3.52", "2006-12-31": "3.20"}, "price book": {"current": "1.82", "2021-02-11": "1.83", "2020-09-30": "1.21", "2020-06-30": "1.35", "2020-03-31": "0.93", "2019-12-31": "2.02", "2019-09-30": "1.71", "2019-06-30": "2.10", "2019-03-31": "2.04", "2018-12-31": "1.78", "2018-09-30": "2.41", "2018-06-30": "2.71", "2018-03-31": "2.48", "2017-12-31": "2.52", "2017-09-30": "2.29", "2017-06-30": "2.47", "2017-03-31": "2.95", "2016-12-31": "2.83", "2016-09-30": "2.91", "2016-06-30": "2.38", "2016-03-31": "2.29", "2015-12-31": "2.16", "2015-09-30": "1.95", "2015-06-30": "2.40", "2015-03-31": "2.76", "2014-12-31": "2.49", "2014-09-30": "3.79", "2014-06-30": "4.69", "2014-03-31": "3.83", "2013-12-31": "3.83", "2013-09-30": "3.25", "2013-06-30": "2.52", "2013-03-31": "2.25", "2012-12-31": "2.16", "2012-09-30": "2.14", "2012-06-30": "1.81", "2012-03-31": "2.26", "2011-12-31": "1.86", "2011-09-30": "1.42", "2011-06-30": "2.08", "2011-03-31": "2.50", "2010-12-31": "2.28", "2010-09-30": "1.73", "2010-06-30": "1.62", "2010-03-31": "1.60", "2009-12-31": "1.45", "2009-09-30": "1.13", "2009-06-30": "0.79", "2009-03-31": "0.50", "2008-12-31": "0.48", "2008-09-30": "1.67", "2008-06-30": "2.83", "2008-03-31": "1.82", "2007-12-31": "1.80", "2007-09-30": "1.64", "2007-06-30": "1.81", "2007-03-31": "1.66", "2006-12-31": "1.53", "2006-09-30": "1.52", "2006-06-30": "1.85", "2006-03-31": "1.79"}, "price fcf": {"2021-02-11": "", "2020-09-30": "$2.67", "2020-06-30": "$1.72", "2020-03-31": "$2.33", "2019-12-31": "$0.26", "2019-09-30": "$-1.76", "2019-06-30": "$-0.77", "2019-03-31": "$0.19", "2018-12-31": "$-0.42", "2018-09-30": "$0.47", "2018-06-30": "$-1.98", "2018-03-31": "$-2.87", "2017-12-31": "$-1.51", "2017-09-30": "$-1.67", "2017-06-30": "$2.83", "2017-03-31": "$1.91", "2016-12-31": "$-0.34", "2016-09-30": "$-1.61", "2016-06-30": "$-2.24", "2016-03-31": "$-2.52", "2015-12-31": "$-3.93", "2015-09-30": "$-6.29", "2015-06-30": "$-8.07", "2015-03-31": "$-5.31", "2014-12-31": "$-2.31", "2014-09-30": "$0.02", "2014-06-30": "$-0.47", "2014-03-31": "$1.35", "2013-12-31": "$-0.14", "2013-09-30": "$-0.88", "2013-06-30": "$-3.14", "2013-03-31": "$-9.51", "2012-12-31": "$-8.90", "2012-09-30": "$-8.77", "2012-06-30": "$-7.81", "2012-03-31": "$-5.96", "2011-12-31": "$0.49", "2011-09-30": "$2.68", "2011-06-30": "$2.96", "2011-03-31": "$6.75", "2010-12-31": "$3.46", "2010-09-30": "$3.34", "2010-06-30": "$5.18", "2010-03-31": "$3.59", "2009-12-31": "$1.16", "2009-09-30": "$0.42", "2009-06-30": "$-1.28", "2009-03-31": "$-2.30", "2008-12-31": "$-1.02", "2008-09-30": "$-1.93", "2008-06-30": "$-3.11", "2008-03-31": "$-5.89", "2007-12-31": "$-8.47", "2007-09-30": "$-9.96", "2007-06-30": "$-9.28", "2007-03-31": "$-2.93", "2006-12-31": "$7.06"}, "net worth": {"value": "$21.23B"}, "current ratio": {"current": "1.43", "2020-09-30": "1.43", "2020-06-30": "0.75", "2020-03-31": "1.00", "2019-12-31": "0.88", "2019-09-30": "0.78", "2019-06-30": "0.86", "2019-03-31": "0.99", "2018-12-31": "1.42", "2018-09-30": "1.20", "2018-06-30": "1.09", "2018-03-31": "1.26", "2017-12-31": "1.41", "2017-09-30": "1.69", "2017-06-30": "1.97", "2017-03-31": "3.09", "2016-12-31": "2.11", "2016-09-30": "2.51", "2016-06-30": "2.57", "2016-03-31": "2.29", "2015-12-31": "2.19", "2015-09-30": "2.10", "2015-06-30": "1.26", "2015-03-31": "1.46", "2014-12-31": "1.66", "2014-09-30": "1.04", "2014-06-30": "0.94", "2014-03-31": "1.25", "2013-12-31": "1.38", "2013-09-30": "1.26", "2013-06-30": "1.45", "2013-03-31": "1.23", "2012-12-31": "1.02", "2012-09-30": "1.59", "2012-06-30": "1.14", "2012-03-31": "1.23", "2011-12-31": "1.31", "2011-09-30": "1.42", "2011-06-30": "1.42", "2011-03-31": "1.78", "2010-12-31": "1.56", "2010-09-30": "1.16", "2010-06-30": "1.21", "2010-03-31": "1.13", "2009-12-31": "1.08", "2009-09-30": "0.82", "2009-06-30": "0.83", "2009-03-31": "0.91", "2008-12-31": "0.70", "2008-09-30": "0.84", "2008-06-30": "0.64", "2008-03-31": "0.67", "2007-12-31": "0.77", "2007-09-30": "1.30", "2007-06-30": "0.68", "2007-03-31": "0.55", "2006-12-31": "0.61", "2006-09-30": "0.59", "2006-06-30": "1.02", "2006-03-31": "1.22", "2005-12-31": "0.60", "2005-09-30": "0.57", "2005-06-30": "0.62", "2005-03-31": "0.53"}, "quick ratio": {"2020-09-30": "1.32", "2020-06-30": "0.65", "2020-03-31": "0.90", "2019-12-31": "0.80", "2019-09-30": "0.68", "2019-06-30": "0.76", "2019-03-31": "0.89", "2018-12-31": "1.29", "2018-09-30": "1.08", "2018-06-30": "0.98", "2018-03-31": "1.16", "2017-12-31": "1.31", "2017-09-30": "1.58", "2017-06-30": "1.84", "2017-03-31": "2.88", "2016-12-31": "1.99", "2016-09-30": "2.39", "2016-06-30": "2.48", "2016-03-31": "2.20", "2015-12-31": "2.08", "2015-09-30": "1.89", "2015-06-30": "1.00", "2015-03-31": "1.23", "2014-12-31": "1.49", "2014-09-30": "0.87", "2014-06-30": "0.79", "2014-03-31": "1.06", "2013-12-31": "1.21", "2013-09-30": "1.08", "2013-06-30": "1.25", "2013-03-31": "0.99", "2012-12-31": "0.83", "2012-09-30": "1.31", "2012-06-30": "0.89", "2012-03-31": "0.98", "2011-12-31": "1.09", "2011-09-30": "1.09", "2011-06-30": "1.11", "2011-03-31": "1.51", "2010-12-31": "1.33", "2010-09-30": "0.85", "2010-06-30": "1.01", "2010-03-31": "0.89", "2009-12-31": "0.84", "2009-09-30": "0.54", "2009-06-30": "0.63", "2009-03-31": "0.77", "2008-12-31": "0.59", "2008-09-30": "0.66", "2008-06-30": "0.54", "2008-03-31": "0.55", "2007-12-31": "0.67", "2007-09-30": "1.20", "2007-06-30": "0.56", "2007-03-31": "0.45", "2006-12-31": "0.50", "2006-09-30": "0.47", "2006-06-30": "0.88", "2006-03-31": "1.13", "2005-12-31": "0.53", "2005-09-30": "0.52", "2005-06-30": "0.55", "2005-03-31": "0.48"}, "debt equity ratio": {"current": "0.27", "2020-09-30": "0.63", "2020-06-30": "0.53", "2020-03-31": "0.56", "2019-12-31": "0.57", "2019-09-30": "0.53", "2019-06-30": "0.53", "2019-03-31": "0.50", "2018-12-31": "0.48", "2018-09-30": "0.52", "2018-06-30": "0.52", "2018-03-31": "0.52", "2017-12-31": "0.51", "2017-09-30": "0.55", "2017-06-30": "0.54", "2017-03-31": "0.52", "2016-12-31": "0.58", "2016-09-30": "0.57", "2016-06-30": "0.62", "2016-03-31": "0.67", "2015-12-31": "0.81", "2015-09-30": "0.67", "2015-06-30": "0.69", "2015-03-31": "0.69", "2014-12-31": "0.74", "2014-09-30": "0.86", "2014-06-30": "0.88", "2014-03-31": "0.85", "2013-12-31": "0.86", "2013-09-30": "0.87", "2013-06-30": "0.85", "2013-03-31": "0.89", "2012-12-31": "1.23", "2012-09-30": "1.21", "2012-06-30": "1.18", "2012-03-31": "1.06", "2011-12-31": "1.03", "2011-09-30": "1.11", "2011-06-30": "1.15", "2011-03-31": "1.20", "2010-12-31": "1.29", "2010-09-30": "1.24", "2010-06-30": "1.25", "2010-03-31": "1.31", "2009-12-31": "1.43", "2009-09-30": "1.46", "2009-06-30": "1.51", "2009-03-31": "1.49", "2008-12-31": "1.49", "2008-09-30": "1.58", "2008-06-30": "1.93", "2008-03-31": "1.87", "2007-12-31": "1.83", "2007-09-30": "1.79", "2007-06-30": "1.63", "2007-03-31": "1.58", "2006-12-31": "1.46", "2006-09-30": "1.36", "2006-06-30": "1.43", "2006-03-31": "1.41", "2005-12-31": "2.31", "2005-09-30": "2.40", "2005-06-30": "1.61", "2005-03-31": "1.75"}, "return on equity": {"2020-09-30": "1.46%", "2020-06-30": "3.55%", "2020-03-31": "5.78%", "2019-12-31": "6.29%", "2019-09-30": "6.12%", "2019-06-30": "7.61%", "2019-03-31": "9.64%", "2018-12-31": "8.34%", "2018-09-30": "11.46%", "2018-06-30": "7.92%", "2018-03-31": "9.60%", "2017-12-31": "7.78%", "2017-09-30": "1.19%", "2017-06-30": "1.63%", "2017-03-31": "-3.18%", "2016-12-31": "-5.43%", "2016-09-30": "-11.69%", "2016-06-30": "-5.47%", "2016-03-31": "-5.23%", "2015-12-31": "-3.20%", "2015-09-30": "9.10%", "2015-06-30": "6.27%", "2015-03-31": "9.41%", "2014-12-31": "12.73%", "2014-09-30": "-12.76%", "2014-06-30": "-16.54%", "2014-03-31": "-11.35%", "2013-12-31": "-11.44%", "2013-09-30": "7.86%", "2013-06-30": "7.36%", "2013-03-31": "1.31%", "2012-12-31": "3.30%", "2012-09-30": "0.89%", "2012-06-30": "6.72%", "2012-03-31": "12.82%", "2011-12-31": "16.20%", "2011-09-30": "21.43%", "2011-06-30": "17.37%", "2011-03-31": "16.31%", "2010-12-31": "14.48%", "2010-09-30": "14.46%", "2010-06-30": "11.98%", "2010-03-31": "5.56%", "2009-12-31": "-1.45%", "2009-09-30": "-4.84%", "2009-06-30": "-4.79%", "2009-03-31": "1.98%", "2008-12-31": "6.28%", "2008-09-30": "15.08%", "2008-06-30": "19.11%", "2008-03-31": "15.32%", "2007-12-31": "12.25%", "2007-09-30": "6.47%", "2007-06-30": "5.82%", "2007-03-31": "7.66%", "2006-12-31": "25.03%", "2006-09-30": "30.86%", "2006-06-30": "35.10%", "2006-03-31": "39.99%", "2005-12-31": "22.58%"}, "return on assets": {"2020-09-30": "0.93%", "2020-06-30": "2.29%", "2020-03-31": "3.74%", "2019-12-31": "4.11%", "2019-09-30": "4.06%", "2019-06-30": "5.06%", "2019-03-31": "6.41%", "2018-12-31": "5.53%", "2018-09-30": "7.56%", "2018-06-30": "5.19%", "2018-03-31": "6.28%", "2017-12-31": "5.09%", "2017-09-30": "0.77%", "2017-06-30": "1.05%", "2017-03-31": "-2.03%", "2016-12-31": "-3.38%", "2016-09-30": "-7.05%", "2016-06-30": "-3.25%", "2016-03-31": "-3.07%", "2015-12-31": "-1.87%", "2015-09-30": "5.37%", "2015-06-30": "3.61%", "2015-03-31": "5.28%", "2014-12-31": "6.97%", "2014-09-30": "-6.85%", "2014-06-30": "-8.86%", "2014-03-31": "-6.10%", "2013-12-31": "-6.12%", "2013-09-30": "4.04%", "2013-06-30": "3.64%", "2013-03-31": "0.62%", "2012-12-31": "1.52%", "2012-09-30": "0.42%", "2012-06-30": "3.21%", "2012-03-31": "6.15%", "2011-12-31": "7.65%", "2011-09-30": "9.81%", "2011-06-30": "7.84%", "2011-03-31": "7.27%", "2010-12-31": "6.38%", "2010-09-30": "6.28%", "2010-06-30": "5.09%", "2010-03-31": "2.29%", "2009-12-31": "-0.59%", "2009-09-30": "-1.95%", "2009-06-30": "-1.90%", "2009-03-31": "0.76%", "2008-12-31": "2.32%", "2008-09-30": "5.39%", "2008-06-30": "6.69%", "2008-03-31": "5.51%", "2007-12-31": "4.52%", "2007-09-30": "2.47%", "2007-06-30": "2.32%", "2007-03-31": "3.12%", "2006-12-31": "10.38%", "2006-09-30": "11.97%", "2006-06-30": "12.47%", "2006-03-31": "13.91%", "2005-12-31": "7.56%"}, "return on investments": {"2020-09-30": "5.10%", "2020-06-30": "6.98%", "2020-03-31": "10.14%", "2019-12-31": "11.30%", "2019-09-30": "14.33%", "2019-06-30": "16.89%", "2019-03-31": "18.07%", "2018-12-31": "15.99%", "2018-09-30": "10.37%", "2018-06-30": "5.59%", "2018-03-31": "7.64%", "2017-12-31": "5.53%", "2017-09-30": "4.52%", "2017-06-30": "4.51%", "2017-03-31": "-1.12%", "2016-12-31": "-3.44%", "2016-09-30": "-10.09%", "2016-06-30": "-1.68%", "2016-03-31": "-1.33%", "2015-12-31": "0.82%", "2015-09-30": "14.66%", "2015-06-30": "11.44%", "2015-03-31": "15.63%", "2014-12-31": "19.04%", "2014-09-30": "-1.15%", "2014-06-30": "-6.47%", "2014-03-31": "-1.94%", "2013-12-31": "-2.31%", "2013-09-30": "17.39%", "2013-06-30": "16.83%", "2013-03-31": "11.13%", "2012-12-31": "12.70%", "2012-09-30": "2.16%", "2012-06-30": "8.76%", "2012-03-31": "15.29%", "2011-12-31": "11.13%", "2011-09-30": "21.12%", "2011-06-30": "16.33%", "2011-03-31": "11.62%", "2010-12-31": "15.79%", "2010-09-30": "8.24%", "2010-06-30": "5.43%", "2010-03-31": "2.91%", "2009-12-31": "0.78%", "2009-09-30": "1.53%", "2009-06-30": "2.22%", "2009-03-31": "8.22%", "2008-12-31": "11.80%", "2008-09-30": "14.28%", "2008-06-30": "16.44%", "2008-03-31": "12.61%", "2007-12-31": "9.76%", "2007-09-30": "8.58%", "2007-06-30": "8.38%", "2007-03-31": "10.26%", "2006-12-31": "10.27%", "2006-09-30": "16.54%", "2006-06-30": "16.33%", "2006-03-31": "15.74%", "2005-12-31": "16.22%"}, "return on tangible equity": {"2020-09-30": "1.49%", "2020-06-30": "3.63%", "2020-03-31": "5.91%", "2019-12-31": "6.43%", "2019-09-30": "6.26%", "2019-06-30": "7.78%", "2019-03-31": "9.86%", "2018-12-31": "8.54%", "2018-09-30": "11.74%", "2018-06-30": "8.11%", "2018-03-31": "9.84%", "2017-12-31": "7.98%", "2017-09-30": "1.22%", "2017-06-30": "1.67%", "2017-03-31": "-3.27%", "2016-12-31": "-5.58%", "2016-09-30": "-12.02%", "2016-06-30": "-5.63%", "2016-03-31": "-5.39%", "2015-12-31": "-3.30%", "2015-09-30": "9.40%", "2015-06-30": "6.48%", "2015-03-31": "9.75%", "2014-12-31": "13.23%", "2014-09-30": "-13.29%", "2014-06-30": "-17.23%", "2014-03-31": "-11.81%", "2013-12-31": "-11.90%", "2013-09-30": "8.19%", "2013-06-30": "7.70%", "2013-03-31": "1.38%", "2012-12-31": "3.48%", "2012-09-30": "0.93%", "2012-06-30": "7.10%", "2012-03-31": "13.57%", "2011-12-31": "17.22%", "2011-09-30": "22.89%", "2011-06-30": "18.62%", "2011-03-31": "17.54%", "2010-12-31": "15.63%", "2010-09-30": "15.67%", "2010-06-30": "13.04%", "2010-03-31": "6.08%", "2009-12-31": "-1.59%", "2009-09-30": "-5.29%", "2009-06-30": "-5.24%", "2009-03-31": "2.17%", "2008-12-31": "6.93%", "2008-09-30": "16.71%", "2008-06-30": "21.26%", "2008-03-31": "17.05%", "2007-12-31": "13.64%", "2007-09-30": "7.20%", "2007-06-30": "6.49%", "2007-03-31": "8.56%", "2006-12-31": "27.97%", "2006-09-30": "34.77%", "2006-06-30": "39.95%", "2006-03-31": "45.67%", "2005-12-31": "25.95%"}, "dividend yield history": {"last payout": "$2.20", "last yield": "1.70%"}}