{"ticker": "QGEN", "price": {"title": "QIAGEN Historical Annual Stock Price Data", "value": 54.03, "historical": {"2021": {"Average Stock Price": "53.5204", "Year Open": "53.3100", "Year High": "55.4200", "Year Low": "52.1000", "Year Close": "54.0300", "Annual % Change": "2.23%"}, "2020": {"Average Stock Price": "44.6405", "Year Open": "33.9300", "Year High": "54.7400", "Year Low": "33.1700", "Year Close": "52.8500", "Annual % Change": "56.36%"}, "2019": {"Average Stock Price": "37.0654", "Year Open": "34.1300", "Year High": "43.1000", "Year Low": "25.4100", "Year Close": "33.8000", "Annual % Change": "-1.89%"}, "2018": {"Average Stock Price": "35.1436", "Year Open": "31.3600", "Year High": "39.3900", "Year Low": "31.0100", "Year Close": "34.4500", "Annual % Change": "11.38%"}, "2017": {"Average Stock Price": "31.4871", "Year Open": "29.3043", "Year High": "35.3700", "Year Low": "27.8100", "Year Close": "30.9300", "Annual % Change": "6.30%"}, "2016": {"Average Stock Price": "25.1390", "Year Open": "27.7362", "Year High": "29.7196", "Year Low": "20.9657", "Year Close": "29.0966", "Annual % Change": "1.34%"}, "2015": {"Average Stock Price": "26.4008", "Year Open": "24.2679", "Year High": "29.2939", "Year Low": "23.1672", "Year Close": "28.7124", "Annual % Change": "17.86%"}, "2014": {"Average Stock Price": "23.9161", "Year Open": "24.4341", "Year High": "26.1475", "Year Low": "20.7788", "Year Close": "24.3614", "Annual % Change": "-1.47%"}, "2013": {"Average Stock Price": "21.6469", "Year Open": "19.5016", "Year High": "25.5971", "Year Low": "19.1589", "Year Close": "24.7248", "Annual % Change": "31.19%"}, "2012": {"Average Stock Price": "17.4977", "Year Open": "14.7040", "Year High": "19.9377", "Year Low": "14.7040", "Year Close": "18.8471", "Annual % Change": "31.42%"}, "2011": {"Average Stock Price": "17.9318", "Year Open": "20.6127", "Year High": "22.8764", "Year Low": "13.1360", "Year Close": "14.3406", "Annual % Change": "-29.36%"}, "2010": {"Average Stock Price": "21.1574", "Year Open": "23.5306", "Year High": "24.9013", "Year Low": "17.6739", "Year Close": "20.3011", "Annual % Change": "-12.45%"}, "2009": {"Average Stock Price": "19.5696", "Year Open": "17.7674", "Year High": "24.0187", "Year Low": "15.3998", "Year Close": "23.1880", "Annual % Change": "27.16%"}, "2008": {"Average Stock Price": "20.1349", "Year Open": "22.5961", "Year High": "24.2887", "Year Low": "13.4060", "Year Close": "18.2347", "Annual % Change": "-16.58%"}, "2007": {"Average Stock Price": "18.9263", "Year Open": "16.2409", "Year High": "24.4548", "Year Low": "15.9086", "Year Close": "21.8588", "Annual % Change": "39.13%"}, "2006": {"Average Stock Price": "14.8945", "Year Open": "12.5026", "Year High": "16.7705", "Year Low": "12.1703", "Year Close": "15.7113", "Annual % Change": "28.77%"}, "2005": {"Average Stock Price": "12.6613", "Year Open": "11.4538", "Year High": "14.2991", "Year Low": "10.9657", "Year Close": "12.2015", "Annual % Change": "7.31%"}, "2004": {"Average Stock Price": "12.0099", "Year Open": "12.7934", "Year High": "16.2098", "Year Low": "9.0758", "Year Close": "11.3707", "Annual % Change": "-8.44%"}, "2003": {"Average Stock Price": "9.1966", "Year Open": "5.6906", "Year High": "13.3437", "Year Low": "5.3998", "Year Close": "12.4195", "Annual % Change": "130.44%"}, "2002": {"Average Stock Price": "11.3741", "Year Open": "19.7508", "Year High": "21.6096", "Year Low": "4.6833", "Year Close": "5.3894", "Annual % Change": "-72.04%"}, "2001": {"Average Stock Price": "23.1759", "Year Open": "36.3448", "Year High": "36.7394", "Year Low": "12.8557", "Year Close": "19.2731", "Annual % Change": "-46.34%"}, "2000": {"Average Stock Price": "41.6231", "Year Open": "21.2876", "Year High": "59.5846", "Year Low": "19.5353", "Year Close": "35.9190", "Annual % Change": "83.26%"}, "1999": {"Average Stock Price": "11.2352", "Year Open": "8.5021", "Year High": "21.6771", "Year Low": "8.5021", "Year Close": "19.6002", "Annual % Change": "150.62%"}, "1998": {"Average Stock Price": "7.6377", "Year Open": "5.8255", "Year High": "9.8650", "Year Low": "5.4361", "Year Close": "7.8206", "Annual % Change": "35.03%"}, "1997": {"Average Stock Price": "5.2751", "Year Open": "3.2944", "Year High": "7.6584", "Year Low": "3.1477", "Year Close": "5.7918", "Annual % Change": "73.28%"}}}, "market cap": {"value": "$12.31B"}, "income statement": {"Revenue": {"2019-12-31": "1526.42400", "2018-12-31": "1501.84800", "2017-12-31": "1417.53600", "2016-12-31": "1337.99100", "2015-12-31": "1280.98600", "2014-12-31": "1344.77700", "2013-12-31": "1301.98400", "2012-12-31": "1254.45600", "2011-12-31": "1169.74700", "2010-12-31": "1087.43100", "2009-12-31": "1009.82500", "2008-12-31": "892.97500", "2007-12-31": "649.77000", "2006-12-31": "465.77000", "2005-12-31": "398.39000"}, "Cost Of Goods Sold": {"2019-12-31": "521.16200", "2018-12-31": "500.88800", "2017-12-31": "494.97500", "2016-12-31": "493.33800", "2015-12-31": "454.32800", "2014-12-31": "479.57000", "2013-12-31": "486.49400", "2012-12-31": "430.43200", "2011-12-31": "419.93800", "2010-12-31": "371.86900", "2009-12-31": "342.75200", "2008-12-31": "293.28500", "2007-12-31": "216.22000", "2006-12-31": "141.16000", "2005-12-31": "123.19000"}, "Gross Profit": {"2019-12-31": "1005.26200", "2018-12-31": "1000.96000", "2017-12-31": "922.56100", "2016-12-31": "844.65300", "2015-12-31": "826.65800", "2014-12-31": "865.20700", "2013-12-31": "815.49000", "2012-12-31": "824.02400", "2011-12-31": "749.80900", "2010-12-31": "715.56200", "2009-12-31": "667.07300", "2008-12-31": "599.68990", "2007-12-31": "433.55000", "2006-12-31": "324.61000", "2005-12-31": "275.20000"}, "Research And Development Expenses": {"2019-12-31": "157.44800", "2018-12-31": "161.85200", "2017-12-31": "154.08400", "2016-12-31": "149.84100", "2015-12-31": "146.83000", "2014-12-31": "163.66600", "2013-12-31": "146.07000", "2012-12-31": "122.47600", "2011-12-31": "130.63600", "2010-12-31": "126.04000", "2009-12-31": "107.90000", "2008-12-31": "97.33100", "2007-12-31": "64.93000", "2006-12-31": "41.56000", "2005-12-31": "42.33000"}, "SG&A Expenses": {"2019-12-31": "504.16800", "2018-12-31": "496.84900", "2017-12-31": "575.66000", "2016-12-31": "556.89400", "2015-12-31": "461.66400", "2014-12-31": "502.77800", "2013-12-31": "570.59500", "2012-12-31": "495.61700", "2011-12-31": "492.83900", "2010-12-31": "377.49300", "2009-12-31": "360.74700", "2008-12-31": "341.34400", "2007-12-31": "236.62000", "2006-12-31": "164.51000", "2005-12-31": "134.81000"}, "Other Operating Income Or Expenses": {"2019-12-31": "-170.00400", "2018-12-31": "-47.01900", "2017-12-31": "-39.39800", "2016-12-31": "-39.09100", "2015-12-31": "-38.66600", "2014-12-31": "-37.07000", "2013-12-31": "-35.49500", "2012-12-31": "-36.11700", "2011-12-31": "-26.74600", "2010-12-31": "-23.49200", "2009-12-31": "-18.22100", "2008-12-31": "-14.36800", "2007-12-31": "", "2006-12-31": "", "2005-12-31": ""}, "Operating Expenses": {"2019-12-31": "1552.56000", "2018-12-31": "1235.26700", "2017-12-31": "1264.11700", "2016-12-31": "1239.16400", "2015-12-31": "1101.48800", "2014-12-31": "1183.08400", "2013-12-31": "1238.65400", "2012-12-31": "1084.64200", "2011-12-31": "1070.15900", "2010-12-31": "898.89400", "2009-12-31": "829.62010", "2008-12-31": "747.31290", "2007-12-31": "517.77000", "2006-12-31": "347.23000", "2005-12-31": "300.33000"}, "Operating Income": {"2019-12-31": "-26.13600", "2018-12-31": "266.58090", "2017-12-31": "153.41910", "2016-12-31": "98.82700", "2015-12-31": "179.49790", "2014-12-31": "161.69300", "2013-12-31": "63.33010", "2012-12-31": "169.81410", "2011-12-31": "99.58800", "2010-12-31": "188.53700", "2009-12-31": "180.20500", "2008-12-31": "145.66200", "2007-12-31": "132.00000", "2006-12-31": "118.54000", "2005-12-31": "98.06000"}, "Total Non-Operating Income/Expense": {"2019-12-31": "-51.64000", "2018-12-31": "-40.84400", "2017-12-31": "-39.04400", "2016-12-31": "-41.91900", "2015-12-31": "-43.19500", "2014-12-31": "-42.30400", "2013-12-31": "-25.99200", "2012-12-31": "-24.66100", "2011-12-31": "-3.37600", "2010-12-31": "-15.41600", "2009-12-31": "-7.87500", "2008-12-31": "-26.37600", "2007-12-31": "-56.25000", "2006-12-31": "-12.45000", "2005-12-31": "-0.79000"}, "Pre-Tax Income": {"2019-12-31": "-77.77600", "2018-12-31": "225.73700", "2017-12-31": "114.37500", "2016-12-31": "56.90800", "2015-12-31": "136.30300", "2014-12-31": "119.38900", "2013-12-31": "37.33800", "2012-12-31": "145.15300", "2011-12-31": "96.21200", "2010-12-31": "173.12100", "2009-12-31": "172.33000", "2008-12-31": "119.28600", "2007-12-31": "75.72000", "2006-12-31": "106.06000", "2005-12-31": "97.26000"}, "Income Taxes": {"2019-12-31": "-36.32100", "2018-12-31": "35.35700", "2017-12-31": "73.98100", "2016-12-31": "-23.39500", "2015-12-31": "6.40100", "2014-12-31": "2.45600", "2013-12-31": "-31.76000", "2012-12-31": "15.61600", "2011-12-31": "1.26300", "2010-12-31": "28.81000", "2009-12-31": "34.56300", "2008-12-31": "29.76200", "2007-12-31": "25.55000", "2006-12-31": "35.52000", "2005-12-31": "35.03000"}, "Income After Taxes": {"2019-12-31": "-41.45500", "2018-12-31": "190.38000", "2017-12-31": "40.39400", "2016-12-31": "80.30300", "2015-12-31": "129.90200", "2014-12-31": "116.93300", "2013-12-31": "69.09800", "2012-12-31": "129.53700", "2011-12-31": "94.94900", "2010-12-31": "144.31100", "2009-12-31": "137.76700", "2008-12-31": "89.52400", "2007-12-31": "50.17000", "2006-12-31": "70.54000", "2005-12-31": "62.23000"}, "Other Income": {"2019-12-31": "", "2018-12-31": "", "2017-12-31": "", "2016-12-31": "", "2015-12-31": "", "2014-12-31": "", "2013-12-31": "", "2012-12-31": "", "2011-12-31": "", "2010-12-31": "", "2009-12-31": "", "2008-12-31": "", "2007-12-31": "0.00000", "2006-12-31": "0.00000", "2005-12-31": ""}, "Income From Continuous Operations": {"2019-12-31": "-41.45500", "2018-12-31": "190.38000", "2017-12-31": "40.39400", "2016-12-31": "80.30300", "2015-12-31": "129.90200", "2014-12-31": "116.93300", "2013-12-31": "69.09800", "2012-12-31": "129.53700", "2011-12-31": "94.94900", "2010-12-31": "144.31100", "2009-12-31": "137.76700", "2008-12-31": "89.52400", "2007-12-31": "113.08300", "2006-12-31": "85.29300", "2005-12-31": "68.76000"}, "Income From Discontinued Operations": {"2019-12-31": "", "2018-12-31": "", "2017-12-31": "", "2016-12-31": "", "2015-12-31": "", "2014-12-31": "", "2013-12-31": "", "2012-12-31": "", "2011-12-31": "", "2010-12-31": "", "2009-12-31": "", "2008-12-31": "", "2007-12-31": "0.00000", "2006-12-31": "0.00000", "2005-12-31": "0.00000"}, "Net Income": {"2019-12-31": "-41.45500", "2018-12-31": "190.38000", "2017-12-31": "40.39400", "2016-12-31": "80.40400", "2015-12-31": "130.14800", "2014-12-31": "116.36500", "2013-12-31": "69.07300", "2012-12-31": "129.50600", "2011-12-31": "96.03800", "2010-12-31": "144.31100", "2009-12-31": "137.76700", "2008-12-31": "89.03300", "2007-12-31": "50.12000", "2006-12-31": "70.53000", "2005-12-31": "62.22000"}, "EBITDA": {"2019-12-31": "246.08500", "2018-12-31": "508.55400", "2017-12-31": "394.64010", "2016-12-31": "332.33400", "2015-12-31": "390.92590", "2014-12-31": "377.86700", "2013-12-31": "262.68510", "2012-12-31": "367.70610", "2011-12-31": "266.96500", "2010-12-31": "331.31600", "2009-12-31": "300.59890", "2008-12-31": "251.36600", "2007-12-31": "194.58000", "2006-12-31": "148.57000", "2005-12-31": "98.06000"}, "EBIT": {"2019-12-31": "-26.13600", "2018-12-31": "266.58090", "2017-12-31": "153.41910", "2016-12-31": "98.82700", "2015-12-31": "179.49790", "2014-12-31": "161.69300", "2013-12-31": "63.33010", "2012-12-31": "169.81410", "2011-12-31": "99.58800", "2010-12-31": "188.53700", "2009-12-31": "180.20500", "2008-12-31": "145.66200", "2007-12-31": "132.00000", "2006-12-31": "118.54000", "2005-12-31": "98.06000"}, "Basic Shares Outstanding": {"2019-12-31": "226.77700", "2018-12-31": "226.64000", "2017-12-31": "228.07400", "2016-12-31": "234.80000", "2015-12-31": "233.48300", "2014-12-31": "232.64400", "2013-12-31": "225.34200", "2012-12-31": "226.86550", "2011-12-31": "225.19760", "2010-12-31": "224.02750", "2009-12-31": "199.27170", "2008-12-31": "189.52220", "2007-12-31": "162.22400", "2006-12-31": "147.83700", "2005-12-31": "144.61600"}, "Shares Outstanding": {"2019-12-31": "226.77700", "2018-12-31": "233.45600", "2017-12-31": "233.00900", "2016-12-31": "238.99300", "2015-12-31": "238.64700", "2014-12-31": "242.80600", "2013-12-31": "233.21450", "2012-12-31": "231.83840", "2011-12-31": "230.21860", "2010-12-31": "231.58510", "2009-12-31": "205.70840", "2008-12-31": "196.70140", "2007-12-31": "169.44900", "2006-12-31": "147.83700", "2005-12-31": "144.61600"}, "Basic EPS": {"2019-12-31": "-0.18000", "2018-12-31": "0.84000", "2017-12-31": "0.18000", "2016-12-31": "0.34000", "2015-12-31": "0.56000", "2014-12-31": "0.50000", "2013-12-31": "0.31150", "2012-12-31": "0.57110", "2011-12-31": "0.42580", "2010-12-31": "0.64380", "2009-12-31": "0.69570", "2008-12-31": "0.46730", "2007-12-31": "0.31150", "2006-12-31": "0.47770", "2005-12-31": "0.42580"}, "EPS - Earnings Per Share": {"2019-12-31": "-0.18000", "2018-12-31": "0.82000", "2017-12-31": "0.17000", "2016-12-31": "0.34000", "2015-12-31": "0.55000", "2014-12-31": "0.48000", "2013-12-31": "0.30110", "2012-12-31": "0.56070", "2011-12-31": "0.41540", "2010-12-31": "0.62310", "2009-12-31": "0.66460", "2008-12-31": "0.45690", "2007-12-31": "0.29080", "2006-12-31": "0.47770", "2005-12-31": "0.42580"}}, "income statement, quarterly": {"Revenue": {"2020-09-30": "483.76300", "2020-06-30": "443.25200", "2020-03-31": "372.09700", "2019-12-31": "413.47190", "2019-09-30": "382.68600", "2019-06-30": "381.61200", "2019-03-31": "348.65400", "2018-12-31": "403.17300", "2018-09-30": "377.91100", "2018-06-30": "377.19600", "2018-03-31": "343.56800", "2017-12-31": "396.86310", "2017-09-30": "363.97700", "2017-06-30": "348.99000", "2017-03-31": "307.70600", "2016-12-31": "366.51500", "2016-09-30": "338.68500", "2016-06-30": "334.41200", "2016-03-31": "298.37900", "2015-12-31": "348.53990", "2015-09-30": "314.56100", "2015-06-30": "319.45600", "2015-03-31": "298.42900", "2014-12-31": "360.40990", "2014-09-30": "336.45700", "2014-06-30": "330.83700", "2014-03-31": "317.07300", "2013-12-31": "361.08500", "2013-09-30": "322.11100", "2013-06-30": "315.21200", "2013-03-31": "303.57600", "2012-12-31": "346.53200", "2012-09-30": "304.28900", "2012-06-30": "307.21300", "2012-03-31": "296.42200", "2011-12-31": "334.41990", "2011-09-30": "288.88500", "2011-06-30": "282.17700", "2011-03-31": "264.26500", "2010-12-31": "286.03200", "2010-09-30": "274.31700", "2010-06-30": "262.71800", "2010-03-31": "264.36400", "2009-12-31": "289.07700", "2009-09-30": "259.65900", "2009-06-30": "240.15600", "2009-03-31": "220.93300", "2008-12-31": "237.18200", "2008-09-30": "230.80000", "2008-06-30": "217.88800", "2008-03-31": "207.10600", "2007-12-31": "210.22400", "2007-09-30": "176.63200", "2007-06-30": "135.03900", "2007-03-31": "127.87900", "2006-12-31": "125.89100", "2006-09-30": "117.93900", "2006-06-30": "113.23300", "2006-03-31": "108.71500", "2005-12-31": "104.34500", "2005-09-30": "98.67100", "2005-06-30": "100.35400", "2005-03-31": "95.02500"}, "Cost Of Goods Sold": {"2020-09-30": "162.98900", "2020-06-30": "148.28200", "2020-03-31": "128.55900", "2019-12-31": "133.90700", "2019-09-30": "127.74400", "2019-06-30": "135.69700", "2019-03-31": "123.81400", "2018-12-31": "138.41900", "2018-09-30": "121.13500", "2018-06-30": "123.44000", "2018-03-31": "117.89400", "2017-12-31": "135.58500", "2017-09-30": "123.09600", "2017-06-30": "124.43300", "2017-03-31": "111.86100", "2016-12-31": "138.50700", "2016-09-30": "117.62500", "2016-06-30": "123.60000", "2016-03-31": "113.60600", "2015-12-31": "124.94000", "2015-09-30": "109.91500", "2015-06-30": "118.91600", "2015-03-31": "100.55700", "2014-12-31": "144.36400", "2014-09-30": "113.28300", "2014-06-30": "114.96800", "2014-03-31": "106.95500", "2013-12-31": "125.22300", "2013-09-30": "111.41100", "2013-06-30": "146.29700", "2013-03-31": "103.56300", "2012-12-31": "114.00900", "2012-09-30": "105.13200", "2012-06-30": "104.23900", "2012-03-31": "107.05200", "2011-12-31": "132.70000", "2011-09-30": "101.35300", "2011-06-30": "93.76800", "2011-03-31": "92.11700", "2010-12-31": "97.01000", "2010-09-30": "93.79700", "2010-06-30": "89.91000", "2010-03-31": "91.15000", "2009-12-31": "100.98000", "2009-09-30": "86.64000", "2009-06-30": "80.65000", "2009-03-31": "74.48000", "2008-12-31": "79.73000", "2008-09-30": "77.86000", "2008-06-30": "69.81000", "2008-03-31": "65.88000", "2007-12-31": "75.29000", "2007-09-30": "60.44000", "2007-06-30": "41.57000", "2007-03-31": "38.92000", "2006-12-31": "", "2006-09-30": "36.16000", "2006-06-30": "", "2006-03-31": "", "2005-12-31": "29.53000", "2005-09-30": "30.00000", "2005-06-30": "33.06000", "2005-03-31": "30.60000"}, "Gross Profit": {"2020-09-30": "320.77400", "2020-06-30": "294.97000", "2020-03-31": "243.53800", "2019-12-31": "279.56500", "2019-09-30": "254.94200", "2019-06-30": "245.91500", "2019-03-31": "224.84000", "2018-12-31": "264.75400", "2018-09-30": "256.77600", "2018-06-30": "253.75600", "2018-03-31": "225.67400", "2017-12-31": "261.27810", "2017-09-30": "240.88100", "2017-06-30": "224.55700", "2017-03-31": "195.84500", "2016-12-31": "228.00800", "2016-09-30": "221.06000", "2016-06-30": "210.81200", "2016-03-31": "184.77300", "2015-12-31": "223.59990", "2015-09-30": "204.64600", "2015-06-30": "200.54000", "2015-03-31": "197.87200", "2014-12-31": "216.04590", "2014-09-30": "223.17400", "2014-06-30": "215.86900", "2014-03-31": "210.11800", "2013-12-31": "235.86200", "2013-09-30": "210.70000", "2013-06-30": "168.91500", "2013-03-31": "200.01300", "2012-12-31": "232.52310", "2012-09-30": "199.15700", "2012-06-30": "202.97400", "2012-03-31": "189.37000", "2011-12-31": "201.71990", "2011-09-30": "187.53200", "2011-06-30": "188.40900", "2011-03-31": "172.14800", "2010-12-31": "189.02200", "2010-09-30": "180.52000", "2010-06-30": "172.80800", "2010-03-31": "173.21400", "2009-12-31": "188.09700", "2009-09-30": "173.01900", "2009-06-30": "159.50600", "2009-03-31": "146.45300", "2008-12-31": "157.45200", "2008-09-30": "152.94000", "2008-06-30": "148.07800", "2008-03-31": "141.22600", "2007-12-31": "134.93400", "2007-09-30": "116.19200", "2007-06-30": "93.46900", "2007-03-31": "88.95900", "2006-12-31": "125.89100", "2006-09-30": "81.77900", "2006-06-30": "113.23300", "2006-03-31": "108.71500", "2005-12-31": "74.81500", "2005-09-30": "68.67100", "2005-06-30": "67.29400", "2005-03-31": "64.42500"}, "Research And Development Expenses": {"2020-09-30": "36.09700", "2020-06-30": "31.81800", "2020-03-31": "34.81300", "2019-12-31": "33.98800", "2019-09-30": "41.84500", "2019-06-30": "40.82700", "2019-03-31": "40.78800", "2018-12-31": "40.66700", "2018-09-30": "42.03000", "2018-06-30": "39.63300", "2018-03-31": "39.52200", "2017-12-31": "40.94300", "2017-09-30": "38.30300", "2017-06-30": "37.89900", "2017-03-31": "36.93900", "2016-12-31": "32.21700", "2016-09-30": "36.04000", "2016-06-30": "42.00800", "2016-03-31": "39.57600", "2015-12-31": "39.35900", "2015-09-30": "35.56800", "2015-06-30": "33.57500", "2015-03-31": "38.32800", "2014-12-31": "43.96000", "2014-09-30": "41.46100", "2014-06-30": "37.90900", "2014-03-31": "40.33600", "2013-12-31": "43.79100", "2013-09-30": "34.34000", "2013-06-30": "33.63900", "2013-03-31": "34.30000", "2012-12-31": "32.21000", "2012-09-30": "31.00800", "2012-06-30": "30.62100", "2012-03-31": "28.63700", "2011-12-31": "32.81500", "2011-09-30": "32.64600", "2011-06-30": "32.50800", "2011-03-31": "32.66700", "2010-12-31": "34.05000", "2010-09-30": "30.98000", "2010-06-30": "29.42000", "2010-03-31": "31.59000", "2009-12-31": "30.57000", "2009-09-30": "26.74000", "2009-06-30": "24.95000", "2009-03-31": "25.64000", "2008-12-31": "28.06000", "2008-09-30": "24.07000", "2008-06-30": "23.84000", "2008-03-31": "21.36000", "2007-12-31": "22.84000", "2007-09-30": "17.87000", "2007-06-30": "12.69000", "2007-03-31": "11.53000", "2006-12-31": "", "2006-09-30": "10.12000", "2006-06-30": "", "2006-03-31": "", "2005-12-31": "13.99000", "2005-09-30": "8.87000", "2005-06-30": "9.42000", "2005-03-31": "10.05000"}, "SG&A Expenses": {"2020-09-30": "130.10400", "2020-06-30": "118.23900", "2020-03-31": "123.95100", "2019-12-31": "123.60000", "2019-09-30": "125.77000", "2019-06-30": "130.27600", "2019-03-31": "124.52200", "2018-12-31": "95.36700", "2018-09-30": "122.71300", "2018-06-30": "150.73900", "2018-03-31": "128.03000", "2017-12-31": "166.94100", "2017-09-30": "128.63000", "2017-06-30": "154.61200", "2017-03-31": "125.47700", "2016-12-31": "181.89400", "2016-09-30": "126.88900", "2016-06-30": "129.22400", "2016-03-31": "118.88700", "2015-12-31": "116.25400", "2015-09-30": "113.32100", "2015-06-30": "117.31100", "2015-03-31": "114.77800", "2014-12-31": "141.55200", "2014-09-30": "122.14100", "2014-06-30": "120.92100", "2014-03-31": "118.16400", "2013-12-31": "148.67500", "2013-09-30": "132.95300", "2013-06-30": "160.42800", "2013-03-31": "128.53900", "2012-12-31": "142.48500", "2012-09-30": "119.60900", "2012-06-30": "117.23600", "2012-03-31": "116.28700", "2011-12-31": "180.91000", "2011-09-30": "113.84800", "2011-06-30": "103.27000", "2011-03-31": "94.81100", "2010-12-31": "116.22000", "2010-09-30": "93.42500", "2010-06-30": "94.69000", "2010-03-31": "90.77000", "2009-12-31": "126.91000", "2009-09-30": "88.52000", "2009-06-30": "83.65000", "2009-03-31": "79.88000", "2008-12-31": "126.63000", "2008-09-30": "77.11000", "2008-06-30": "77.99000", "2008-03-31": "73.98000", "2007-12-31": "79.41000", "2007-09-30": "66.63000", "2007-06-30": "45.66000", "2007-03-31": "44.92000", "2006-12-31": "", "2006-09-30": "41.09000", "2006-06-30": "", "2006-03-31": "", "2005-12-31": "34.73000", "2005-09-30": "33.61000", "2005-06-30": "33.50000", "2005-03-31": "32.97000"}, "Other Operating Income Or Expenses": {"2020-09-30": "-5.26700", "2020-06-30": "-5.09700", "2020-03-31": "-6.04800", "2019-12-31": "-7.02800", "2019-09-30": "-143.70500", "2019-06-30": "-9.83100", "2019-03-31": "-9.44000", "2018-12-31": "-11.06800", "2018-09-30": "-15.72000", "2018-06-30": "-10.05100", "2018-03-31": "-10.18000", "2017-12-31": "-10.02200", "2017-09-30": "-10.01700", "2017-06-30": "-9.68100", "2017-03-31": "-9.67800", "2016-12-31": "-9.70400", "2016-09-30": "-9.85100", "2016-06-30": "-9.73900", "2016-03-31": "-9.79700", "2015-12-31": "-9.77800", "2015-09-30": "-9.58600", "2015-06-30": "-9.66700", "2015-03-31": "-9.63500", "2014-12-31": "-9.09000", "2014-09-30": "-9.31800", "2014-06-30": "-9.34700", "2014-03-31": "-9.31500", "2013-12-31": "-9.38800", "2013-09-30": "-8.99500", "2013-06-30": "-9.00900", "2013-03-31": "-8.10300", "2012-12-31": "-8.90200", "2012-09-30": "-9.56200", "2012-06-30": "-9.69000", "2012-03-31": "-7.96300", "2011-12-31": "-7.60400", "2011-09-30": "-6.74100", "2011-06-30": "-6.17600", "2011-03-31": "-6.22500", "2010-12-31": "", "2010-09-30": "-5.88000", "2010-06-30": "", "2010-03-31": "", "2009-12-31": "", "2009-09-30": "", "2009-06-30": "", "2009-03-31": "", "2008-12-31": "", "2008-09-30": "", "2008-06-30": "", "2008-03-31": "", "2007-12-31": "", "2007-09-30": "", "2007-06-30": "", "2007-03-31": "", "2006-12-31": "", "2006-09-30": "", "2006-06-30": "", "2006-03-31": "", "2005-12-31": "", "2005-09-30": "", "2005-06-30": "", "2005-03-31": ""}, "Operating Expenses": {"2020-09-30": "439.25500", "2020-06-30": "324.55700", "2020-03-31": "304.78300", "2019-12-31": "333.48290", "2019-09-30": "590.13900", "2019-06-30": "321.43600", "2019-03-31": "307.50200", "2018-12-31": "314.90010", "2018-09-30": "300.87800", "2018-06-30": "323.86300", "2018-03-31": "295.62600", "2017-12-31": "353.49090", "2017-09-30": "300.04600", "2017-06-30": "326.62500", "2017-03-31": "283.95500", "2016-12-31": "362.32190", "2016-09-30": "290.40500", "2016-06-30": "304.57100", "2016-03-31": "281.86600", "2015-12-31": "290.33100", "2015-09-30": "268.39000", "2015-06-30": "279.46900", "2015-03-31": "263.29800", "2014-12-31": "338.96590", "2014-09-30": "286.20300", "2014-06-30": "283.14500", "2014-03-31": "274.77000", "2013-12-31": "327.07690", "2013-09-30": "287.69900", "2013-06-30": "349.37300", "2013-03-31": "274.50500", "2012-12-31": "297.60590", "2012-09-30": "265.31100", "2012-06-30": "261.78600", "2012-03-31": "259.93900", "2011-12-31": "354.02890", "2011-09-30": "254.58800", "2011-06-30": "235.72200", "2011-03-31": "225.82000", "2010-12-31": "235.29000", "2010-09-30": "224.08200", "2010-06-30": "219.86000", "2010-03-31": "219.66000", "2009-12-31": "254.08000", "2009-09-30": "206.28000", "2009-06-30": "189.25000", "2009-03-31": "180.00000", "2008-12-31": "234.42000", "2008-09-30": "179.04000", "2008-06-30": "171.64000", "2008-03-31": "161.22000", "2007-12-31": "169.35000", "2007-09-30": "147.89000", "2007-06-30": "102.57000", "2007-03-31": "97.96000", "2006-12-31": "", "2006-09-30": "89.72000", "2006-06-30": "", "2006-03-31": "", "2005-12-31": "78.25000", "2005-09-30": "72.48000", "2005-06-30": "75.98000", "2005-03-31": "73.62000"}, "Operating Income": {"2020-09-30": "44.50800", "2020-06-30": "118.69500", "2020-03-31": "67.31400", "2019-12-31": "79.98900", "2019-09-30": "-207.45300", "2019-06-30": "60.17600", "2019-03-31": "41.15200", "2018-12-31": "88.27280", "2018-09-30": "77.03300", "2018-06-30": "53.33300", "2018-03-31": "47.94200", "2017-12-31": "43.37220", "2017-09-30": "63.93100", "2017-06-30": "22.36500", "2017-03-31": "23.75100", "2016-12-31": "4.19310", "2016-09-30": "48.28000", "2016-06-30": "29.84100", "2016-03-31": "16.51300", "2015-12-31": "58.20890", "2015-09-30": "46.17100", "2015-06-30": "39.98700", "2015-03-31": "35.13100", "2014-12-31": "21.44400", "2014-09-30": "50.25400", "2014-06-30": "47.69200", "2014-03-31": "42.30300", "2013-12-31": "34.00810", "2013-09-30": "34.41200", "2013-06-30": "-34.16100", "2013-03-31": "29.07100", "2012-12-31": "48.92610", "2012-09-30": "38.97800", "2012-06-30": "45.42700", "2012-03-31": "36.48300", "2011-12-31": "-19.60900", "2011-09-30": "34.29700", "2011-06-30": "46.45500", "2011-03-31": "38.44500", "2010-12-31": "50.74200", "2010-09-30": "50.23500", "2010-06-30": "42.85800", "2010-03-31": "44.70400", "2009-12-31": "34.99700", "2009-09-30": "53.37900", "2009-06-30": "50.90600", "2009-03-31": "40.93300", "2008-12-31": "2.76200", "2008-09-30": "51.76000", "2008-06-30": "46.24800", "2008-03-31": "45.88600", "2007-12-31": "40.87400", "2007-09-30": "28.74200", "2007-06-30": "32.46900", "2007-03-31": "29.91900", "2006-12-31": "125.89100", "2006-09-30": "28.21900", "2006-06-30": "113.23300", "2006-03-31": "108.71500", "2005-12-31": "26.09500", "2005-09-30": "26.19100", "2005-06-30": "24.37400", "2005-03-31": "21.40500"}, "Total Non-Operating Income/Expense": {"2020-09-30": "-16.60400", "2020-06-30": "-9.94300", "2020-03-31": "-20.98500", "2019-12-31": "-11.05000", "2019-09-30": "-19.54400", "2019-06-30": "-8.35200", "2019-03-31": "-12.69400", "2018-12-31": "-19.84000", "2018-09-30": "-4.83000", "2018-06-30": "-7.37500", "2018-03-31": "-8.79900", "2017-12-31": "-9.52400", "2017-09-30": "-12.27800", "2017-06-30": "-9.97400", "2017-03-31": "-7.26800", "2016-12-31": "-18.18400", "2016-09-30": "-10.34200", "2016-06-30": "-6.88900", "2016-03-31": "-6.50400", "2015-12-31": "-7.89200", "2015-09-30": "-8.60700", "2015-06-30": "-10.61300", "2015-03-31": "-16.08300", "2014-12-31": "-6.55300", "2014-09-30": "-12.78000", "2014-06-30": "-8.50700", "2014-03-31": "-14.46400", "2013-12-31": "-3.13300", "2013-09-30": "-4.07600", "2013-06-30": "-12.49300", "2013-03-31": "-6.29000", "2012-12-31": "-10.37900", "2012-09-30": "-4.93700", "2012-06-30": "-5.99900", "2012-03-31": "-3.34600", "2011-12-31": "-2.44100", "2011-09-30": "8.70800", "2011-06-30": "-6.48500", "2011-03-31": "-3.15800", "2010-12-31": "-5.40000", "2010-09-30": "-3.37900", "2010-06-30": "-3.31000", "2010-03-31": "-3.33000", "2009-12-31": "14.35000", "2009-09-30": "-4.03000", "2009-06-30": "-9.85000", "2009-03-31": "-8.35000", "2008-12-31": "34.36000", "2008-09-30": "-23.90000", "2008-06-30": "-18.66000", "2008-03-31": "-18.17000", "2007-12-31": "-20.74000", "2007-09-30": "-34.68000", "2007-06-30": "0.05000", "2007-03-31": "-0.88000", "2006-12-31": "", "2006-09-30": "0.09000", "2006-06-30": "", "2006-03-31": "", "2005-12-31": "0.39000", "2005-09-30": "0.50000", "2005-06-30": "-1.98000", "2005-03-31": "0.30000"}, "Pre-Tax Income": {"2020-09-30": "27.90400", "2020-06-30": "108.75200", "2020-03-31": "46.32900", "2019-12-31": "68.93900", "2019-09-30": "-226.99700", "2019-06-30": "51.82400", "2019-03-31": "28.45800", "2018-12-31": "68.43300", "2018-09-30": "72.20300", "2018-06-30": "45.95800", "2018-03-31": "39.14300", "2017-12-31": "33.84800", "2017-09-30": "51.65300", "2017-06-30": "12.39100", "2017-03-31": "16.48300", "2016-12-31": "-13.99100", "2016-09-30": "37.93800", "2016-06-30": "22.95200", "2016-03-31": "10.00900", "2015-12-31": "50.31700", "2015-09-30": "37.56400", "2015-06-30": "29.37400", "2015-03-31": "19.04800", "2014-12-31": "14.89100", "2014-09-30": "37.47400", "2014-06-30": "39.18500", "2014-03-31": "27.83900", "2013-12-31": "30.87500", "2013-09-30": "30.33600", "2013-06-30": "-46.65400", "2013-03-31": "22.78100", "2012-12-31": "38.54700", "2012-09-30": "34.04100", "2012-06-30": "39.42800", "2012-03-31": "33.13700", "2011-12-31": "-22.05000", "2011-09-30": "43.00500", "2011-06-30": "39.97000", "2011-03-31": "35.28700", "2010-12-31": "45.38000", "2010-09-30": "46.85600", "2010-06-30": "39.54000", "2010-03-31": "41.35000", "2009-12-31": "49.43000", "2009-09-30": "49.31000", "2009-06-30": "41.03000", "2009-03-31": "32.56000", "2008-12-31": "36.18000", "2008-09-30": "27.84000", "2008-06-30": "27.57000", "2008-03-31": "27.69000", "2007-12-31": "20.16000", "2007-09-30": "-5.95000", "2007-06-30": "32.50000", "2007-03-31": "29.01000", "2006-12-31": "125.89100", "2006-09-30": "28.27000", "2006-06-30": "113.23300", "2006-03-31": "108.71500", "2005-12-31": "26.53000", "2005-09-30": "26.67000", "2005-06-30": "22.37000", "2005-03-31": "21.69000"}, "Income Taxes": {"2020-09-30": "10.99400", "2020-06-30": "18.98800", "2020-03-31": "6.50000", "2019-12-31": "24.00700", "2019-09-30": "-66.36200", "2019-06-30": "7.09600", "2019-03-31": "-1.06200", "2018-12-31": "7.48300", "2018-09-30": "11.88300", "2018-06-30": "9.14300", "2018-03-31": "6.84800", "2017-12-31": "73.54100", "2017-09-30": "3.16800", "2017-06-30": "-1.56000", "2017-03-31": "-1.16800", "2016-12-31": "-22.61300", "2016-09-30": "3.18700", "2016-06-30": "1.68600", "2016-03-31": "-5.65500", "2015-12-31": "-1.10100", "2015-09-30": "3.55000", "2015-06-30": "4.26800", "2015-03-31": "-0.31600", "2014-12-31": "-10.89000", "2014-09-30": "2.66000", "2014-06-30": "6.13000", "2014-03-31": "4.55600", "2013-12-31": "-29.11100", "2013-09-30": "-10.44000", "2013-06-30": "5.08300", "2013-03-31": "2.70800", "2012-12-31": "0.26400", "2012-09-30": "4.96000", "2012-06-30": "5.74500", "2012-03-31": "4.64700", "2011-12-31": "-21.26300", "2011-09-30": "8.53800", "2011-06-30": "6.68200", "2011-03-31": "7.30600", "2010-12-31": "9.10000", "2010-09-30": "10.36800", "2010-06-30": "1.02000", "2010-03-31": "8.33000", "2009-12-31": "4.96000", "2009-09-30": "11.62000", "2009-06-30": "10.10000", "2009-03-31": "7.88000", "2008-12-31": "11.50000", "2008-09-30": "6.67000", "2008-06-30": "4.29000", "2008-03-31": "7.30000", "2007-12-31": "5.10000", "2007-09-30": "1.38000", "2007-06-30": "9.92000", "2007-03-31": "9.15000", "2006-12-31": "", "2006-09-30": "8.91000", "2006-06-30": "", "2006-03-31": "", "2005-12-31": "9.66000", "2005-09-30": "9.03000", "2005-06-30": "8.60000", "2005-03-31": "7.74000"}, "Income After Taxes": {"2020-09-30": "16.91000", "2020-06-30": "89.76400", "2020-03-31": "39.82900", "2019-12-31": "44.93200", "2019-09-30": "-160.63500", "2019-06-30": "44.72800", "2019-03-31": "29.52000", "2018-12-31": "60.95000", "2018-09-30": "60.32000", "2018-06-30": "36.81500", "2018-03-31": "32.29500", "2017-12-31": "-39.69300", "2017-09-30": "48.48500", "2017-06-30": "13.95100", "2017-03-31": "17.65100", "2016-12-31": "8.62200", "2016-09-30": "34.75100", "2016-06-30": "21.26600", "2016-03-31": "15.66400", "2015-12-31": "51.41800", "2015-09-30": "34.01400", "2015-06-30": "25.10600", "2015-03-31": "19.36400", "2014-12-31": "25.78100", "2014-09-30": "34.81400", "2014-06-30": "33.05500", "2014-03-31": "23.28300", "2013-12-31": "59.98600", "2013-09-30": "40.77600", "2013-06-30": "-51.73700", "2013-03-31": "20.07300", "2012-12-31": "38.28300", "2012-09-30": "29.08100", "2012-06-30": "33.68300", "2012-03-31": "28.49000", "2011-12-31": "-0.78700", "2011-09-30": "34.46700", "2011-06-30": "33.28800", "2011-03-31": "27.98100", "2010-12-31": "36.28000", "2010-09-30": "36.48800", "2010-06-30": "38.52000", "2010-03-31": "33.02000", "2009-12-31": "44.47000", "2009-09-30": "37.69000", "2009-06-30": "30.93000", "2009-03-31": "24.68000", "2008-12-31": "24.68000", "2008-09-30": "21.17000", "2008-06-30": "23.28000", "2008-03-31": "20.39000", "2007-12-31": "15.06000", "2007-09-30": "-7.33000", "2007-06-30": "22.58000", "2007-03-31": "19.86000", "2006-12-31": "125.89100", "2006-09-30": "19.36000", "2006-06-30": "113.23300", "2006-03-31": "108.71500", "2005-12-31": "16.87000", "2005-09-30": "17.64000", "2005-06-30": "13.77000", "2005-03-31": "13.95000"}, "Other Income": {"2020-09-30": "", "2020-06-30": "", "2020-03-31": "", "2019-12-31": "", "2019-09-30": "", "2019-06-30": "", "2019-03-31": "", "2018-12-31": "", "2018-09-30": "", "2018-06-30": "", "2018-03-31": "", "2017-12-31": "", "2017-09-30": "", "2017-06-30": "", "2017-03-31": "", "2016-12-31": "", "2016-09-30": "", "2016-06-30": "", "2016-03-31": "", "2015-12-31": "", "2015-09-30": "", "2015-06-30": "", "2015-03-31": "", "2014-12-31": "", "2014-09-30": "", "2014-06-30": "", "2014-03-31": "", "2013-12-31": "", "2013-09-30": "", "2013-06-30": "", "2013-03-31": "", "2012-12-31": "", "2012-09-30": "", "2012-06-30": "", "2012-03-31": "", "2011-12-31": "", "2011-09-30": "", "2011-06-30": "", "2011-03-31": "", "2010-12-31": "0.00000", "2010-09-30": "", "2010-06-30": "", "2010-03-31": "0.00000", "2009-12-31": "0.00000", "2009-09-30": "0.00000", "2009-06-30": "", "2009-03-31": "0.00000", "2008-12-31": "0.00000", "2008-09-30": "0.00000", "2008-06-30": "0.00000", "2008-03-31": "0.00000", "2007-12-31": "0.00000", "2007-09-30": "0.00000", "2007-06-30": "0.00000", "2007-03-31": "0.00000", "2006-12-31": "", "2006-09-30": "", "2006-06-30": "", "2006-03-31": "", "2005-12-31": "", "2005-09-30": "0.00000", "2005-06-30": "", "2005-03-31": "0.00000"}, "Income From Continuous Operations": {"2020-09-30": "16.91000", "2020-06-30": "89.76400", "2020-03-31": "39.82900", "2019-12-31": "44.93200", "2019-09-30": "-160.63500", "2019-06-30": "44.72800", "2019-03-31": "29.52000", "2018-12-31": "60.95000", "2018-09-30": "60.32000", "2018-06-30": "36.81500", "2018-03-31": "32.29500", "2017-12-31": "-39.69300", "2017-09-30": "48.48500", "2017-06-30": "13.95100", "2017-03-31": "17.65100", "2016-12-31": "8.62200", "2016-09-30": "34.75100", "2016-06-30": "21.26600", "2016-03-31": "15.66400", "2015-12-31": "51.41800", "2015-09-30": "34.01400", "2015-06-30": "25.10600", "2015-03-31": "19.36400", "2014-12-31": "25.78100", "2014-09-30": "34.81400", "2014-06-30": "33.05500", "2014-03-31": "23.28300", "2013-12-31": "59.98600", "2013-09-30": "40.77600", "2013-06-30": "-51.73700", "2013-03-31": "20.07300", "2012-12-31": "38.28300", "2012-09-30": "29.08100", "2012-06-30": "33.68300", "2012-03-31": "28.49000", "2011-12-31": "-0.78700", "2011-09-30": "34.46700", "2011-06-30": "33.28800", "2011-03-31": "27.98100", "2010-12-31": "36.29000", "2010-09-30": "36.48800", "2010-06-30": "38.52000", "2010-03-31": "33.01400", "2009-12-31": "44.46400", "2009-09-30": "37.69000", "2009-06-30": "30.92900", "2009-03-31": "24.68400", "2008-12-31": "24.68300", "2008-09-30": "20.80000", "2008-06-30": "23.22500", "2008-03-31": "20.33300", "2007-12-31": "15.00000", "2007-09-30": "-7.32800", "2007-06-30": "22.58300", "2007-03-31": "19.86700", "2006-12-31": "19.44700", "2006-09-30": "19.35800", "2006-06-30": "14.15400", "2006-03-31": "17.58000", "2005-12-31": "16.86000", "2005-09-30": "17.64000", "2005-06-30": "13.77700", "2005-03-31": "13.94800"}, "Income From Discontinued Operations": {"2020-09-30": "", "2020-06-30": "", "2020-03-31": "", "2019-12-31": "", "2019-09-30": "", "2019-06-30": "", "2019-03-31": "", "2018-12-31": "", "2018-09-30": "", "2018-06-30": "", "2018-03-31": "", "2017-12-31": "", "2017-09-30": "", "2017-06-30": "", "2017-03-31": "", "2016-12-31": "", "2016-09-30": "", "2016-06-30": "", "2016-03-31": "", "2015-12-31": "", "2015-09-30": "", "2015-06-30": "", "2015-03-31": "", "2014-12-31": "", "2014-09-30": "", "2014-06-30": "", "2014-03-31": "", "2013-12-31": "", "2013-09-30": "", "2013-06-30": "", "2013-03-31": "", "2012-12-31": "", "2012-09-30": "", "2012-06-30": "", "2012-03-31": "", "2011-12-31": "", "2011-09-30": "", "2011-06-30": "", "2011-03-31": "", "2010-12-31": "0.00000", "2010-09-30": "", "2010-06-30": "0.00000", "2010-03-31": "0.00000", "2009-12-31": "0.00000", "2009-09-30": "0.00000", "2009-06-30": "0.00000", "2009-03-31": "0.00000", "2008-12-31": "0.00000", "2008-09-30": "0.00000", "2008-06-30": "0.00000", "2008-03-31": "0.00000", "2007-12-31": "0.00000", "2007-09-30": "0.00000", "2007-06-30": "0.00000", "2007-03-31": "0.00000", "2006-12-31": "0.00000", "2006-09-30": "0.00000", "2006-06-30": "0.00000", "2006-03-31": "0.00000", "2005-12-31": "0.00000", "2005-09-30": "0.00000", "2005-06-30": "0.00000", "2005-03-31": "0.00000"}, "Net Income": {"2020-09-30": "16.91000", "2020-06-30": "89.76400", "2020-03-31": "39.82900", "2019-12-31": "44.93200", "2019-09-30": "-160.63500", "2019-06-30": "44.72800", "2019-03-31": "29.52000", "2018-12-31": "60.95000", "2018-09-30": "60.32000", "2018-06-30": "36.81500", "2018-03-31": "32.29500", "2017-12-31": "-39.69300", "2017-09-30": "48.48500", "2017-06-30": "13.95100", "2017-03-31": "17.65100", "2016-12-31": "8.62300", "2016-09-30": "34.80400", "2016-06-30": "21.26600", "2016-03-31": "15.71100", "2015-12-31": "51.61800", "2015-09-30": "33.93000", "2015-06-30": "25.11000", "2015-03-31": "19.49000", "2014-12-31": "25.57500", "2014-09-30": "34.68900", "2014-06-30": "32.83400", "2014-03-31": "23.26700", "2013-12-31": "60.15000", "2013-09-30": "40.70100", "2013-06-30": "-51.76100", "2013-03-31": "19.98300", "2012-12-31": "38.41800", "2012-09-30": "29.16300", "2012-06-30": "33.33300", "2012-03-31": "28.59200", "2011-12-31": "-0.37600", "2011-09-30": "35.14500", "2011-06-30": "33.28800", "2011-03-31": "27.98100", "2010-12-31": "36.29000", "2010-09-30": "36.48800", "2010-06-30": "38.52000", "2010-03-31": "33.01400", "2009-12-31": "44.46400", "2009-09-30": "37.69000", "2009-06-30": "30.92900", "2009-03-31": "24.68400", "2008-12-31": "24.68300", "2008-09-30": "20.80000", "2008-06-30": "23.22500", "2008-03-31": "20.33300", "2007-12-31": "15.00000", "2007-09-30": "-7.32800", "2007-06-30": "22.58300", "2007-03-31": "19.86700", "2006-12-31": "19.44700", "2006-09-30": "19.35800", "2006-06-30": "14.15400", "2006-03-31": "17.58000", "2005-12-31": "16.86000", "2005-09-30": "17.64000", "2005-06-30": "13.77700", "2005-03-31": "13.94800"}, "EBITDA": {"2020-09-30": "106.61600", "2020-06-30": "177.61100", "2020-03-31": "125.51300", "2019-12-31": "142.60800", "2019-09-30": "-141.05200", "2019-06-30": "132.00000", "2019-03-31": "112.52900", "2018-12-31": "148.24580", "2018-09-30": "134.47400", "2018-06-30": "116.53000", "2018-03-31": "109.30400", "2017-12-31": "104.64020", "2017-09-30": "122.10400", "2017-06-30": "84.19600", "2017-03-31": "83.70000", "2016-12-31": "65.71710", "2016-09-30": "106.82200", "2016-06-30": "87.42100", "2016-03-31": "72.37400", "2015-12-31": "115.06290", "2015-09-30": "100.65700", "2015-06-30": "89.01800", "2015-03-31": "86.18800", "2014-12-31": "87.93500", "2014-09-30": "101.57100", "2014-06-30": "96.93600", "2014-03-31": "91.42500", "2013-12-31": "88.26710", "2013-09-30": "84.84300", "2013-06-30": "15.41900", "2013-03-31": "74.15600", "2012-12-31": "103.24210", "2012-09-30": "89.11900", "2012-06-30": "93.62900", "2012-03-31": "81.71600", "2011-12-31": "27.17000", "2011-09-30": "77.25400", "2011-06-30": "85.40500", "2011-03-31": "77.13600", "2010-12-31": "89.13700", "2010-09-30": "50.23500", "2010-06-30": "42.85800", "2010-03-31": "78.64400", "2009-12-31": "68.80700", "2009-09-30": "53.37900", "2009-06-30": "50.90600", "2009-03-31": "68.29300", "2008-12-31": "75.77200", "2008-09-30": "63.02000", "2008-06-30": "42.24800", "2008-03-31": "71.31600", "2007-12-31": "65.55400", "2007-09-30": "48.52200", "2007-06-30": "41.85900", "2007-03-31": "38.64900", "2006-12-31": "125.89100", "2006-09-30": "28.21900", "2006-06-30": "113.23300", "2006-03-31": "108.71500", "2005-12-31": "26.09500", "2005-09-30": "26.19100", "2005-06-30": "24.37400", "2005-03-31": "27.41500"}, "EBIT": {"2020-09-30": "44.50800", "2020-06-30": "118.69500", "2020-03-31": "67.31400", "2019-12-31": "79.98900", "2019-09-30": "-207.45300", "2019-06-30": "60.17600", "2019-03-31": "41.15200", "2018-12-31": "88.27290", "2018-09-30": "77.03300", "2018-06-30": "53.33300", "2018-03-31": "47.94200", "2017-12-31": "43.37210", "2017-09-30": "63.93100", "2017-06-30": "22.36500", "2017-03-31": "23.75100", "2016-12-31": "4.19310", "2016-09-30": "48.28000", "2016-06-30": "29.84100", "2016-03-31": "16.51300", "2015-12-31": "58.20900", "2015-09-30": "46.17100", "2015-06-30": "39.98700", "2015-03-31": "35.13100", "2014-12-31": "21.44400", "2014-09-30": "50.25400", "2014-06-30": "47.69200", "2014-03-31": "42.30300", "2013-12-31": "34.00810", "2013-09-30": "34.41200", "2013-06-30": "-34.16100", "2013-03-31": "29.07100", "2012-12-31": "48.92610", "2012-09-30": "38.97800", "2012-06-30": "45.42700", "2012-03-31": "36.48300", "2011-12-31": "-19.60900", "2011-09-30": "34.29700", "2011-06-30": "46.45500", "2011-03-31": "38.44500", "2010-12-31": "50.74200", "2010-09-30": "50.23500", "2010-06-30": "42.85800", "2010-03-31": "44.70400", "2009-12-31": "34.99700", "2009-09-30": "53.37900", "2009-06-30": "50.90600", "2009-03-31": "40.93300", "2008-12-31": "2.76200", "2008-09-30": "51.76000", "2008-06-30": "46.24800", "2008-03-31": "45.88600", "2007-12-31": "40.87400", "2007-09-30": "28.74200", "2007-06-30": "32.46900", "2007-03-31": "29.91900", "2006-12-31": "125.89100", "2006-09-30": "28.21900", "2006-06-30": "113.23300", "2006-03-31": "108.71500", "2005-12-31": "26.09500", "2005-09-30": "26.19100", "2005-06-30": "24.37400", "2005-03-31": "21.40500"}, "Basic Shares Outstanding": {"2020-09-30": "235.78500", "2020-06-30": "228.39100", "2020-03-31": "228.00800", "2019-12-31": "226.77700", "2019-09-30": "226.52000", "2019-06-30": "226.65000", "2019-03-31": "226.17000", "2018-12-31": "226.64000", "2018-09-30": "226.62300", "2018-06-30": "227.27300", "2018-03-31": "226.92000", "2017-12-31": "228.07400", "2017-09-30": "227.72900", "2017-06-30": "227.96300", "2017-03-31": "229.97200", "2016-12-31": "234.80000", "2016-09-30": "235.15700", "2016-06-30": "234.76000", "2016-03-31": "234.08600", "2015-12-31": "233.48300", "2015-09-30": "224.96350", "2015-06-30": "224.89900", "2015-03-31": "223.67990", "2014-12-31": "232.64400", "2014-09-30": "224.25570", "2014-06-30": "223.94850", "2014-03-31": "224.24030", "2013-12-31": "225.34200", "2013-09-30": "225.78790", "2013-06-30": "225.41330", "2013-03-31": "224.69200", "2012-12-31": "226.86550", "2012-09-30": "227.54440", "2012-06-30": "226.95890", "2012-03-31": "226.23280", "2011-12-31": "225.19760", "2011-09-30": "225.38240", "2011-06-30": "225.15040", "2011-03-31": "224.76610", "2010-12-31": "230.53500", "2010-09-30": "224.15650", "2010-06-30": "232.69500", "2010-03-31": "227.08900", "2009-12-31": "232.10000", "2009-09-30": "200.60800", "2009-06-30": "196.24500", "2009-03-31": "195.65100", "2008-12-31": "194.56400", "2008-09-30": "197.03000", "2008-06-30": "197.87200", "2008-03-31": "197.53600", "2007-12-31": "206.35700", "2007-09-30": "178.61800", "2007-06-30": "151.09700", "2007-03-31": "147.16900", "2006-12-31": "149.05600", "2006-09-30": "148.06600", "2006-06-30": "147.56300", "2006-03-31": "146.64400", "2005-12-31": "144.19600", "2005-09-30": "144.53200", "2005-06-30": "143.93000", "2005-03-31": "143.54000"}, "Shares Outstanding": {"2020-09-30": "235.78500", "2020-06-30": "234.02700", "2020-03-31": "232.21100", "2019-12-31": "226.77700", "2019-09-30": "226.52000", "2019-06-30": "232.71200", "2019-03-31": "233.60700", "2018-12-31": "233.45600", "2018-09-30": "235.15100", "2018-06-30": "233.78400", "2018-03-31": "232.53300", "2017-12-31": "233.00900", "2017-09-30": "232.72100", "2017-06-30": "232.68100", "2017-03-31": "234.88100", "2016-12-31": "238.99300", "2016-09-30": "239.29700", "2016-06-30": "238.66700", "2016-03-31": "238.36300", "2015-12-31": "238.64700", "2015-09-30": "228.33210", "2015-06-30": "228.23870", "2015-03-31": "228.60270", "2014-12-31": "242.80600", "2014-09-30": "232.49420", "2014-06-30": "231.73630", "2014-03-31": "233.95700", "2013-12-31": "233.21450", "2013-09-30": "233.43600", "2013-06-30": "225.41330", "2013-03-31": "232.51630", "2012-12-31": "231.83840", "2012-09-30": "233.14040", "2012-06-30": "231.34250", "2012-03-31": "230.04620", "2011-12-31": "230.21860", "2011-09-30": "229.41260", "2011-06-30": "232.06660", "2011-03-31": "231.48790", "2010-12-31": "230.53500", "2010-09-30": "230.13490", "2010-06-30": "232.69500", "2010-03-31": "227.08900", "2009-12-31": "232.10000", "2009-09-30": "200.60800", "2009-06-30": "196.24500", "2009-03-31": "195.65100", "2008-12-31": "194.56400", "2008-09-30": "197.03000", "2008-06-30": "197.87200", "2008-03-31": "197.53600", "2007-12-31": "206.35700", "2007-09-30": "178.61800", "2007-06-30": "151.09700", "2007-03-31": "147.16900", "2006-12-31": "149.05600", "2006-09-30": "148.06600", "2006-06-30": "147.56300", "2006-03-31": "146.64400", "2005-12-31": "144.19600", "2005-09-30": "144.53200", "2005-06-30": "143.93000", "2005-03-31": "143.54000"}, "Basic EPS": {"2020-09-30": "0.07000", "2020-06-30": "0.39000", "2020-03-31": "0.17000", "2019-12-31": "0.20000", "2019-09-30": "-0.71000", "2019-06-30": "0.20000", "2019-03-31": "0.13000", "2018-12-31": "0.27000", "2018-09-30": "0.27000", "2018-06-30": "0.16000", "2018-03-31": "0.14000", "2017-12-31": "-0.17000", "2017-09-30": "0.21000", "2017-06-30": "0.06000", "2017-03-31": "0.08000", "2016-12-31": "0.03000", "2016-09-30": "0.15000", "2016-06-30": "0.09000", "2016-03-31": "0.07000", "2015-12-31": "0.20690", "2015-09-30": "0.15580", "2015-06-30": "0.11420", "2015-03-31": "0.08310", "2014-12-31": "0.09500", "2014-09-30": "0.15580", "2014-06-30": "0.14540", "2014-03-31": "0.10380", "2013-12-31": "0.27000", "2013-09-30": "0.17650", "2013-06-30": "-0.22850", "2013-03-31": "0.09350", "2012-12-31": "0.17650", "2012-09-30": "0.12460", "2012-06-30": "0.14540", "2012-03-31": "0.12460", "2011-12-31": "", "2011-09-30": "0.15580", "2011-06-30": "0.14540", "2011-03-31": "0.12460", "2010-12-31": "0.15580", "2010-09-30": "0.16610", "2010-06-30": "0.16620", "2010-03-31": "0.14540", "2009-12-31": "0.18690", "2009-09-30": "0.18690", "2009-06-30": "0.15580", "2009-03-31": "0.12460", "2008-12-31": "0.12460", "2008-09-30": "0.10380", "2008-06-30": "0.11420", "2008-03-31": "0.10380", "2007-12-31": "0.07270", "2007-09-30": "-0.04150", "2007-06-30": "0.14540", "2007-03-31": "0.13500", "2006-12-31": "0.13500", "2006-09-30": "0.13500", "2006-06-30": "0.09350", "2006-03-31": "0.12460", "2005-12-31": "0.11420", "2005-09-30": "0.12460", "2005-06-30": "0.09350", "2005-03-31": "0.09350"}, "EPS - Earnings Per Share": {"2020-09-30": "0.07000", "2020-06-30": "0.38000", "2020-03-31": "0.17000", "2019-12-31": "0.21000", "2019-09-30": "-0.71000", "2019-06-30": "0.19000", "2019-03-31": "0.13000", "2018-12-31": "0.26000", "2018-09-30": "0.26000", "2018-06-30": "0.16000", "2018-03-31": "0.14000", "2017-12-31": "-0.18000", "2017-09-30": "0.21000", "2017-06-30": "0.06000", "2017-03-31": "0.08000", "2016-12-31": "0.03000", "2016-09-30": "0.15000", "2016-06-30": "0.09000", "2016-03-31": "0.07000", "2015-12-31": "0.20730", "2015-09-30": "0.14540", "2015-06-30": "0.11420", "2015-03-31": "0.08310", "2014-12-31": "0.08540", "2014-09-30": "0.14540", "2014-06-30": "0.14540", "2014-03-31": "0.10380", "2013-12-31": "0.27000", "2013-09-30": "0.17650", "2013-06-30": "-0.22850", "2013-03-31": "0.08310", "2012-12-31": "0.16610", "2012-09-30": "0.12460", "2012-06-30": "0.14540", "2012-03-31": "0.12460", "2011-12-31": "-0.01040", "2011-09-30": "0.15580", "2011-06-30": "0.14540", "2011-03-31": "0.12460", "2010-12-31": "0.15580", "2010-09-30": "0.15580", "2010-06-30": "0.16620", "2010-03-31": "0.14540", "2009-12-31": "0.18690", "2009-09-30": "0.18690", "2009-06-30": "0.15580", "2009-03-31": "0.12460", "2008-12-31": "0.12460", "2008-09-30": "0.10380", "2008-06-30": "0.11420", "2008-03-31": "0.10380", "2007-12-31": "0.07270", "2007-09-30": "-0.04150", "2007-06-30": "0.14540", "2007-03-31": "0.13500", "2006-12-31": "0.13500", "2006-09-30": "0.13500", "2006-06-30": "0.09350", "2006-03-31": "0.12460", "2005-12-31": "0.11420", "2005-09-30": "0.12460", "2005-06-30": "0.09350", "2005-03-31": "0.09350"}}, "balance sheet": {"Cash On Hand": {"2019-12-31": "866.84390", "2018-12-31": "1496.43900", "2017-12-31": "1024.39200", "2016-12-31": "532.17900", "2015-12-31": "420.82800", "2014-12-31": "576.70300", "2013-12-31": "380.22600", "2012-12-31": "484.48800", "2011-12-31": "275.71000", "2010-12-31": "934.48400", "2009-12-31": "865.55700", "2008-12-31": "333.31000", "2007-12-31": "349.63000", "2006-12-31": "483.13000", "2005-12-31": "206.70000"}, "Receivables": {"2019-12-31": "427.23600", "2018-12-31": "386.54800", "2017-12-31": "368.64700", "2016-12-31": "302.03900", "2015-12-31": "300.79300", "2014-12-31": "294.54300", "2013-12-31": "306.58400", "2012-12-31": "289.87900", "2011-12-31": "249.77900", "2010-12-31": "208.33800", "2009-12-31": "206.64400", "2008-12-31": "158.44000", "2007-12-31": "136.70000", "2006-12-31": "80.42000", "2005-12-31": "63.53000"}, "Inventory": {"2019-12-31": "170.70400", "2018-12-31": "162.91200", "2017-12-31": "155.92700", "2016-12-31": "136.55200", "2015-12-31": "136.58600", "2014-12-31": "132.27600", "2013-12-31": "128.09700", "2012-12-31": "135.29300", "2011-12-31": "132.23600", "2010-12-31": "126.63300", "2009-12-31": "130.85100", "2008-12-31": "108.56000", "2007-12-31": "88.34000", "2006-12-31": "64.08000", "2005-12-31": "53.65000"}, "Pre-Paid Expenses": {"2019-12-31": "105.46400", "2018-12-31": "109.16100", "2017-12-31": "99.00700", "2016-12-31": "66.79900", "2015-12-31": "70.12100", "2014-12-31": "113.77100", "2013-12-31": "66.29000", "2012-12-31": "55.36300", "2011-12-31": "59.05500", "2010-12-31": "64.40200", "2009-12-31": "96.89300", "2008-12-31": "", "2007-12-31": "", "2006-12-31": "", "2005-12-31": ""}, "Other Current Assets": {"2019-12-31": "", "2018-12-31": "", "2017-12-31": "", "2016-12-31": "", "2015-12-31": "", "2014-12-31": "", "2013-12-31": "", "2012-12-31": "", "2011-12-31": "", "2010-12-31": "", "2009-12-31": "", "2008-12-31": "103.23000", "2007-12-31": "68.12000", "2006-12-31": "51.29000", "2005-12-31": "42.08000"}, "Total Current Assets": {"2019-12-31": "1570.24800", "2018-12-31": "2155.06000", "2017-12-31": "1647.97300", "2016-12-31": "1037.56900", "2015-12-31": "961.39600", "2014-12-31": "1148.75000", "2013-12-31": "920.88900", "2012-12-31": "992.62100", "2011-12-31": "745.38900", "2010-12-31": "1364.58800", "2009-12-31": "1333.47000", "2008-12-31": "703.55000", "2007-12-31": "647.94000", "2006-12-31": "683.19000", "2005-12-31": "370.25000"}, "Property, Plant, And Equipment": {"2019-12-31": "455.24300", "2018-12-31": "511.65900", "2017-12-31": "494.32100", "2016-12-31": "436.65500", "2015-12-31": "442.94400", "2014-12-31": "428.09300", "2013-12-31": "445.04400", "2012-12-31": "418.93200", "2011-12-31": "371.79200", "2010-12-31": "345.66400", "2009-12-31": "317.46700", "2008-12-31": "289.67000", "2007-12-31": "283.49000", "2006-12-31": "221.27000", "2005-12-31": "195.19000"}, "Long-Term Investments": {"2019-12-31": "192.26600", "2018-12-31": "295.36300", "2017-12-31": "224.39800", "2016-12-31": "", "2015-12-31": "", "2014-12-31": "", "2013-12-31": "", "2012-12-31": "", "2011-12-31": "", "2010-12-31": "", "2009-12-31": "", "2008-12-31": "", "2007-12-31": "", "2006-12-31": "", "2005-12-31": ""}, "Goodwill And Intangible Assets": {"2019-12-31": "2772.93700", "2018-12-31": "2583.57900", "2017-12-31": "2512.22200", "2016-12-31": "2482.67700", "2015-12-31": "2512.11900", "2014-12-31": "2614.87700", "2013-12-31": "2646.09600", "2012-12-31": "2613.77000", "2011-12-31": "2553.20900", "2010-12-31": "2105.60800", "2009-12-31": "2089.36000", "2008-12-31": "1792.41000", "2007-12-31": "1746.98000", "2006-12-31": "278.63000", "2005-12-31": "168.48000"}, "Other Long-Term Assets": {"2019-12-31": "188.38000", "2018-12-31": "159.77500", "2017-12-31": "120.24900", "2016-12-31": "282.90900", "2015-12-31": "260.62200", "2014-12-31": "258.35400", "2013-12-31": "71.28200", "2012-12-31": "59.98500", "2011-12-31": "56.15400", "2010-12-31": "60.95300", "2009-12-31": "29.78000", "2008-12-31": "25.91000", "2007-12-31": "24.62000", "2006-12-31": "26.50000", "2005-12-31": "25.01000"}, "Total Long-Term Assets": {"2019-12-31": "3665.36800", "2018-12-31": "3593.27200", "2017-12-31": "3390.54300", "2016-12-31": "3270.62500", "2015-12-31": "3217.72100", "2014-12-31": "3305.62200", "2013-12-31": "3167.50300", "2012-12-31": "3095.01000", "2011-12-31": "2984.29600", "2010-12-31": "2549.40700", "2009-12-31": "2462.99400", "2008-12-31": "2181.75000", "2007-12-31": "2127.21000", "2006-12-31": "528.80000", "2005-12-31": "395.02000"}, "Total Assets": {"2019-12-31": "5235.61600", "2018-12-31": "5748.33200", "2017-12-31": "5038.51600", "2016-12-31": "4308.19400", "2015-12-31": "4179.11700", "2014-12-31": "4454.37200", "2013-12-31": "4088.39200", "2012-12-31": "4087.63100", "2011-12-31": "3729.68500", "2010-12-31": "3913.99500", "2009-12-31": "3796.46400", "2008-12-31": "2885.32000", "2007-12-31": "2775.17000", "2006-12-31": "1212.01000", "2005-12-31": "765.29000"}, "Total Current Liabilities": {"2019-12-31": "951.34500", "2018-12-31": "972.18900", "2017-12-31": "324.79200", "2016-12-31": "308.42900", "2015-12-31": "268.35300", "2014-12-31": "431.62600", "2013-12-31": "337.03800", "2012-12-31": "266.86900", "2011-12-31": "451.63600", "2010-12-31": "388.40700", "2009-12-31": "375.53000", "2008-12-31": "262.37000", "2007-12-31": "165.73000", "2006-12-31": "116.53000", "2005-12-31": "91.67000"}, "Long Term Debt": {"2019-12-31": "1421.10800", "2018-12-31": "1671.09000", "2017-12-31": "1758.25800", "2016-12-31": "1067.09600", "2015-12-31": "1049.02600", "2014-12-31": "1040.96000", "2013-12-31": "845.27600", "2012-12-31": "846.04400", "2011-12-31": "446.00500", "2010-12-31": "797.17100", "2009-12-31": "870.00000", "2008-12-31": "949.71000", "2007-12-31": "983.01000", "2006-12-31": "501.59000", "2005-12-31": "202.54000"}, "Other Non-Current Liabilities": {"2019-12-31": "303.13000", "2018-12-31": "406.67200", "2017-12-31": "337.74300", "2016-12-31": "284.95200", "2015-12-31": "224.05800", "2014-12-31": "206.52300", "2013-12-31": "38.44700", "2012-12-31": "58.74600", "2011-12-31": "63.88100", "2010-12-31": "51.39700", "2009-12-31": "47.07500", "2008-12-31": "6.79000", "2007-12-31": "8.40000", "2006-12-31": "6.01000", "2005-12-31": "3.05000"}, "Total Long Term Liabilities": {"2019-12-31": "1747.68000", "2018-12-31": "2141.17300", "2017-12-31": "2172.72800", "2016-12-31": "1392.66900", "2015-12-31": "1342.69400", "2014-12-31": "1364.74700", "2013-12-31": "1027.48300", "2012-12-31": "1096.39900", "2011-12-31": "720.25100", "2010-12-31": "1049.23500", "2009-12-31": "1129.76500", "2008-12-31": "1169.08000", "2007-12-31": "1217.85000", "2006-12-31": "529.30000", "2005-12-31": "223.16000"}, "Total Liabilities": {"2019-12-31": "2699.02500", "2018-12-31": "3113.36200", "2017-12-31": "2497.52000", "2016-12-31": "1701.09800", "2015-12-31": "1611.04700", "2014-12-31": "1796.37300", "2013-12-31": "1364.52100", "2012-12-31": "1363.26800", "2011-12-31": "1171.88700", "2010-12-31": "1437.64200", "2009-12-31": "1505.29500", "2008-12-31": "1431.47000", "2007-12-31": "1383.59000", "2006-12-31": "645.84000", "2005-12-31": "314.84000"}, "Common Stock Net": {"2019-12-31": "2.70200", "2018-12-31": "2.70200", "2017-12-31": "2.70200", "2016-12-31": "2.81200", "2015-12-31": "2.81200", "2014-12-31": "2.81200", "2013-12-31": "2.81200", "2012-12-31": "2.76900", "2011-12-31": "2.73900", "2010-12-31": "2.72400", "2009-12-31": "2.71100", "2008-12-31": "2.21000", "2007-12-31": "2.17000", "2006-12-31": "1.53000", "2005-12-31": "1.51000"}, "Retained Earnings (Accumulated Deficit)": {"2019-12-31": "1178.45700", "2018-12-31": "1379.62400", "2017-12-31": "1247.94500", "2016-12-31": "1263.46400", "2015-12-31": "1209.19700", "2014-12-31": "1125.68600", "2013-12-31": "1054.43100", "2012-12-31": "985.43400", "2011-12-31": "855.92800", "2010-12-31": "759.89000", "2009-12-31": "615.57900", "2008-12-31": "477.81000", "2007-12-31": "388.77000", "2006-12-31": "344.73000", "2005-12-31": "274.20000"}, "Comprehensive Income": {"2019-12-31": "-309.61900", "2018-12-31": "-310.64400", "2017-12-31": "-220.75900", "2016-12-31": "-333.83900", "2015-12-31": "-259.15600", "2014-12-31": "-134.73500", "2013-12-31": "-4.19200", "2012-12-31": "43.99100", "2011-12-31": "15.90400", "2010-12-31": "64.75400", "2009-12-31": "50.14600", "2008-12-31": "", "2007-12-31": "", "2006-12-31": "", "2005-12-31": ""}, "Other Share Holders Equity": {"2019-12-31": "", "2018-12-31": "", "2017-12-31": "", "2016-12-31": "", "2015-12-31": "", "2014-12-31": "", "2013-12-31": "", "2012-12-31": "", "2011-12-31": "", "2010-12-31": "", "2009-12-31": "", "2008-12-31": "15.15000", "2007-12-31": "75.02000", "2006-12-31": "41.23000", "2005-12-31": "16.94000"}, "Share Holder Equity": {"2019-12-31": "2536.59100", "2018-12-31": "2634.97000", "2017-12-31": "2540.99600", "2016-12-31": "2607.09600", "2015-12-31": "2568.07000", "2014-12-31": "2657.99900", "2013-12-31": "2723.87100", "2012-12-31": "2724.36300", "2011-12-31": "2557.79800", "2010-12-31": "2476.35300", "2009-12-31": "2291.16900", "2008-12-31": "1453.84000", "2007-12-31": "1391.57000", "2006-12-31": "566.16000", "2005-12-31": "450.45000"}, "Total Liabilities And Share Holders Equity": {"2019-12-31": "5235.61600", "2018-12-31": "5748.33200", "2017-12-31": "5038.51600", "2016-12-31": "4308.19400", "2015-12-31": "4179.11700", "2014-12-31": "4454.37200", "2013-12-31": "4088.39200", "2012-12-31": "4087.63100", "2011-12-31": "3729.68500", "2010-12-31": "3913.99500", "2009-12-31": "3796.46400", "2008-12-31": "2885.32000", "2007-12-31": "2775.17000", "2006-12-31": "1212.01000", "2005-12-31": "765.29000"}}, "balance sheet, quarterly": {"Cash On Hand": {"2020-09-30": "768.44490", "2020-06-30": "899.14900", "2020-03-31": "902.91800", "2019-12-31": "866.84390", "2019-09-30": "804.32900", "2019-06-30": "931.77100", "2019-03-31": "940.34700", "2018-12-31": "1496.43900", "2018-09-30": "920.73000", "2018-06-30": "900.18700", "2018-03-31": "1014.19200", "2017-12-31": "1024.39200", "2017-09-30": "974.94600", "2017-06-30": "608.84700", "2017-03-31": "273.38900", "2016-12-31": "532.17900", "2016-09-30": "464.33900", "2016-06-30": "406.43900", "2016-03-31": "447.25900", "2015-12-31": "420.82800", "2015-09-30": "432.11100", "2015-06-30": "371.50300", "2015-03-31": "400.97700", "2014-12-31": "576.70300", "2014-09-30": "692.02400", "2014-06-30": "654.76800", "2014-03-31": "677.97300", "2013-12-31": "380.22600", "2013-09-30": "355.75100", "2013-06-30": "373.19800", "2013-03-31": "460.54100", "2012-12-31": "484.48800", "2012-09-30": "311.31300", "2012-06-30": "266.32700", "2012-03-31": "275.35800", "2011-12-31": "275.71000", "2011-09-30": "486.34700", "2011-06-30": "953.48000", "2011-03-31": "938.92000", "2010-12-31": "934.48400", "2010-09-30": "887.30000", "2010-06-30": "918.20000", "2010-03-31": "888.77000", "2009-12-31": "865.55000", "2009-09-30": "861.27000", "2009-06-30": "390.31000", "2009-03-31": "337.03000", "2008-12-31": "333.31000", "2008-09-30": "326.03000", "2008-06-30": "380.66000", "2008-03-31": "351.56000", "2007-12-31": "349.63000", "2007-09-30": "308.68000", "2007-06-30": "479.67000", "2007-03-31": "484.87000", "2006-12-31": "483.13000", "2006-09-30": "491.98000", "2006-06-30": "", "2006-03-31": "", "2005-12-31": "206.70000", "2005-09-30": "211.19000", "2005-06-30": "208.74000", "2005-03-31": "245.05000"}, "Receivables": {"2020-09-30": "427.40200", "2020-06-30": "404.63100", "2020-03-31": "395.06400", "2019-12-31": "427.23600", "2019-09-30": "457.51700", "2019-06-30": "416.59100", "2019-03-31": "384.78400", "2018-12-31": "386.54800", "2018-09-30": "362.44500", "2018-06-30": "357.89800", "2018-03-31": "377.75700", "2017-12-31": "368.64700", "2017-09-30": "329.76700", "2017-06-30": "309.88100", "2017-03-31": "276.27300", "2016-12-31": "302.03900", "2016-09-30": "286.48200", "2016-06-30": "282.13300", "2016-03-31": "284.97100", "2015-12-31": "300.79300", "2015-09-30": "299.89300", "2015-06-30": "293.42800", "2015-03-31": "260.45200", "2014-12-31": "294.54300", "2014-09-30": "307.90900", "2014-06-30": "297.78100", "2014-03-31": "296.01800", "2013-12-31": "306.58400", "2013-09-30": "275.92100", "2013-06-30": "289.93400", "2013-03-31": "284.64400", "2012-12-31": "289.87900", "2012-09-30": "263.88200", "2012-06-30": "248.00800", "2012-03-31": "249.99400", "2011-12-31": "249.77900", "2011-09-30": "225.09900", "2011-06-30": "208.28000", "2011-03-31": "202.21000", "2010-12-31": "208.33800", "2010-09-30": "214.91000", "2010-06-30": "189.95000", "2010-03-31": "190.22000", "2009-12-31": "206.64000", "2009-09-30": "181.69000", "2009-06-30": "167.08000", "2009-03-31": "159.50000", "2008-12-31": "158.44000", "2008-09-30": "151.82000", "2008-06-30": "148.67000", "2008-03-31": "152.45000", "2007-12-31": "136.70000", "2007-09-30": "128.89000", "2007-06-30": "91.73000", "2007-03-31": "85.98000", "2006-12-31": "80.42000", "2006-09-30": "77.80000", "2006-06-30": "", "2006-03-31": "", "2005-12-31": "63.53000", "2005-09-30": "63.37000", "2005-06-30": "66.59000", "2005-03-31": "63.97000"}, "Inventory": {"2020-09-30": "254.64200", "2020-06-30": "202.80400", "2020-03-31": "169.34000", "2019-12-31": "170.70400", "2019-09-30": "168.26600", "2019-06-30": "169.52000", "2019-03-31": "167.09300", "2018-12-31": "162.91200", "2018-09-30": "159.96800", "2018-06-30": "158.23500", "2018-03-31": "160.19500", "2017-12-31": "155.92700", "2017-09-30": "161.94800", "2017-06-30": "155.66700", "2017-03-31": "144.03300", "2016-12-31": "136.55200", "2016-09-30": "144.71000", "2016-06-30": "140.09000", "2016-03-31": "148.59300", "2015-12-31": "136.58600", "2015-09-30": "134.07400", "2015-06-30": "138.43800", "2015-03-31": "136.09000", "2014-12-31": "132.27600", "2014-09-30": "131.52500", "2014-06-30": "135.77900", "2014-03-31": "133.41200", "2013-12-31": "128.09700", "2013-09-30": "143.15700", "2013-06-30": "132.64600", "2013-03-31": "130.64500", "2012-12-31": "135.29300", "2012-09-30": "143.17300", "2012-06-30": "139.58900", "2012-03-31": "134.35800", "2011-12-31": "132.23600", "2011-09-30": "145.53100", "2011-06-30": "139.36000", "2011-03-31": "132.75000", "2010-12-31": "126.63300", "2010-09-30": "131.24000", "2010-06-30": "117.80000", "2010-03-31": "125.11000", "2009-12-31": "130.85000", "2009-09-30": "133.61000", "2009-06-30": "120.11000", "2009-03-31": "110.08000", "2008-12-31": "108.56000", "2008-09-30": "113.73000", "2008-06-30": "107.76000", "2008-03-31": "99.09000", "2007-12-31": "88.34000", "2007-09-30": "86.94000", "2007-06-30": "67.23000", "2007-03-31": "66.33000", "2006-12-31": "64.08000", "2006-09-30": "59.31000", "2006-06-30": "", "2006-03-31": "", "2005-12-31": "53.65000", "2005-09-30": "50.29000", "2005-06-30": "49.31000", "2005-03-31": "54.54000"}, "Pre-Paid Expenses": {"2020-09-30": "137.21000", "2020-06-30": "129.01400", "2020-03-31": "112.60300", "2019-12-31": "105.46400", "2019-09-30": "112.19000", "2019-06-30": "96.35200", "2019-03-31": "106.43600", "2018-12-31": "109.16100", "2018-09-30": "426.42800", "2018-06-30": "271.31500", "2018-03-31": "192.62700", "2017-12-31": "99.00700", "2017-09-30": "104.04000", "2017-06-30": "84.85900", "2017-03-31": "69.50600", "2016-12-31": "66.79900", "2016-09-30": "67.52900", "2016-06-30": "71.90300", "2016-03-31": "82.18400", "2015-12-31": "70.12100", "2015-09-30": "79.05400", "2015-06-30": "92.99000", "2015-03-31": "128.38100", "2014-12-31": "113.77100", "2014-09-30": "103.97100", "2014-06-30": "79.67100", "2014-03-31": "73.06300", "2013-12-31": "66.29000", "2013-09-30": "67.85500", "2013-06-30": "76.66900", "2013-03-31": "81.80600", "2012-12-31": "55.36300", "2012-09-30": "55.72100", "2012-06-30": "60.80000", "2012-03-31": "64.71200", "2011-12-31": "59.05500", "2011-09-30": "90.01400", "2011-06-30": "", "2011-03-31": "", "2010-12-31": "64.40200", "2010-09-30": "", "2010-06-30": "", "2010-03-31": "", "2009-12-31": "96.89300", "2009-09-30": "", "2009-06-30": "", "2009-03-31": "", "2008-12-31": "", "2008-09-30": "", "2008-06-30": "", "2008-03-31": "", "2007-12-31": "", "2007-09-30": "", "2007-06-30": "", "2007-03-31": "", "2006-12-31": "", "2006-09-30": "", "2006-06-30": "", "2006-03-31": "", "2005-12-31": "", "2005-09-30": "", "2005-06-30": "", "2005-03-31": ""}, "Other Current Assets": {"2020-09-30": "", "2020-06-30": "", "2020-03-31": "", "2019-12-31": "", "2019-09-30": "", "2019-06-30": "", "2019-03-31": "", "2018-12-31": "", "2018-09-30": "", "2018-06-30": "", "2018-03-31": "", "2017-12-31": "", "2017-09-30": "", "2017-06-30": "", "2017-03-31": "", "2016-12-31": "", "2016-09-30": "", "2016-06-30": "", "2016-03-31": "", "2015-12-31": "", "2015-09-30": "", "2015-06-30": "", "2015-03-31": "", "2014-12-31": "", "2014-09-30": "", "2014-06-30": "", "2014-03-31": "", "2013-12-31": "", "2013-09-30": "", "2013-06-30": "", "2013-03-31": "", "2012-12-31": "", "2012-09-30": "", "2012-06-30": "", "2012-03-31": "", "2011-12-31": "", "2011-09-30": "", "2011-06-30": "106.79000", "2011-03-31": "114.36000", "2010-12-31": "", "2010-09-30": "118.09000", "2010-06-30": "126.77000", "2010-03-31": "127.50000", "2009-12-31": "143.32000", "2009-09-30": "195.57000", "2009-06-30": "107.74000", "2009-03-31": "98.62000", "2008-12-31": "103.23000", "2008-09-30": "113.19000", "2008-06-30": "94.77000", "2008-03-31": "86.93000", "2007-12-31": "68.12000", "2007-09-30": "92.69000", "2007-06-30": "61.09000", "2007-03-31": "59.85000", "2006-12-31": "51.29000", "2006-09-30": "55.28000", "2006-06-30": "", "2006-03-31": "", "2005-12-31": "42.08000", "2005-09-30": "34.61000", "2005-06-30": "33.18000", "2005-03-31": "25.14000"}, "Total Current Assets": {"2020-09-30": "1587.69900", "2020-06-30": "1635.59800", "2020-03-31": "1579.92500", "2019-12-31": "1570.24800", "2019-09-30": "1542.30200", "2019-06-30": "1614.23400", "2019-03-31": "1598.66000", "2018-12-31": "2155.06000", "2018-09-30": "1869.57100", "2018-06-30": "1687.63500", "2018-03-31": "1744.77100", "2017-12-31": "1647.97300", "2017-09-30": "1570.70100", "2017-06-30": "1159.25400", "2017-03-31": "763.20100", "2016-12-31": "1037.56900", "2016-09-30": "963.06000", "2016-06-30": "900.56500", "2016-03-31": "963.00700", "2015-12-31": "961.39600", "2015-09-30": "976.68600", "2015-06-30": "928.06200", "2015-03-31": "957.58000", "2014-12-31": "1148.75000", "2014-09-30": "1267.26300", "2014-06-30": "1200.86000", "2014-03-31": "1216.10500", "2013-12-31": "920.88900", "2013-09-30": "873.73100", "2013-06-30": "901.82200", "2013-03-31": "983.61800", "2012-12-31": "992.62100", "2012-09-30": "803.38700", "2012-06-30": "743.93200", "2012-03-31": "759.19300", "2011-12-31": "745.38900", "2011-09-30": "973.70800", "2011-06-30": "1407.93000", "2011-03-31": "1388.25000", "2010-12-31": "1364.58800", "2010-09-30": "1351.56000", "2010-06-30": "1352.75000", "2010-03-31": "1331.61000", "2009-12-31": "1333.47000", "2009-09-30": "1372.16000", "2009-06-30": "785.25000", "2009-03-31": "705.25000", "2008-12-31": "703.55000", "2008-09-30": "708.05000", "2008-06-30": "735.37000", "2008-03-31": "695.66000", "2007-12-31": "647.94000", "2007-09-30": "621.39000", "2007-06-30": "703.21000", "2007-03-31": "702.85000", "2006-12-31": "683.19000", "2006-09-30": "688.08000", "2006-06-30": "", "2006-03-31": "", "2005-12-31": "370.25000", "2005-09-30": "362.95000", "2005-06-30": "361.41000", "2005-03-31": "393.36000"}, "Property, Plant, And Equipment": {"2020-09-30": "506.30800", "2020-06-30": "475.09900", "2020-03-31": "450.70100", "2019-12-31": "455.24300", "2019-09-30": "430.41300", "2019-06-30": "526.02000", "2019-03-31": "511.43800", "2018-12-31": "511.65900", "2018-09-30": "494.02400", "2018-06-30": "492.02700", "2018-03-31": "503.93700", "2017-12-31": "494.32100", "2017-09-30": "484.39800", "2017-06-30": "465.54700", "2017-03-31": "441.84900", "2016-12-31": "436.65500", "2016-09-30": "460.50900", "2016-06-30": "460.33700", "2016-03-31": "459.63100", "2015-12-31": "442.94400", "2015-09-30": "441.90700", "2015-06-30": "444.87200", "2015-03-31": "409.69800", "2014-12-31": "428.09300", "2014-09-30": "441.55800", "2014-06-30": "460.85700", "2014-03-31": "450.61400", "2013-12-31": "445.04400", "2013-09-30": "428.53600", "2013-06-30": "412.41900", "2013-03-31": "415.99600", "2012-12-31": "418.93200", "2012-09-30": "407.53000", "2012-06-30": "383.81500", "2012-03-31": "386.39600", "2011-12-31": "371.79200", "2011-09-30": "373.62000", "2011-06-30": "", "2011-03-31": "", "2010-12-31": "345.66400", "2010-09-30": "", "2010-06-30": "", "2010-03-31": "", "2009-12-31": "528.26000", "2009-09-30": "", "2009-06-30": "", "2009-03-31": "", "2008-12-31": "", "2008-09-30": "", "2008-06-30": "", "2008-03-31": "", "2007-12-31": "", "2007-09-30": "", "2007-06-30": "", "2007-03-31": "", "2006-12-31": "", "2006-09-30": "", "2006-06-30": "", "2006-03-31": "", "2005-12-31": "", "2005-09-30": "", "2005-06-30": "", "2005-03-31": ""}, "Long-Term Investments": {"2020-09-30": "344.76300", "2020-06-30": "203.52900", "2020-03-31": "203.63600", "2019-12-31": "192.26600", "2019-09-30": "191.20600", "2019-06-30": "190.46500", "2019-03-31": "234.13700", "2018-12-31": "295.36300", "2018-09-30": "", "2018-06-30": "", "2018-03-31": "", "2017-12-31": "224.39800", "2017-09-30": "", "2017-06-30": "", "2017-03-31": "", "2016-12-31": "", "2016-09-30": "", "2016-06-30": "", "2016-03-31": "", "2015-12-31": "", "2015-09-30": "", "2015-06-30": "", "2015-03-31": "", "2014-12-31": "", "2014-09-30": "", "2014-06-30": "", "2014-03-31": "", "2013-12-31": "", "2013-09-30": "", "2013-06-30": "", "2013-03-31": "", "2012-12-31": "", "2012-09-30": "", "2012-06-30": "", "2012-03-31": "", "2011-12-31": "", "2011-09-30": "", "2011-06-30": "", "2011-03-31": "", "2010-12-31": "", "2010-09-30": "", "2010-06-30": "", "2010-03-31": "", "2009-12-31": "", "2009-09-30": "", "2009-06-30": "", "2009-03-31": "", "2008-12-31": "", "2008-09-30": "", "2008-06-30": "", "2008-03-31": "", "2007-12-31": "", "2007-09-30": "", "2007-06-30": "", "2007-03-31": "", "2006-12-31": "", "2006-09-30": "", "2006-06-30": "", "2006-03-31": "", "2005-12-31": "", "2005-09-30": "", "2005-06-30": "", "2005-03-31": ""}, "Goodwill And Intangible Assets": {"2020-09-30": "3083.14800", "2020-06-30": "2735.52300", "2020-03-31": "2706.53400", "2019-12-31": "2772.93700", "2019-09-30": "2760.36000", "2019-06-30": "2798.21200", "2019-03-31": "2823.61200", "2018-12-31": "2583.57900", "2018-09-30": "2621.75000", "2018-06-30": "2666.83900", "2018-03-31": "2520.09300", "2017-12-31": "2512.22200", "2017-09-30": "2534.52800", "2017-06-30": "2542.64800", "2017-03-31": "2528.62100", "2016-12-31": "2482.67700", "2016-09-30": "2585.78600", "2016-06-30": "2565.55800", "2016-03-31": "2513.04700", "2015-12-31": "2512.11900", "2015-09-30": "2481.82800", "2015-06-30": "2533.50400", "2015-03-31": "2533.25200", "2014-12-31": "2614.87700", "2014-09-30": "2538.18300", "2014-06-30": "2650.52200", "2014-03-31": "2625.43300", "2013-12-31": "2646.09600", "2013-09-30": "2675.58100", "2013-06-30": "2590.01500", "2013-03-31": "2566.59300", "2012-12-31": "2613.77000", "2012-09-30": "2645.52600", "2012-06-30": "2658.99300", "2012-03-31": "2567.08100", "2011-12-31": "2553.20900", "2011-09-30": "2512.79700", "2011-06-30": "2112.13000", "2011-03-31": "2116.72000", "2010-12-31": "2105.60800", "2010-09-30": "2125.86000", "2010-06-30": "2030.61000", "2010-03-31": "2073.96000", "2009-12-31": "2089.36000", "2009-09-30": "1967.53000", "2009-06-30": "1788.99000", "2009-03-31": "1768.92000", "2008-12-31": "1792.41000", "2008-09-30": "1767.50000", "2008-06-30": "1735.42000", "2008-03-31": "1744.43000", "2007-12-31": "1746.98000", "2007-09-30": "1762.35000", "2007-06-30": "291.83000", "2007-03-31": "284.77000", "2006-12-31": "278.63000", "2006-09-30": "246.95000", "2006-06-30": "", "2006-03-31": "", "2005-12-31": "168.48000", "2005-09-30": "148.55000", "2005-06-30": "143.77000", "2005-03-31": "87.07000"}, "Other Long-Term Assets": {"2020-09-30": "200.38300", "2020-06-30": "182.26400", "2020-03-31": "178.74100", "2019-12-31": "188.38000", "2019-09-30": "182.02200", "2019-06-30": "221.12800", "2019-03-31": "219.66700", "2018-12-31": "159.77500", "2018-09-30": "273.16600", "2018-06-30": "422.35300", "2018-03-31": "294.37100", "2017-12-31": "120.24900", "2017-09-30": "436.77400", "2017-06-30": "322.59500", "2017-03-31": "270.52700", "2016-12-31": "282.90900", "2016-09-30": "311.11800", "2016-06-30": "186.11000", "2016-03-31": "179.15000", "2015-12-31": "260.62200", "2015-09-30": "251.97800", "2015-06-30": "216.58800", "2015-03-31": "261.78500", "2014-12-31": "258.35400", "2014-09-30": "208.21100", "2014-06-30": "245.82900", "2014-03-31": "189.28200", "2013-12-31": "71.28200", "2013-09-30": "70.82300", "2013-06-30": "67.48800", "2013-03-31": "63.16600", "2012-12-31": "59.98500", "2012-09-30": "53.24600", "2012-06-30": "49.40600", "2012-03-31": "59.59600", "2011-12-31": "56.15400", "2011-09-30": "67.40700", "2011-06-30": "67.14000", "2011-03-31": "52.07000", "2010-12-31": "60.95300", "2010-09-30": "46.71000", "2010-06-30": "51.83000", "2010-03-31": "34.06000", "2009-12-31": "29.78000", "2009-09-30": "26.72000", "2009-06-30": "23.94000", "2009-03-31": "26.65000", "2008-12-31": "25.91000", "2008-09-30": "35.27000", "2008-06-30": "31.85000", "2008-03-31": "27.46000", "2007-12-31": "24.62000", "2007-09-30": "27.78000", "2007-06-30": "27.54000", "2007-03-31": "27.25000", "2006-12-31": "26.50000", "2006-09-30": "23.57000", "2006-06-30": "", "2006-03-31": "", "2005-12-31": "25.01000", "2005-09-30": "26.05000", "2005-06-30": "21.80000", "2005-03-31": "18.13000"}, "Total Long-Term Assets": {"2020-09-30": "4183.77800", "2020-06-30": "3658.91500", "2020-03-31": "3601.02700", "2019-12-31": "3665.36800", "2019-09-30": "3600.44200", "2019-06-30": "3768.31500", "2019-03-31": "3821.70400", "2018-12-31": "3593.27200", "2018-09-30": "3429.45600", "2018-06-30": "3621.43000", "2018-03-31": "3360.58500", "2017-12-31": "3390.54300", "2017-09-30": "3525.84300", "2017-06-30": "3396.86800", "2017-03-31": "3304.54000", "2016-12-31": "3270.62500", "2016-09-30": "3365.08400", "2016-06-30": "3217.95100", "2016-03-31": "3156.55500", "2015-12-31": "3217.72100", "2015-09-30": "3182.74500", "2015-06-30": "3203.10600", "2015-03-31": "3212.61800", "2014-12-31": "3305.62200", "2014-09-30": "3193.97700", "2014-06-30": "3362.73600", "2014-03-31": "3270.40700", "2013-12-31": "3167.50300", "2013-09-30": "3181.35500", "2013-06-30": "3074.45700", "2013-03-31": "3049.95600", "2012-12-31": "3095.01000", "2012-09-30": "3153.06700", "2012-06-30": "3132.85700", "2012-03-31": "3038.91300", "2011-12-31": "2984.29600", "2011-09-30": "2974.73400", "2011-06-30": "2205.12000", "2011-03-31": "2199.83000", "2010-12-31": "2549.40700", "2010-09-30": "2202.20000", "2010-06-30": "2111.64000", "2010-03-31": "2136.16000", "2009-12-31": "2673.78000", "2009-09-30": "2072.26000", "2009-06-30": "1889.25000", "2009-03-31": "1845.66000", "2008-12-31": "1892.08000", "2008-09-30": "1880.59000", "2008-06-30": "1837.10000", "2008-03-31": "1846.98000", "2007-12-31": "1843.72000", "2007-09-30": "1797.66000", "2007-06-30": "330.44000", "2007-03-31": "322.68000", "2006-12-31": "307.53000", "2006-09-30": "274.78000", "2006-06-30": "", "2006-03-31": "", "2005-12-31": "199.83000", "2005-09-30": "182.22000", "2005-06-30": "173.69000", "2005-03-31": "108.70000"}, "Total Assets": {"2020-09-30": "5771.47700", "2020-06-30": "5294.51300", "2020-03-31": "5180.95200", "2019-12-31": "5235.61600", "2019-09-30": "5142.74400", "2019-06-30": "5382.54900", "2019-03-31": "5420.36400", "2018-12-31": "5748.33200", "2018-09-30": "5299.02700", "2018-06-30": "5309.06500", "2018-03-31": "5105.35600", "2017-12-31": "5038.51600", "2017-09-30": "5096.54400", "2017-06-30": "4556.12200", "2017-03-31": "4067.74100", "2016-12-31": "4308.19400", "2016-09-30": "4328.14400", "2016-06-30": "4118.51600", "2016-03-31": "4119.56200", "2015-12-31": "4179.11700", "2015-09-30": "4159.43100", "2015-06-30": "4131.16800", "2015-03-31": "4170.19800", "2014-12-31": "4454.37200", "2014-09-30": "4461.24000", "2014-06-30": "4563.59600", "2014-03-31": "4486.51200", "2013-12-31": "4088.39200", "2013-09-30": "4055.08600", "2013-06-30": "3976.27900", "2013-03-31": "4033.57400", "2012-12-31": "4087.63100", "2012-09-30": "3956.45400", "2012-06-30": "3876.78900", "2012-03-31": "3798.10600", "2011-12-31": "3729.68500", "2011-09-30": "3948.44200", "2011-06-30": "3998.34000", "2011-03-31": "3958.05000", "2010-12-31": "3913.99500", "2010-09-30": "3890.52000", "2010-06-30": "3767.78000", "2010-03-31": "3780.19000", "2009-12-31": "3796.46000", "2009-09-30": "3754.65000", "2009-06-30": "2970.52000", "2009-03-31": "2832.37000", "2008-12-31": "2885.32000", "2008-09-30": "2872.87000", "2008-06-30": "2873.53000", "2008-03-31": "2842.24000", "2007-12-31": "2775.17000", "2007-09-30": "2695.78000", "2007-06-30": "1261.67000", "2007-03-31": "1249.66000", "2006-12-31": "1212.01000", "2006-09-30": "1173.27000", "2006-06-30": "0.00000", "2006-03-31": "0.00000", "2005-12-31": "765.29000", "2005-09-30": "740.03000", "2005-06-30": "733.03000", "2005-03-31": "711.09000"}, "Total Current Liabilities": {"2020-09-30": "1090.62500", "2020-06-30": "956.68300", "2020-03-31": "997.19500", "2019-12-31": "951.34500", "2019-09-30": "630.70400", "2019-06-30": "909.75400", "2019-03-31": "943.84100", "2018-12-31": "972.18900", "2018-09-30": "1368.59000", "2018-06-30": "941.19400", "2018-03-31": "815.35400", "2017-12-31": "324.79200", "2017-09-30": "294.70400", "2017-06-30": "300.78100", "2017-03-31": "273.53200", "2016-12-31": "308.42900", "2016-09-30": "250.12100", "2016-06-30": "248.44100", "2016-03-31": "246.23200", "2015-12-31": "268.35300", "2015-09-30": "277.33200", "2015-06-30": "264.66300", "2015-03-31": "332.72300", "2014-12-31": "431.62600", "2014-09-30": "435.61900", "2014-06-30": "295.75000", "2014-03-31": "313.59900", "2013-12-31": "337.03800", "2013-09-30": "303.49000", "2013-06-30": "296.92600", "2013-03-31": "268.88400", "2012-12-31": "266.86900", "2012-09-30": "539.27700", "2012-06-30": "512.11700", "2012-03-31": "451.99800", "2011-12-31": "451.63600", "2011-09-30": "648.18000", "2011-06-30": "365.30000", "2011-03-31": "374.88000", "2010-12-31": "388.40700", "2010-09-30": "395.15000", "2010-06-30": "322.01000", "2010-03-31": "338.14000", "2009-12-31": "375.53000", "2009-09-30": "376.07000", "2009-06-30": "264.45000", "2009-03-31": "222.51000", "2008-12-31": "262.37000", "2008-09-30": "214.90000", "2008-06-30": "182.91000", "2008-03-31": "169.73000", "2007-12-31": "165.73000", "2007-09-30": "187.46000", "2007-06-30": "126.83000", "2007-03-31": "131.84000", "2006-12-31": "116.53000", "2006-09-30": "111.98000", "2006-06-30": "", "2006-03-31": "", "2005-12-31": "91.67000", "2005-09-30": "76.77000", "2005-06-30": "89.43000", "2005-03-31": "74.23000"}, "Long Term Debt": {"2020-09-30": "1418.32000", "2020-06-30": "1400.17900", "2020-03-31": "1387.31600", "2019-12-31": "1421.10800", "2019-09-30": "1688.76200", "2019-06-30": "1410.55700", "2019-03-31": "1397.55300", "2018-12-31": "1671.09000", "2018-09-30": "1066.85300", "2018-06-30": "1341.49600", "2018-03-31": "1354.07200", "2017-12-31": "1758.25800", "2017-09-30": "1746.99400", "2017-06-30": "1383.83000", "2017-03-31": "1071.56300", "2016-12-31": "1067.09600", "2016-09-30": "1069.44000", "2016-06-30": "1072.41200", "2016-03-31": "1059.78700", "2015-12-31": "1049.02600", "2015-09-30": "1058.41600", "2015-06-30": "1048.97100", "2015-03-31": "1048.32300", "2014-12-31": "1040.96000", "2014-09-30": "1033.54800", "2014-06-30": "1174.95300", "2014-03-31": "1170.88200", "2013-12-31": "845.27600", "2013-09-30": "846.33500", "2013-06-30": "845.62900", "2013-03-31": "845.79700", "2012-12-31": "846.04400", "2012-09-30": "445.42100", "2012-06-30": "445.44100", "2012-03-31": "445.58600", "2011-12-31": "446.00500", "2011-09-30": "446.50500", "2011-06-30": "796.44000", "2011-03-31": "796.86000", "2010-12-31": "797.17100", "2010-09-30": "822.08000", "2010-06-30": "896.13000", "2010-03-31": "896.81000", "2009-12-31": "897.55000", "2009-09-30": "898.79000", "2009-06-30": "948.44000", "2009-03-31": "948.55000", "2008-12-31": "949.71000", "2008-09-30": "955.59000", "2008-06-30": "982.44000", "2008-03-31": "983.18000", "2007-12-31": "983.01000", "2007-09-30": "983.40000", "2007-06-30": "488.96000", "2007-03-31": "502.13000", "2006-12-31": "501.59000", "2006-09-30": "499.88000", "2006-06-30": "", "2006-03-31": "", "2005-12-31": "202.54000", "2005-09-30": "203.75000", "2005-06-30": "204.16000", "2005-03-31": "208.35000"}, "Other Non-Current Liabilities": {"2020-09-30": "508.15000", "2020-06-30": "294.92800", "2020-03-31": "282.84700", "2019-12-31": "303.13000", "2019-09-30": "312.51400", "2019-06-30": "385.76300", "2019-03-31": "423.11400", "2018-12-31": "406.67200", "2018-09-30": "252.68800", "2018-06-30": "408.96400", "2018-03-31": "278.84300", "2017-12-31": "337.74300", "2017-09-30": "446.65800", "2017-06-30": "324.52400", "2017-03-31": "252.34700", "2016-12-31": "284.95200", "2016-09-30": "302.52600", "2016-06-30": "120.16500", "2016-03-31": "143.22700", "2015-12-31": "224.05800", "2015-09-30": "199.09600", "2015-06-30": "172.15300", "2015-03-31": "206.24200", "2014-12-31": "206.52300", "2014-09-30": "159.36500", "2014-06-30": "208.47600", "2014-03-31": "135.47000", "2013-12-31": "38.44700", "2013-09-30": "40.32700", "2013-06-30": "49.06900", "2013-03-31": "47.47200", "2012-12-31": "58.74600", "2012-09-30": "59.72600", "2012-06-30": "57.14900", "2012-03-31": "58.16200", "2011-12-31": "63.88100", "2011-09-30": "50.71300", "2011-06-30": "60.78000", "2011-03-31": "58.84000", "2010-12-31": "51.39700", "2010-09-30": "36.20000", "2010-06-30": "13.21000", "2010-03-31": "25.06000", "2009-12-31": "19.52000", "2009-09-30": "13.94000", "2009-06-30": "11.61000", "2009-03-31": "10.40000", "2008-12-31": "6.79000", "2008-09-30": "7.13000", "2008-06-30": "10.56000", "2008-03-31": "10.83000", "2007-12-31": "8.40000", "2007-09-30": "12.97000", "2007-06-30": "6.00000", "2007-03-31": "5.77000", "2006-12-31": "6.01000", "2006-09-30": "4.53000", "2006-06-30": "", "2006-03-31": "", "2005-12-31": "3.05000", "2005-09-30": "3.95000", "2005-06-30": "8.66000", "2005-03-31": "7.65000"}, "Total Long Term Liabilities": {"2020-09-30": "1969.71900", "2020-06-30": "1716.97900", "2020-03-31": "1692.14200", "2019-12-31": "1747.68000", "2019-09-30": "2044.59800", "2019-06-30": "1840.40400", "2019-03-31": "1870.46700", "2018-12-31": "2141.17300", "2018-09-30": "1403.13400", "2018-06-30": "1844.01100", "2018-03-31": "1709.46200", "2017-12-31": "2172.72800", "2017-09-30": "2235.24400", "2017-06-30": "1749.96700", "2017-03-31": "1364.40500", "2016-12-31": "1392.66900", "2016-09-30": "1412.32300", "2016-06-30": "1243.56100", "2016-03-31": "1248.73200", "2015-12-31": "1342.69400", "2015-09-30": "1361.82000", "2015-06-30": "1329.06800", "2015-03-31": "1358.73200", "2014-12-31": "1364.74700", "2014-09-30": "1311.95600", "2014-06-30": "1513.06900", "2014-03-31": "1440.32500", "2013-12-31": "1027.48300", "2013-09-30": "1075.35200", "2013-06-30": "1084.05500", "2013-03-31": "1073.90100", "2012-12-31": "1096.39900", "2012-09-30": "705.39100", "2012-06-30": "723.01700", "2012-03-31": "711.06300", "2011-12-31": "720.25100", "2011-09-30": "715.73900", "2011-06-30": "1038.80000", "2011-03-31": "1046.86000", "2010-12-31": "1049.23500", "2010-09-30": "1064.88000", "2010-06-30": "1111.21000", "2010-03-31": "1130.98000", "2009-12-31": "1129.76000", "2009-09-30": "1150.26000", "2009-06-30": "1171.45000", "2009-03-31": "1147.40000", "2008-12-31": "1169.08000", "2008-09-30": "1200.20000", "2008-06-30": "1211.56000", "2008-03-31": "1221.45000", "2007-12-31": "1217.85000", "2007-09-30": "1180.32000", "2007-06-30": "517.57000", "2007-03-31": "530.32000", "2006-12-31": "529.30000", "2006-09-30": "532.53000", "2006-06-30": "", "2006-03-31": "", "2005-12-31": "223.16000", "2005-09-30": "225.63000", "2005-06-30": "230.63000", "2005-03-31": "226.32000"}, "Total Liabilities": {"2020-09-30": "3060.34400", "2020-06-30": "2673.66200", "2020-03-31": "2689.33700", "2019-12-31": "2699.02500", "2019-09-30": "2675.30200", "2019-06-30": "2750.15800", "2019-03-31": "2814.30800", "2018-12-31": "3113.36200", "2018-09-30": "2771.72400", "2018-06-30": "2785.20500", "2018-03-31": "2524.81600", "2017-12-31": "2497.52000", "2017-09-30": "2529.94800", "2017-06-30": "2050.74800", "2017-03-31": "1637.93700", "2016-12-31": "1701.09800", "2016-09-30": "1662.44400", "2016-06-30": "1492.00200", "2016-03-31": "1494.96400", "2015-12-31": "1611.04700", "2015-09-30": "1639.15200", "2015-06-30": "1593.73100", "2015-03-31": "1691.45500", "2014-12-31": "1796.37300", "2014-09-30": "1747.57500", "2014-06-30": "1808.81900", "2014-03-31": "1753.92400", "2013-12-31": "1364.52100", "2013-09-30": "1378.84200", "2013-06-30": "1380.98100", "2013-03-31": "1342.78500", "2012-12-31": "1363.26800", "2012-09-30": "1244.66800", "2012-06-30": "1235.13400", "2012-03-31": "1163.06100", "2011-12-31": "1171.88700", "2011-09-30": "1363.91900", "2011-06-30": "1404.11000", "2011-03-31": "1421.76000", "2010-12-31": "1437.64200", "2010-09-30": "1460.05000", "2010-06-30": "1433.24000", "2010-03-31": "1469.13000", "2009-12-31": "1505.29000", "2009-09-30": "1526.34000", "2009-06-30": "1435.91000", "2009-03-31": "1369.93000", "2008-12-31": "1431.47000", "2008-09-30": "1415.11000", "2008-06-30": "1394.50000", "2008-03-31": "1391.20000", "2007-12-31": "1383.59000", "2007-09-30": "1367.81000", "2007-06-30": "644.43000", "2007-03-31": "662.17000", "2006-12-31": "645.84000", "2006-09-30": "644.53000", "2006-06-30": "", "2006-03-31": "", "2005-12-31": "314.84000", "2005-09-30": "302.42000", "2005-06-30": "320.08000", "2005-03-31": "300.56000"}, "Common Stock Net": {"2020-09-30": "2.70200", "2020-06-30": "2.70200", "2020-03-31": "2.70200", "2019-12-31": "2.70200", "2019-09-30": "2.70200", "2019-06-30": "2.70200", "2019-03-31": "2.70200", "2018-12-31": "2.70200", "2018-09-30": "2.70200", "2018-06-30": "2.70200", "2018-03-31": "2.70200", "2017-12-31": "2.70200", "2017-09-30": "2.70200", "2017-06-30": "2.70200", "2017-03-31": "2.70200", "2016-12-31": "2.81200", "2016-09-30": "2.81200", "2016-06-30": "2.81200", "2016-03-31": "2.81200", "2015-12-31": "2.81200", "2015-09-30": "2.81200", "2015-06-30": "2.81200", "2015-03-31": "2.81200", "2014-12-31": "2.81200", "2014-09-30": "2.81200", "2014-06-30": "2.81200", "2014-03-31": "2.81200", "2013-12-31": "2.81200", "2013-09-30": "2.81200", "2013-06-30": "2.80800", "2013-03-31": "2.80100", "2012-12-31": "2.76900", "2012-09-30": "2.76800", "2012-06-30": "2.76100", "2012-03-31": "2.75100", "2011-12-31": "2.73900", "2011-09-30": "2.73800", "2011-06-30": "2.73000", "2011-03-31": "2.73000", "2010-12-31": "2.72400", "2010-09-30": "2.72000", "2010-06-30": "2.72000", "2010-03-31": "2.71000", "2009-12-31": "2.71000", "2009-09-30": "2.69000", "2009-06-30": "2.22000", "2009-03-31": "2.21000", "2008-12-31": "2.21000", "2008-09-30": "2.20000", "2008-06-30": "2.19000", "2008-03-31": "2.19000", "2007-12-31": "2.17000", "2007-09-30": "2.13000", "2007-06-30": "1.54000", "2007-03-31": "1.53000", "2006-12-31": "1.53000", "2006-09-30": "1.52000", "2006-06-30": "", "2006-03-31": "", "2005-12-31": "1.51000", "2005-09-30": "1.50000", "2005-06-30": "1.50000", "2005-03-31": "1.50000"}, "Retained Earnings (Accumulated Deficit)": {"2020-09-30": "1271.96400", "2020-06-30": "1262.07700", "2020-03-31": "1187.64400", "2019-12-31": "1178.45700", "2019-09-30": "1210.35900", "2019-06-30": "1371.44500", "2019-03-31": "1342.40900", "2018-12-31": "1379.62400", "2018-09-30": "1321.09400", "2018-06-30": "1268.14000", "2018-03-31": "1243.50300", "2017-12-31": "1247.94500", "2017-09-30": "1289.60300", "2017-06-30": "1241.76400", "2017-03-31": "1240.48400", "2016-12-31": "1263.46400", "2016-09-30": "1273.60500", "2016-06-30": "1243.88800", "2016-03-31": "1235.66700", "2015-12-31": "1209.19700", "2015-09-30": "1181.13600", "2015-06-30": "1148.54900", "2015-03-31": "1136.97100", "2014-12-31": "1125.68600", "2014-09-30": "1101.39600", "2014-06-30": "1079.25000", "2014-03-31": "1063.19000", "2013-12-31": "1054.43100", "2013-09-30": "994.35700", "2013-06-30": "953.65600", "2013-03-31": "1005.41700", "2012-12-31": "985.43400", "2012-09-30": "947.01500", "2012-06-30": "917.85200", "2012-03-31": "884.52000", "2011-12-31": "855.92800", "2011-09-30": "856.30400", "2011-06-30": "821.15000", "2011-03-31": "787.87000", "2010-12-31": "759.89000", "2010-09-30": "723.60000", "2010-06-30": "687.11000", "2010-03-31": "648.59000", "2009-12-31": "615.57000", "2009-09-30": "571.11000", "2009-06-30": "533.42000", "2009-03-31": "502.49000", "2008-12-31": "477.81000", "2008-09-30": "453.12000", "2008-06-30": "432.33000", "2008-03-31": "409.11000", "2007-12-31": "388.77000", "2007-09-30": "373.77000", "2007-06-30": "381.10000", "2007-03-31": "357.62000", "2006-12-31": "344.73000", "2006-09-30": "325.29000", "2006-06-30": "", "2006-03-31": "", "2005-12-31": "274.20000", "2005-09-30": "257.34000", "2005-06-30": "239.70000", "2005-03-31": "225.92000"}, "Comprehensive Income": {"2020-09-30": "-292.93400", "2020-06-30": "-351.61100", "2020-03-31": "-387.52900", "2019-12-31": "-309.61900", "2019-09-30": "-353.11600", "2019-06-30": "-314.09000", "2019-03-31": "-318.60400", "2018-12-31": "-310.64400", "2018-09-30": "-305.17300", "2018-06-30": "-279.64400", "2018-03-31": "-205.56400", "2017-12-31": "-220.75900", "2017-09-30": "-225.58000", "2017-06-30": "-244.79100", "2017-03-31": "-295.19600", "2016-12-31": "-333.83900", "2016-09-30": "-249.07000", "2016-06-30": "-248.87100", "2016-03-31": "-215.99500", "2015-12-31": "-259.15600", "2015-09-30": "-245.51800", "2015-06-30": "-195.84200", "2015-03-31": "-235.31400", "2014-12-31": "-134.73500", "2014-09-30": "-75.07900", "2014-06-30": "13.06700", "2014-03-31": "7.62800", "2013-12-31": "-4.19200", "2013-09-30": "1.30700", "2013-06-30": "-29.93500", "2013-03-31": "20.51000", "2012-12-31": "43.99100", "2012-09-30": "38.86100", "2012-06-30": "9.07700", "2012-03-31": "46.56300", "2011-12-31": "15.90400", "2011-09-30": "9.15500", "2011-06-30": "", "2011-03-31": "", "2010-12-31": "64.75400", "2010-09-30": "", "2010-06-30": "", "2010-03-31": "", "2009-12-31": "50.14600", "2009-09-30": "", "2009-06-30": "", "2009-03-31": "", "2008-12-31": "", "2008-09-30": "", "2008-06-30": "", "2008-03-31": "", "2007-12-31": "", "2007-09-30": "", "2007-06-30": "", "2007-03-31": "", "2006-12-31": "", "2006-09-30": "", "2006-06-30": "", "2006-03-31": "", "2005-12-31": "", "2005-09-30": "", "2005-06-30": "", "2005-03-31": ""}, "Other Share Holders Equity": {"2020-09-30": "", "2020-06-30": "", "2020-03-31": "", "2019-12-31": "", "2019-09-30": "", "2019-06-30": "", "2019-03-31": "", "2018-12-31": "", "2018-09-30": "", "2018-06-30": "", "2018-03-31": "", "2017-12-31": "", "2017-09-30": "", "2017-06-30": "", "2017-03-31": "", "2016-12-31": "", "2016-09-30": "", "2016-06-30": "", "2016-03-31": "", "2015-12-31": "", "2015-09-30": "", "2015-06-30": "", "2015-03-31": "", "2014-12-31": "", "2014-09-30": "", "2014-06-30": "", "2014-03-31": "", "2013-12-31": "", "2013-09-30": "", "2013-06-30": "", "2013-03-31": "", "2012-12-31": "", "2012-09-30": "", "2012-06-30": "", "2012-03-31": "", "2011-12-31": "", "2011-09-30": "", "2011-06-30": "103.40000", "2011-03-31": "86.61000", "2010-12-31": "", "2010-09-30": "61.67000", "2010-06-30": "7.05000", "2010-03-31": "30.27000", "2009-12-31": "50.14000", "2009-09-30": "48.27000", "2009-06-30": "24.46000", "2009-03-31": "-5.97000", "2008-12-31": "15.15000", "2008-09-30": "46.65000", "2008-06-30": "101.79000", "2008-03-31": "102.50000", "2007-12-31": "75.02000", "2007-09-30": "65.85000", "2007-06-30": "48.39000", "2007-03-31": "46.19000", "2006-12-31": "41.23000", "2006-09-30": "31.29000", "2006-06-30": "", "2006-03-31": "", "2005-12-31": "16.94000", "2005-09-30": "22.64000", "2005-06-30": "19.14000", "2005-03-31": "31.91000"}, "Share Holder Equity": {"2020-09-30": "2711.13300", "2020-06-30": "2620.85100", "2020-03-31": "2491.61500", "2019-12-31": "2536.59100", "2019-09-30": "2467.44200", "2019-06-30": "2632.39100", "2019-03-31": "2606.05600", "2018-12-31": "2634.97000", "2018-09-30": "2527.30300", "2018-06-30": "2523.86000", "2018-03-31": "2580.54000", "2017-12-31": "2540.99600", "2017-09-30": "2566.59600", "2017-06-30": "2505.37400", "2017-03-31": "2429.80400", "2016-12-31": "2607.09600", "2016-09-30": "2665.70000", "2016-06-30": "2626.51400", "2016-03-31": "2624.59800", "2015-12-31": "2568.07000", "2015-09-30": "2520.27900", "2015-06-30": "2537.43700", "2015-03-31": "2478.74300", "2014-12-31": "2657.99900", "2014-09-30": "2713.66500", "2014-06-30": "2754.77700", "2014-03-31": "2732.58800", "2013-12-31": "2723.87100", "2013-09-30": "2676.24400", "2013-06-30": "2595.29800", "2013-03-31": "2690.78900", "2012-12-31": "2724.36300", "2012-09-30": "2711.78600", "2012-06-30": "2641.65500", "2012-03-31": "2635.04500", "2011-12-31": "2557.79800", "2011-09-30": "2584.52300", "2011-06-30": "2594.22000", "2011-03-31": "2536.29000", "2010-12-31": "2476.35300", "2010-09-30": "2430.46000", "2010-06-30": "2334.54000", "2010-03-31": "2311.06000", "2009-12-31": "2291.16000", "2009-09-30": "2228.30000", "2009-06-30": "1534.61000", "2009-03-31": "1462.43000", "2008-12-31": "1453.84000", "2008-09-30": "1457.76000", "2008-06-30": "1479.02000", "2008-03-31": "1451.04000", "2007-12-31": "1391.57000", "2007-09-30": "1327.96000", "2007-06-30": "617.24000", "2007-03-31": "587.49000", "2006-12-31": "566.16000", "2006-09-30": "528.73000", "2006-06-30": "", "2006-03-31": "", "2005-12-31": "450.45000", "2005-09-30": "437.60000", "2005-06-30": "412.95000", "2005-03-31": "410.53000"}, "Total Liabilities And Share Holders Equity": {"2020-09-30": "5771.47700", "2020-06-30": "5294.51300", "2020-03-31": "5180.95200", "2019-12-31": "5235.61600", "2019-09-30": "5142.74400", "2019-06-30": "5382.54900", "2019-03-31": "5420.36400", "2018-12-31": "5748.33200", "2018-09-30": "5299.02700", "2018-06-30": "5309.06500", "2018-03-31": "5105.35600", "2017-12-31": "5038.51600", "2017-09-30": "5096.54400", "2017-06-30": "4556.12200", "2017-03-31": "4067.74100", "2016-12-31": "4308.19400", "2016-09-30": "4328.14400", "2016-06-30": "4118.51600", "2016-03-31": "4119.56200", "2015-12-31": "4179.11700", "2015-09-30": "4159.43100", "2015-06-30": "4131.16800", "2015-03-31": "4170.19800", "2014-12-31": "4454.37200", "2014-09-30": "4461.24000", "2014-06-30": "4563.59600", "2014-03-31": "4486.51200", "2013-12-31": "4088.39200", "2013-09-30": "4055.08600", "2013-06-30": "3976.27900", "2013-03-31": "4033.57400", "2012-12-31": "4087.63100", "2012-09-30": "3956.45400", "2012-06-30": "3876.78900", "2012-03-31": "3798.10600", "2011-12-31": "3729.68500", "2011-09-30": "3948.44200", "2011-06-30": "3998.34000", "2011-03-31": "3958.05000", "2010-12-31": "3913.99500", "2010-09-30": "3890.52000", "2010-06-30": "3767.78000", "2010-03-31": "3780.19000", "2009-12-31": "3796.46000", "2009-09-30": "3754.65000", "2009-06-30": "2970.52000", "2009-03-31": "2832.37000", "2008-12-31": "2885.32000", "2008-09-30": "2872.87000", "2008-06-30": "2873.53000", "2008-03-31": "2842.24000", "2007-12-31": "2775.17000", "2007-09-30": "2695.78000", "2007-06-30": "1261.67000", "2007-03-31": "1249.66000", "2006-12-31": "1212.01000", "2006-09-30": "1173.27000", "2006-06-30": "", "2006-03-31": "", "2005-12-31": "765.29000", "2005-09-30": "740.03000", "2005-06-30": "733.03000", "2005-03-31": "711.09000"}}, "cash flow statement": {"Net Income/Loss": {"2019-12-31": "-41.45500", "2018-12-31": "190.38000", "2017-12-31": "40.39400", "2016-12-31": "80.30300", "2015-12-31": "129.90200", "2014-12-31": "116.93300", "2013-12-31": "69.09800", "2012-12-31": "129.53700", "2011-12-31": "94.94900", "2010-12-31": "144.31100", "2009-12-31": "137.76700", "2008-12-31": "89.03300", "2007-12-31": "50.12000", "2006-12-31": "70.53000", "2005-12-31": "0.00000"}, "Total Depreciation And Amortization - Cash Flow": {"2019-12-31": "272.22100", "2018-12-31": "241.97300", "2017-12-31": "241.22100", "2016-12-31": "233.50700", "2015-12-31": "211.42800", "2014-12-31": "216.17400", "2013-12-31": "199.35500", "2012-12-31": "197.89200", "2011-12-31": "167.37700", "2010-12-31": "142.77900", "2009-12-31": "120.39400", "2008-12-31": "105.70400", "2007-12-31": "62.58000", "2006-12-31": "30.03000", "2005-12-31": ""}, "Other Non-Cash Items": {"2019-12-31": "144.40100", "2018-12-31": "22.30200", "2017-12-31": "93.02000", "2016-12-31": "19.49800", "2015-12-31": "0.45600", "2014-12-31": "33.66700", "2013-12-31": "-15.25100", "2012-12-31": "17.76100", "2011-12-31": "25.37000", "2010-12-31": "-20.43900", "2009-12-31": "-6.36800", "2008-12-31": "11.46400", "2007-12-31": "", "2006-12-31": "", "2005-12-31": ""}, "Total Non-Cash Items": {"2019-12-31": "416.62200", "2018-12-31": "264.27500", "2017-12-31": "334.24100", "2016-12-31": "253.00500", "2015-12-31": "211.88400", "2014-12-31": "249.84100", "2013-12-31": "184.10400", "2012-12-31": "215.65300", "2011-12-31": "192.74700", "2010-12-31": "122.34000", "2009-12-31": "114.02600", "2008-12-31": "117.16800", "2007-12-31": "62.58000", "2006-12-31": "30.03000", "2005-12-31": ""}, "Change In Accounts Receivable": {"2019-12-31": "-39.57800", "2018-12-31": "-41.81300", "2017-12-31": "-34.16500", "2016-12-31": "-12.23800", "2015-12-31": "-24.76400", "2014-12-31": "-16.56100", "2013-12-31": "-14.92100", "2012-12-31": "-14.28900", "2011-12-31": "-28.20300", "2010-12-31": "-6.88400", "2009-12-31": "-25.21300", "2008-12-31": "-19.07800", "2007-12-31": "", "2006-12-31": "", "2005-12-31": ""}, "Change In Inventories": {"2019-12-31": "-30.02800", "2018-12-31": "-36.91800", "2017-12-31": "-21.63300", "2016-12-31": "-20.34600", "2015-12-31": "-33.19400", "2014-12-31": "-41.79200", "2013-12-31": "-17.49900", "2012-12-31": "-20.37600", "2011-12-31": "-15.94500", "2010-12-31": "2.34800", "2009-12-31": "-21.53400", "2008-12-31": "-30.37100", "2007-12-31": "", "2006-12-31": "", "2005-12-31": ""}, "Change In Accounts Payable": {"2019-12-31": "9.25200", "2018-12-31": "6.99300", "2017-12-31": "4.32100", "2016-12-31": "-1.46600", "2015-12-31": "7.73200", "2014-12-31": "-5.49500", "2013-12-31": "-6.79300", "2012-12-31": "-9.94500", "2011-12-31": "7.26100", "2010-12-31": "3.48200", "2009-12-31": "-9.07600", "2008-12-31": "5.75300", "2007-12-31": "", "2006-12-31": "", "2005-12-31": ""}, "Change In Assets/Liabilities": {"2019-12-31": "2.89900", "2018-12-31": "-24.34300", "2017-12-31": "2.05900", "2016-12-31": "18.24300", "2015-12-31": "51.59500", "2014-12-31": "-9.51300", "2013-12-31": "-3.51600", "2012-12-31": "4.67000", "2011-12-31": "-19.36300", "2010-12-31": "-1.50100", "2009-12-31": "-15.30700", "2008-12-31": "4.94800", "2007-12-31": "", "2006-12-31": "", "2005-12-31": ""}, "Total Change In Assets/Liabilities": {"2019-12-31": "-44.32400", "2018-12-31": "-95.15900", "2017-12-31": "-87.85600", "2016-12-31": "8.29400", "2015-12-31": "-24.28900", "2014-12-31": "-78.80900", "2013-12-31": "5.75500", "2012-12-31": "-100.31000", "2011-12-31": "-42.91700", "2010-12-31": "-15.89900", "2009-12-31": "-34.79800", "2008-12-31": "-33.20300", "2007-12-31": "-55.82000", "2006-12-31": "-5.08000", "2005-12-31": ""}, "Cash Flow From Operating Activities": {"2019-12-31": "330.84300", "2018-12-31": "359.49600", "2017-12-31": "286.77900", "2016-12-31": "341.60200", "2015-12-31": "317.49700", "2014-12-31": "287.96500", "2013-12-31": "258.95700", "2012-12-31": "244.88000", "2011-12-31": "244.77900", "2010-12-31": "250.75200", "2009-12-31": "216.99500", "2008-12-31": "172.99800", "2007-12-31": "84.81000", "2006-12-31": "101.47000", "2005-12-31": ""}, "Net Change In Property, Plant, And Equipment": {"2019-12-31": "-117.95000", "2018-12-31": "-109.77300", "2017-12-31": "-90.03900", "2016-12-31": "-74.47300", "2015-12-31": "-97.67500", "2014-12-31": "-86.55600", "2013-12-31": "-84.42400", "2012-12-31": "-100.68400", "2011-12-31": "-84.78500", "2010-12-31": "-76.19200", "2009-12-31": "-51.31000", "2008-12-31": "-38.21500", "2007-12-31": "-33.77000", "2006-12-31": "-27.73000", "2005-12-31": ""}, "Net Change In Intangible Assets": {"2019-12-31": "-156.93400", "2018-12-31": "-40.99000", "2017-12-31": "-34.32400", "2016-12-31": "-19.38800", "2015-12-31": "-19.70300", "2014-12-31": "-10.41200", "2013-12-31": "-34.22500", "2012-12-31": "-26.08900", "2011-12-31": "-34.58300", "2010-12-31": "-44.24300", "2009-12-31": "-17.17800", "2008-12-31": "-18.46900", "2007-12-31": "", "2006-12-31": "", "2005-12-31": ""}, "Net Acquisitions/Divestitures": {"2019-12-31": "-67.05800", "2018-12-31": "-156.43800", "2017-12-31": "-50.54900", "2016-12-31": "-90.49000", "2015-12-31": "-66.93000", "2014-12-31": "-160.43600", "2013-12-31": "-170.54600", "2012-12-31": "-131.99700", "2011-12-31": "-457.48300", "2010-12-31": "-36.98500", "2009-12-31": "-234.73200", "2008-12-31": "-150.53100", "2007-12-31": "-859.69000", "2006-12-31": "-95.37000", "2005-12-31": ""}, "Net Change In Short-term Investments": {"2019-12-31": "102.13900", "2018-12-31": "123.76300", "2017-12-31": "-261.55800", "2016-12-31": "-496.30400", "2015-12-31": "-317.57000", "2014-12-31": "-420.15800", "2013-12-31": "42.80000", "2012-12-31": "-33.94300", "2011-12-31": "55.81300", "2010-12-31": "-66.07600", "2009-12-31": "-40.00000", "2008-12-31": "2.31300", "2007-12-31": "", "2006-12-31": "", "2005-12-31": ""}, "Net Change In Long-Term Investments": {"2019-12-31": "-5.17000", "2018-12-31": "-9.39800", "2017-12-31": "-4.77700", "2016-12-31": "510.39900", "2015-12-31": "361.66100", "2014-12-31": "266.35300", "2013-12-31": "-4.31900", "2012-12-31": "-8.17300", "2011-12-31": "-19.28400", "2010-12-31": "7.98500", "2009-12-31": "1.47600", "2008-12-31": "-4.17500", "2007-12-31": "", "2006-12-31": "", "2005-12-31": ""}, "Net Change In Investments - Total": {"2019-12-31": "96.96900", "2018-12-31": "114.36500", "2017-12-31": "-266.33500", "2016-12-31": "14.09500", "2015-12-31": "44.09100", "2014-12-31": "-153.80500", "2013-12-31": "38.48100", "2012-12-31": "-42.11600", "2011-12-31": "36.52900", "2010-12-31": "-58.09100", "2009-12-31": "-38.52400", "2008-12-31": "-1.86200", "2007-12-31": "252.81000", "2006-12-31": "-36.64000", "2005-12-31": ""}, "Investing Activities - Other": {"2019-12-31": "22.69500", "2018-12-31": "-18.52000", "2017-12-31": "-23.01700", "2016-12-31": "-8.80000", "2015-12-31": "-5.98300", "2014-12-31": "3.60800", "2013-12-31": "-1.02100", "2012-12-31": "", "2011-12-31": "", "2010-12-31": "", "2009-12-31": "", "2008-12-31": "-1.44100", "2007-12-31": "-19.01000", "2006-12-31": "-5.70000", "2005-12-31": ""}, "Cash Flow From Investing Activities": {"2019-12-31": "-222.27800", "2018-12-31": "-211.35600", "2017-12-31": "-464.26400", "2016-12-31": "-179.05600", "2015-12-31": "-146.20000", "2014-12-31": "-407.60100", "2013-12-31": "-251.73500", "2012-12-31": "-300.88600", "2011-12-31": "-540.32200", "2010-12-31": "-215.51100", "2009-12-31": "-341.74400", "2008-12-31": "-210.51800", "2007-12-31": "-659.67000", "2006-12-31": "-165.47000", "2005-12-31": ""}, "Net Long-Term Debt": {"2019-12-31": "-506.40000", "2018-12-31": "", "2017-12-31": "329.87500", "2016-12-31": "-8.06000", "2015-12-31": "-252.94700", "2014-12-31": "-391.62900", "2013-12-31": "-6.50000", "2012-12-31": "392.52900", "2011-12-31": "-429.56000", "2010-12-31": "-50.24600", "2009-12-31": "-27.99100", "2008-12-31": "-7.99500", "2007-12-31": "", "2006-12-31": "", "2005-12-31": ""}, "Net Current Debt": {"2019-12-31": "", "2018-12-31": "493.57100", "2017-12-31": "392.98900", "2016-12-31": "", "2015-12-31": "-0.08600", "2014-12-31": "716.96700", "2013-12-31": "-1.43800", "2012-12-31": "-143.31100", "2011-12-31": "142.32900", "2010-12-31": "", "2009-12-31": "", "2008-12-31": "", "2007-12-31": "440.22000", "2006-12-31": "284.45000", "2005-12-31": ""}, "Debt Issuance/Retirement Net - Total": {"2019-12-31": "-506.40000", "2018-12-31": "493.57100", "2017-12-31": "722.86400", "2016-12-31": "-8.06000", "2015-12-31": "-253.03300", "2014-12-31": "325.33800", "2013-12-31": "-7.93800", "2012-12-31": "249.21800", "2011-12-31": "-287.23100", "2010-12-31": "-50.24600", "2009-12-31": "-27.99100", "2008-12-31": "-7.99500", "2007-12-31": "0.00000", "2006-12-31": "0.00000", "2005-12-31": ""}, "Net Common Equity Issued/Repurchased": {"2019-12-31": "-72.37500", "2018-12-31": "-27.86700", "2017-12-31": "-9.49900", "2016-12-31": "6.26900", "2015-12-31": "-10.50200", "2014-12-31": "-45.85800", "2013-12-31": "-60.69200", "2012-12-31": "-19.07400", "2011-12-31": "8.77800", "2010-12-31": "11.24100", "2009-12-31": "650.49200", "2008-12-31": "18.45500", "2007-12-31": "", "2006-12-31": "", "2005-12-31": ""}, "Net Total Equity Issued/Repurchased": {"2019-12-31": "-72.37500", "2018-12-31": "-27.86700", "2017-12-31": "-9.49900", "2016-12-31": "6.26900", "2015-12-31": "-10.50200", "2014-12-31": "-45.85800", "2013-12-31": "-60.69200", "2012-12-31": "-19.07400", "2011-12-31": "8.77800", "2010-12-31": "11.24100", "2009-12-31": "650.49200", "2008-12-31": "18.45500", "2007-12-31": "42.28000", "2006-12-31": "11.00000", "2005-12-31": ""}, "Total Common And Preferred Stock Dividends Paid": {"2019-12-31": "", "2018-12-31": "", "2017-12-31": "", "2016-12-31": "", "2015-12-31": "", "2014-12-31": "", "2013-12-31": "", "2012-12-31": "", "2011-12-31": "", "2010-12-31": "", "2009-12-31": "", "2008-12-31": "", "2007-12-31": "0.00000", "2006-12-31": "0.00000", "2005-12-31": ""}, "Financial Activities - Other": {"2019-12-31": "-60.30500", "2018-12-31": "-105.29600", "2017-12-31": "-326.17800", "2016-12-31": "-8.81300", "2015-12-31": "4.92200", "2014-12-31": "-86.63700", "2013-12-31": "-0.12900", "2012-12-31": "-3.54000", "2011-12-31": "-32.17700", "2010-12-31": "3.77700", "2009-12-31": "6.69700", "2008-12-31": "2.30900", "2007-12-31": "11.54000", "2006-12-31": "7.70000", "2005-12-31": ""}, "Cash Flow From Financial Activities": {"2019-12-31": "-639.08000", "2018-12-31": "360.40800", "2017-12-31": "387.18700", "2016-12-31": "-10.60400", "2015-12-31": "-258.61300", "2014-12-31": "192.84300", "2013-12-31": "-68.75900", "2012-12-31": "226.60400", "2011-12-31": "-310.63000", "2010-12-31": "-35.22800", "2009-12-31": "629.19800", "2008-12-31": "12.76900", "2007-12-31": "494.05000", "2006-12-31": "303.16000", "2005-12-31": ""}, "Net Cash Flow": {"2019-12-31": "-529.68900", "2018-12-31": "501.36500", "2017-12-31": "218.53400", "2016-12-31": "149.16900", "2015-12-31": "-102.65600", "2014-12-31": "62.36400", "2013-12-31": "-63.73400", "2012-12-31": "172.90400", "2011-12-31": "-607.27400", "2010-12-31": "2.85000", "2009-12-31": "492.24400", "2008-12-31": "-14.00700", "2007-12-31": "-83.03000", "2006-12-31": "238.65000", "2005-12-31": ""}, "Stock-Based Compensation": {"2019-12-31": "65.89300", "2018-12-31": "40.11300", "2017-12-31": "34.44200", "2016-12-31": "28.28800", "2015-12-31": "23.76000", "2014-12-31": "41.31300", "2013-12-31": "37.93500", "2012-12-31": "25.35600", "2011-12-31": "19.53900", "2010-12-31": "13.59200", "2009-12-31": "9.74700", "2008-12-31": "9.79100", "2007-12-31": "", "2006-12-31": "", "2005-12-31": ""}, "Common Stock Dividends Paid": {"2019-12-31": "", "2018-12-31": "", "2017-12-31": "", "2016-12-31": "", "2015-12-31": "", "2014-12-31": "", "2013-12-31": "", "2012-12-31": "", "2011-12-31": "", "2010-12-31": "", "2009-12-31": "", "2008-12-31": "", "2007-12-31": "", "2006-12-31": "", "2005-12-31": ""}}, "cash flow statement, quarterly": {"Net Income/Loss": {"2020-09-30": 16.91, "2020-06-30": 89.764, "2020-03-31": "39.82900", "2019-12-31": 44.933, "2019-09-30": -160.636, "2019-06-30": 44.728, "2019-03-31": "29.52000", "2018-12-31": 60.95, "2018-09-30": 60.319, "2018-06-30": 36.816, "2018-03-31": "32.29500", "2017-12-31": -39.693, "2017-09-30": 48.485, "2017-06-30": 13.951, "2017-03-31": "17.65100", "2016-12-31": 8.623, "2016-09-30": 34.75, "2016-06-30": 21.266, "2016-03-31": "15.66400", "2015-12-31": 51.418, "2015-09-30": 34.014, "2015-06-30": 25.106, "2015-03-31": "19.36400", "2014-12-31": 25.78, "2014-09-30": 34.814, "2014-06-30": 33.056, "2014-03-31": "23.28300", "2013-12-31": 59.987, "2013-09-30": 40.776, "2013-06-30": -51.738, "2013-03-31": "20.07300", "2012-12-31": 38.284, "2012-09-30": 29.081, "2012-06-30": 33.682, "2012-03-31": "28.49000", "2011-12-31": -0.787, "2011-09-30": 34.467, "2011-06-30": 33.288, "2011-03-31": "27.98100", "2010-12-31": 36.288, "2010-09-30": 108.022, "2010-06-30": -33.01, "2010-03-31": "33.01000", "2009-12-31": 44.46, "2009-09-30": 93.3, "2009-06-30": -24.68, "2009-03-31": "24.68000", "2008-12-31": 24.68, "2008-09-30": 20.8, "2008-06-30": 23.22, "2008-03-31": "20.33000", "2007-12-31": 15, "2007-09-30": -7.33, "2007-06-30": 22.59, "2007-03-31": "19.86000", "2006-12-31": 70.53, "2006-09-30": 0, "2006-06-30": 0, "2006-03-31": "0.00000", "2005-12-31": -45.36, "2005-09-30": 45.36, "2005-06-30": -13.94, "2005-03-31": "13.94000"}, "Total Depreciation And Amortization - Cash Flow": {"2020-09-30": 62.108, "2020-06-30": 58.916, "2020-03-31": "58.19900", "2019-12-31": 62.619, "2019-09-30": 66.401, "2019-06-30": 71.824, "2019-03-31": "71.37700", "2018-12-31": 59.973, "2018-09-30": 57.441, "2018-06-30": 63.197, "2018-03-31": "61.36200", "2017-12-31": 61.268, "2017-09-30": 58.173, "2017-06-30": 61.831, "2017-03-31": "59.94900", "2016-12-31": 61.524, "2016-09-30": 58.542, "2016-06-30": 57.58, "2016-03-31": "55.86100", "2015-12-31": 56.854, "2015-09-30": 54.486, "2015-06-30": 49.031, "2015-03-31": "51.05700", "2014-12-31": 66.491, "2014-09-30": 51.317, "2014-06-30": 49.244, "2014-03-31": "49.12200", "2013-12-31": 54.259, "2013-09-30": 50.431, "2013-06-30": 49.58, "2013-03-31": "45.08500", "2012-12-31": 54.316, "2012-09-30": 50.141, "2012-06-30": 48.202, "2012-03-31": "45.23300", "2011-12-31": 46.779, "2011-09-30": 42.957, "2011-06-30": 38.95, "2011-03-31": "38.69100", "2010-12-31": 38.395, "2010-09-30": 104.375, "2010-06-30": -33.94, "2010-03-31": "33.94000", "2009-12-31": 33.81, "2009-09-30": 86.58, "2009-06-30": -27.36, "2009-03-31": "27.36000", "2008-12-31": 73.01, "2008-09-30": 11.26, "2008-06-30": -4, "2008-03-31": "25.43000", "2007-12-31": 24.68, "2007-09-30": 19.78, "2007-06-30": 9.39, "2007-03-31": "8.73000", "2006-12-31": 30.03, "2006-09-30": 0, "2006-06-30": 0, "2006-03-31": "", "2005-12-31": -18.78, "2005-09-30": 18.78, "2005-06-30": -6.01, "2005-03-31": "6.01000"}, "Other Non-Cash Items": {"2020-09-30": -2.929, "2020-06-30": 0.147, "2020-03-31": "15.80200", "2019-12-31": -32.114, "2019-09-30": 171.152, "2019-06-30": -4.071, "2019-03-31": "9.43400", "2018-12-31": -7.352, "2018-09-30": 10.702, "2018-06-30": 11.462, "2018-03-31": "7.49000", "2017-12-31": 70.763, "2017-09-30": 5.507, "2017-06-30": 9.482, "2017-03-31": "7.26800", "2016-12-31": 13.261, "2016-09-30": 8.905, "2016-06-30": -1.438, "2016-03-31": "-1.23000", "2015-12-31": -29.716, "2015-09-30": 5.463, "2015-06-30": 8.875, "2015-03-31": "15.83400", "2014-12-31": -2.299, "2014-09-30": 30.257, "2014-06-30": 6.323, "2014-03-31": "-0.61400", "2013-12-31": -46.477, "2013-09-30": -18.009, "2013-06-30": 55.247, "2013-03-31": "-6.01200", "2012-12-31": 25.875, "2012-09-30": -21.916, "2012-06-30": 22.114, "2012-03-31": "-8.31200", "2011-12-31": 29.749, "2011-09-30": -6.209, "2011-06-30": 2.364, "2011-03-31": "-0.53400", "2010-12-31": 0.81, "2010-09-30": -21.249, "2010-06-30": 0, "2010-03-31": "", "2009-12-31": -6.368, "2009-09-30": 0, "2009-06-30": 0, "2009-03-31": "", "2008-12-31": 11.464, "2008-09-30": 0, "2008-06-30": 0, "2008-03-31": "", "2007-12-31": 0, "2007-09-30": 0, "2007-06-30": 0, "2007-03-31": "", "2006-12-31": 0, "2006-09-30": 0, "2006-06-30": 0, "2006-03-31": "", "2005-12-31": 0, "2005-09-30": 0, "2005-06-30": 0, "2005-03-31": ""}, "Total Non-Cash Items": {"2020-09-30": 59.179, "2020-06-30": 59.063, "2020-03-31": "74.00100", "2019-12-31": 30.505, "2019-09-30": 237.553, "2019-06-30": 67.753, "2019-03-31": "80.81100", "2018-12-31": 52.621, "2018-09-30": 68.143, "2018-06-30": 74.659, "2018-03-31": "68.85200", "2017-12-31": 132.031, "2017-09-30": 63.68, "2017-06-30": 71.313, "2017-03-31": "67.21700", "2016-12-31": 74.785, "2016-09-30": 67.447, "2016-06-30": 56.142, "2016-03-31": "54.63100", "2015-12-31": 27.138, "2015-09-30": 59.949, "2015-06-30": 57.906, "2015-03-31": "66.89100", "2014-12-31": 64.192, "2014-09-30": 81.574, "2014-06-30": 55.567, "2014-03-31": "48.50800", "2013-12-31": 7.782, "2013-09-30": 32.422, "2013-06-30": 104.827, "2013-03-31": "39.07300", "2012-12-31": 80.191, "2012-09-30": 28.225, "2012-06-30": 70.316, "2012-03-31": "36.92100", "2011-12-31": 76.528, "2011-09-30": 36.748, "2011-06-30": 41.314, "2011-03-31": "38.15700", "2010-12-31": 59.644, "2010-09-30": 83.126, "2010-06-30": -33.94, "2010-03-31": "33.94000", "2009-12-31": 33.81, "2009-09-30": 86.58, "2009-06-30": -27.36, "2009-03-31": "27.36000", "2008-12-31": 73.01, "2008-09-30": 11.26, "2008-06-30": -4, "2008-03-31": "25.43000", "2007-12-31": 24.68, "2007-09-30": 19.78, "2007-06-30": 9.39, "2007-03-31": "8.73000", "2006-12-31": 30.03, "2006-09-30": 0, "2006-06-30": 0, "2006-03-31": "", "2005-12-31": -18.78, "2005-09-30": 18.78, "2005-06-30": -6.01, "2005-03-31": "6.01000"}, "Change In Accounts Receivable": {"2020-09-30": -0.537, "2020-06-30": -8.582, "2020-03-31": "0.10300", "2019-12-31": -23.542, "2019-09-30": 0.255, "2019-06-30": -23.274, "2019-03-31": "6.98300", "2018-12-31": -32.696, "2018-09-30": -10.204, "2018-06-30": 1.356, "2018-03-31": "-0.26900", "2017-12-31": -33.957, "2017-09-30": -13.688, "2017-06-30": -20.8, "2017-03-31": "34.28000", "2016-12-31": -31.288, "2016-09-30": -6.67, "2016-06-30": 3.094, "2016-03-31": "22.62600", "2015-12-31": -29.985, "2015-09-30": -4.671, "2015-06-30": -10.775, "2015-03-31": "20.66700", "2014-12-31": -9.48, "2014-09-30": -20.176, "2014-06-30": -2.025, "2014-03-31": "15.12000", "2013-12-31": -30.847, "2013-09-30": 18.525, "2013-06-30": -3.624, "2013-03-31": "1.02500", "2012-12-31": -19.104, "2012-09-30": 0.131, "2012-06-30": 2.338, "2012-03-31": "2.34600", "2011-12-31": -20.057, "2011-09-30": -3.589, "2011-06-30": -4.078, "2011-03-31": "-0.47900", "2010-12-31": -1.993, "2010-09-30": -4.891, "2010-06-30": 0, "2010-03-31": "", "2009-12-31": -25.213, "2009-09-30": 0, "2009-06-30": 0, "2009-03-31": "", "2008-12-31": -19.078, "2008-09-30": 0, "2008-06-30": 0, "2008-03-31": "", "2007-12-31": 0, "2007-09-30": 0, "2007-06-30": 0, "2007-03-31": "", "2006-12-31": 0, "2006-09-30": 0, "2006-06-30": 0, "2006-03-31": "", "2005-12-31": 0, "2005-09-30": 0, "2005-06-30": 0, "2005-03-31": ""}, "Change In Inventories": {"2020-09-30": -29.651, "2020-06-30": -35.455, "2020-03-31": "-12.67100", "2019-12-31": -7.332, "2019-09-30": -7.024, "2019-06-30": -5.281, "2019-03-31": "-10.39100", "2018-12-31": -6.579, "2018-09-30": -10.995, "2018-06-30": -14.221, "2018-03-31": "-5.12300", "2017-12-31": 2.218, "2017-09-30": -5.101, "2017-06-30": -9.972, "2017-03-31": "-8.77800", "2016-12-31": -6.744, "2016-09-30": -7.797, "2016-06-30": 2.897, "2016-03-31": "-8.70200", "2015-12-31": -8.202, "2015-09-30": -6.26, "2015-06-30": -1.543, "2015-03-31": "-17.18900", "2014-12-31": -14.888, "2014-09-30": -12.737, "2014-06-30": -6.904, "2014-03-31": "-7.26300", "2013-12-31": 11.231, "2013-09-30": -10.131, "2013-06-30": -15.728, "2013-03-31": "-2.87100", "2012-12-31": 1.796, "2012-09-30": 3.755, "2012-06-30": -22.466, "2012-03-31": "-3.46100", "2011-12-31": 9.558, "2011-09-30": -13.509, "2011-06-30": -7.957, "2011-03-31": "-4.03700", "2010-12-31": 4.69, "2010-09-30": -2.342, "2010-06-30": 0, "2010-03-31": "", "2009-12-31": -21.534, "2009-09-30": 0, "2009-06-30": 0, "2009-03-31": "", "2008-12-31": -30.371, "2008-09-30": 0, "2008-06-30": 0, "2008-03-31": "", "2007-12-31": 0, "2007-09-30": 0, "2007-06-30": 0, "2007-03-31": "", "2006-12-31": 0, "2006-09-30": 0, "2006-06-30": 0, "2006-03-31": "", "2005-12-31": 0, "2005-09-30": 0, "2005-06-30": 0, "2005-03-31": ""}, "Change In Accounts Payable": {"2020-09-30": -6.299, "2020-06-30": 10.824, "2020-03-31": "-12.02100", "2019-12-31": 30.597, "2019-09-30": -10.745, "2019-06-30": -5.285, "2019-03-31": "-5.31500", "2018-12-31": 7.724, "2018-09-30": -0.724, "2018-06-30": 17.485, "2018-03-31": "-17.49200", "2017-12-31": 7.755, "2017-09-30": 0.97, "2017-06-30": 4.924, "2017-03-31": "-9.32800", "2016-12-31": 13.41, "2016-09-30": -5.823, "2016-06-30": 6.356, "2016-03-31": "-15.40900", "2015-12-31": 11.143, "2015-09-30": -0.4, "2015-06-30": -4.141, "2015-03-31": "1.13000", "2014-12-31": 2.427, "2014-09-30": -0.196, "2014-06-30": 2.483, "2014-03-31": "-10.20900", "2013-12-31": 9.627, "2013-09-30": -4.64, "2013-06-30": 1.079, "2013-03-31": "-12.85900", "2012-12-31": -5.03, "2012-09-30": -5.041, "2012-06-30": 18.911, "2012-03-31": "-18.78500", "2011-12-31": 15.295, "2011-09-30": -7.039, "2011-06-30": -4.052, "2011-03-31": "3.05700", "2010-12-31": -1.311, "2010-09-30": 4.793, "2010-06-30": 0, "2010-03-31": "", "2009-12-31": -9.076, "2009-09-30": 0, "2009-06-30": 0, "2009-03-31": "", "2008-12-31": 5.753, "2008-09-30": 0, "2008-06-30": 0, "2008-03-31": "", "2007-12-31": 0, "2007-09-30": 0, "2007-06-30": 0, "2007-03-31": "", "2006-12-31": 0, "2006-09-30": 0, "2006-06-30": 0, "2006-03-31": "", "2005-12-31": 0, "2005-09-30": 0, "2005-06-30": 0, "2005-03-31": ""}, "Change In Assets/Liabilities": {"2020-09-30": 18.316, "2020-06-30": -6.131, "2020-03-31": "-22.63400", "2019-12-31": 0.37, "2019-09-30": 0.504, "2019-06-30": 7.298, "2019-03-31": "-5.27300", "2018-12-31": 10.576, "2018-09-30": -3.964, "2018-06-30": -10.713, "2018-03-31": "-20.24200", "2017-12-31": 7.078, "2017-09-30": 4.354, "2017-06-30": -2.742, "2017-03-31": "-6.63100", "2016-12-31": 9.745, "2016-09-30": 4.847, "2016-06-30": 10.113, "2016-03-31": "-6.46200", "2015-12-31": 21.167, "2015-09-30": 13.89, "2015-06-30": 15.974, "2015-03-31": "0.56400", "2014-12-31": -6.393, "2014-09-30": 1.521, "2014-06-30": 4.392, "2014-03-31": "-9.03300", "2013-12-31": -0.899, "2013-09-30": -8.122, "2013-06-30": 0.614, "2013-03-31": "4.89100", "2012-12-31": 13.591, "2012-09-30": 4.371, "2012-06-30": 5.463, "2012-03-31": "-18.75500", "2011-12-31": -22.279, "2011-09-30": 6.193, "2011-06-30": -0.774, "2011-03-31": "-2.50300", "2010-12-31": -25.807, "2010-09-30": 24.306, "2010-06-30": 0, "2010-03-31": "", "2009-12-31": -15.307, "2009-09-30": 0, "2009-06-30": 0, "2009-03-31": "", "2008-12-31": 4.948, "2008-09-30": 0, "2008-06-30": 0, "2008-03-31": "", "2007-12-31": 0, "2007-09-30": 0, "2007-06-30": 0, "2007-03-31": "", "2006-12-31": 0, "2006-09-30": 0, "2006-06-30": 0, "2006-03-31": "", "2005-12-31": 0, "2005-09-30": 0, "2005-06-30": 0, "2005-03-31": ""}, "Total Change In Assets/Liabilities": {"2020-09-30": -38.59, "2020-06-30": -14.145, "2020-03-31": "-97.91700", "2019-12-31": 33.992, "2019-09-30": 17.28, "2019-06-30": -29.999, "2019-03-31": "-65.59700", "2018-12-31": -3.061, "2018-09-30": -45.714, "2018-06-30": 6.548, "2018-03-31": "-52.93200", "2017-12-31": -16.272, "2017-09-30": -30.968, "2017-06-30": -15.905, "2017-03-31": "-24.71100", "2016-12-31": 16.615, "2016-09-30": -8.386, "2016-06-30": 21.669, "2016-03-31": "-21.60400", "2015-12-31": 8.206, "2015-09-30": 2.099, "2015-06-30": -11.182, "2015-03-31": "-23.41200", "2014-12-31": -10.955, "2014-09-30": -26.654, "2014-06-30": -15.019, "2014-03-31": "-26.18100", "2013-12-31": 14.418, "2013-09-30": 9.74, "2013-06-30": -5.132, "2013-03-31": "-13.27100", "2012-12-31": -48.561, "2012-09-30": 17.621, "2012-06-30": -15.082, "2012-03-31": "-54.28800", "2011-12-31": 3.938, "2011-09-30": -12.175, "2011-06-30": -18.585, "2011-03-31": "-16.09500", "2010-12-31": 10.329, "2010-09-30": -26.219, "2010-06-30": 34.8, "2010-03-31": "-34.80000", "2009-12-31": -31.39, "2009-09-30": -3.4, "2009-06-30": 37.82, "2009-03-31": "-37.82000", "2008-12-31": 45.87, "2008-09-30": -23.01, "2008-06-30": -17.13, "2008-03-31": "-23.80000", "2007-12-31": -35.65, "2007-09-30": 3.28, "2007-06-30": -15.9, "2007-03-31": "-7.55000", "2006-12-31": -5.08, "2006-09-30": 0, "2006-06-30": 0, "2006-03-31": "", "2005-12-31": 4.3, "2005-09-30": -4.3, "2005-06-30": 4.17, "2005-03-31": "-4.17000"}, "Cash Flow From Operating Activities": {"2020-09-30": 37.499, "2020-06-30": 134.682, "2020-03-31": "15.91300", "2019-12-31": 109.43, "2019-09-30": 94.197, "2019-06-30": 82.482, "2019-03-31": "44.73400", "2018-12-31": 110.51, "2018-09-30": 82.748, "2018-06-30": 118.023, "2018-03-31": "48.21500", "2017-12-31": 76.066, "2017-09-30": 81.197, "2017-06-30": 69.359, "2017-03-31": "60.15700", "2016-12-31": 100.023, "2016-09-30": 93.811, "2016-06-30": 99.077, "2016-03-31": "48.69100", "2015-12-31": 86.762, "2015-09-30": 96.062, "2015-06-30": 71.83, "2015-03-31": "62.84300", "2014-12-31": 79.017, "2014-09-30": 89.734, "2014-06-30": 73.604, "2014-03-31": "45.61000", "2013-12-31": 82.187, "2013-09-30": 82.938, "2013-06-30": 47.957, "2013-03-31": "45.87500", "2012-12-31": 69.914, "2012-09-30": 74.927, "2012-06-30": 88.916, "2012-03-31": "11.12300", "2011-12-31": 79.679, "2011-09-30": 59.04, "2011-06-30": 56.017, "2011-03-31": "50.04300", "2010-12-31": 85.821, "2010-09-30": 164.929, "2010-06-30": -29.55, "2010-03-31": "29.55000", "2009-12-31": 52.66, "2009-09-30": 164.33, "2009-06-30": -13.77, "2009-03-31": "13.77000", "2008-12-31": 88.52, "2008-09-30": 31.48, "2008-06-30": 47.32, "2008-03-31": "5.67000", "2007-12-31": 22.12, "2007-09-30": 27.58, "2007-06-30": 13.93, "2007-03-31": "21.18000", "2006-12-31": 101.47, "2006-09-30": 0, "2006-06-30": 0, "2006-03-31": "", "2005-12-31": -64.86, "2005-09-30": 64.86, "2005-06-30": -20.71, "2005-03-31": "20.71000"}, "Net Change In Property, Plant, And Equipment": {"2020-09-30": -36.567, "2020-06-30": -30.18, "2020-03-31": "-19.99900", "2019-12-31": -31.551, "2019-09-30": -32.04, "2019-06-30": -30.95, "2019-03-31": "-23.40900", "2018-12-31": -37.447, "2018-09-30": -29.467, "2018-06-30": -23.961, "2018-03-31": "-18.89800", "2017-12-31": -25.476, "2017-09-30": -26.698, "2017-06-30": -21.936, "2017-03-31": "-15.92900", "2016-12-31": -19.649, "2016-09-30": -15.004, "2016-06-30": -21.457, "2016-03-31": "-18.36300", "2015-12-31": -30.095, "2015-09-30": -17.049, "2015-06-30": -27.475, "2015-03-31": "-23.05600", "2014-12-31": -26.311, "2014-09-30": -17.754, "2014-06-30": -25.147, "2014-03-31": "-17.34400", "2013-12-31": -28.633, "2013-09-30": -22.136, "2013-06-30": -17.92, "2013-03-31": "-15.73500", "2012-12-31": -33.773, "2012-09-30": -25.881, "2012-06-30": -22.637, "2012-03-31": "-18.39300", "2011-12-31": -30.611, "2011-09-30": -15.813, "2011-06-30": -17.706, "2011-03-31": "-20.65500", "2010-12-31": -20.927, "2010-09-30": -55.263, "2010-06-30": 16.16, "2010-03-31": "-16.16000", "2009-12-31": -14.84, "2009-09-30": -36.47, "2009-06-30": 9.91, "2009-03-31": "-9.91000", "2008-12-31": -12.3, "2008-09-30": -10.7, "2008-06-30": -5.71, "2008-03-31": "-9.50000", "2007-12-31": -10.54, "2007-09-30": -8.8, "2007-06-30": -7.99, "2007-03-31": "-6.44000", "2006-12-31": -27.73, "2006-09-30": 0, "2006-06-30": 0, "2006-03-31": "", "2005-12-31": 6.92, "2005-09-30": -6.92, "2005-06-30": 2.89, "2005-03-31": "-2.89000"}, "Net Change In Intangible Assets": {"2020-09-30": -51.154, "2020-06-30": -91.77, "2020-03-31": "-7.92700", "2019-12-31": -18.737, "2019-09-30": -3.763, "2019-06-30": -5.055, "2019-03-31": "-129.37900", "2018-12-31": -10.268, "2018-09-30": -7.18, "2018-06-30": -8.342, "2018-03-31": "-15.20000", "2017-12-31": -7.425, "2017-09-30": -8.783, "2017-06-30": -9.687, "2017-03-31": "-8.42900", "2016-12-31": -6.694, "2016-09-30": -5.527, "2016-06-30": -4.479, "2016-03-31": "-2.68800", "2015-12-31": -5.271, "2015-09-30": -8.211, "2015-06-30": -4.327, "2015-03-31": "-1.89400", "2014-12-31": -3.22, "2014-09-30": -2.035, "2014-06-30": -3.27, "2014-03-31": "-1.88700", "2013-12-31": -12.165, "2013-09-30": -6.397, "2013-06-30": -8.74, "2013-03-31": "-6.92300", "2012-12-31": -8.533, "2012-09-30": -12.435, "2012-06-30": -0.752, "2012-03-31": "-4.36900", "2011-12-31": -18.701, "2011-09-30": -8.677, "2011-06-30": -1.854, "2011-03-31": "-5.35100", "2010-12-31": -4.596, "2010-09-30": -39.647, "2010-06-30": 0, "2010-03-31": "", "2009-12-31": -17.178, "2009-09-30": 0, "2009-06-30": 0, "2009-03-31": "", "2008-12-31": -18.469, "2008-09-30": 0, "2008-06-30": 0, "2008-03-31": "", "2007-12-31": 0, "2007-09-30": 0, "2007-06-30": 0, "2007-03-31": "", "2006-12-31": 0, "2006-09-30": 0, "2006-06-30": 0, "2006-03-31": "", "2005-12-31": 0, "2005-09-30": 0, "2005-06-30": 0, "2005-03-31": ""}, "Net Acquisitions/Divestitures": {"2020-09-30": -239.439, "2020-06-30": 0, "2020-03-31": "-0.13300", "2019-12-31": 0.849, "2019-09-30": -43.536, "2019-06-30": 0, "2019-03-31": "-24.37100", "2018-12-31": -0.001, "2018-09-30": 0, "2018-06-30": -156.437, "2018-03-31": "", "2017-12-31": 0, "2017-09-30": -0.871, "2017-06-30": 0, "2017-03-31": "-49.67800", "2016-12-31": 0, "2016-09-30": 0, "2016-06-30": -90.49, "2016-03-31": "", "2015-12-31": -59.833, "2015-09-30": 0, "2015-06-30": 0.001, "2015-03-31": "-7.09800", "2014-12-31": -118.721, "2014-09-30": 0, "2014-06-30": -41.894, "2014-03-31": "0.17900", "2013-12-31": -0.66, "2013-09-30": -67.491, "2013-06-30": -102.395, "2013-03-31": "", "2012-12-31": 0, "2012-09-30": -0.187, "2012-06-30": -129.783, "2012-03-31": "-2.02700", "2011-12-31": -24.885, "2011-09-30": -427.191, "2011-06-30": -2.443, "2011-03-31": "-2.96400", "2010-12-31": -9.945, "2010-09-30": -27.035, "2010-06-30": 16.41, "2010-03-31": "-16.41000", "2009-12-31": -123.79, "2009-09-30": -110.94, "2009-06-30": 2.34, "2009-03-31": "-2.34000", "2008-12-31": -62.76, "2008-09-30": -85.35, "2008-06-30": -1.56, "2008-03-31": "-0.86000", "2007-12-31": -0.92, "2007-09-30": -852.19, "2007-06-30": -3.43, "2007-03-31": "-3.15000", "2006-12-31": -95.37, "2006-09-30": 0, "2006-06-30": 0, "2006-03-31": "", "2005-12-31": 56.25, "2005-09-30": -56.25, "2005-06-30": 0, "2005-03-31": "0.00000"}, "Net Change In Short-term Investments": {"2020-09-30": 21.499, "2020-06-30": 98.229, "2020-03-31": "-24.87700", "2019-12-31": -29.092, "2019-09-30": 58.193, "2019-06-30": 73.038, "2019-03-31": "", "2018-12-31": 84.34, "2018-09-30": -95.988, "2018-06-30": 220.001, "2018-03-31": "-84.59000", "2017-12-31": -55.208, "2017-09-30": -167.845, "2017-06-30": -38.505, "2017-03-31": "", "2016-12-31": -518.938, "2016-09-30": 377.685, "2016-06-30": -396.267, "2016-03-31": "41.21600", "2015-12-31": -401.187, "2015-09-30": 178.963, "2015-06-30": -171.946, "2015-03-31": "76.60000", "2014-12-31": -253.794, "2014-09-30": 39.767, "2014-06-30": -142.565, "2014-03-31": "-63.56600", "2013-12-31": 42.8, "2013-09-30": -15.859, "2013-06-30": 15.859, "2013-03-31": "", "2012-12-31": -34.772, "2012-09-30": 0.829, "2012-06-30": 0, "2012-03-31": "", "2011-12-31": 37.505, "2011-09-30": 77.855, "2011-06-30": 5.682, "2011-03-31": "-65.22900", "2010-12-31": -26.524, "2010-09-30": -39.552, "2010-06-30": 0, "2010-03-31": "", "2009-12-31": -40, "2009-09-30": 0, "2009-06-30": 0, "2009-03-31": "", "2008-12-31": 2.313, "2008-09-30": 0, "2008-06-30": 0, "2008-03-31": "", "2007-12-31": 0, "2007-09-30": 0, "2007-06-30": 0, "2007-03-31": "", "2006-12-31": 0, "2006-09-30": 0, "2006-06-30": 0, "2006-03-31": "", "2005-12-31": 0, "2005-09-30": 0, "2005-06-30": 0, "2005-03-31": ""}, "Net Change In Long-Term Investments": {"2020-09-30": 0.772, "2020-06-30": -64.833, "2020-03-31": "65.06200", "2019-12-31": -3.409, "2019-09-30": 2.624, "2019-06-30": -5.328, "2019-03-31": "0.94300", "2018-12-31": -0.972, "2018-09-30": 7.199, "2018-06-30": -259.202, "2018-03-31": "243.57700", "2017-12-31": -4.08, "2017-09-30": -65.347, "2017-06-30": 2.207, "2017-03-31": "62.44300", "2016-12-31": 531.774, "2016-09-30": -409.191, "2016-06-30": 388.897, "2016-03-31": "-1.08100", "2015-12-31": 367.257, "2015-09-30": -143.966, "2015-06-30": 140.068, "2015-03-31": "-1.69800", "2014-12-31": 275.625, "2014-09-30": -22.588, "2014-06-30": 18.561, "2014-03-31": "-5.24500", "2013-12-31": -15.982, "2013-09-30": 15.799, "2013-06-30": -3.59, "2013-03-31": "-0.54600", "2012-12-31": -1.088, "2012-09-30": -0.085, "2012-06-30": -6.79, "2012-03-31": "-0.21000", "2011-12-31": 0, "2011-09-30": 0, "2011-06-30": -25.405, "2011-03-31": "6.12100", "2010-12-31": -3.546, "2010-09-30": 11.531, "2010-06-30": 0, "2010-03-31": "", "2009-12-31": 1.476, "2009-09-30": 0, "2009-06-30": 0, "2009-03-31": "", "2008-12-31": -4.175, "2008-09-30": 0, "2008-06-30": 0, "2008-03-31": "", "2007-12-31": 0, "2007-09-30": 0, "2007-06-30": 0, "2007-03-31": "", "2006-12-31": 0, "2006-09-30": 0, "2006-06-30": 0, "2006-03-31": "", "2005-12-31": 0, "2005-09-30": 0, "2005-06-30": 0, "2005-03-31": ""}, "Net Change In Investments - Total": {"2020-09-30": 22.271, "2020-06-30": 33.396, "2020-03-31": "40.18500", "2019-12-31": -32.501, "2019-09-30": 60.817, "2019-06-30": 67.71, "2019-03-31": "0.94300", "2018-12-31": 83.368, "2018-09-30": -88.789, "2018-06-30": -39.201, "2018-03-31": "158.98700", "2017-12-31": -59.288, "2017-09-30": -233.192, "2017-06-30": -36.298, "2017-03-31": "62.44300", "2016-12-31": 12.836, "2016-09-30": -31.506, "2016-06-30": -7.37, "2016-03-31": "40.13500", "2015-12-31": -33.93, "2015-09-30": 34.997, "2015-06-30": -31.878, "2015-03-31": "74.90200", "2014-12-31": 21.831, "2014-09-30": 17.179, "2014-06-30": -124.004, "2014-03-31": "-68.81100", "2013-12-31": 26.818, "2013-09-30": -0.06, "2013-06-30": 12.269, "2013-03-31": "-0.54600", "2012-12-31": -35.86, "2012-09-30": 0.744, "2012-06-30": -6.79, "2012-03-31": "-0.21000", "2011-12-31": 37.505, "2011-09-30": 77.855, "2011-06-30": -19.723, "2011-03-31": "-59.10800", "2010-12-31": -30.069, "2010-09-30": -28.021, "2010-06-30": 39.07, "2010-03-31": "-39.07000", "2009-12-31": -39.99, "2009-09-30": 1.47, "2009-06-30": 0, "2009-03-31": "0.00000", "2008-12-31": 1.44, "2008-09-30": 0, "2008-06-30": -4.17, "2008-03-31": "0.87000", "2007-12-31": -0.75, "2007-09-30": 297.56, "2007-06-30": 0.4, "2007-03-31": "-44.40000", "2006-12-31": -36.64, "2006-09-30": 0, "2006-06-30": 0, "2006-03-31": "", "2005-12-31": 15, "2005-09-30": -15, "2005-06-30": 6.86, "2005-03-31": "-6.86000"}, "Investing Activities - Other": {"2020-09-30": -17, "2020-06-30": 8.545, "2020-03-31": "0.99300", "2019-12-31": 1.23, "2019-09-30": 5.305, "2019-06-30": 10.54, "2019-03-31": "5.62000", "2018-12-31": -14.442, "2018-09-30": 13.341, "2018-06-30": -1.058, "2018-03-31": "-16.36100", "2017-12-31": -0.188, "2017-09-30": -22.829, "2017-06-30": 0, "2017-03-31": "", "2016-12-31": -2.295, "2016-09-30": -4.081, "2016-06-30": -1.024, "2016-03-31": "-1.40000", "2015-12-31": 0.072, "2015-09-30": -5.496, "2015-06-30": 15.459, "2015-03-31": "-16.01800", "2014-12-31": -0.4, "2014-09-30": 0.659, "2014-06-30": 3.349, "2014-03-31": "", "2013-12-31": -0.015, "2013-09-30": -3, "2013-06-30": 1.994, "2013-03-31": "", "2012-12-31": 0, "2012-09-30": 0, "2012-06-30": 0, "2012-03-31": "", "2011-12-31": 0, "2011-09-30": 0, "2011-06-30": 0, "2011-03-31": "", "2010-12-31": -44.24, "2010-09-30": 0, "2010-06-30": 6.31, "2010-03-31": "-6.31000", "2009-12-31": -3.35, "2009-09-30": -13.82, "2009-06-30": 1.75, "2009-03-31": "-1.75000", "2008-12-31": 2.88, "2008-09-30": -18.18, "2008-06-30": -3.87, "2008-03-31": "-0.74000", "2007-12-31": 0.18, "2007-09-30": -1.07, "2007-06-30": -3.69, "2007-03-31": "-14.43000", "2006-12-31": -5.7, "2006-09-30": 0, "2006-06-30": 0, "2006-03-31": "", "2005-12-31": 14.24, "2005-09-30": -14.24, "2005-06-30": 0.38, "2005-03-31": "-0.38000"}, "Cash Flow From Investing Activities": {"2020-09-30": -321.889, "2020-06-30": -80.009, "2020-03-31": "13.11900", "2019-12-31": -80.71, "2019-09-30": -13.217, "2019-06-30": 42.245, "2019-03-31": "-170.59600", "2018-12-31": 21.21, "2018-09-30": -112.095, "2018-06-30": -228.999, "2018-03-31": "108.52800", "2017-12-31": -92.39, "2017-09-30": -292.36, "2017-06-30": -67.921, "2017-03-31": "-11.59300", "2016-12-31": -15.802, "2016-09-30": -56.118, "2016-06-30": -124.82, "2016-03-31": "17.68400", "2015-12-31": -129.057, "2015-09-30": 4.241, "2015-06-30": -48.22, "2015-03-31": "26.83600", "2014-12-31": -126.821, "2014-09-30": -1.951, "2014-06-30": -190.966, "2014-03-31": "-87.86300", "2013-12-31": -14.655, "2013-09-30": -99.084, "2013-06-30": -114.792, "2013-03-31": "-23.20400", "2012-12-31": -78.166, "2012-09-30": -37.759, "2012-06-30": -159.962, "2012-03-31": "-24.99900", "2011-12-31": -36.692, "2011-09-30": -373.826, "2011-06-30": -41.726, "2011-03-31": "-88.07800", "2010-12-31": -65.544, "2010-09-30": -149.966, "2010-06-30": 77.97, "2010-03-31": "-77.97000", "2009-12-31": -181.98, "2009-09-30": -159.76, "2009-06-30": 14.02, "2009-03-31": "-14.02000", "2008-12-31": -70.73, "2008-09-30": -114.23, "2008-06-30": -15.31, "2008-03-31": "-10.24000", "2007-12-31": -12.03, "2007-09-30": -564.49, "2007-06-30": -14.71, "2007-03-31": "-68.44000", "2006-12-31": -165.47, "2006-09-30": 0, "2006-06-30": 0, "2006-03-31": "", "2005-12-31": 92.41, "2005-09-30": -92.41, "2005-06-30": 10.14, "2005-03-31": "-10.14000"}, "Net Long-Term Debt": {"2020-09-30": -0.2, "2020-06-30": -23, "2020-03-31": "", "2019-12-31": -73, "2019-09-30": 0, "2019-06-30": 0, "2019-03-31": "-433.40000", "2018-12-31": 0, "2018-09-30": 0, "2018-06-30": 0.349, "2018-03-31": "-0.34900", "2017-12-31": -0.074, "2017-09-30": 274.413, "2017-06-30": 299.838, "2017-03-31": "-244.30200", "2016-12-31": -0.373, "2016-09-30": -7.131, "2016-06-30": -0.27, "2016-03-31": "-0.28600", "2015-12-31": -0.74, "2015-09-30": -0.782, "2015-06-30": -63.338, "2015-03-31": "-188.08700", "2014-12-31": -1.153, "2014-09-30": -16.314, "2014-06-30": -1.263, "2014-03-31": "-372.89900", "2013-12-31": -2.334, "2013-09-30": -1.523, "2013-06-30": -1.685, "2013-03-31": "-0.95800", "2012-12-31": 395.376, "2012-09-30": -0.782, "2012-06-30": -1.031, "2012-03-31": "-1.03400", "2011-12-31": -351.302, "2011-09-30": -76.436, "2011-06-30": -0.924, "2011-03-31": "-0.89800", "2010-12-31": -0.928, "2010-09-30": -49.318, "2010-06-30": 0, "2010-03-31": "", "2009-12-31": -27.991, "2009-09-30": 0, "2009-06-30": 0, "2009-03-31": "", "2008-12-31": -7.995, "2008-09-30": 0, "2008-06-30": 0, "2008-03-31": "", "2007-12-31": 0, "2007-09-30": 0, "2007-06-30": 0, "2007-03-31": "", "2006-12-31": 0, "2006-09-30": 0, "2006-06-30": 0, "2006-03-31": "", "2005-12-31": 0, "2005-09-30": 0, "2005-06-30": 0, "2005-03-31": ""}, "Net Current Debt": {"2020-09-30": 59.345, "2020-06-30": 0, "2020-03-31": "", "2019-12-31": 0, "2019-09-30": -134.676, "2019-06-30": 134.676, "2019-03-31": "", "2018-12-31": 494.554, "2018-09-30": -0.326, "2018-06-30": -0.657, "2018-03-31": "", "2017-12-31": -2.369, "2017-09-30": 395.358, "2017-06-30": 0, "2017-03-31": "", "2016-12-31": 0, "2016-09-30": 0, "2016-06-30": 0, "2016-03-31": "", "2015-12-31": 0, "2015-09-30": 0, "2015-06-30": -0.043, "2015-03-31": "-0.04300", "2014-12-31": -0.587, "2014-09-30": -1.015, "2014-06-30": -4.131, "2014-03-31": "722.70000", "2013-12-31": -1.438, "2013-09-30": 0, "2013-06-30": 0.209, "2013-03-31": "-0.20900", "2012-12-31": -212.132, "2012-09-30": -0.049, "2012-06-30": 66.835, "2012-03-31": "2.03500", "2011-12-31": 142.329, "2011-09-30": 0, "2011-06-30": 0, "2011-03-31": "", "2010-12-31": 0, "2010-09-30": 0, "2010-06-30": 0, "2010-03-31": "0.00000", "2009-12-31": 0, "2009-09-30": 0, "2009-06-30": 0.73, "2009-03-31": "-0.73000", "2008-12-31": -5.71, "2008-09-30": -0.9, "2008-06-30": -0.7, "2008-03-31": "-0.68000", "2007-12-31": -0.72, "2007-09-30": 448.05, "2007-06-30": -6.95, "2007-03-31": "-0.16000", "2006-12-31": 284.45, "2006-09-30": 0, "2006-06-30": 0, "2006-03-31": "", "2005-12-31": 3.25, "2005-09-30": -3.25, "2005-06-30": 0, "2005-03-31": "0.00000"}, "Debt Issuance/Retirement Net - Total": {"2020-09-30": 59.145, "2020-06-30": -23, "2020-03-31": "", "2019-12-31": -73, "2019-09-30": -134.676, "2019-06-30": 134.676, "2019-03-31": "-433.40000", "2018-12-31": 494.554, "2018-09-30": -0.326, "2018-06-30": -0.308, "2018-03-31": "-0.34900", "2017-12-31": -2.443, "2017-09-30": 669.771, "2017-06-30": 299.838, "2017-03-31": "-244.30200", "2016-12-31": -0.373, "2016-09-30": -7.131, "2016-06-30": -0.27, "2016-03-31": "-0.28600", "2015-12-31": -0.74, "2015-09-30": -0.782, "2015-06-30": -63.381, "2015-03-31": "-188.13000", "2014-12-31": -1.74, "2014-09-30": -17.329, "2014-06-30": -5.394, "2014-03-31": "349.80100", "2013-12-31": -3.772, "2013-09-30": -1.523, "2013-06-30": -1.476, "2013-03-31": "-1.16700", "2012-12-31": 183.244, "2012-09-30": -0.831, "2012-06-30": 65.804, "2012-03-31": "1.00100", "2011-12-31": -208.973, "2011-09-30": -76.436, "2011-06-30": -0.924, "2011-03-31": "-0.89800", "2010-12-31": -0.922, "2010-09-30": -49.318, "2010-06-30": 0, "2010-03-31": "0.00000", "2009-12-31": 0, "2009-09-30": -25, "2009-06-30": 0, "2009-03-31": "0.00000", "2008-12-31": 0, "2008-09-30": 0, "2008-06-30": 0, "2008-03-31": "0.00000", "2007-12-31": 0, "2007-09-30": 0, "2007-06-30": 0, "2007-03-31": "0.00000", "2006-12-31": 0, "2006-09-30": 0, "2006-06-30": 0, "2006-03-31": "", "2005-12-31": 1.97, "2005-09-30": -1.97, "2005-06-30": 0.28, "2005-03-31": "-0.28000"}, "Net Common Equity Issued/Repurchased": {"2020-09-30": 0.099, "2020-06-30": 2.268, "2020-03-31": "5.11200", "2019-12-31": 0.278, "2019-09-30": 0.052, "2019-06-30": -28.903, "2019-03-31": "-43.80200", "2018-12-31": 34.371, "2018-09-30": -42.742, "2018-06-30": -19.788, "2018-03-31": "0.29200", "2017-12-31": 2.338, "2017-09-30": -14.836, "2017-06-30": 1.113, "2017-03-31": "1.88600", "2016-12-31": 3.707, "2016-09-30": 1.524, "2016-06-30": 0.38, "2016-03-31": "0.65800", "2015-12-31": 1.199, "2015-09-30": -2.941, "2015-06-30": -12.529, "2015-03-31": "3.76900", "2014-12-31": -32.964, "2014-09-30": -12.37, "2014-06-30": -29.357, "2014-03-31": "28.83300", "2013-12-31": -15.283, "2013-09-30": -0.122, "2013-06-30": -1.621, "2013-03-31": "-43.66600", "2012-12-31": -34.911, "2012-09-30": 3.369, "2012-06-30": 2.279, "2012-03-31": "10.18900", "2011-12-31": 0.348, "2011-09-30": 2.408, "2011-06-30": 1.667, "2011-03-31": "4.35500", "2010-12-31": 3.689, "2010-09-30": 7.552, "2010-06-30": 0, "2010-03-31": "", "2009-12-31": 650.492, "2009-09-30": 0, "2009-06-30": 0, "2009-03-31": "", "2008-12-31": 18.455, "2008-09-30": 0, "2008-06-30": 0, "2008-03-31": "", "2007-12-31": 0, "2007-09-30": 0, "2007-06-30": 0, "2007-03-31": "", "2006-12-31": 0, "2006-09-30": 0, "2006-06-30": 0, "2006-03-31": "", "2005-12-31": 0, "2005-09-30": 0, "2005-06-30": 0, "2005-03-31": ""}, "Net Total Equity Issued/Repurchased": {"2020-09-30": 0.099, "2020-06-30": 2.268, "2020-03-31": "5.11200", "2019-12-31": 0.278, "2019-09-30": 0.052, "2019-06-30": -28.903, "2019-03-31": "-43.80200", "2018-12-31": 34.371, "2018-09-30": -42.742, "2018-06-30": -19.788, "2018-03-31": "0.29200", "2017-12-31": 2.338, "2017-09-30": -14.836, "2017-06-30": 1.113, "2017-03-31": "1.88600", "2016-12-31": 3.707, "2016-09-30": 1.524, "2016-06-30": 0.38, "2016-03-31": "0.65800", "2015-12-31": 1.199, "2015-09-30": -2.941, "2015-06-30": -12.529, "2015-03-31": "3.76900", "2014-12-31": -32.964, "2014-09-30": -12.37, "2014-06-30": -29.357, "2014-03-31": "28.83300", "2013-12-31": -15.283, "2013-09-30": -0.122, "2013-06-30": -1.621, "2013-03-31": "-43.66600", "2012-12-31": -34.911, "2012-09-30": 3.369, "2012-06-30": 2.279, "2012-03-31": "10.18900", "2011-12-31": 0.348, "2011-09-30": 2.408, "2011-06-30": 1.667, "2011-03-31": "4.35500", "2010-12-31": 3.688, "2010-09-30": 7.552, "2010-06-30": -3.24, "2010-03-31": "3.24000", "2009-12-31": 88.43, "2009-09-30": 562.06, "2009-06-30": -4.75, "2009-03-31": "4.75000", "2008-12-31": 5.92, "2008-09-30": 4.5, "2008-06-30": 1.99, "2008-03-31": "6.04000", "2007-12-31": 11.49, "2007-09-30": 26, "2007-06-30": 2.28, "2007-03-31": "2.51000", "2006-12-31": 11, "2006-09-30": 0, "2006-06-30": 0, "2006-03-31": "", "2005-12-31": -7.14, "2005-09-30": 7.14, "2005-06-30": -3.53, "2005-03-31": "3.53000"}, "Total Common And Preferred Stock Dividends Paid": {"2020-09-30": 0, "2020-06-30": 0, "2020-03-31": "", "2019-12-31": 0, "2019-09-30": 0, "2019-06-30": 0, "2019-03-31": "", "2018-12-31": 0, "2018-09-30": 0, "2018-06-30": 0, "2018-03-31": "", "2017-12-31": 0, "2017-09-30": 0, "2017-06-30": 0, "2017-03-31": "", "2016-12-31": 0, "2016-09-30": 0, "2016-06-30": 0, "2016-03-31": "", "2015-12-31": 0, "2015-09-30": 0, "2015-06-30": 0, "2015-03-31": "", "2014-12-31": 0, "2014-09-30": 0, "2014-06-30": 0, "2014-03-31": "", "2013-12-31": 0, "2013-09-30": 0, "2013-06-30": 0, "2013-03-31": "", "2012-12-31": 0, "2012-09-30": 0, "2012-06-30": 0, "2012-03-31": "", "2011-12-31": 0, "2011-09-30": 0, "2011-06-30": 0, "2011-03-31": "", "2010-12-31": 0, "2010-09-30": 0, "2010-06-30": 0, "2010-03-31": "0.00000", "2009-12-31": 0, "2009-09-30": 0, "2009-06-30": 0, "2009-03-31": "0.00000", "2008-12-31": 0, "2008-09-30": 0, "2008-06-30": 0, "2008-03-31": "0.00000", "2007-12-31": 0, "2007-09-30": 0, "2007-06-30": 0, "2007-03-31": "0.00000", "2006-12-31": 0, "2006-09-30": 0, "2006-06-30": 0, "2006-03-31": "", "2005-12-31": 0, "2005-09-30": 0, "2005-06-30": 0, "2005-03-31": "0.00000"}, "Financial Activities - Other": {"2020-09-30": -0.057, "2020-06-30": -5.052, "2020-03-31": "4.27400", "2019-12-31": -30.106, "2019-09-30": 132.471, "2019-06-30": -159.468, "2019-03-31": "-3.20200", "2018-12-31": -100.978, "2018-09-30": 0.901, "2018-06-30": -3.083, "2018-03-31": "-2.13600", "2017-12-31": 1.307, "2017-09-30": -317.298, "2017-06-30": -8.152, "2017-03-31": "-2.03500", "2016-12-31": 1.895, "2016-09-30": -5.263, "2016-06-30": -1.102, "2016-03-31": "-4.34300", "2015-12-31": 3.148, "2015-09-30": 4.309, "2015-06-30": -4.545, "2015-03-31": "2.01000", "2014-12-31": -2.989, "2014-09-30": 14.696, "2014-06-30": 3.858, "2014-03-31": "-102.20200", "2013-12-31": 0.075, "2013-09-30": -3.188, "2013-06-30": -1.732, "2013-03-31": "4.71600", "2012-12-31": -3.315, "2012-09-30": 1.05, "2012-06-30": -1.32, "2012-03-31": "0.04500", "2011-12-31": -35.276, "2011-09-30": 0.147, "2011-06-30": 0.9, "2011-03-31": "2.05200", "2010-12-31": 1.548, "2010-09-30": 2.222, "2010-06-30": 1.2, "2010-03-31": "-1.20000", "2009-12-31": 3.29, "2009-09-30": 0.41, "2009-06-30": -0.59, "2009-03-31": "0.59000", "2008-12-31": -3.61, "2008-09-30": 2.21, "2008-06-30": 0.8, "2008-03-31": "2.90000", "2007-12-31": 1.61, "2007-09-30": 8.4, "2007-06-30": 0.89, "2007-03-31": "0.64000", "2006-12-31": 7.7, "2006-09-30": 0, "2006-06-30": 0, "2006-03-31": "", "2005-12-31": -0.45, "2005-09-30": 0.45, "2005-06-30": -0.22, "2005-03-31": "0.22000"}, "Cash Flow From Financial Activities": {"2020-09-30": 59.187, "2020-06-30": -25.784, "2020-03-31": "9.38600", "2019-12-31": -102.828, "2019-09-30": -2.153, "2019-06-30": -53.695, "2019-03-31": "-480.40400", "2018-12-31": 427.947, "2018-09-30": -42.167, "2018-06-30": -23.179, "2018-03-31": "-2.19300", "2017-12-31": 1.202, "2017-09-30": 337.637, "2017-06-30": 292.799, "2017-03-31": "-244.45100", "2016-12-31": 5.229, "2016-09-30": -10.87, "2016-06-30": -0.992, "2016-03-31": "-3.97100", "2015-12-31": 3.607, "2015-09-30": 0.586, "2015-06-30": -80.455, "2015-03-31": "-182.35100", "2014-12-31": -37.693, "2014-09-30": -15.003, "2014-06-30": -30.893, "2014-03-31": "276.43200", "2013-12-31": -18.98, "2013-09-30": -4.833, "2013-06-30": -4.829, "2013-03-31": "-40.11700", "2012-12-31": 145.018, "2012-09-30": 3.588, "2012-06-30": 66.763, "2012-03-31": "11.23500", "2011-12-31": -243.901, "2011-09-30": -73.881, "2011-06-30": 1.643, "2011-03-31": "5.50900", "2010-12-31": 4.324, "2010-09-30": -39.544, "2010-06-30": -2.04, "2010-03-31": "2.04000", "2009-12-31": 91.72, "2009-09-30": 537.47, "2009-06-30": -4.61, "2009-03-31": "4.61000", "2008-12-31": -3.4, "2008-09-30": 5.8, "2008-06-30": 2.11, "2008-03-31": "8.25000", "2007-12-31": 12.38, "2007-09-30": 482.45, "2007-06-30": -3.77, "2007-03-31": "2.99000", "2006-12-31": 303.16, "2006-09-30": 0, "2006-06-30": 0, "2006-03-31": "", "2005-12-31": -2.36, "2005-09-30": 2.36, "2005-06-30": -3.47, "2005-03-31": "3.47000"}, "Net Cash Flow": {"2020-09-30": -222.915, "2020-06-30": 30.43, "2020-03-31": "32.38600", "2019-12-31": -71.47, "2019-09-30": 76.244, "2019-06-30": 71.759, "2019-03-31": "-606.22200", "2018-12-31": 559.237, "2018-09-30": -74.571, "2018-06-30": -140.51, "2018-03-31": "157.20900", "2017-12-31": -14.037, "2017-09-30": 128.91, "2017-06-30": 297.395, "2017-03-31": "-193.73400", "2016-12-31": 84.534, "2016-09-30": 26.489, "2016-06-30": -27.628, "2016-03-31": "65.77400", "2015-12-31": -40.94, "2015-09-30": 96.621, "2015-06-30": -53.481, "2015-03-31": "-104.85600", "2014-12-31": -91.543, "2014-09-30": 65.276, "2014-06-30": -145.338, "2014-03-31": "233.96900", "2013-12-31": 50.315, "2013-09-30": -19.831, "2013-06-30": -72.938, "2013-03-31": "-21.28000", "2012-12-31": 135.808, "2012-09-30": 44.221, "2012-06-30": -5.847, "2012-03-31": "-1.27800", "2011-12-31": -172.717, "2011-09-30": -394.015, "2011-06-30": 11.284, "2011-03-31": "-51.82600", "2010-12-31": 20.655, "2010-09-30": -17.805, "2010-06-30": 30.78, "2010-03-31": "-30.78000", "2009-12-31": -35.72, "2009-09-30": 527.96, "2009-06-30": -3.72, "2009-03-31": "3.72000", "2008-12-31": 7.28, "2008-09-30": -54.62, "2008-06-30": 29.1, "2008-03-31": "4.24000", "2007-12-31": 38.64, "2007-09-30": -71.69, "2007-06-30": -5.7, "2007-03-31": "-44.28000", "2006-12-31": 238.65, "2006-09-30": 0, "2006-06-30": 0, "2006-03-31": "", "2005-12-31": 25.18, "2005-09-30": -25.18, "2005-06-30": -13.93, "2005-03-31": "13.93000"}, "Stock-Based Compensation": {"2020-09-30": 14.717, "2020-06-30": 7.825, "2020-03-31": "8.67900", "2019-12-31": 7.895, "2019-09-30": 34.788, "2019-06-30": 12.41, "2019-03-31": "10.80000", "2018-12-31": 9.503, "2018-09-30": 11.337, "2018-06-30": 9.167, "2018-03-31": "10.10600", "2017-12-31": 6.75, "2017-09-30": 8.634, "2017-06-30": 10.153, "2017-03-31": "8.90500", "2016-12-31": 8.03, "2016-09-30": 7.85, "2016-06-30": 7.602, "2016-03-31": "4.80600", "2015-12-31": 1.185, "2015-09-30": 2.545, "2015-06-30": 10.285, "2015-03-31": "9.74500", "2014-12-31": 11.71, "2014-09-30": 10.19, "2014-06-30": 9.268, "2014-03-31": "10.14500", "2013-12-31": 11.19, "2013-09-30": 8.288, "2013-06-30": 9.86, "2013-03-31": "8.59700", "2012-12-31": 6.412, "2012-09-30": 6.317, "2012-06-30": 7.419, "2012-03-31": "5.20800", "2011-12-31": 5.218, "2011-09-30": 5.076, "2011-06-30": 5.294, "2011-03-31": "3.95100", "2010-12-31": 3.634, "2010-09-30": 9.958, "2010-06-30": 0, "2010-03-31": "", "2009-12-31": 9.747, "2009-09-30": 0, "2009-06-30": 0, "2009-03-31": "", "2008-12-31": 9.791, "2008-09-30": 0, "2008-06-30": 0, "2008-03-31": "", "2007-12-31": 0, "2007-09-30": 0, "2007-06-30": 0, "2007-03-31": "", "2006-12-31": 0, "2006-09-30": 0, "2006-06-30": 0, "2006-03-31": "", "2005-12-31": 0, "2005-09-30": 0, "2005-06-30": 0, "2005-03-31": ""}, "Common Stock Dividends Paid": {"2020-09-30": 0, "2020-06-30": 0, "2020-03-31": "", "2019-12-31": 0, "2019-09-30": 0, "2019-06-30": 0, "2019-03-31": "", "2018-12-31": 0, "2018-09-30": 0, "2018-06-30": 0, "2018-03-31": "", "2017-12-31": 0, "2017-09-30": 0, "2017-06-30": 0, "2017-03-31": "", "2016-12-31": 0, "2016-09-30": 0, "2016-06-30": 0, "2016-03-31": "", "2015-12-31": 0, "2015-09-30": 0, "2015-06-30": 0, "2015-03-31": "", "2014-12-31": 0, "2014-09-30": 0, "2014-06-30": 0, "2014-03-31": "", "2013-12-31": 0, "2013-09-30": 0, "2013-06-30": 0, "2013-03-31": "", "2012-12-31": 0, "2012-09-30": 0, "2012-06-30": 0, "2012-03-31": "", "2011-12-31": 0, "2011-09-30": 0, "2011-06-30": 0, "2011-03-31": "", "2010-12-31": 0, "2010-09-30": 0, "2010-06-30": 0, "2010-03-31": "", "2009-12-31": 0, "2009-09-30": 0, "2009-06-30": 0, "2009-03-31": "", "2008-12-31": 0, "2008-09-30": 0, "2008-06-30": 0, "2008-03-31": "", "2007-12-31": 0, "2007-09-30": 0, "2007-06-30": 0, "2007-03-31": "", "2006-12-31": 0, "2006-09-30": 0, "2006-06-30": 0, "2006-03-31": "", "2005-12-31": 0, "2005-09-30": 0, "2005-06-30": 0, "2005-03-31": ""}}, "financial ratios": {"Current Ratio": {"2019-12-31": "1.65060", "2018-12-31": "2.21670", "2017-12-31": "5.07390", "2016-12-31": "3.36400", "2015-12-31": "3.58260", "2014-12-31": "2.66140", "2013-12-31": "2.73230", "2012-12-31": "3.71950", "2011-12-31": "1.65040", "2010-12-31": "3.51330", "2009-12-31": "3.55090", "2008-12-31": "2.68150", "2007-12-31": "3.90960", "2006-12-31": "5.86280", "2005-12-31": "4.03890"}, "Long-term Debt / Capital": {"2019-12-31": "0.35910", "2018-12-31": "0.38810", "2017-12-31": "0.40900", "2016-12-31": "0.29040", "2015-12-31": "0.29000", "2014-12-31": "0.28140", "2013-12-31": "0.23680", "2012-12-31": "0.23700", "2011-12-31": "0.14850", "2010-12-31": "0.24350", "2009-12-31": "0.27520", "2008-12-31": "0.39510", "2007-12-31": "0.41400", "2006-12-31": "0.46980", "2005-12-31": "0.31020"}, "Debt/Equity Ratio": {"2019-12-31": "0.67270", "2018-12-31": "0.82510", "2017-12-31": "0.69200", "2016-12-31": "0.40930", "2015-12-31": "0.40850", "2014-12-31": "0.44100", "2013-12-31": "0.31040", "2012-12-31": "0.31090", "2011-12-31": "0.23060", "2010-12-31": "0.35250", "2009-12-31": "0.40150", "2008-12-31": "0.67250", "2007-12-31": "0.70840", "2006-12-31": "0.89900", "2005-12-31": "0.46500"}, "Gross Margin": {"2019-12-31": "65.85730", "2018-12-31": "66.64860", "2017-12-31": "65.08200", "2016-12-31": "63.12850", "2015-12-31": "64.53290", "2014-12-31": "64.33830", "2013-12-31": "62.63440", "2012-12-31": "65.68780", "2011-12-31": "64.10010", "2010-12-31": "65.80300", "2009-12-31": "66.05830", "2008-12-31": "67.15640", "2007-12-31": "66.72210", "2006-12-31": "69.69320", "2005-12-31": "69.07800"}, "Operating Margin": {"2019-12-31": "-1.71220", "2018-12-31": "17.75020", "2017-12-31": "10.82290", "2016-12-31": "7.38620", "2015-12-31": "14.01250", "2014-12-31": "12.02380", "2013-12-31": "4.86410", "2012-12-31": "13.53690", "2011-12-31": "8.51360", "2010-12-31": "17.33780", "2009-12-31": "17.84520", "2008-12-31": "16.31200", "2007-12-31": "20.31490", "2006-12-31": "25.45030", "2005-12-31": "24.61410"}, "EBIT Margin": {"2019-12-31": "-1.71220", "2018-12-31": "17.75020", "2017-12-31": "10.82290", "2016-12-31": "7.38620", "2015-12-31": "14.01250", "2014-12-31": "12.02380", "2013-12-31": "4.86410", "2012-12-31": "13.53690", "2011-12-31": "8.51360", "2010-12-31": "17.33780", "2009-12-31": "17.84520", "2008-12-31": "16.31200", "2007-12-31": "20.31490", "2006-12-31": "25.45030", "2005-12-31": "24.61410"}, "EBITDA Margin": {"2019-12-31": "16.12170", "2018-12-31": "33.86190", "2017-12-31": "27.83990", "2016-12-31": "24.83830", "2015-12-31": "30.51760", "2014-12-31": "28.09890", "2013-12-31": "20.17580", "2012-12-31": "29.31200", "2011-12-31": "22.82250", "2010-12-31": "30.46780", "2009-12-31": "29.76740", "2008-12-31": "28.14930", "2007-12-31": "29.94600", "2006-12-31": "31.89770", "2005-12-31": "24.61410"}, "Pre-Tax Profit Margin": {"2019-12-31": "-5.09530", "2018-12-31": "15.03060", "2017-12-31": "8.06860", "2016-12-31": "4.25320", "2015-12-31": "10.64050", "2014-12-31": "8.87800", "2013-12-31": "2.86780", "2012-12-31": "11.57100", "2011-12-31": "8.22500", "2010-12-31": "15.92020", "2009-12-31": "17.06530", "2008-12-31": "13.35830", "2007-12-31": "11.65340", "2006-12-31": "22.77090", "2005-12-31": "24.41330"}, "Net Profit Margin": {"2019-12-31": "-2.71580", "2018-12-31": "12.67640", "2017-12-31": "2.84960", "2016-12-31": "6.00930", "2015-12-31": "10.16000", "2014-12-31": "8.65310", "2013-12-31": "5.30520", "2012-12-31": "10.32370", "2011-12-31": "8.21020", "2010-12-31": "13.27080", "2009-12-31": "13.64270", "2008-12-31": "9.97040", "2007-12-31": "7.71350", "2006-12-31": "15.14270", "2005-12-31": "15.61790"}, "Asset Turnover": {"2019-12-31": "0.29150", "2018-12-31": "0.26130", "2017-12-31": "0.28130", "2016-12-31": "0.31060", "2015-12-31": "0.30650", "2014-12-31": "0.30190", "2013-12-31": "0.31850", "2012-12-31": "0.30690", "2011-12-31": "0.31360", "2010-12-31": "0.27780", "2009-12-31": "0.26600", "2008-12-31": "0.30950", "2007-12-31": "0.23410", "2006-12-31": "0.38430", "2005-12-31": "0.52060"}, "Inventory Turnover Ratio": {"2019-12-31": "3.05300", "2018-12-31": "3.07460", "2017-12-31": "3.17440", "2016-12-31": "3.61280", "2015-12-31": "3.32630", "2014-12-31": "3.62550", "2013-12-31": "3.79790", "2012-12-31": "3.18150", "2011-12-31": "3.17570", "2010-12-31": "2.93660", "2009-12-31": "2.61940", "2008-12-31": "2.70160", "2007-12-31": "2.44760", "2006-12-31": "2.20290", "2005-12-31": "2.29620"}, "Receiveable Turnover": {"2019-12-31": "3.57280", "2018-12-31": "3.88530", "2017-12-31": "3.84520", "2016-12-31": "4.42990", "2015-12-31": "4.25870", "2014-12-31": "4.56560", "2013-12-31": "4.24670", "2012-12-31": "4.32750", "2011-12-31": "4.68310", "2010-12-31": "5.21960", "2009-12-31": "4.88680", "2008-12-31": "5.63600", "2007-12-31": "4.75330", "2006-12-31": "5.79170", "2005-12-31": "6.27090"}, "Days Sales In Receivables": {"2019-12-31": "102.16110", "2018-12-31": "93.94430", "2017-12-31": "94.92260", "2016-12-31": "82.39540", "2015-12-31": "85.70700", "2014-12-31": "79.94500", "2013-12-31": "85.94820", "2012-12-31": "84.34400", "2011-12-31": "77.93940", "2010-12-31": "69.92940", "2009-12-31": "74.69120", "2008-12-31": "64.76170", "2007-12-31": "76.78950", "2006-12-31": "63.02100", "2005-12-31": "58.20540"}, "ROE - Return On Equity": {"2019-12-31": "-1.63430", "2018-12-31": "7.22510", "2017-12-31": "1.58970", "2016-12-31": "3.08020", "2015-12-31": "5.05840", "2014-12-31": "4.39930", "2013-12-31": "2.53680", "2012-12-31": "4.75480", "2011-12-31": "3.71210", "2010-12-31": "5.82760", "2009-12-31": "6.01300", "2008-12-31": "6.15780", "2007-12-31": "8.12640", "2006-12-31": "15.06570", "2005-12-31": "15.26510"}, "Return On Tangible Equity": {"2019-12-31": "17.54000", "2018-12-31": "370.45320", "2017-12-31": "140.38400", "2016-12-31": "64.54260", "2015-12-31": "232.17030", "2014-12-31": "271.16740", "2013-12-31": "88.84360", "2012-12-31": "117.12920", "2011-12-31": "2069.00600", "2010-12-31": "38.92460", "2009-12-31": "68.26600", "2008-12-31": "-26.44260", "2007-12-31": "-31.81850", "2006-12-31": "29.66300", "2005-12-31": "24.38560"}, "ROA - Return On Assets": {"2019-12-31": "-0.79180", "2018-12-31": "3.31190", "2017-12-31": "0.80170", "2016-12-31": "1.86400", "2015-12-31": "3.10840", "2014-12-31": "2.62510", "2013-12-31": "1.69010", "2012-12-31": "3.16900", "2011-12-31": "2.54580", "2010-12-31": "3.68710", "2009-12-31": "3.62880", "2008-12-31": "3.10270", "2007-12-31": "4.07480", "2006-12-31": "7.03730", "2005-12-31": "8.98480"}, "ROI - Return On Investment": {"2019-12-31": "-1.04750", "2018-12-31": "4.42120", "2017-12-31": "0.93960", "2016-12-31": "2.18560", "2015-12-31": "3.59130", "2014-12-31": "3.16120", "2013-12-31": "1.93600", "2012-12-31": "3.62810", "2011-12-31": "3.16100", "2010-12-31": "4.40840", "2009-12-31": "4.35810", "2008-12-31": "3.72470", "2007-12-31": "4.76220", "2006-12-31": "7.98810", "2005-12-31": "10.53000"}, "Book Value Per Share": {"2019-12-31": "11.13750", "2018-12-31": "11.68450", "2017-12-31": "11.21570", "2016-12-31": "11.11480", "2015-12-31": "11.02150", "2014-12-31": "11.89590", "2013-12-31": "12.09340", "2012-12-31": "12.06190", "2011-12-31": "11.34000", "2010-12-31": "11.03100", "2009-12-31": "10.25190", "2008-12-31": "", "2007-12-31": "", "2006-12-31": "", "2005-12-31": ""}, "Operating Cash Flow Per Share": {"2019-12-31": -0.081, "2018-12-31": 0.3091, "2017-12-31": -0.1985, "2016-12-31": 0.0989, "2015-12-31": 0.1444, "2014-12-31": 0.0756, "2013-12-31": 0.0541, "2012-12-31": -0.0069, "2011-12-31": -0.0196, "2010-12-31": 0.0279, "2009-12-31": 0.1754, "2008-12-31": 0.379, "2007-12-31": -0.1859, "2006-12-31": 0.6864, "2005-12-31": 0}, "Free Cash Flow Per Share": {"2019-12-31": -0.1309, "2018-12-31": 0.2254, "2017-12-31": -0.2734, "2016-12-31": 0.1966, "2015-12-31": 0.0916, "2014-12-31": 0.0811, "2013-12-31": 0.1264, "2012-12-31": -0.073, "2011-12-31": -0.0588, "2010-12-31": -0.0516, "2009-12-31": 0.1202, "2008-12-31": 0.384, "2007-12-31": -0.1976, "2006-12-31": 0.4988, "2005-12-31": 0}}, "financial ratios, quarterly": {"Current Ratio": {"2020-09-30": "1.45580", "2020-06-30": "1.70970", "2020-03-31": "1.58440", "2019-12-31": "1.65060", "2019-09-30": "2.44540", "2019-06-30": "1.77440", "2019-03-31": "1.69380", "2018-12-31": "2.21670", "2018-09-30": "1.36610", "2018-06-30": "1.79310", "2018-03-31": "2.13990", "2017-12-31": "5.07390", "2017-09-30": "5.32980", "2017-06-30": "3.85410", "2017-03-31": "2.79020", "2016-12-31": "3.36400", "2016-09-30": "3.85040", "2016-06-30": "3.62490", "2016-03-31": "3.91100", "2015-12-31": "3.58260", "2015-09-30": "3.52170", "2015-06-30": "3.50660", "2015-03-31": "2.87800", "2014-12-31": "2.66140", "2014-09-30": "2.90910", "2014-06-30": "4.06040", "2014-03-31": "3.87790", "2013-12-31": "2.73230", "2013-09-30": "2.87890", "2013-06-30": "3.03720", "2013-03-31": "3.65820", "2012-12-31": "3.71950", "2012-09-30": "1.48970", "2012-06-30": "1.45270", "2012-03-31": "1.67960", "2011-12-31": "1.65040", "2011-09-30": "1.50220", "2011-06-30": "3.85420", "2011-03-31": "3.70320", "2010-12-31": "3.51330", "2010-09-30": "3.42040", "2010-06-30": "4.20100", "2010-03-31": "3.93800", "2009-12-31": "3.55090", "2009-09-30": "3.64870", "2009-06-30": "2.96940", "2009-03-31": "3.16950", "2008-12-31": "2.68150", "2008-09-30": "3.29480", "2008-06-30": "4.02040", "2008-03-31": "4.09860", "2007-12-31": "3.90960", "2007-09-30": "3.31480", "2007-06-30": "5.54450", "2007-03-31": "5.33110", "2006-12-31": "5.86280", "2006-09-30": "6.14470", "2006-06-30": "", "2006-03-31": "", "2005-12-31": "4.03890", "2005-09-30": "4.72780", "2005-06-30": "4.04130", "2005-03-31": "5.29920"}, "Long-term Debt / Capital": {"2020-09-30": "0.34350", "2020-06-30": "0.34820", "2020-03-31": "0.35770", "2019-12-31": "0.35910", "2019-09-30": "0.40630", "2019-06-30": "0.34890", "2019-03-31": "0.34910", "2018-12-31": "0.38810", "2018-09-30": "0.29680", "2018-06-30": "0.34710", "2018-03-31": "0.34410", "2017-12-31": "0.40900", "2017-09-30": "0.40500", "2017-06-30": "0.35580", "2017-03-31": "0.30600", "2016-12-31": "0.29040", "2016-09-30": "0.28630", "2016-06-30": "0.28990", "2016-03-31": "0.28760", "2015-12-31": "0.29000", "2015-09-30": "0.29580", "2015-06-30": "0.29250", "2015-03-31": "0.29720", "2014-12-31": "0.28140", "2014-09-30": "0.27580", "2014-06-30": "0.29900", "2014-03-31": "0.30000", "2013-12-31": "0.23680", "2013-09-30": "0.24030", "2013-06-30": "0.24580", "2013-03-31": "0.23920", "2012-12-31": "0.23700", "2012-09-30": "0.14110", "2012-06-30": "0.14430", "2012-03-31": "0.14460", "2011-12-31": "0.14850", "2011-09-30": "0.14730", "2011-06-30": "0.23490", "2011-03-31": "0.23910", "2010-12-31": "0.24350", "2010-09-30": "0.25280", "2010-06-30": "0.27740", "2010-03-31": "0.27960", "2009-12-31": "0.28150", "2009-09-30": "0.28740", "2009-06-30": "0.38200", "2009-03-31": "0.39340", "2008-12-31": "0.39510", "2008-09-30": "0.39600", "2008-06-30": "0.39910", "2008-03-31": "0.40390", "2007-12-31": "0.41400", "2007-09-30": "0.42550", "2007-06-30": "0.44200", "2007-03-31": "0.46080", "2006-12-31": "0.46980", "2006-09-30": "0.48600", "2006-06-30": "", "2006-03-31": "", "2005-12-31": "0.31020", "2005-09-30": "0.31770", "2005-06-30": "0.33080", "2005-03-31": "0.33670"}, "Debt/Equity Ratio": {"2020-09-30": "0.65950", "2020-06-30": "0.65090", "2020-03-31": "0.68730", "2019-12-31": "0.67270", "2019-09-30": "0.71400", "2019-06-30": "0.67020", "2019-03-31": "0.67100", "2018-12-31": "0.82510", "2018-09-30": "0.69960", "2018-06-30": "0.69830", "2018-03-31": "0.68670", "2017-12-31": "0.69200", "2017-09-30": "0.68070", "2017-06-30": "0.55230", "2017-03-31": "0.44100", "2016-12-31": "0.40930", "2016-09-30": "0.40120", "2016-06-30": "0.40830", "2016-03-31": "0.40380", "2015-12-31": "0.40850", "2015-09-30": "0.42020", "2015-06-30": "0.41360", "2015-03-31": "0.42320", "2014-12-31": "0.44100", "2014-09-30": "0.42910", "2014-06-30": "0.42670", "2014-03-31": "0.42860", "2013-12-31": "0.31040", "2013-09-30": "0.31640", "2013-06-30": "0.32610", "2013-03-31": "0.31470", "2012-12-31": "0.31090", "2012-09-30": "0.24580", "2012-06-30": "0.25030", "2012-03-31": "0.22560", "2011-12-31": "0.23060", "2011-09-30": "0.30880", "2011-06-30": "0.33660", "2011-03-31": "0.34430", "2010-12-31": "0.35250", "2010-09-30": "0.37070", "2010-06-30": "0.40710", "2010-03-31": "0.41110", "2009-12-31": "0.41510", "2009-09-30": "0.42730", "2009-06-30": "0.63630", "2009-03-31": "0.66770", "2008-12-31": "0.67250", "2008-09-30": "0.67470", "2008-06-30": "0.66620", "2008-03-31": "0.67960", "2007-12-31": "0.70840", "2007-09-30": "0.74250", "2007-06-30": "0.81540", "2007-03-31": "0.86750", "2006-12-31": "0.89900", "2006-09-30": "0.95900", "2006-06-30": "", "2006-03-31": "", "2005-12-31": "0.46500", "2005-09-30": "0.48160", "2005-06-30": "0.51180", "2005-03-31": "0.52590"}, "Gross Margin": {"2020-09-30": "66.30810", "2020-06-30": "66.54680", "2020-03-31": "65.45010", "2019-12-31": "67.61400", "2019-09-30": "66.61910", "2019-06-30": "64.44110", "2019-03-31": "64.48800", "2018-12-31": "65.66760", "2018-09-30": "67.94620", "2018-06-30": "67.27430", "2018-03-31": "65.68540", "2017-12-31": "65.83580", "2017-09-30": "66.18030", "2017-06-30": "64.34480", "2017-03-31": "63.64680", "2016-12-31": "62.20970", "2016-09-30": "65.27010", "2016-06-30": "63.03960", "2016-03-31": "61.92560", "2015-12-31": "64.15340", "2015-09-30": "65.05770", "2015-06-30": "62.77550", "2015-03-31": "66.30460", "2014-12-31": "59.94450", "2014-09-30": "66.33060", "2014-06-30": "65.24940", "2014-03-31": "66.26800", "2013-12-31": "65.32040", "2013-09-30": "65.41220", "2013-06-30": "53.58770", "2013-03-31": "65.88560", "2012-12-31": "67.10000", "2012-09-30": "65.44990", "2012-06-30": "66.06950", "2012-03-31": "63.88530", "2011-12-31": "60.31940", "2011-09-30": "64.91580", "2011-06-30": "66.76980", "2011-03-31": "65.14220", "2010-12-31": "66.08700", "2010-09-30": "65.80710", "2010-06-30": "65.77400", "2010-03-31": "65.51950", "2009-12-31": "65.07610", "2009-09-30": "66.62970", "2009-06-30": "66.41520", "2009-03-31": "66.28250", "2008-12-31": "66.39210", "2008-09-30": "66.26080", "2008-06-30": "67.95690", "2008-03-31": "68.18730", "2007-12-31": "64.19340", "2007-09-30": "65.77520", "2007-06-30": "69.20960", "2007-03-31": "69.55790", "2006-12-31": "100.00000", "2006-09-30": "69.33240", "2006-06-30": "100.00000", "2006-03-31": "100.00000", "2005-12-31": "71.71400", "2005-09-30": "69.58480", "2005-06-30": "67.05260", "2005-03-31": "67.79270"}, "Operating Margin": {"2020-09-30": "9.20040", "2020-06-30": "26.77820", "2020-03-31": "18.09040", "2019-12-31": "19.34570", "2019-09-30": "-54.20970", "2019-06-30": "15.76890", "2019-03-31": "11.80310", "2018-12-31": "21.89450", "2018-09-30": "20.38390", "2018-06-30": "14.13930", "2018-03-31": "13.95420", "2017-12-31": "10.92880", "2017-09-30": "17.56460", "2017-06-30": "6.40850", "2017-03-31": "7.71870", "2016-12-31": "1.14410", "2016-09-30": "14.25510", "2016-06-30": "8.92340", "2016-03-31": "5.53420", "2015-12-31": "16.70080", "2015-09-30": "14.67790", "2015-06-30": "12.51720", "2015-03-31": "11.77200", "2014-12-31": "5.94990", "2014-09-30": "14.93620", "2014-06-30": "14.41560", "2014-03-31": "13.34170", "2013-12-31": "9.41830", "2013-09-30": "10.68330", "2013-06-30": "-10.83750", "2013-03-31": "9.57620", "2012-12-31": "14.11880", "2012-09-30": "12.80950", "2012-06-30": "14.78680", "2012-03-31": "12.30780", "2011-12-31": "-5.86360", "2011-09-30": "11.87220", "2011-06-30": "16.46310", "2011-03-31": "14.54790", "2010-12-31": "17.74000", "2010-09-30": "18.31280", "2010-06-30": "16.31330", "2010-03-31": "16.91000", "2009-12-31": "12.10650", "2009-09-30": "20.55740", "2009-06-30": "21.19710", "2009-03-31": "18.52730", "2008-12-31": "1.16450", "2008-09-30": "22.42630", "2008-06-30": "21.22560", "2008-03-31": "22.15580", "2007-12-31": "19.44310", "2007-09-30": "16.27230", "2007-06-30": "24.04420", "2007-03-31": "23.39630", "2006-12-31": "100.00000", "2006-09-30": "23.92680", "2006-06-30": "100.00000", "2006-03-31": "100.00000", "2005-12-31": "25.00840", "2005-09-30": "26.54380", "2005-06-30": "24.28800", "2005-03-31": "22.52570"}, "EBIT Margin": {"2020-09-30": "9.20040", "2020-06-30": "26.77820", "2020-03-31": "18.09040", "2019-12-31": "19.34570", "2019-09-30": "-54.20970", "2019-06-30": "15.76890", "2019-03-31": "11.80310", "2018-12-31": "21.89450", "2018-09-30": "20.38390", "2018-06-30": "14.13930", "2018-03-31": "13.95420", "2017-12-31": "10.92870", "2017-09-30": "17.56460", "2017-06-30": "6.40850", "2017-03-31": "7.71870", "2016-12-31": "1.14400", "2016-09-30": "14.25510", "2016-06-30": "8.92340", "2016-03-31": "5.53420", "2015-12-31": "16.70080", "2015-09-30": "14.67790", "2015-06-30": "12.51720", "2015-03-31": "11.77200", "2014-12-31": "5.94990", "2014-09-30": "14.93620", "2014-06-30": "14.41560", "2014-03-31": "13.34170", "2013-12-31": "9.41830", "2013-09-30": "10.68330", "2013-06-30": "-10.83750", "2013-03-31": "9.57620", "2012-12-31": "14.11880", "2012-09-30": "12.80950", "2012-06-30": "14.78680", "2012-03-31": "12.30780", "2011-12-31": "-5.86360", "2011-09-30": "11.87220", "2011-06-30": "16.46310", "2011-03-31": "14.54790", "2010-12-31": "17.74000", "2010-09-30": "18.31280", "2010-06-30": "16.31330", "2010-03-31": "16.91000", "2009-12-31": "12.10650", "2009-09-30": "20.55740", "2009-06-30": "21.19710", "2009-03-31": "18.52730", "2008-12-31": "1.16450", "2008-09-30": "22.42630", "2008-06-30": "21.22560", "2008-03-31": "22.15580", "2007-12-31": "19.44310", "2007-09-30": "16.27230", "2007-06-30": "24.04420", "2007-03-31": "23.39630", "2006-12-31": "100.00000", "2006-09-30": "23.92680", "2006-06-30": "100.00000", "2006-03-31": "100.00000", "2005-12-31": "25.00840", "2005-09-30": "26.54380", "2005-06-30": "24.28800", "2005-03-31": "22.52570"}, "EBITDA Margin": {"2020-09-30": "", "2020-06-30": "", "2020-03-31": "", "2019-12-31": "", "2019-09-30": "", "2019-06-30": "", "2019-03-31": "", "2018-12-31": "", "2018-09-30": "", "2018-06-30": "", "2018-03-31": "", "2017-12-31": "", "2017-09-30": "", "2017-06-30": "", "2017-03-31": "", "2016-12-31": "", "2016-09-30": "", "2016-06-30": "", "2016-03-31": "", "2015-12-31": "", "2015-09-30": "", "2015-06-30": "", "2015-03-31": "", "2014-12-31": "", "2014-09-30": "", "2014-06-30": "", "2014-03-31": "", "2013-12-31": "", "2013-09-30": "", "2013-06-30": "", "2013-03-31": "", "2012-12-31": "", "2012-09-30": "", "2012-06-30": "", "2012-03-31": "", "2011-12-31": "", "2011-09-30": "", "2011-06-30": "", "2011-03-31": "", "2010-12-31": "", "2010-09-30": "", "2010-06-30": "", "2010-03-31": "", "2009-12-31": "", "2009-09-30": "", "2009-06-30": "", "2009-03-31": "", "2008-12-31": "", "2008-09-30": "", "2008-06-30": "", "2008-03-31": "", "2007-12-31": "", "2007-09-30": "", "2007-06-30": "", "2007-03-31": "", "2006-12-31": "", "2006-09-30": "", "2006-06-30": "", "2006-03-31": "", "2005-12-31": "", "2005-09-30": "", "2005-06-30": "", "2005-03-31": ""}, "Pre-Tax Profit Margin": {"2020-09-30": "5.76810", "2020-06-30": "24.53500", "2020-03-31": "12.45080", "2019-12-31": "16.67320", "2019-09-30": "-59.31680", "2019-06-30": "13.58030", "2019-03-31": "8.16220", "2018-12-31": "16.97360", "2018-09-30": "19.10580", "2018-06-30": "12.18410", "2018-03-31": "11.39310", "2017-12-31": "8.52890", "2017-09-30": "14.19130", "2017-06-30": "3.55050", "2017-03-31": "5.35670", "2016-12-31": "-3.81730", "2016-09-30": "11.20160", "2016-06-30": "6.86340", "2016-03-31": "3.35450", "2015-12-31": "14.43650", "2015-09-30": "11.94170", "2015-06-30": "9.19500", "2015-03-31": "6.38280", "2014-12-31": "4.13170", "2014-09-30": "11.13780", "2014-06-30": "11.84420", "2014-03-31": "8.78000", "2013-12-31": "8.55060", "2013-09-30": "9.41790", "2013-06-30": "-14.80080", "2013-03-31": "7.50420", "2012-12-31": "11.12370", "2012-09-30": "11.18710", "2012-06-30": "12.83410", "2012-03-31": "11.17900", "2011-12-31": "-6.59350", "2011-09-30": "14.88660", "2011-06-30": "14.16490", "2011-03-31": "13.35290", "2010-12-31": "15.86540", "2010-09-30": "17.08100", "2010-06-30": "15.05040", "2010-03-31": "15.64130", "2009-12-31": "17.09930", "2009-09-30": "18.99030", "2009-06-30": "17.08470", "2009-03-31": "14.73750", "2008-12-31": "15.25410", "2008-09-30": "12.06240", "2008-06-30": "12.65330", "2008-03-31": "13.37000", "2007-12-31": "9.58980", "2007-09-30": "-3.36860", "2007-06-30": "24.06710", "2007-03-31": "22.68550", "2006-12-31": "100.00000", "2006-09-30": "23.97000", "2006-06-30": "100.00000", "2006-03-31": "100.00000", "2005-12-31": "25.42530", "2005-09-30": "27.02920", "2005-06-30": "22.29110", "2005-03-31": "22.82560"}, "Net Profit Margin": {"2020-09-30": "3.49550", "2020-06-30": "20.25120", "2020-03-31": "10.70390", "2019-12-31": "10.86700", "2019-09-30": "-41.97570", "2019-06-30": "11.72080", "2019-03-31": "8.46680", "2018-12-31": "15.11760", "2018-09-30": "15.96140", "2018-06-30": "9.76020", "2018-03-31": "9.39990", "2017-12-31": "-10.00170", "2017-09-30": "13.32090", "2017-06-30": "3.99750", "2017-03-31": "5.73630", "2016-12-31": "2.35270", "2016-09-30": "10.27620", "2016-06-30": "6.35920", "2016-03-31": "5.26550", "2015-12-31": "14.80980", "2015-09-30": "10.78650", "2015-06-30": "7.86020", "2015-03-31": "6.53090", "2014-12-31": "7.09610", "2014-09-30": "10.31010", "2014-06-30": "9.92450", "2014-03-31": "7.33810", "2013-12-31": "16.65810", "2013-09-30": "12.63570", "2013-06-30": "-16.42100", "2013-03-31": "6.58250", "2012-12-31": "11.08640", "2012-09-30": "9.58400", "2012-06-30": "10.85010", "2012-03-31": "9.64570", "2011-12-31": "-0.11240", "2011-09-30": "12.16570", "2011-06-30": "11.79690", "2011-03-31": "10.58820", "2010-12-31": "12.68740", "2010-09-30": "13.30140", "2010-06-30": "14.66210", "2010-03-31": "12.48810", "2009-12-31": "15.38140", "2009-09-30": "14.51520", "2009-06-30": "12.87870", "2009-03-31": "11.17260", "2008-12-31": "10.40680", "2008-09-30": "9.01210", "2008-06-30": "10.65920", "2008-03-31": "9.81770", "2007-12-31": "7.13520", "2007-09-30": "-4.14870", "2007-06-30": "16.72330", "2007-03-31": "15.53580", "2006-12-31": "15.44750", "2006-09-30": "16.41360", "2006-06-30": "12.49990", "2006-03-31": "16.17070", "2005-12-31": "16.15790", "2005-09-30": "17.87760", "2005-06-30": "13.72840", "2005-03-31": "14.67820"}, "Asset Turnover": {"2020-09-30": "0.08380", "2020-06-30": "0.08370", "2020-03-31": "0.07180", "2019-12-31": "0.07900", "2019-09-30": "0.07440", "2019-06-30": "0.07090", "2019-03-31": "0.06430", "2018-12-31": "0.07010", "2018-09-30": "0.07130", "2018-06-30": "0.07100", "2018-03-31": "0.06730", "2017-12-31": "0.07880", "2017-09-30": "0.07140", "2017-06-30": "0.07660", "2017-03-31": "0.07560", "2016-12-31": "0.08510", "2016-09-30": "0.07830", "2016-06-30": "0.08120", "2016-03-31": "0.07240", "2015-12-31": "0.08340", "2015-09-30": "0.07560", "2015-06-30": "0.07730", "2015-03-31": "0.07160", "2014-12-31": "0.08090", "2014-09-30": "0.07540", "2014-06-30": "0.07250", "2014-03-31": "0.07070", "2013-12-31": "0.08830", "2013-09-30": "0.07940", "2013-06-30": "0.07930", "2013-03-31": "0.07530", "2012-12-31": "0.08480", "2012-09-30": "0.07690", "2012-06-30": "0.07920", "2012-03-31": "0.07800", "2011-12-31": "0.08970", "2011-09-30": "0.07320", "2011-06-30": "0.07060", "2011-03-31": "0.06680", "2010-12-31": "0.07310", "2010-09-30": "0.07050", "2010-06-30": "0.06970", "2010-03-31": "0.06990", "2009-12-31": "0.07610", "2009-09-30": "0.06920", "2009-06-30": "0.08080", "2009-03-31": "0.07800", "2008-12-31": "0.08220", "2008-09-30": "0.08030", "2008-06-30": "0.07580", "2008-03-31": "0.07290", "2007-12-31": "0.07580", "2007-09-30": "0.06550", "2007-06-30": "0.10700", "2007-03-31": "0.10230", "2006-12-31": "0.10390", "2006-09-30": "0.10050", "2006-06-30": "", "2006-03-31": "", "2005-12-31": "0.13630", "2005-09-30": "0.13330", "2005-06-30": "0.13690", "2005-03-31": "0.13360"}, "Inventory Turnover Ratio": {"2020-09-30": "0.64010", "2020-06-30": "0.73120", "2020-03-31": "0.75920", "2019-12-31": "0.78440", "2019-09-30": "0.75920", "2019-06-30": "0.80050", "2019-03-31": "0.74100", "2018-12-31": "0.84970", "2018-09-30": "0.75720", "2018-06-30": "0.78010", "2018-03-31": "0.73590", "2017-12-31": "0.86950", "2017-09-30": "0.76010", "2017-06-30": "0.79940", "2017-03-31": "0.77660", "2016-12-31": "1.01430", "2016-09-30": "0.81280", "2016-06-30": "0.88230", "2016-03-31": "0.76450", "2015-12-31": "0.91470", "2015-09-30": "0.81980", "2015-06-30": "0.85900", "2015-03-31": "0.73890", "2014-12-31": "1.09140", "2014-09-30": "0.86130", "2014-06-30": "0.84670", "2014-03-31": "0.80170", "2013-12-31": "0.97760", "2013-09-30": "0.77820", "2013-06-30": "1.10290", "2013-03-31": "0.79270", "2012-12-31": "0.84270", "2012-09-30": "0.73430", "2012-06-30": "0.74680", "2012-03-31": "0.79680", "2011-12-31": "1.00350", "2011-09-30": "0.69640", "2011-06-30": "0.67280", "2011-03-31": "0.69390", "2010-12-31": "0.76610", "2010-09-30": "0.71470", "2010-06-30": "0.76320", "2010-03-31": "0.72860", "2009-12-31": "0.77170", "2009-09-30": "0.64850", "2009-06-30": "0.67150", "2009-03-31": "0.67660", "2008-12-31": "0.73440", "2008-09-30": "0.68460", "2008-06-30": "0.64780", "2008-03-31": "0.66490", "2007-12-31": "0.85230", "2007-09-30": "0.69520", "2007-06-30": "0.61830", "2007-03-31": "0.58680", "2006-12-31": "", "2006-09-30": "0.60970", "2006-06-30": "", "2006-03-31": "", "2005-12-31": "0.55040", "2005-09-30": "0.59650", "2005-06-30": "0.67050", "2005-03-31": "0.56110"}, "Receiveable Turnover": {"2020-09-30": "1.13190", "2020-06-30": "1.09540", "2020-03-31": "0.94190", "2019-12-31": "0.96780", "2019-09-30": "0.83640", "2019-06-30": "0.91600", "2019-03-31": "0.90610", "2018-12-31": "1.04300", "2018-09-30": "1.04270", "2018-06-30": "1.05390", "2018-03-31": "0.90950", "2017-12-31": "1.07650", "2017-09-30": "1.10370", "2017-06-30": "1.12620", "2017-03-31": "1.11380", "2016-12-31": "1.21350", "2016-09-30": "1.18220", "2016-06-30": "1.18530", "2016-03-31": "1.04710", "2015-12-31": "1.15870", "2015-09-30": "1.04890", "2015-06-30": "1.08870", "2015-03-31": "1.14580", "2014-12-31": "1.22360", "2014-09-30": "1.09270", "2014-06-30": "1.11100", "2014-03-31": "1.07110", "2013-12-31": "1.17780", "2013-09-30": "1.16740", "2013-06-30": "1.08720", "2013-03-31": "1.06650", "2012-12-31": "1.19540", "2012-09-30": "1.15310", "2012-06-30": "1.23870", "2012-03-31": "1.18570", "2011-12-31": "1.33890", "2011-09-30": "1.28340", "2011-06-30": "1.35480", "2011-03-31": "1.30690", "2010-12-31": "1.37290", "2010-09-30": "1.27640", "2010-06-30": "1.38310", "2010-03-31": "1.38980", "2009-12-31": "1.39890", "2009-09-30": "1.42910", "2009-06-30": "1.43740", "2009-03-31": "1.38520", "2008-12-31": "1.49700", "2008-09-30": "1.52020", "2008-06-30": "1.46560", "2008-03-31": "1.35850", "2007-12-31": "1.53780", "2007-09-30": "1.37040", "2007-06-30": "1.47210", "2007-03-31": "1.48730", "2006-12-31": "1.56540", "2006-09-30": "1.51590", "2006-06-30": "", "2006-03-31": "", "2005-12-31": "1.64250", "2005-09-30": "1.55710", "2005-06-30": "1.50700", "2005-03-31": "1.48550"}, "Days Sales In Receivables": {"2020-09-30": "79.51450", "2020-06-30": "82.15820", "2020-03-31": "95.55510", "2019-12-31": "92.99600", "2019-09-30": "107.59870", "2019-06-30": "98.24950", "2019-03-31": "99.32640", "2018-12-31": "86.28880", "2018-09-30": "86.31680", "2018-06-30": "85.39550", "2018-03-31": "98.95610", "2017-12-31": "83.60120", "2017-09-30": "81.54100", "2017-06-30": "79.91430", "2017-03-31": "80.80630", "2016-12-31": "74.16750", "2016-09-30": "76.12790", "2016-06-30": "75.93020", "2016-03-31": "85.95580", "2015-12-31": "77.67080", "2015-09-30": "85.80330", "2015-06-30": "82.66720", "2015-03-31": "78.54690", "2014-12-31": "73.55200", "2014-09-30": "82.36360", "2014-06-30": "81.00750", "2014-03-31": "84.02360", "2013-12-31": "76.41570", "2013-09-30": "77.09420", "2013-06-30": "82.78260", "2013-03-31": "84.38730", "2012-12-31": "75.28630", "2012-09-30": "78.04880", "2012-06-30": "72.65550", "2012-03-31": "75.90350", "2011-12-31": "67.22120", "2011-09-30": "70.12790", "2011-06-30": "66.43070", "2011-03-31": "68.86610", "2010-12-31": "65.55360", "2010-09-30": "70.50930", "2010-06-30": "65.07170", "2010-03-31": "64.75840", "2009-12-31": "64.33440", "2009-09-30": "62.97530", "2009-06-30": "62.61430", "2009-03-31": "64.97450", "2008-12-31": "60.12090", "2008-09-30": "59.20190", "2008-06-30": "61.40910", "2008-03-31": "66.24870", "2007-12-31": "58.52330", "2007-09-30": "65.67380", "2007-06-30": "61.13570", "2007-03-31": "60.51190", "2006-12-31": "57.49260", "2006-09-30": "59.36970", "2006-06-30": "", "2006-03-31": "", "2005-12-31": "54.79610", "2005-09-30": "57.80120", "2005-06-30": "59.71960", "2005-03-31": "60.58720"}, "ROE - Return On Equity": {"2020-09-30": "0.62370", "2020-06-30": "3.42500", "2020-03-31": "1.59850", "2019-12-31": "1.77140", "2019-09-30": "-6.51020", "2019-06-30": "1.69910", "2019-03-31": "1.13270", "2018-12-31": "2.31310", "2018-09-30": "2.38670", "2018-06-30": "1.45870", "2018-03-31": "1.25150", "2017-12-31": "-1.56210", "2017-09-30": "1.88910", "2017-06-30": "0.55680", "2017-03-31": "0.72640", "2016-12-31": "0.33070", "2016-09-30": "1.30360", "2016-06-30": "0.80970", "2016-03-31": "0.59680", "2015-12-31": "2.00220", "2015-09-30": "1.34960", "2015-06-30": "0.98940", "2015-03-31": "0.78120", "2014-12-31": "0.96990", "2014-09-30": "1.28290", "2014-06-30": "1.19990", "2014-03-31": "0.85200", "2013-12-31": "2.20220", "2013-09-30": "1.52360", "2013-06-30": "-1.99350", "2013-03-31": "0.74600", "2012-12-31": "1.40520", "2012-09-30": "1.07240", "2012-06-30": "1.27510", "2012-03-31": "1.08120", "2011-12-31": "-0.03080", "2011-09-30": "1.33360", "2011-06-30": "1.28320", "2011-03-31": "1.10320", "2010-12-31": "1.46550", "2010-09-30": "1.50130", "2010-06-30": "1.65000", "2010-03-31": "1.42850", "2009-12-31": "1.94070", "2009-09-30": "1.69140", "2009-06-30": "2.01550", "2009-03-31": "1.68790", "2008-12-31": "1.69780", "2008-09-30": "1.42690", "2008-06-30": "1.57030", "2008-03-31": "1.40130", "2007-12-31": "1.07790", "2007-09-30": "-0.55180", "2007-06-30": "3.65880", "2007-03-31": "3.38180", "2006-12-31": "3.43500", "2006-09-30": "3.66140", "2006-06-30": "", "2006-03-31": "", "2005-12-31": "3.74300", "2005-09-30": "4.03120", "2005-06-30": "3.33630", "2005-03-31": "3.39770"}, "Return On Tangible Equity": {"2020-09-30": "-4.54550", "2020-06-30": "-78.27900", "2020-03-31": "-18.53210", "2019-12-31": "-19.01110", "2019-09-30": "54.83960", "2019-06-30": "-26.97370", "2019-03-31": "-13.56890", "2018-12-31": "118.60030", "2018-09-30": "-63.86630", "2018-06-30": "-25.74850", "2018-03-31": "53.42700", "2017-12-31": "-137.94780", "2017-09-30": "151.19380", "2017-06-30": "-37.42830", "2017-03-31": "-17.86230", "2016-12-31": "6.92980", "2016-09-30": "43.48550", "2016-06-30": "34.88740", "2016-03-31": "14.04200", "2015-12-31": "91.89800", "2015-09-30": "88.45970", "2015-06-30": "638.32510", "2015-03-31": "-35.52460", "2014-12-31": "59.78610", "2014-09-30": "19.83910", "2014-06-30": "31.70580", "2014-03-31": "21.72830", "2013-12-31": "77.12770", "2013-09-30": "6151.69400", "2013-06-30": "-979.27330", "2013-03-31": "16.16240", "2012-12-31": "34.61600", "2012-09-30": "43.88910", "2012-06-30": "-194.27390", "2012-03-31": "41.91930", "2011-12-31": "-17.14940", "2011-09-30": "48.05370", "2011-06-30": "6.90480", "2011-03-31": "6.66900", "2010-12-31": "9.78840", "2010-09-30": "11.97860", "2010-06-30": "12.67400", "2010-03-31": "13.92410", "2009-12-31": "22.03260", "2009-09-30": "14.45280", "2009-06-30": "-12.15860", "2009-03-31": "-8.05400", "2008-12-31": "-7.29060", "2008-09-30": "-6.71530", "2008-06-30": "-9.05850", "2008-03-31": "-6.93040", "2007-12-31": "-4.22060", "2007-09-30": "1.68700", "2007-06-30": "6.93990", "2007-03-31": "6.56280", "2006-12-31": "6.76320", "2006-09-30": "6.86970", "2006-06-30": "", "2006-03-31": "", "2005-12-31": "5.97940", "2005-09-30": "6.10250", "2005-06-30": "5.11810", "2005-03-31": "4.31210"}, "ROA - Return On Assets": {"2020-09-30": "0.29300", "2020-06-30": "1.69540", "2020-03-31": "0.76880", "2019-12-31": "0.85820", "2019-09-30": "-3.12350", "2019-06-30": "0.83100", "2019-03-31": "0.54460", "2018-12-31": "1.06030", "2018-09-30": "1.13830", "2018-06-30": "0.69340", "2018-03-31": "0.63260", "2017-12-31": "-0.78780", "2017-09-30": "0.95130", "2017-06-30": "0.30620", "2017-03-31": "0.43390", "2016-12-31": "0.20010", "2016-09-30": "0.80290", "2016-06-30": "0.51640", "2016-03-31": "0.38020", "2015-12-31": "1.23040", "2015-09-30": "0.81780", "2015-06-30": "0.60770", "2015-03-31": "0.46430", "2014-12-31": "0.57880", "2014-09-30": "0.78040", "2014-06-30": "0.72430", "2014-03-31": "0.51900", "2013-12-31": "1.46720", "2013-09-30": "1.00560", "2013-06-30": "-1.30110", "2013-03-31": "0.49760", "2012-12-31": "0.93660", "2012-09-30": "0.73500", "2012-06-30": "0.86880", "2012-03-31": "0.75010", "2011-12-31": "-0.02110", "2011-09-30": "0.87290", "2011-06-30": "0.83250", "2011-03-31": "0.70690", "2010-12-31": "0.92720", "2010-09-30": "0.93790", "2010-06-30": "1.02240", "2010-03-31": "0.87330", "2009-12-31": "1.17120", "2009-09-30": "1.00380", "2009-06-30": "1.04120", "2009-03-31": "0.87150", "2008-12-31": "0.85550", "2008-09-30": "0.72400", "2008-06-30": "0.80820", "2008-03-31": "0.71540", "2007-12-31": "0.54050", "2007-09-30": "-0.27180", "2007-06-30": "1.78990", "2007-03-31": "1.58980", "2006-12-31": "1.60450", "2006-09-30": "1.64990", "2006-06-30": "", "2006-03-31": "", "2005-12-31": "2.20310", "2005-09-30": "2.38370", "2005-06-30": "1.87950", "2005-03-31": "1.96150"}, "ROI - Return On Investment": {"2020-09-30": "0.40950", "2020-06-30": "2.23240", "2020-03-31": "1.02680", "2019-12-31": "1.13530", "2019-09-30": "-3.86490", "2019-06-30": "1.10630", "2019-03-31": "0.73730", "2018-12-31": "1.41540", "2018-09-30": "1.67830", "2018-06-30": "0.95240", "2018-03-31": "0.82080", "2017-12-31": "-0.92330", "2017-09-30": "1.12400", "2017-06-30": "0.35870", "2017-03-31": "0.50410", "2016-12-31": "0.23470", "2016-09-30": "0.93040", "2016-06-30": "0.57490", "2016-03-31": "0.42510", "2015-12-31": "1.42150", "2015-09-30": "0.95050", "2015-06-30": "0.70000", "2015-03-31": "0.54900", "2014-12-31": "0.69700", "2014-09-30": "0.92910", "2014-06-30": "0.84120", "2014-03-31": "0.59650", "2013-12-31": "1.68070", "2013-09-30": "1.15760", "2013-06-30": "-1.50360", "2013-03-31": "0.56760", "2012-12-31": "1.07220", "2012-09-30": "0.92110", "2012-06-30": "1.09110", "2012-03-31": "0.92480", "2011-12-31": "-0.02620", "2011-09-30": "1.13710", "2011-06-30": "0.98180", "2011-03-31": "0.83950", "2010-12-31": "1.10860", "2010-09-30": "1.12180", "2010-06-30": "1.19230", "2010-03-31": "1.02920", "2009-12-31": "1.39440", "2009-09-30": "1.20530", "2009-06-30": "1.24560", "2009-03-31": "1.02380", "2008-12-31": "1.02690", "2008-09-30": "0.86190", "2008-06-30": "0.94350", "2008-03-31": "0.83530", "2007-12-31": "0.63170", "2007-09-30": "-0.31700", "2007-06-30": "2.04150", "2007-03-31": "1.82330", "2006-12-31": "1.82130", "2006-09-30": "1.88200", "2006-06-30": "", "2006-03-31": "", "2005-12-31": "2.58200", "2005-09-30": "2.75040", "2005-06-30": "2.23250", "2005-03-31": "2.25370"}, "Book Value Per Share": {"2020-09-30": "11.85200", "2020-06-30": "11.47050", "2020-03-31": "10.92030", "2019-12-31": "11.13750", "2019-09-30": "10.89450", "2019-06-30": "11.62360", "2019-03-31": "11.29000", "2018-12-31": "11.68450", "2018-09-30": "11.17080", "2018-06-30": "10.93390", "2018-03-31": "11.17940", "2017-12-31": "11.21570", "2017-09-30": "11.33780", "2017-06-30": "10.97720", "2017-03-31": "10.52640", "2016-12-31": "11.11480", "2016-09-30": "11.54790", "2016-06-30": "11.65570", "2016-03-31": "11.67770", "2015-12-31": "11.02150", "2015-09-30": "11.24060", "2015-06-30": "11.31650", "2015-03-31": "11.05960", "2014-12-31": "11.89590", "2014-09-30": "11.75570", "2014-06-30": "12.29480", "2014-03-31": "11.83770", "2013-12-31": "12.09340", "2013-09-30": "11.85410", "2013-06-30": "11.50040", "2013-03-31": "11.69190", "2012-12-31": "12.06190", "2012-09-30": "11.91330", "2012-06-30": "11.62730", "2012-03-31": "11.61900", "2011-12-31": "11.34000", "2011-09-30": "11.46360", "2011-06-30": "", "2011-03-31": "", "2010-12-31": "11.03100", "2010-09-30": "", "2010-06-30": "", "2010-03-31": "", "2009-12-31": "10.25190", "2009-09-30": "", "2009-06-30": "", "2009-03-31": "", "2008-12-31": "", "2008-09-30": "", "2008-06-30": "", "2008-03-31": "", "2007-12-31": "", "2007-09-30": "", "2007-06-30": "", "2007-03-31": "", "2006-12-31": "", "2006-09-30": "", "2006-06-30": "", "2006-03-31": "", "2005-12-31": "", "2005-09-30": "", "2005-06-30": "", "2005-03-31": ""}, "Operating Cash Flow Per Share": {"2020-09-30": 0.1542, "2020-06-30": 0.575, "2020-03-31": "0.06850", "2019-12-31": 0.4814, "2019-09-30": 0.4308, "2019-06-30": 0.3552, "2019-03-31": "0.19150", "2018-12-31": 0.4811, "2018-09-30": 0.3477, "2018-06-30": 0.5038, "2018-03-31": "0.20730", "2017-12-31": 0.3254, "2017-09-30": 0.3488, "2017-06-30": 0.3005, "2017-03-31": "0.25610", "2016-12-31": 0.4198, "2016-09-30": 0.3904, "2016-06-30": 0.4148, "2016-03-31": "0.20430", "2015-12-31": 0.3199, "2015-09-30": 0.4204, "2015-06-30": 0.3152, "2015-03-31": "0.27490", "2014-12-31": 0.2873, "2014-09-30": 0.3843, "2014-06-30": 0.3194, "2014-03-31": "0.19500", "2013-12-31": 0.3531, "2013-09-30": 0.341, "2013-06-30": 0.219, "2013-03-31": "0.19730", "2012-12-31": 0.3058, "2012-09-30": 0.3181, "2012-06-30": 0.384, "2012-03-31": "0.04840", "2011-12-31": 0.3435, "2011-09-30": 0.2627, "2011-06-30": 0.2408, "2011-03-31": "0.21620", "2010-12-31": 0.371, "2010-09-30": 0.7167, "2010-06-30": -0.1301, "2010-03-31": "0.13010", "2009-12-31": 0.1157, "2009-09-30": 0.8192, "2009-06-30": -0.0704, "2009-03-31": "0.07040", "2008-12-31": 0.4604, "2008-09-30": 0.1609, "2008-06-30": 0.2391, "2008-03-31": "0.02870", "2007-12-31": 0.06, "2007-09-30": 0.1186, "2007-06-30": 0.0885, "2007-03-31": "0.14390", "2006-12-31": 0.6808, "2006-09-30": 0, "2006-06-30": 0, "2006-03-31": "", "2005-12-31": -0.4488, "2005-09-30": 0.4488, "2005-06-30": -0.1443, "2005-03-31": "0.14430"}, "Free Cash Flow Per Share": {"2020-09-30": 0.0007, "2020-06-30": 0.4467, "2020-03-31": "-0.01760", "2019-12-31": 0.3428, "2019-09-30": 0.2829, "2019-06-30": 0.2218, "2019-03-31": "0.09130", "2018-12-31": 0.3184, "2018-09-30": 0.2236, "2018-06-30": 0.4016, "2018-03-31": "0.12610", "2017-12-31": 0.2163, "2017-09-30": 0.2341, "2017-06-30": 0.2056, "2017-03-31": "0.18830", "2016-12-31": 0.3373, "2016-09-30": 0.3281, "2016-06-30": 0.3251, "2016-03-31": "0.12720", "2015-12-31": 0.2065, "2015-09-30": 0.3459, "2015-06-30": 0.1947, "2015-03-31": "0.17400", "2014-12-31": 0.1899, "2014-09-30": 0.3085, "2014-06-30": 0.2103, "2014-03-31": "0.12080", "2013-12-31": 0.2301, "2013-09-30": 0.2513, "2013-06-30": 0.1374, "2013-03-31": "0.12960", "2012-12-31": 0.1585, "2012-09-30": 0.2084, "2012-06-30": 0.2867, "2012-03-31": "-0.03160", "2011-12-31": 0.2115, "2011-09-30": 0.1918, "2011-06-30": 0.1647, "2011-03-31": "0.12700", "2010-12-31": 0.2807, "2010-09-30": 0.4765, "2010-06-30": -0.059, "2010-03-31": "0.05900", "2009-12-31": 0.0764, "2009-09-30": 0.6374, "2009-06-30": -0.0197, "2009-03-31": "0.01970", "2008-12-31": 0.3955, "2008-09-30": 0.1063, "2008-06-30": 0.2103, "2008-03-31": "-0.01940", "2007-12-31": 0.0264, "2007-09-30": 0.084, "2007-06-30": 0.0367, "2007-03-31": "0.10020", "2006-12-31": 0.4947, "2006-09-30": 0, "2006-06-30": 0, "2006-03-31": "", "2005-12-31": -0.4009, "2005-09-30": 0.4009, "2005-06-30": -0.1241, "2005-03-31": "0.12410"}}, "revenue": {"QIAGEN Annual Revenue (Millions of US $)": {"2019": "$1,526", "2018": "$1,502", "2017": "$1,418", "2016": "$1,338", "2015": "$1,281", "2014": "$1,345", "2013": "$1,302", "2012": "$1,254", "2011": "$1,170", "2010": "$1,087", "2009": "$1,010", "2008": "$893", "2007": "$650", "2006": "$466", "2005": "$398"}, "QIAGEN Quarterly Revenue (Millions of US $)": {"2020-09-30": "$484", "2020-06-30": "$443", "2020-03-31": "$372", "2019-12-31": "$413", "2019-09-30": "$383", "2019-06-30": "$382", "2019-03-31": "$349", "2018-12-31": "$403", "2018-09-30": "$378", "2018-06-30": "$377", "2018-03-31": "$344", "2017-12-31": "$397", "2017-09-30": "$364", "2017-06-30": "$349", "2017-03-31": "$308", "2016-12-31": "$367", "2016-09-30": "$339", "2016-06-30": "$334", "2016-03-31": "$298", "2015-12-31": "$349", "2015-09-30": "$315", "2015-06-30": "$319", "2015-03-31": "$298", "2014-12-31": "$360", "2014-09-30": "$336", "2014-06-30": "$331", "2014-03-31": "$317", "2013-12-31": "$361", "2013-09-30": "$322", "2013-06-30": "$315", "2013-03-31": "$304", "2012-12-31": "$347", "2012-09-30": "$304", "2012-06-30": "$307", "2012-03-31": "$296", "2011-12-31": "$334", "2011-09-30": "$289", "2011-06-30": "$282", "2011-03-31": "$264", "2010-12-31": "$286", "2010-09-30": "$274", "2010-06-30": "$263", "2010-03-31": "$264", "2009-12-31": "$289", "2009-09-30": "$260", "2009-06-30": "$240", "2009-03-31": "$221", "2008-12-31": "$237", "2008-09-30": "$231", "2008-06-30": "$218", "2008-03-31": "$207", "2007-12-31": "$210", "2007-09-30": "$177", "2007-06-30": "$135", "2007-03-31": "$128", "2006-12-31": "$126", "2006-09-30": "$118", "2006-06-30": "$113", "2006-03-31": "$109", "2005-12-31": "$104", "2005-09-30": "$99", "2005-06-30": "$100", "2005-03-31": "$95"}}, "gross-profit": {"QIAGEN Annual Gross Profit (Millions of US $)": {"2019": "$1,005", "2018": "$1,001", "2017": "$923", "2016": "$845", "2015": "$827", "2014": "$865", "2013": "$815", "2012": "$824", "2011": "$750", "2010": "$716", "2009": "$667", "2008": "$600", "2007": "$434", "2006": "$325", "2005": "$275"}, "QIAGEN Quarterly Gross Profit (Millions of US $)": {"2020-09-30": "$321", "2020-06-30": "$295", "2020-03-31": "$244", "2019-12-31": "$280", "2019-09-30": "$255", "2019-06-30": "$246", "2019-03-31": "$225", "2018-12-31": "$265", "2018-09-30": "$257", "2018-06-30": "$254", "2018-03-31": "$226", "2017-12-31": "$261", "2017-09-30": "$241", "2017-06-30": "$225", "2017-03-31": "$196", "2016-12-31": "$228", "2016-09-30": "$221", "2016-06-30": "$211", "2016-03-31": "$185", "2015-12-31": "$224", "2015-09-30": "$205", "2015-06-30": "$201", "2015-03-31": "$198", "2014-12-31": "$216", "2014-09-30": "$223", "2014-06-30": "$216", "2014-03-31": "$210", "2013-12-31": "$236", "2013-09-30": "$211", "2013-06-30": "$169", "2013-03-31": "$200", "2012-12-31": "$233", "2012-09-30": "$199", "2012-06-30": "$203", "2012-03-31": "$189", "2011-12-31": "$202", "2011-09-30": "$188", "2011-06-30": "$188", "2011-03-31": "$172", "2010-12-31": "$189", "2010-09-30": "$181", "2010-06-30": "$173", "2010-03-31": "$173", "2009-12-31": "$188", "2009-09-30": "$173", "2009-06-30": "$160", "2009-03-31": "$146", "2008-12-31": "$157", "2008-09-30": "$153", "2008-06-30": "$148", "2008-03-31": "$141", "2007-12-31": "$135", "2007-09-30": "$116", "2007-06-30": "$93", "2007-03-31": "$89", "2006-12-31": "$126", "2006-09-30": "$82", "2006-06-30": "$113", "2006-03-31": "$109", "2005-12-31": "$75", "2005-09-30": "$69", "2005-06-30": "$67", "2005-03-31": "$64"}}, "operating-income": {"QIAGEN Annual Operating Income (Millions of US $)": {"2019": "$-26", "2018": "$267", "2017": "$153", "2016": "$99", "2015": "$179", "2014": "$162", "2013": "$63", "2012": "$170", "2011": "$100", "2010": "$189", "2009": "$180", "2008": "$146", "2007": "$132", "2006": "$119", "2005": "$98"}, "QIAGEN Quarterly Operating Income (Millions of US $)": {"2020-09-30": "$45", "2020-06-30": "$119", "2020-03-31": "$67", "2019-12-31": "$80", "2019-09-30": "$-207", "2019-06-30": "$60", "2019-03-31": "$41", "2018-12-31": "$88", "2018-09-30": "$77", "2018-06-30": "$53", "2018-03-31": "$48", "2017-12-31": "$43", "2017-09-30": "$64", "2017-06-30": "$22", "2017-03-31": "$24", "2016-12-31": "$4", "2016-09-30": "$48", "2016-06-30": "$30", "2016-03-31": "$17", "2015-12-31": "$58", "2015-09-30": "$46", "2015-06-30": "$40", "2015-03-31": "$35", "2014-12-31": "$21", "2014-09-30": "$50", "2014-06-30": "$48", "2014-03-31": "$42", "2013-12-31": "$34", "2013-09-30": "$34", "2013-06-30": "$-34", "2013-03-31": "$29", "2012-12-31": "$49", "2012-09-30": "$39", "2012-06-30": "$45", "2012-03-31": "$36", "2011-12-31": "$-20", "2011-09-30": "$34", "2011-06-30": "$46", "2011-03-31": "$38", "2010-12-31": "$51", "2010-09-30": "$50", "2010-06-30": "$43", "2010-03-31": "$45", "2009-12-31": "$35", "2009-09-30": "$53", "2009-06-30": "$51", "2009-03-31": "$41", "2008-12-31": "$3", "2008-09-30": "$52", "2008-06-30": "$46", "2008-03-31": "$46", "2007-12-31": "$41", "2007-09-30": "$29", "2007-06-30": "$32", "2007-03-31": "$30", "2006-12-31": "$126", "2006-09-30": "$28", "2006-06-30": "$113", "2006-03-31": "$109", "2005-12-31": "$26", "2005-09-30": "$26", "2005-06-30": "$24", "2005-03-31": "$21"}}, "ebitda": {"QIAGEN Annual EBITDA (Millions of US $)": {"2019": "$246", "2018": "$509", "2017": "$395", "2016": "$332", "2015": "$391", "2014": "$378", "2013": "$263", "2012": "$368", "2011": "$267", "2010": "$331", "2009": "$301", "2008": "$251", "2007": "$195", "2006": "$149", "2005": "$98"}, "QIAGEN Quarterly EBITDA (Millions of US $)": {"2020-09-30": "$107", "2020-06-30": "$178", "2020-03-31": "$126", "2019-12-31": "$143", "2019-09-30": "$-141", "2019-06-30": "$132", "2019-03-31": "$113", "2018-12-31": "$148", "2018-09-30": "$134", "2018-06-30": "$117", "2018-03-31": "$109", "2017-12-31": "$105", "2017-09-30": "$122", "2017-06-30": "$84", "2017-03-31": "$84", "2016-12-31": "$66", "2016-09-30": "$107", "2016-06-30": "$87", "2016-03-31": "$72", "2015-12-31": "$115", "2015-09-30": "$101", "2015-06-30": "$89", "2015-03-31": "$86", "2014-12-31": "$88", "2014-09-30": "$102", "2014-06-30": "$97", "2014-03-31": "$91", "2013-12-31": "$88", "2013-09-30": "$85", "2013-06-30": "$15", "2013-03-31": "$74", "2012-12-31": "$103", "2012-09-30": "$89", "2012-06-30": "$94", "2012-03-31": "$82", "2011-12-31": "$27", "2011-09-30": "$77", "2011-06-30": "$85", "2011-03-31": "$77", "2010-12-31": "$89", "2010-09-30": "$50", "2010-06-30": "$43", "2010-03-31": "$79", "2009-12-31": "$69", "2009-09-30": "$53", "2009-06-30": "$51", "2009-03-31": "$68", "2008-12-31": "$76", "2008-09-30": "$63", "2008-06-30": "$42", "2008-03-31": "$71", "2007-12-31": "$66", "2007-09-30": "$49", "2007-06-30": "$42", "2007-03-31": "$39", "2006-12-31": "$126", "2006-09-30": "$28", "2006-06-30": "$113", "2006-03-31": "$109", "2005-12-31": "$26", "2005-09-30": "$26", "2005-06-30": "$24", "2005-03-31": "$27"}}, "net-income": {"QIAGEN Annual Net Income (Millions of US $)": {"2019": "$-41", "2018": "$190", "2017": "$40", "2016": "$80", "2015": "$130", "2014": "$116", "2013": "$69", "2012": "$130", "2011": "$96", "2010": "$144", "2009": "$138", "2008": "$89", "2007": "$50", "2006": "$71", "2005": "$62"}, "QIAGEN Quarterly Net Income (Millions of US $)": {"2020-09-30": "$17", "2020-06-30": "$90", "2020-03-31": "$40", "2019-12-31": "$45", "2019-09-30": "$-161", "2019-06-30": "$45", "2019-03-31": "$30", "2018-12-31": "$61", "2018-09-30": "$60", "2018-06-30": "$37", "2018-03-31": "$32", "2017-12-31": "$-40", "2017-09-30": "$48", "2017-06-30": "$14", "2017-03-31": "$18", "2016-12-31": "$9", "2016-09-30": "$35", "2016-06-30": "$21", "2016-03-31": "$16", "2015-12-31": "$52", "2015-09-30": "$34", "2015-06-30": "$25", "2015-03-31": "$19", "2014-12-31": "$26", "2014-09-30": "$35", "2014-06-30": "$33", "2014-03-31": "$23", "2013-12-31": "$60", "2013-09-30": "$41", "2013-06-30": "$-52", "2013-03-31": "$20", "2012-12-31": "$38", "2012-09-30": "$29", "2012-06-30": "$33", "2012-03-31": "$29", "2011-12-31": "$-0", "2011-09-30": "$35", "2011-06-30": "$33", "2011-03-31": "$28", "2010-12-31": "$36", "2010-09-30": "$36", "2010-06-30": "$39", "2010-03-31": "$33", "2009-12-31": "$44", "2009-09-30": "$38", "2009-06-30": "$31", "2009-03-31": "$25", "2008-12-31": "$25", "2008-09-30": "$21", "2008-06-30": "$23", "2008-03-31": "$20", "2007-12-31": "$15", "2007-09-30": "$-7", "2007-06-30": "$23", "2007-03-31": "$20", "2006-12-31": "$19", "2006-09-30": "$19", "2006-06-30": "$14", "2006-03-31": "$18", "2005-12-31": "$17", "2005-09-30": "$18", "2005-06-30": "$14", "2005-03-31": "$14"}}, "eps-earnings-per-share-diluted": {"QIAGEN Annual EPS": {"2019": "$-0.18", "2018": "$0.82", "2017": "$0.17", "2016": "$0.34", "2015": "$0.55", "2014": "$0.48", "2013": "$0.30", "2012": "$0.56", "2011": "$0.42", "2010": "$0.62", "2009": "$0.67", "2008": "$0.46", "2007": "$0.29", "2006": "$0.48", "2005": "$0.43"}, "QIAGEN Quarterly EPS": {"2020-09-30": "$0.07", "2020-06-30": "$0.38", "2020-03-31": "$0.17", "2019-12-31": "$0.21", "2019-09-30": "$-0.71", "2019-06-30": "$0.19", "2019-03-31": "$0.13", "2018-12-31": "$0.26", "2018-09-30": "$0.26", "2018-06-30": "$0.16", "2018-03-31": "$0.14", "2017-12-31": "$-0.18", "2017-09-30": "$0.21", "2017-06-30": "$0.06", "2017-03-31": "$0.08", "2016-12-31": "$0.03", "2016-09-30": "$0.15", "2016-06-30": "$0.09", "2016-03-31": "$0.07", "2015-12-31": "$0.21", "2015-09-30": "$0.15", "2015-06-30": "$0.11", "2015-03-31": "$0.08", "2014-12-31": "$0.09", "2014-09-30": "$0.15", "2014-06-30": "$0.15", "2014-03-31": "$0.10", "2013-12-31": "$0.27", "2013-09-30": "$0.18", "2013-06-30": "$-0.23", "2013-03-31": "$0.08", "2012-12-31": "$0.17", "2012-09-30": "$0.13", "2012-06-30": "$0.15", "2012-03-31": "$0.13", "2011-12-31": "$-0.01", "2011-09-30": "$0.16", "2011-06-30": "$0.15", "2011-03-31": "$0.13", "2010-12-31": "$0.16", "2010-09-30": "$0.16", "2010-06-30": "$0.17", "2010-03-31": "$0.15", "2009-12-31": "$0.19", "2009-09-30": "$0.19", "2009-06-30": "$0.16", "2009-03-31": "$0.13", "2008-12-31": "$0.13", "2008-09-30": "$0.10", "2008-06-30": "$0.11", "2008-03-31": "$0.10", "2007-12-31": "$0.07", "2007-09-30": "$-0.04", "2007-06-30": "$0.15", "2007-03-31": "$0.14", "2006-12-31": "$0.14", "2006-09-30": "$0.14", "2006-06-30": "$0.09", "2006-03-31": "$0.13", "2005-12-31": "$0.11", "2005-09-30": "$0.13", "2005-06-30": "$0.09", "2005-03-31": "$0.09"}}, "shares-outstanding": {"QIAGEN Annual Shares Outstanding (Millions of Shares)": {"2019": "227", "2018": "233", "2017": "233", "2016": "239", "2015": "239", "2014": "243", "2013": "233", "2012": "232", "2011": "230", "2010": "232", "2009": "206", "2008": "197", "2007": "169", "2006": "148", "2005": "145"}, "QIAGEN Quarterly Shares Outstanding (Millions of Shares)": {"2020-09-30": "236", "2020-06-30": "234", "2020-03-31": "232", "2019-12-31": "227", "2019-09-30": "227", "2019-06-30": "233", "2019-03-31": "234", "2018-12-31": "233", "2018-09-30": "235", "2018-06-30": "234", "2018-03-31": "233", "2017-12-31": "233", "2017-09-30": "233", "2017-06-30": "233", "2017-03-31": "235", "2016-12-31": "239", "2016-09-30": "239", "2016-06-30": "239", "2016-03-31": "238", "2015-12-31": "239", "2015-09-30": "228", "2015-06-30": "228", "2015-03-31": "229", "2014-12-31": "243", "2014-09-30": "232", "2014-06-30": "232", "2014-03-31": "234", "2013-12-31": "233", "2013-09-30": "233", "2013-06-30": "225", "2013-03-31": "233", "2012-12-31": "232", "2012-09-30": "233", "2012-06-30": "231", "2012-03-31": "230", "2011-12-31": "230", "2011-09-30": "229", "2011-06-30": "232", "2011-03-31": "231", "2010-12-31": "231", "2010-09-30": "230", "2010-06-30": "233", "2010-03-31": "227", "2009-12-31": "232", "2009-09-30": "201", "2009-06-30": "196", "2009-03-31": "196", "2008-12-31": "195", "2008-09-30": "197", "2008-06-30": "198", "2008-03-31": "198", "2007-12-31": "206", "2007-09-30": "179", "2007-06-30": "151", "2007-03-31": "147", "2006-12-31": "149", "2006-09-30": "148", "2006-06-30": "148", "2006-03-31": "147", "2005-12-31": "144", "2005-09-30": "145", "2005-06-30": "144", "2005-03-31": "144"}}, "total-assets": {"QIAGEN Annual Total Assets (Millions of US $)": {"2019": "$5,236", "2018": "$5,748", "2017": "$5,039", "2016": "$4,308", "2015": "$4,179", "2014": "$4,454", "2013": "$4,088", "2012": "$4,088", "2011": "$3,730", "2010": "$3,914", "2009": "$3,796", "2008": "$2,885", "2007": "$2,775", "2006": "$1,212", "2005": "$765"}, "QIAGEN Quarterly Total Assets (Millions of US $)": {"2020-09-30": "$5,771", "2020-06-30": "$5,295", "2020-03-31": "$5,181", "2019-12-31": "$5,236", "2019-09-30": "$5,143", "2019-06-30": "$5,383", "2019-03-31": "$5,420", "2018-12-31": "$5,748", "2018-09-30": "$5,299", "2018-06-30": "$5,309", "2018-03-31": "$5,105", "2017-12-31": "$5,039", "2017-09-30": "$5,097", "2017-06-30": "$4,556", "2017-03-31": "$4,068", "2016-12-31": "$4,308", "2016-09-30": "$4,328", "2016-06-30": "$4,119", "2016-03-31": "$4,120", "2015-12-31": "$4,179", "2015-09-30": "$4,159", "2015-06-30": "$4,131", "2015-03-31": "$4,170", "2014-12-31": "$4,454", "2014-09-30": "$4,461", "2014-06-30": "$4,564", "2014-03-31": "$4,487", "2013-12-31": "$4,088", "2013-09-30": "$4,055", "2013-06-30": "$3,976", "2013-03-31": "$4,034", "2012-12-31": "$4,088", "2012-09-30": "$3,956", "2012-06-30": "$3,877", "2012-03-31": "$3,798", "2011-12-31": "$3,730", "2011-09-30": "$3,948", "2011-06-30": "$3,998", "2011-03-31": "$3,958", "2010-12-31": "$3,914", "2010-09-30": "$3,891", "2010-06-30": "$3,768", "2010-03-31": "$3,780", "2009-12-31": "$3,796", "2009-09-30": "$3,755", "2009-06-30": "$2,971", "2009-03-31": "$2,832", "2008-12-31": "$2,885", "2008-09-30": "$2,873", "2008-06-30": "$2,874", "2008-03-31": "$2,842", "2007-12-31": "$2,775", "2007-09-30": "$2,696", "2007-06-30": "$1,262", "2007-03-31": "$1,250", "2006-12-31": "$1,212", "2006-09-30": "$1,173", "2006-06-30": "$0", "2006-03-31": "$0", "2005-12-31": "$765", "2005-09-30": "$740", "2005-06-30": "$733", "2005-03-31": "$711"}}, "cash-on-hand": {"QIAGEN Annual Cash on Hand (Millions of US $)": {"2019": "$867", "2018": "$1,496", "2017": "$1,024", "2016": "$532", "2015": "$421", "2014": "$577", "2013": "$380", "2012": "$484", "2011": "$276", "2010": "$934", "2009": "$866", "2008": "$333", "2007": "$350", "2006": "$483", "2005": "$207"}, "QIAGEN Quarterly Cash on Hand (Millions of US $)": {"2020-09-30": "$768", "2020-06-30": "$899", "2020-03-31": "$903", "2019-12-31": "$867", "2019-09-30": "$804", "2019-06-30": "$932", "2019-03-31": "$940", "2018-12-31": "$1,496", "2018-09-30": "$921", "2018-06-30": "$900", "2018-03-31": "$1,014", "2017-12-31": "$1,024", "2017-09-30": "$975", "2017-06-30": "$609", "2017-03-31": "$273", "2016-12-31": "$532", "2016-09-30": "$464", "2016-06-30": "$406", "2016-03-31": "$447", "2015-12-31": "$421", "2015-09-30": "$432", "2015-06-30": "$372", "2015-03-31": "$401", "2014-12-31": "$577", "2014-09-30": "$692", "2014-06-30": "$655", "2014-03-31": "$678", "2013-12-31": "$380", "2013-09-30": "$356", "2013-06-30": "$373", "2013-03-31": "$461", "2012-12-31": "$484", "2012-09-30": "$311", "2012-06-30": "$266", "2012-03-31": "$275", "2011-12-31": "$276", "2011-09-30": "$486", "2011-06-30": "$953", "2011-03-31": "$939", "2010-12-31": "$934", "2010-09-30": "$887", "2010-06-30": "$918", "2010-03-31": "$889", "2009-12-31": "$866", "2009-09-30": "$861", "2009-06-30": "$390", "2009-03-31": "$337", "2008-12-31": "$333", "2008-09-30": "$326", "2008-06-30": "$381", "2008-03-31": "$352", "2007-12-31": "$350", "2007-09-30": "$309", "2007-06-30": "$480", "2007-03-31": "$485", "2006-12-31": "$483", "2006-09-30": "$492", "2006-06-30": "", "2006-03-31": "", "2005-12-31": "$207", "2005-09-30": "$211", "2005-06-30": "$209", "2005-03-31": "$245"}}, "long-term-debt": {"QIAGEN Annual Long Term Debt (Millions of US $)": {"2019": "$1,421", "2018": "$1,671", "2017": "$1,758", "2016": "$1,067", "2015": "$1,049", "2014": "$1,041", "2013": "$845", "2012": "$846", "2011": "$446", "2010": "$797", "2009": "$870", "2008": "$950", "2007": "$983", "2006": "$502", "2005": "$203"}, "QIAGEN Quarterly Long Term Debt (Millions of US $)": {"2020-09-30": "$1,418", "2020-06-30": "$1,400", "2020-03-31": "$1,387", "2019-12-31": "$1,421", "2019-09-30": "$1,689", "2019-06-30": "$1,411", "2019-03-31": "$1,398", "2018-12-31": "$1,671", "2018-09-30": "$1,067", "2018-06-30": "$1,341", "2018-03-31": "$1,354", "2017-12-31": "$1,758", "2017-09-30": "$1,747", "2017-06-30": "$1,384", "2017-03-31": "$1,072", "2016-12-31": "$1,067", "2016-09-30": "$1,069", "2016-06-30": "$1,072", "2016-03-31": "$1,060", "2015-12-31": "$1,049", "2015-09-30": "$1,058", "2015-06-30": "$1,049", "2015-03-31": "$1,048", "2014-12-31": "$1,041", "2014-09-30": "$1,034", "2014-06-30": "$1,175", "2014-03-31": "$1,171", "2013-12-31": "$845", "2013-09-30": "$846", "2013-06-30": "$846", "2013-03-31": "$846", "2012-12-31": "$846", "2012-09-30": "$445", "2012-06-30": "$445", "2012-03-31": "$446", "2011-12-31": "$446", "2011-09-30": "$447", "2011-06-30": "$796", "2011-03-31": "$797", "2010-12-31": "$797", "2010-09-30": "$822", "2010-06-30": "$896", "2010-03-31": "$897", "2009-12-31": "$898", "2009-09-30": "$899", "2009-06-30": "$948", "2009-03-31": "$949", "2008-12-31": "$950", "2008-09-30": "$956", "2008-06-30": "$982", "2008-03-31": "$983", "2007-12-31": "$983", "2007-09-30": "$983", "2007-06-30": "$489", "2007-03-31": "$502", "2006-12-31": "$502", "2006-09-30": "$500", "2006-06-30": "", "2006-03-31": "", "2005-12-31": "$203", "2005-09-30": "$204", "2005-06-30": "$204", "2005-03-31": "$208"}}, "total-liabilities": {"QIAGEN Annual Total Liabilities (Millions of US $)": {"2019": "$2,699", "2018": "$3,113", "2017": "$2,498", "2016": "$1,701", "2015": "$1,611", "2014": "$1,796", "2013": "$1,365", "2012": "$1,363", "2011": "$1,172", "2010": "$1,438", "2009": "$1,505", "2008": "$1,431", "2007": "$1,384", "2006": "$646", "2005": "$315"}, "QIAGEN Quarterly Total Liabilities (Millions of US $)": {"2020-09-30": "$3,060", "2020-06-30": "$2,674", "2020-03-31": "$2,689", "2019-12-31": "$2,699", "2019-09-30": "$2,675", "2019-06-30": "$2,750", "2019-03-31": "$2,814", "2018-12-31": "$3,113", "2018-09-30": "$2,772", "2018-06-30": "$2,785", "2018-03-31": "$2,525", "2017-12-31": "$2,498", "2017-09-30": "$2,530", "2017-06-30": "$2,051", "2017-03-31": "$1,638", "2016-12-31": "$1,701", "2016-09-30": "$1,662", "2016-06-30": "$1,492", "2016-03-31": "$1,495", "2015-12-31": "$1,611", "2015-09-30": "$1,639", "2015-06-30": "$1,594", "2015-03-31": "$1,691", "2014-12-31": "$1,796", "2014-09-30": "$1,748", "2014-06-30": "$1,809", "2014-03-31": "$1,754", "2013-12-31": "$1,365", "2013-09-30": "$1,379", "2013-06-30": "$1,381", "2013-03-31": "$1,343", "2012-12-31": "$1,363", "2012-09-30": "$1,245", "2012-06-30": "$1,235", "2012-03-31": "$1,163", "2011-12-31": "$1,172", "2011-09-30": "$1,364", "2011-06-30": "$1,404", "2011-03-31": "$1,422", "2010-12-31": "$1,438", "2010-09-30": "$1,460", "2010-06-30": "$1,433", "2010-03-31": "$1,469", "2009-12-31": "$1,505", "2009-09-30": "$1,526", "2009-06-30": "$1,436", "2009-03-31": "$1,370", "2008-12-31": "$1,431", "2008-09-30": "$1,415", "2008-06-30": "$1,395", "2008-03-31": "$1,391", "2007-12-31": "$1,384", "2007-09-30": "$1,368", "2007-06-30": "$644", "2007-03-31": "$662", "2006-12-31": "$646", "2006-09-30": "$645", "2006-06-30": "", "2006-03-31": "", "2005-12-31": "$315", "2005-09-30": "$302", "2005-06-30": "$320", "2005-03-31": "$301"}}, "total-share-holder-equity": {"QIAGEN Annual Share Holder Equity (Millions of US $)": {"2019": "$2,537", "2018": "$2,635", "2017": "$2,541", "2016": "$2,607", "2015": "$2,568", "2014": "$2,658", "2013": "$2,724", "2012": "$2,724", "2011": "$2,558", "2010": "$2,476", "2009": "$2,291", "2008": "$1,454", "2007": "$1,392", "2006": "$566", "2005": "$450"}, "QIAGEN Quarterly Share Holder Equity (Millions of US $)": {"2020-09-30": "$2,711", "2020-06-30": "$2,621", "2020-03-31": "$2,492", "2019-12-31": "$2,537", "2019-09-30": "$2,467", "2019-06-30": "$2,632", "2019-03-31": "$2,606", "2018-12-31": "$2,635", "2018-09-30": "$2,527", "2018-06-30": "$2,524", "2018-03-31": "$2,581", "2017-12-31": "$2,541", "2017-09-30": "$2,567", "2017-06-30": "$2,505", "2017-03-31": "$2,430", "2016-12-31": "$2,607", "2016-09-30": "$2,666", "2016-06-30": "$2,627", "2016-03-31": "$2,625", "2015-12-31": "$2,568", "2015-09-30": "$2,520", "2015-06-30": "$2,537", "2015-03-31": "$2,479", "2014-12-31": "$2,658", "2014-09-30": "$2,714", "2014-06-30": "$2,755", "2014-03-31": "$2,733", "2013-12-31": "$2,724", "2013-09-30": "$2,676", "2013-06-30": "$2,595", "2013-03-31": "$2,691", "2012-12-31": "$2,724", "2012-09-30": "$2,712", "2012-06-30": "$2,642", "2012-03-31": "$2,635", "2011-12-31": "$2,558", "2011-09-30": "$2,585", "2011-06-30": "$2,594", "2011-03-31": "$2,536", "2010-12-31": "$2,476", "2010-09-30": "$2,430", "2010-06-30": "$2,335", "2010-03-31": "$2,311", "2009-12-31": "$2,291", "2009-09-30": "$2,228", "2009-06-30": "$1,535", "2009-03-31": "$1,462", "2008-12-31": "$1,454", "2008-09-30": "$1,458", "2008-06-30": "$1,479", "2008-03-31": "$1,451", "2007-12-31": "$1,392", "2007-09-30": "$1,328", "2007-06-30": "$617", "2007-03-31": "$587", "2006-12-31": "$566", "2006-09-30": "$529", "2006-06-30": "", "2006-03-31": "", "2005-12-31": "$450", "2005-09-30": "$438", "2005-06-30": "$413", "2005-03-31": "$411"}}, "profit-margins": {"current": "11.18%"}, "gross margin": {"2020-09-30": "66.59%", "2020-06-30": "66.67%", "2020-03-31": "66.13%", "2019-12-31": "65.88%", "2019-09-30": "65.33%", "2019-06-30": "65.67%", "2019-03-31": "66.42%", "2018-12-31": "66.71%", "2018-09-30": "66.71%", "2018-06-30": "66.26%", "2018-03-31": "65.54%", "2017-12-31": "65.09%", "2017-09-30": "64.12%", "2017-06-30": "63.83%", "2017-03-31": "63.50%", "2016-12-31": "63.15%", "2016-09-30": "63.71%", "2016-06-30": "63.66%", "2016-03-31": "63.62%", "2015-12-31": "64.64%", "2015-09-30": "63.47%", "2015-06-30": "63.82%", "2015-03-31": "64.38%", "2014-12-31": "64.36%", "2014-09-30": "65.80%", "2014-06-30": "65.59%", "2014-03-31": "62.81%", "2013-12-31": "62.67%", "2013-09-30": "63.12%", "2013-06-30": "63.07%", "2013-03-31": "66.16%", "2012-12-31": "65.71%", "2012-09-30": "63.90%", "2012-06-30": "63.78%", "2012-03-31": "63.86%", "2011-12-31": "64.16%", "2011-09-30": "65.74%", "2011-06-30": "66.00%", "2011-03-31": "65.78%", "2010-12-31": "65.87%", "2010-09-30": "65.60%", "2010-06-30": "65.71%", "2010-03-31": "65.91%", "2009-12-31": "66.04%", "2009-09-30": "66.39%", "2009-06-30": "66.31%", "2009-03-31": "66.59%", "2008-12-31": "67.08%", "2008-09-30": "66.63%", "2008-06-30": "66.50%", "2008-03-31": "66.53%", "2007-12-31": "66.62%", "2007-09-30": "74.91%", "2007-06-30": "76.92%", "2007-03-31": "84.54%", "2006-12-31": "92.27%", "2006-09-30": "85.36%", "2006-06-30": "86.12%", "2006-03-31": "77.67%", "2005-12-31": "69.10%"}, "operating margin": {"2020-09-30": "18.17%", "2020-06-30": "3.66%", "2020-03-31": "0.00%", "2019-12-31": "-1.70%", "2019-09-30": "-1.19%", "2019-06-30": "17.59%", "2019-03-31": "17.19%", "2018-12-31": "17.71%", "2018-09-30": "14.77%", "2018-06-30": "14.04%", "2018-03-31": "12.17%", "2017-12-31": "10.79%", "2017-09-30": "8.21%", "2017-06-30": "7.19%", "2017-03-31": "7.86%", "2016-12-31": "7.40%", "2016-09-30": "11.59%", "2016-06-30": "11.65%", "2016-03-31": "12.57%", "2015-12-31": "13.97%", "2015-09-30": "10.99%", "2015-06-30": "11.12%", "2015-03-31": "11.62%", "2014-12-31": "11.98%", "2014-09-30": "12.94%", "2014-06-30": "11.87%", "2014-03-31": "5.78%", "2013-12-31": "4.84%", "2013-09-30": "6.06%", "2013-06-30": "6.54%", "2013-03-31": "12.84%", "2012-12-31": "13.48%", "2012-09-30": "8.06%", "2012-06-30": "7.75%", "2012-03-31": "7.99%", "2011-12-31": "8.38%", "2011-09-30": "15.08%", "2011-06-30": "16.73%", "2011-03-31": "16.74%", "2010-12-31": "17.39%", "2010-09-30": "15.87%", "2010-06-30": "16.36%", "2010-03-31": "17.47%", "2009-12-31": "17.82%", "2009-09-30": "15.45%", "2009-06-30": "15.82%", "2009-03-31": "15.66%", "2008-12-31": "16.46%", "2008-09-30": "21.36%", "2008-06-30": "19.95%", "2008-03-31": "20.30%", "2007-12-31": "20.31%", "2007-09-30": "38.34%", "2007-06-30": "42.60%", "2007-03-31": "61.24%", "2006-12-31": "80.69%", "2006-09-30": "62.16%", "2006-06-30": "64.47%", "2006-03-31": "44.90%", "2005-12-31": "24.37%"}, "ebitda margin": {"2020-09-30": "32.36%", "2020-06-30": "18.99%", "2020-03-31": "16.77%", "2019-12-31": "16.18%", "2019-09-30": "16.61%", "2019-06-30": "34.85%", "2019-03-31": "33.97%", "2018-12-31": "33.82%", "2018-09-30": "31.08%", "2018-06-30": "30.57%", "2018-03-31": "28.89%", "2017-12-31": "27.86%", "2017-09-30": "25.65%", "2017-06-30": "25.02%", "2017-03-31": "25.52%", "2016-12-31": "24.81%", "2016-09-30": "28.86%", "2016-06-30": "28.94%", "2016-03-31": "29.43%", "2015-12-31": "30.52%", "2015-09-30": "28.17%", "2015-06-30": "27.80%", "2015-03-31": "28.15%", "2014-12-31": "28.13%", "2014-09-30": "28.10%", "2014-06-30": "27.12%", "2014-03-31": "21.22%", "2013-12-31": "20.12%", "2013-09-30": "21.51%", "2013-06-30": "22.13%", "2013-03-31": "28.53%", "2012-12-31": "29.35%", "2012-09-30": "23.53%", "2012-06-30": "22.84%", "2012-03-31": "22.56%", "2011-12-31": "22.75%", "2011-09-30": "29.26%", "2011-06-30": "27.22%", "2011-03-31": "23.83%", "2010-12-31": "24.01%", "2010-09-30": "22.11%", "2010-06-30": "22.68%", "2010-03-31": "23.93%", "2009-12-31": "23.86%", "2009-09-30": "25.89%", "2009-06-30": "27.77%", "2009-03-31": "27.45%", "2008-12-31": "28.22%", "2008-09-30": "27.94%", "2008-06-30": "28.08%", "2008-03-31": "31.28%", "2007-12-31": "30.15%", "2007-09-30": "45.23%", "2007-06-30": "46.35%", "2007-03-31": "63.09%", "2006-12-31": "80.69%", "2006-09-30": "62.16%", "2006-06-30": "64.47%", "2006-03-31": "44.90%", "2005-12-31": "25.88%"}, "pre tax profit margin": {"2020-09-30": "14.72%", "2020-06-30": "-0.19%", "2020-03-31": "-3.87%", "2019-12-31": "-5.11%", "2019-09-30": "-5.21%", "2019-06-30": "14.55%", "2019-03-31": "14.20%", "2018-12-31": "14.98%", "2018-09-30": "12.77%", "2018-06-30": "11.54%", "2018-03-31": "9.42%", "2017-12-31": "8.04%", "2017-09-30": "4.76%", "2017-06-30": "3.82%", "2017-03-31": "4.67%", "2016-12-31": "4.26%", "2016-09-30": "9.17%", "2016-06-30": "9.34%", "2016-03-31": "9.91%", "2015-12-31": "10.62%", "2015-09-30": "7.82%", "2015-06-30": "7.62%", "2015-03-31": "8.30%", "2014-12-31": "8.85%", "2014-09-30": "10.04%", "2014-06-30": "9.62%", "2014-03-31": "3.19%", "2013-12-31": "2.84%", "2013-09-30": "3.49%", "2013-06-30": "3.86%", "2013-03-31": "10.70%", "2012-12-31": "11.56%", "2012-09-30": "6.77%", "2012-06-30": "7.59%", "2012-03-31": "7.83%", "2011-12-31": "8.21%", "2011-09-30": "14.54%", "2011-06-30": "15.10%", "2011-03-31": "15.36%", "2010-12-31": "15.92%", "2010-09-30": "16.24%", "2010-06-30": "16.64%", "2010-03-31": "17.09%", "2009-12-31": "17.03%", "2009-09-30": "16.60%", "2009-06-30": "14.85%", "2009-03-31": "13.78%", "2008-12-31": "13.44%", "2008-09-30": "12.01%", "2008-06-30": "8.62%", "2008-03-31": "10.29%", "2007-12-31": "11.69%", "2007-09-30": "32.16%", "2007-06-30": "42.60%", "2007-03-31": "61.03%", "2006-12-31": "80.69%", "2006-09-30": "62.39%", "2006-06-30": "64.94%", "2006-03-31": "44.90%", "2005-12-31": "24.62%"}, "net profit margin": {"2020-09-30": "11.21%", "2020-06-30": "0.87%", "2020-03-31": "-2.00%", "2019-12-31": "-2.69%", "2019-09-30": "-1.65%", "2019-06-30": "12.96%", "2019-03-31": "12.48%", "2018-12-31": "12.65%", "2018-09-30": "5.95%", "2018-06-30": "5.20%", "2018-03-31": "3.71%", "2017-12-31": "2.82%", "2017-09-30": "6.41%", "2017-06-30": "5.58%", "2017-03-31": "6.16%", "2016-12-31": "6.05%", "2016-09-30": "9.39%", "2016-06-30": "9.49%", "2016-03-31": "9.91%", "2015-12-31": "10.15%", "2015-09-30": "8.05%", "2015-06-30": "8.00%", "2015-03-31": "8.53%", "2014-12-31": "8.71%", "2014-09-30": "11.23%", "2014-06-30": "11.80%", "2014-03-31": "5.48%", "2013-12-31": "5.30%", "2013-09-30": "3.65%", "2013-06-30": "2.76%", "2013-03-31": "9.51%", "2012-12-31": "10.29%", "2012-09-30": "7.33%", "2012-06-30": "7.91%", "2012-03-31": "8.08%", "2011-12-31": "8.21%", "2011-09-30": "11.78%", "2011-06-30": "12.03%", "2011-03-31": "12.79%", "2010-12-31": "13.25%", "2010-09-30": "13.94%", "2010-06-30": "14.31%", "2010-03-31": "13.87%", "2009-12-31": "13.66%", "2009-09-30": "12.42%", "2009-06-30": "10.98%", "2009-03-31": "10.36%", "2008-12-31": "9.97%", "2008-09-30": "9.12%", "2008-06-30": "6.28%", "2008-03-31": "7.00%", "2007-12-31": "7.85%", "2007-09-30": "9.72%", "2007-06-30": "15.98%", "2007-03-31": "14.85%", "2006-12-31": "15.02%", "2006-09-30": "15.32%", "2006-06-30": "15.76%", "2006-03-31": "16.26%", "2005-12-31": "15.83%"}, "pe ratio": {"current": "27.71", "2021-02-05": "66.70", "2020-09-30": "64.52", "2020-06-30": "1427.00", "2020-03-31": "0.00", "2019-12-31": "0.00", "2019-09-30": "0.00", "2019-06-30": "48.27", "2019-03-31": "50.22", "2018-12-31": "42.01", "2018-09-30": "99.68", "2018-06-30": "109.58", "2018-03-31": "140.48", "2017-12-31": "181.94", "2017-09-30": "80.77", "2017-06-30": "103.04", "2017-03-31": "80.72", "2016-12-31": "85.28", "2016-09-30": "55.99", "2016-06-30": "44.51", "2016-03-31": "43.81", "2015-12-31": "52.17", "2015-09-30": "58.68", "2015-06-30": "56.34", "2015-03-31": "53.61", "2014-12-31": "47.88", "2014-09-30": "36.14", "2014-06-30": "37.05", "2014-03-31": "70.33", "2013-12-31": "85.06", "2013-09-30": "112.64", "2013-06-30": "142.20", "2013-03-31": "42.15", "2012-12-31": "33.61", "2012-09-30": "48.71", "2012-06-30": "40.73", "2012-03-31": "37.97", "2011-12-31": "33.68", "2011-09-30": "24.69", "2011-06-30": "33.96", "2011-03-31": "34.56", "2010-12-31": "32.58", "2010-09-30": "28.16", "2010-06-30": "29.12", "2010-03-31": "35.37", "2009-12-31": "35.45", "2009-09-30": "37.33", "2009-06-30": "37.94", "2009-03-31": "35.47", "2008-12-31": "40.85", "2008-09-30": "51.94", "2008-06-30": "83.89", "2008-03-31": "77.03", "2007-12-31": "70.15", "2007-09-30": "53.91", "2007-06-30": "33.57", "2007-03-31": "35.79", "2006-12-31": "32.19"}, "price sales": {"2021-02-05": "7.33", "2020-09-30": "7.09", "2020-06-30": "6.11", "2020-03-31": "6.16", "2019-12-31": "5.09", "2019-09-30": "5.03", "2019-06-30": "6.27", "2019-03-31": "6.32", "2018-12-31": "5.36", "2018-09-30": "5.92", "2018-06-30": "5.69", "2018-03-31": "5.17", "2017-12-31": "5.09", "2017-09-30": "5.33", "2017-06-30": "5.82", "2017-03-31": "5.12", "2016-12-31": "5.19", "2016-09-30": "5.15", "2016-06-30": "4.12", "2016-03-31": "4.23", "2015-12-31": "5.18", "2015-09-30": "4.82", "2015-06-30": "4.57", "2015-03-31": "4.62", "2014-12-31": "4.26", "2014-09-30": "4.09", "2014-06-30": "4.45", "2014-03-31": "3.85", "2013-12-31": "4.39", "2013-09-30": "3.98", "2013-06-30": "3.76", "2013-03-31": "4.03", "2012-12-31": "3.48", "2012-09-30": "3.58", "2012-06-30": "3.25", "2012-03-31": "3.10", "2011-12-31": "2.83", "2011-09-30": "2.96", "2011-06-30": "4.12", "2011-03-31": "4.43", "2010-12-31": "4.30", "2010-09-30": "3.89", "2010-06-30": "4.13", "2010-03-31": "4.84", "2009-12-31": "4.74", "2009-09-30": "4.54", "2009-06-30": "4.07", "2009-03-31": "3.59", "2008-12-31": "4.02", "2008-09-30": "4.72", "2008-06-30": "5.03", "2008-03-31": "5.47", "2007-12-31": "5.80", "2007-09-30": "5.61", "2007-06-30": "5.43", "2007-03-31": "5.44", "2006-12-31": "4.99"}, "price book": {"current": "4.54", "2021-02-05": "4.56", "2020-09-30": "4.41", "2020-06-30": "3.73", "2020-03-31": "3.81", "2019-12-31": "3.03", "2019-09-30": "3.03", "2019-06-30": "3.49", "2019-03-31": "3.60", "2018-12-31": "2.95", "2018-09-30": "3.39", "2018-06-30": "3.31", "2018-03-31": "2.89", "2017-12-31": "2.76", "2017-09-30": "2.78", "2017-06-30": "3.05", "2017-03-31": "2.75", "2016-12-31": "2.62", "2016-09-30": "2.47", "2016-06-30": "1.94", "2016-03-31": "1.99", "2015-12-31": "2.61", "2015-09-30": "2.39", "2015-06-30": "2.27", "2015-03-31": "2.37", "2014-12-31": "2.05", "2014-09-30": "2.01", "2014-06-30": "2.07", "2014-03-31": "1.85", "2013-12-31": "2.04", "2013-09-30": "1.87", "2013-06-30": "1.80", "2013-03-31": "1.87", "2012-12-31": "1.56", "2012-09-30": "1.61", "2012-06-30": "1.49", "2012-03-31": "1.39", "2011-12-31": "1.26", "2011-09-30": "1.25", "2011-06-30": "0.00", "2011-03-31": "0.00", "2010-12-31": "1.84", "2010-09-30": "0.00", "2010-06-30": "0.00", "2010-03-31": "0.00", "2009-12-31": "2.26", "2009-09-30": "0.00", "2009-06-30": "0.00", "2009-03-31": "0.00", "2008-12-31": "0.00", "2008-09-30": "0.00", "2008-06-30": "0.00", "2008-03-31": "0.00", "2007-12-31": "0.00", "2007-09-30": "0.00", "2007-06-30": "0.00", "2007-03-31": "0.00", "2006-12-31": "0.00", "2006-09-30": "0.00", "2006-06-30": "0.00", "2006-03-31": "0.00"}, "price fcf": {"2021-02-05": "", "2020-09-30": "$0.77", "2020-06-30": "$1.05", "2020-03-31": "$0.83", "2019-12-31": "$0.94", "2019-09-30": "$0.91", "2019-06-30": "$0.86", "2019-03-31": "$1.03", "2018-12-31": "$1.07", "2018-09-30": "$0.97", "2018-06-30": "$0.98", "2018-03-31": "$0.78", "2017-12-31": "$0.84", "2017-09-30": "$0.97", "2017-06-30": "$1.06", "2017-03-31": "$1.18", "2016-12-31": "$1.12", "2016-09-30": "$0.99", "2016-06-30": "$1.00", "2016-03-31": "$0.87", "2015-12-31": "$0.92", "2015-09-30": "$0.90", "2015-06-30": "$0.87", "2015-03-31": "$0.88", "2014-12-31": "$0.83", "2014-09-30": "$0.87", "2014-06-30": "$0.81", "2014-03-31": "$0.74", "2013-12-31": "$0.75", "2013-09-30": "$0.68", "2013-06-30": "$0.63", "2013-03-31": "$0.78", "2012-12-31": "$0.62", "2012-09-30": "$0.68", "2012-06-30": "$0.66", "2012-03-31": "$0.54", "2011-12-31": "$0.70", "2011-09-30": "$0.76", "2011-06-30": "$1.05", "2011-03-31": "$0.83", "2010-12-31": "$0.76", "2010-09-30": "$0.55", "2010-06-30": "$0.71", "2010-03-31": "$0.75", "2009-12-31": "$0.71", "2009-09-30": "$1.03", "2009-06-30": "$0.50", "2009-03-31": "$0.73", "2008-12-31": "$0.69", "2008-09-30": "$0.32", "2008-06-30": "$0.30", "2008-03-31": "$0.13", "2007-12-31": "$0.25", "2007-09-30": "$0.72", "2007-06-30": "$0.63", "2007-03-31": "$0.59", "2006-12-31": "$0.49"}, "net worth": {"value": "$12.31B"}, "current ratio": {"current": "1.46", "2020-09-30": "1.46", "2020-06-30": "1.71", "2020-03-31": "1.58", "2019-12-31": "1.65", "2019-09-30": "2.45", "2019-06-30": "1.77", "2019-03-31": "1.69", "2018-12-31": "2.22", "2018-09-30": "1.37", "2018-06-30": "1.79", "2018-03-31": "2.14", "2017-12-31": "5.07", "2017-09-30": "5.33", "2017-06-30": "3.85", "2017-03-31": "2.79", "2016-12-31": "3.36", "2016-09-30": "3.85", "2016-06-30": "3.63", "2016-03-31": "3.91", "2015-12-31": "3.58", "2015-09-30": "3.52", "2015-06-30": "3.51", "2015-03-31": "2.88", "2014-12-31": "2.66", "2014-09-30": "2.91", "2014-06-30": "4.06", "2014-03-31": "3.88", "2013-12-31": "2.73", "2013-09-30": "2.88", "2013-06-30": "3.04", "2013-03-31": "3.66", "2012-12-31": "3.72", "2012-09-30": "1.49", "2012-06-30": "1.45", "2012-03-31": "1.68", "2011-12-31": "1.65", "2011-09-30": "1.50", "2011-06-30": "3.85", "2011-03-31": "3.70", "2010-12-31": "3.51", "2010-09-30": "3.42", "2010-06-30": "4.20", "2010-03-31": "3.94", "2009-12-31": "3.55", "2009-09-30": "3.65", "2009-06-30": "2.97", "2009-03-31": "3.17", "2008-12-31": "2.68", "2008-09-30": "3.30", "2008-06-30": "4.02", "2008-03-31": "4.10", "2007-12-31": "3.91", "2007-09-30": "3.32", "2007-06-30": "5.55", "2007-03-31": "5.33", "2006-12-31": "5.86", "2006-09-30": "6.15", "2006-06-30": "0.00", "2006-03-31": "0.00", "2005-12-31": "4.04", "2005-09-30": "4.73", "2005-06-30": "4.04", "2005-03-31": "5.30"}, "quick ratio": {"2020-09-30": "1.22", "2020-06-30": "1.50", "2020-03-31": "1.42", "2019-12-31": "1.47", "2019-09-30": "2.18", "2019-06-30": "1.59", "2019-03-31": "1.52", "2018-12-31": "2.05", "2018-09-30": "1.25", "2018-06-30": "1.63", "2018-03-31": "1.94", "2017-12-31": "4.59", "2017-09-30": "4.78", "2017-06-30": "3.34", "2017-03-31": "2.26", "2016-12-31": "2.92", "2016-09-30": "3.27", "2016-06-30": "3.06", "2016-03-31": "3.31", "2015-12-31": "3.07", "2015-09-30": "3.04", "2015-06-30": "2.98", "2015-03-31": "2.47", "2014-12-31": "2.36", "2014-09-30": "2.61", "2014-06-30": "3.60", "2014-03-31": "3.45", "2013-12-31": "2.35", "2013-09-30": "2.41", "2013-06-30": "2.59", "2013-03-31": "3.17", "2012-12-31": "3.21", "2012-09-30": "1.22", "2012-06-30": "1.18", "2012-03-31": "1.38", "2011-12-31": "1.36", "2011-09-30": "1.28", "2011-06-30": "3.47", "2011-03-31": "3.35", "2010-12-31": "3.19", "2010-09-30": "3.09", "2010-06-30": "3.84", "2010-03-31": "3.57", "2009-12-31": "3.20", "2009-09-30": "3.29", "2009-06-30": "2.52", "2009-03-31": "2.68", "2008-12-31": "2.27", "2008-09-30": "2.77", "2008-06-30": "3.43", "2008-03-31": "3.52", "2007-12-31": "3.38", "2007-09-30": "2.85", "2007-06-30": "5.01", "2007-03-31": "4.83", "2006-12-31": "5.31", "2006-09-30": "5.62", "2006-06-30": "0.00", "2006-03-31": "0.00", "2005-12-31": "3.45", "2005-09-30": "4.07", "2005-06-30": "3.49", "2005-03-31": "4.56"}, "debt equity ratio": {"current": "0.52", "2020-09-30": "1.13", "2020-06-30": "1.02", "2020-03-31": "1.08", "2019-12-31": "1.06", "2019-09-30": "1.08", "2019-06-30": "1.05", "2019-03-31": "1.08", "2018-12-31": "1.18", "2018-09-30": "1.10", "2018-06-30": "1.10", "2018-03-31": "0.98", "2017-12-31": "0.98", "2017-09-30": "0.99", "2017-06-30": "0.82", "2017-03-31": "0.67", "2016-12-31": "0.65", "2016-09-30": "0.62", "2016-06-30": "0.57", "2016-03-31": "0.57", "2015-12-31": "0.63", "2015-09-30": "0.65", "2015-06-30": "0.63", "2015-03-31": "0.68", "2014-12-31": "0.68", "2014-09-30": "0.64", "2014-06-30": "0.66", "2014-03-31": "0.64", "2013-12-31": "0.50", "2013-09-30": "0.52", "2013-06-30": "0.53", "2013-03-31": "0.50", "2012-12-31": "0.50", "2012-09-30": "0.46", "2012-06-30": "0.47", "2012-03-31": "0.44", "2011-12-31": "0.46", "2011-09-30": "0.53", "2011-06-30": "0.54", "2011-03-31": "0.56", "2010-12-31": "0.58", "2010-09-30": "0.60", "2010-06-30": "0.61", "2010-03-31": "0.64", "2009-12-31": "0.66", "2009-09-30": "0.69", "2009-06-30": "0.94", "2009-03-31": "0.94", "2008-12-31": "0.99", "2008-09-30": "0.97", "2008-06-30": "0.94", "2008-03-31": "0.96", "2007-12-31": "0.99", "2007-09-30": "1.03", "2007-06-30": "1.04", "2007-03-31": "1.13", "2006-12-31": "1.14", "2006-09-30": "1.22", "2006-06-30": "0.00", "2006-03-31": "0.00", "2005-12-31": "0.70", "2005-09-30": "0.69", "2005-06-30": "0.78", "2005-03-31": "0.73"}, "return on equity": {"2020-09-30": "7.41%", "2020-06-30": "0.55%", "2020-03-31": "-1.22%", "2019-12-31": "-1.60%", "2019-09-30": "-0.97%", "2019-06-30": "7.54%", "2019-03-31": "7.31%", "2018-12-31": "7.40%", "2018-09-30": "3.50%", "2018-06-30": "3.02%", "2018-03-31": "2.12%", "2017-12-31": "1.59%", "2017-09-30": "3.52%", "2017-06-30": "2.98%", "2017-03-31": "3.21%", "2016-12-31": "3.08%", "2016-09-30": "4.73%", "2016-06-30": "4.76%", "2016-03-31": "4.96%", "2015-12-31": "5.15%", "2015-09-30": "4.08%", "2015-06-30": "4.04%", "2015-03-31": "4.26%", "2014-12-31": "4.31%", "2014-09-30": "5.53%", "2014-06-30": "5.77%", "2014-03-31": "2.68%", "2013-12-31": "2.58%", "2013-09-30": "1.76%", "2013-06-30": "1.31%", "2013-03-31": "4.46%", "2012-12-31": "4.82%", "2012-09-30": "3.45%", "2012-06-30": "3.72%", "2012-03-31": "3.74%", "2011-12-31": "3.74%", "2011-09-30": "5.18%", "2011-06-30": "5.30%", "2011-03-31": "5.69%", "2010-12-31": "6.03%", "2010-09-30": "6.49%", "2010-06-30": "6.72%", "2010-03-31": "6.98%", "2009-12-31": "7.34%", "2009-09-30": "7.13%", "2009-06-30": "6.90%", "2009-03-31": "6.42%", "2008-12-31": "6.09%", "2008-09-30": "5.47%", "2008-06-30": "3.61%", "2008-03-31": "4.26%", "2007-12-31": "5.20%", "2007-09-30": "7.10%", "2007-06-30": "14.09%", "2007-03-31": "17.12%", "2006-12-31": "25.57%", "2006-09-30": "27.78%", "2006-06-30": "30.18%", "2006-03-31": "20.60%", "2005-12-31": "14.72%"}, "return on assets": {"2020-09-30": "3.57%", "2020-06-30": "0.27%", "2020-03-31": "-0.59%", "2019-12-31": "-0.77%", "2019-09-30": "-0.46%", "2019-06-30": "3.59%", "2019-03-31": "3.45%", "2018-12-31": "3.54%", "2018-09-30": "1.72%", "2018-06-30": "1.50%", "2018-03-31": "1.09%", "2017-12-31": "0.85%", "2017-09-30": "1.97%", "2017-06-30": "1.76%", "2017-03-31": "1.97%", "2016-12-31": "1.92%", "2016-09-30": "2.96%", "2016-06-30": "2.97%", "2016-03-31": "3.06%", "2015-12-31": "3.13%", "2015-09-30": "2.46%", "2015-06-30": "2.44%", "2015-03-31": "2.56%", "2014-12-31": "2.60%", "2014-09-30": "3.43%", "2014-06-30": "3.65%", "2014-03-31": "1.73%", "2013-12-31": "1.71%", "2013-09-30": "1.16%", "2013-06-30": "0.87%", "2013-03-31": "3.01%", "2012-12-31": "3.28%", "2012-09-30": "2.37%", "2012-06-30": "2.53%", "2012-03-31": "2.51%", "2011-12-31": "2.46%", "2011-09-30": "3.34%", "2011-06-30": "3.38%", "2011-03-31": "3.58%", "2010-12-31": "3.75%", "2010-09-30": "3.99%", "2010-06-30": "4.08%", "2010-03-31": "4.08%", "2009-12-31": "4.13%", "2009-09-30": "3.83%", "2009-06-30": "3.53%", "2009-03-31": "3.28%", "2008-12-31": "3.10%", "2008-09-30": "2.78%", "2008-06-30": "1.82%", "2008-03-31": "2.13%", "2007-12-31": "2.56%", "2007-09-30": "3.43%", "2007-06-30": "6.62%", "2007-03-31": "7.92%", "2006-12-31": "11.74%", "2006-09-30": "14.04%", "2006-06-30": "17.81%", "2006-03-31": "11.97%", "2005-12-31": "8.55%"}, "return on investments": {"2020-09-30": "7.78%", "2020-06-30": "1.47%", "2020-03-31": "0.00%", "2019-12-31": "-0.64%", "2019-09-30": "-0.44%", "2019-06-30": "6.67%", "2019-03-31": "6.57%", "2018-12-31": "6.78%", "2018-09-30": "5.63%", "2018-06-30": "5.07%", "2018-03-31": "4.31%", "2017-12-31": "3.82%", "2017-09-30": "2.97%", "2017-06-30": "2.65%", "2017-03-31": "2.90%", "2016-12-31": "2.68%", "2016-09-30": "4.15%", "2016-06-30": "4.14%", "2016-03-31": "4.45%", "2015-12-31": "5.00%", "2015-09-30": "3.95%", "2015-06-30": "4.01%", "2015-03-31": "4.13%", "2014-12-31": "4.21%", "2014-09-30": "4.59%", "2014-06-30": "4.23%", "2014-03-31": "2.11%", "2013-12-31": "1.79%", "2013-09-30": "2.22%", "2013-06-30": "2.42%", "2013-03-31": "4.85%", "2012-12-31": "5.24%", "2012-09-30": "3.24%", "2012-06-30": "3.11%", "2012-03-31": "3.07%", "2011-12-31": "3.07%", "2011-09-30": "5.19%", "2011-06-30": "5.58%", "2011-03-31": "5.56%", "2010-12-31": "5.83%", "2010-09-30": "5.37%", "2010-06-30": "5.52%", "2010-03-31": "6.13%", "2009-12-31": "6.42%", "2009-09-30": "5.68%", "2009-06-30": "6.05%", "2009-03-31": "5.86%", "2008-12-31": "6.05%", "2008-09-30": "7.64%", "2008-06-30": "6.76%", "2008-03-31": "7.20%", "2007-12-31": "7.67%", "2007-09-30": "15.57%", "2007-06-30": "20.13%", "2007-03-31": "37.28%", "2006-12-31": "71.72%", "2006-09-30": "65.64%", "2006-06-30": "84.70%", "2006-03-31": "38.72%", "2005-12-31": "15.34%"}, "return on tangible equity": {"2020-09-30": "-81.88%", "2020-06-30": "-6.52%", "2020-03-31": "13.63%", "2019-12-31": "17.96%", "2019-09-30": "15.97%", "2019-06-30": "-183.61%", "2019-03-31": "-186.14%", "2018-12-31": "-603.17%", "2018-09-30": "-240.54%", "2018-06-30": "-1400.00%", "2018-03-31": "257.14%", "2017-12-31": "-213.33%", "2017-09-30": "1780.00%", "2017-06-30": "447.06%", "2017-03-31": "200.00%", "2016-12-31": "85.94%", "2016-09-30": "160.52%", "2016-06-30": "184.27%", "2016-03-31": "241.90%", "2015-12-31": "1209.30%", "2015-09-30": "1386.67%", "2015-06-30": "251.50%", "2015-03-31": "169.29%", "2014-12-31": "109.09%", "2014-09-30": "130.17%", "2014-06-30": "216.55%", "2014-03-31": "150.79%", "2013-12-31": "132.69%", "2013-09-30": "78.01%", "2013-06-30": "45.75%", "2013-03-31": "169.01%", "2012-12-31": "226.32%", "2012-09-30": "298.36%", "2012-06-30": "303.13%", "2012-03-31": "61.88%", "2011-12-31": "39.22%", "2011-09-30": "39.26%", "2011-06-30": "33.71%", "2011-03-31": "39.71%", "2010-12-31": "47.33%", "2010-09-30": "58.02%", "2010-06-30": "61.35%", "2010-03-31": "130.94%", "2009-12-31": "-569.07%", "2009-09-30": "-74.61%", "2009-06-30": "-33.75%", "2009-03-31": "-31.05%", "2008-12-31": "-29.72%", "2008-09-30": "-26.03%", "2008-06-30": "-15.25%", "2008-03-31": "-26.95%", "2007-12-31": "-126.71%", "2007-09-30": "45.64%", "2007-06-30": "27.05%", "2007-03-31": "32.99%", "2006-12-31": "49.12%", "2006-09-30": "48.23%", "2006-06-30": "46.94%", "2006-03-31": "31.90%", "2005-12-31": "21.67%"}, "dividend yield history": {"last payout": "$0.00", "last yield": "0.00%"}}