{"ticker": "QRVO", "price": {"title": "Qorvo Historical Annual Stock Price Data", "value": 167.14, "historical": {"2020": {"Average Stock Price": "117.7924", "Year Open": "115.9600", "Year High": "169.9600", "Year Low": "69.3600", "Year Close": "166.2700", "Annual % Change": "43.05%"}, "2019": {"Average Stock Price": "76.4101", "Year Open": "61.1800", "Year High": "117.9600", "Year Low": "55.6400", "Year Close": "116.2300", "Annual % Change": "91.39%"}, "2018": {"Average Stock Price": "75.0068", "Year Open": "68.8800", "Year High": "86.3900", "Year Low": "56.4700", "Year Close": "60.7300", "Annual % Change": "-8.81%"}, "2017": {"Average Stock Price": "69.6189", "Year Open": "52.9000", "Year High": "80.8200", "Year Low": "52.9000", "Year Close": "66.6000", "Annual % Change": "26.30%"}, "2016": {"Average Stock Price": "51.2501", "Year Open": "50.7200", "Year High": "63.4700", "Year Low": "34.5300", "Year Close": "52.7300", "Annual % Change": "3.60%"}, "2015": {"Average Stock Price": "64.9409", "Year Open": "70.4000", "Year High": "87.8100", "Year Low": "43.2500", "Year Close": "50.9000", "Annual % Change": "0.00%"}}}, "market cap": {"value": "$19.06B"}, "income statement": {"Revenue": {"2020-03-31": "3239.14100", "2019-03-31": "3090.32500", "2018-03-31": "2973.53600", "2017-03-31": "3032.57400", "2016-03-31": "2610.72600", "2015-03-31": "1710.96600", "2014-03-31": "1148.23100", "2013-03-31": "964.14700"}, "Cost Of Goods Sold": {"2020-03-31": "1917.37800", "2019-03-31": "1895.14200", "2018-03-31": "1826.57000", "2017-03-31": "1897.06200", "2016-03-31": "1561.17300", "2015-03-31": "1021.65800", "2014-03-31": "743.30400", "2013-03-31": "658.33200"}, "Gross Profit": {"2020-03-31": "1321.76300", "2019-03-31": "1195.18300", "2018-03-31": "1146.96600", "2017-03-31": "1135.51200", "2016-03-31": "1049.55300", "2015-03-31": "689.30790", "2014-03-31": "404.92690", "2013-03-31": "305.81500"}, "Research And Development Expenses": {"2020-03-31": "484.41400", "2019-03-31": "450.48200", "2018-03-31": "445.10300", "2017-03-31": "470.83600", "2016-03-31": "448.76300", "2015-03-31": "257.49400", "2014-03-31": "197.26900", "2013-03-31": "178.79300"}, "SG&A Expenses": {"2020-03-31": "343.56900", "2019-03-31": "476.07400", "2018-03-31": "527.75100", "2017-03-31": "545.58800", "2016-03-31": "534.09900", "2015-03-31": "249.88600", "2014-03-31": "151.40400", "2013-03-31": "132.91600"}, "Other Operating Income Or Expenses": {"2020-03-31": "-70.56400", "2019-03-31": "-52.16100", "2018-03-31": "-103.83000", "2017-03-31": "-31.02900", "2016-03-31": "-54.72300", "2015-03-31": "-59.46200", "2014-03-31": "-28.91300", "2013-03-31": "-9.78600"}, "Operating Expenses": {"2020-03-31": "2815.92500", "2019-03-31": "2873.85900", "2018-03-31": "2903.25400", "2017-03-31": "2944.51500", "2016-03-31": "2598.75800", "2015-03-31": "1588.50000", "2014-03-31": "1120.89000", "2013-03-31": "979.82700"}, "Operating Income": {"2020-03-31": "423.21610", "2019-03-31": "216.46610", "2018-03-31": "70.28200", "2017-03-31": "88.05910", "2016-03-31": "11.96800", "2015-03-31": "122.46590", "2014-03-31": "27.34090", "2013-03-31": "-15.68010"}, "Total Non-Operating Income/Expense": {"2020-03-31": "-28.12700", "2019-03-31": "-124.67400", "2018-03-31": "-53.13700", "2017-03-31": "-60.75400", "2016-03-31": "-14.83000", "2015-03-31": "-1.22500", "2014-03-31": "-3.46800", "2013-03-31": "-10.21900"}, "Pre-Tax Income": {"2020-03-31": "395.08900", "2019-03-31": "91.79200", "2018-03-31": "17.14500", "2017-03-31": "27.30500", "2016-03-31": "-2.86200", "2015-03-31": "121.24100", "2014-03-31": "23.87300", "2013-03-31": "-25.89900"}, "Income Taxes": {"2020-03-31": "60.76400", "2019-03-31": "-41.33300", "2018-03-31": "57.43300", "2017-03-31": "43.86300", "2016-03-31": "25.98300", "2015-03-31": "-75.06200", "2014-03-31": "11.23100", "2013-03-31": "27.10000"}, "Income After Taxes": {"2020-03-31": "334.32500", "2019-03-31": "133.12500", "2018-03-31": "-40.28800", "2017-03-31": "-16.55800", "2016-03-31": "-28.84500", "2015-03-31": "196.30300", "2014-03-31": "12.64200", "2013-03-31": "-52.99900"}, "Other Income": {"2020-03-31": "", "2019-03-31": "", "2018-03-31": "", "2017-03-31": "", "2016-03-31": "", "2015-03-31": "", "2014-03-31": "", "2013-03-31": ""}, "Income From Continuous Operations": {"2020-03-31": "334.32500", "2019-03-31": "133.12500", "2018-03-31": "-40.28800", "2017-03-31": "-16.55800", "2016-03-31": "-28.84500", "2015-03-31": "196.30300", "2014-03-31": "12.64200", "2013-03-31": "-52.99900"}, "Income From Discontinued Operations": {"2020-03-31": "", "2019-03-31": "", "2018-03-31": "", "2017-03-31": "", "2016-03-31": "", "2015-03-31": "", "2014-03-31": "", "2013-03-31": ""}, "Net Income": {"2020-03-31": "334.32500", "2019-03-31": "133.12500", "2018-03-31": "-40.28800", "2017-03-31": "-16.55800", "2016-03-31": "-28.84500", "2015-03-31": "196.30300", "2014-03-31": "12.64200", "2013-03-31": "-52.99900"}, "EBITDA": {"2020-03-31": "892.14710", "2019-03-31": "879.56300", "2018-03-31": "784.49690", "2017-03-31": "792.63610", "2016-03-31": "686.91900", "2015-03-31": "339.45390", "2014-03-31": "112.93690", "2013-03-31": "56.68300"}, "EBIT": {"2020-03-31": "423.21610", "2019-03-31": "216.46610", "2018-03-31": "70.28200", "2017-03-31": "88.05910", "2016-03-31": "11.96800", "2015-03-31": "122.46590", "2014-03-31": "27.34090", "2013-03-31": "-15.68010"}, "Basic Shares Outstanding": {"2020-03-31": "117.00700", "2019-03-31": "124.53400", "2018-03-31": "126.94600", "2017-03-31": "127.12100", "2016-03-31": "141.93700", "2015-03-31": "90.47700", "2014-03-31": "70.49900", "2013-03-31": "69.65000"}, "Shares Outstanding": {"2020-03-31": "119.29300", "2019-03-31": "127.35600", "2018-03-31": "126.94600", "2017-03-31": "127.12100", "2016-03-31": "141.93700", "2015-03-31": "93.21100", "2014-03-31": "72.01900", "2013-03-31": "69.65000"}, "Basic EPS": {"2020-03-31": "2.86000", "2019-03-31": "1.07000", "2018-03-31": "-0.32000", "2017-03-31": "-0.13000", "2016-03-31": "-0.20000", "2015-03-31": "2.17000", "2014-03-31": "0.18000", "2013-03-31": "-0.76000"}, "EPS - Earnings Per Share": {"2020-03-31": "2.80000", "2019-03-31": "1.05000", "2018-03-31": "-0.32000", "2017-03-31": "-0.13000", "2016-03-31": "-0.20000", "2015-03-31": "2.11000", "2014-03-31": "0.18000", "2013-03-31": "-0.76000"}}, "income statement, quarterly": {"Revenue": {"2020-12-31": "1094.83400", "2020-09-30": "1060.29200", "2020-06-30": "787.45100", "2020-03-31": "787.77210", "2019-12-31": "869.07300", "2019-09-30": "806.69800", "2019-06-30": "775.59800", "2019-03-31": "680.88190", "2018-12-31": "832.33000", "2018-09-30": "884.44300", "2018-06-30": "692.67000", "2018-03-31": "665.38290", "2017-12-31": "845.73900", "2017-09-30": "821.58300", "2017-06-30": "640.83100", "2017-03-31": "642.99210", "2016-12-31": "826.34700", "2016-09-30": "864.69800", "2016-06-30": "698.53700", "2016-03-31": "608.06900", "2015-12-31": "620.68100", "2015-09-30": "708.33500", "2015-06-30": "673.64100", "2015-03-31": "634.89180", "2014-12-31": "397.08600", "2014-09-30": "362.66700", "2014-06-30": "316.32100", "2014-03-31": "", "2013-12-31": "288.52000", "2013-03-31": ""}, "Cost Of Goods Sold": {"2020-12-31": "557.08200", "2020-09-30": "568.74200", "2020-06-30": "461.66200", "2020-03-31": "451.99110", "2019-12-31": "500.96200", "2019-09-30": "483.11600", "2019-06-30": "481.30900", "2019-03-31": "414.30890", "2018-12-31": "493.96700", "2018-09-30": "530.92900", "2018-06-30": "455.93700", "2018-03-31": "412.74290", "2017-12-31": "508.81200", "2017-09-30": "500.56100", "2017-06-30": "404.45400", "2017-03-31": "411.39590", "2016-12-31": "515.70500", "2016-09-30": "547.89900", "2016-06-30": "422.06200", "2016-03-31": "353.86900", "2015-12-31": "389.69300", "2015-09-30": "423.48700", "2015-06-30": "394.12400", "2015-03-31": "446.00600", "2014-12-31": "206.38400", "2014-09-30": "195.21600", "2014-06-30": "174.05200", "2014-03-31": "", "2013-12-31": "180.99700", "2013-03-31": ""}, "Gross Profit": {"2020-12-31": "537.75200", "2020-09-30": "491.55000", "2020-06-30": "325.78900", "2020-03-31": "335.78100", "2019-12-31": "368.11100", "2019-09-30": "323.58200", "2019-06-30": "294.28900", "2019-03-31": "266.57300", "2018-12-31": "338.36300", "2018-09-30": "353.51400", "2018-06-30": "236.73300", "2018-03-31": "252.64000", "2017-12-31": "336.92700", "2017-09-30": "321.02200", "2017-06-30": "236.37700", "2017-03-31": "231.59610", "2016-12-31": "310.64200", "2016-09-30": "316.79900", "2016-06-30": "276.47500", "2016-03-31": "254.20000", "2015-12-31": "230.98800", "2015-09-30": "284.84800", "2015-06-30": "279.51700", "2015-03-31": "188.88580", "2014-12-31": "190.70200", "2014-09-30": "167.45100", "2014-06-30": "142.26900", "2014-03-31": "", "2013-12-31": "107.52300", "2013-03-31": ""}, "Research And Development Expenses": {"2020-12-31": "136.69700", "2020-09-30": "156.34200", "2020-06-30": "130.07100", "2020-03-31": "127.02900", "2019-12-31": "122.85100", "2019-09-30": "115.61400", "2019-06-30": "118.92000", "2019-03-31": "112.84600", "2018-12-31": "109.98500", "2018-09-30": "116.74800", "2018-06-30": "110.90300", "2018-03-31": "110.79500", "2017-12-31": "106.41100", "2017-09-30": "111.39800", "2017-06-30": "116.49900", "2017-03-31": "115.67000", "2016-12-31": "111.95100", "2016-09-30": "126.07800", "2016-06-30": "117.13700", "2016-03-31": "107.26800", "2015-12-31": "105.99200", "2015-09-30": "118.29300", "2015-06-30": "117.21000", "2015-03-31": "115.47600", "2014-12-31": "48.86500", "2014-09-30": "48.56700", "2014-06-30": "44.58600", "2014-03-31": "", "2013-12-31": "50.37800", "2013-03-31": ""}, "SG&A Expenses": {"2020-12-31": "93.13900", "2020-09-30": "109.37200", "2020-06-30": "86.60400", "2020-03-31": "85.11100", "2019-12-31": "81.20500", "2019-09-30": "88.27400", "2019-06-30": "88.97900", "2019-03-31": "75.03300", "2018-12-31": "125.60400", "2018-09-30": "139.50700", "2018-06-30": "135.93000", "2018-03-31": "122.89800", "2017-12-31": "126.55500", "2017-09-30": "138.86700", "2017-06-30": "139.43100", "2017-03-31": "132.73800", "2016-12-31": "130.67200", "2016-09-30": "138.58300", "2016-06-30": "143.59500", "2016-03-31": "127.08300", "2015-12-31": "126.29400", "2015-09-30": "134.99400", "2015-06-30": "145.72800", "2015-03-31": "145.03300", "2014-12-31": "29.96500", "2014-09-30": "36.93300", "2014-06-30": "37.95500", "2014-03-31": "", "2013-12-31": "35.82000", "2013-03-31": ""}, "Other Operating Income Or Expenses": {"2020-12-31": "-8.71300", "2020-09-30": "-4.19200", "2020-06-30": "-16.40200", "2020-03-31": "-21.48700", "2019-12-31": "-10.98600", "2019-09-30": "-6.92700", "2019-06-30": "-31.16400", "2019-03-31": "-14.64700", "2018-12-31": "-21.61700", "2018-09-30": "-6.78200", "2018-06-30": "-9.11500", "2018-03-31": "-50.72000", "2017-12-31": "-23.64100", "2017-09-30": "-21.19300", "2017-06-30": "-8.27600", "2017-03-31": "-7.64400", "2016-12-31": "-6.63800", "2016-09-30": "-6.74500", "2016-06-30": "-10.00200", "2016-03-31": "-11.37200", "2015-12-31": "-11.91500", "2015-09-30": "-13.52200", "2015-06-30": "-17.91400", "2015-03-31": "-30.92200", "2014-12-31": "-8.23700", "2014-09-30": "-6.69500", "2014-06-30": "-13.60800", "2014-03-31": "", "2013-12-31": "-5.93300", "2013-03-31": ""}, "Operating Expenses": {"2020-12-31": "795.63100", "2020-09-30": "838.64800", "2020-06-30": "694.73900", "2020-03-31": "685.61800", "2019-12-31": "716.00400", "2019-09-30": "693.93100", "2019-06-30": "720.37200", "2019-03-31": "616.83470", "2018-12-31": "751.17300", "2018-09-30": "793.96600", "2018-06-30": "711.88500", "2018-03-31": "697.15590", "2017-12-31": "765.41900", "2017-09-30": "772.01900", "2017-06-30": "668.66000", "2017-03-31": "667.44780", "2016-12-31": "764.96600", "2016-09-30": "819.30500", "2016-06-30": "692.79610", "2016-03-31": "599.59200", "2015-12-31": "633.89400", "2015-09-30": "690.29600", "2015-06-30": "674.97600", "2015-03-31": "737.43690", "2014-12-31": "293.45100", "2014-09-30": "287.41100", "2014-06-30": "270.20100", "2014-03-31": "", "2013-12-31": "273.12800", "2013-03-31": ""}, "Operating Income": {"2020-12-31": "299.20300", "2020-09-30": "221.64400", "2020-06-30": "92.71200", "2020-03-31": "102.15410", "2019-12-31": "153.06900", "2019-09-30": "112.76700", "2019-06-30": "55.22600", "2019-03-31": "64.04720", "2018-12-31": "81.15700", "2018-09-30": "90.47700", "2018-06-30": "-19.21500", "2018-03-31": "-31.77300", "2017-12-31": "80.32000", "2017-09-30": "49.56400", "2017-06-30": "-27.82900", "2017-03-31": "-24.45580", "2016-12-31": "61.38100", "2016-09-30": "45.39300", "2016-06-30": "5.74090", "2016-03-31": "8.47700", "2015-12-31": "-13.21300", "2015-09-30": "18.03900", "2015-06-30": "-1.33500", "2015-03-31": "-102.54500", "2014-12-31": "103.63500", "2014-09-30": "75.25600", "2014-06-30": "46.12000", "2014-03-31": "", "2013-12-31": "15.39200", "2013-03-31": ""}, "Total Non-Operating Income/Expense": {"2020-12-31": "-75.68700", "2020-09-30": "-21.56600", "2020-06-30": "4.28800", "2020-03-31": "-37.51900", "2019-12-31": "30.12200", "2019-09-30": "-10.70100", "2019-06-30": "-10.02900", "2019-03-31": "-13.85100", "2018-12-31": "-10.26800", "2018-09-30": "-57.64100", "2018-06-30": "-42.91400", "2018-03-31": "-11.90600", "2017-12-31": "-14.88000", "2017-09-30": "-13.91200", "2017-06-30": "-12.43900", "2017-03-31": "-12.83200", "2016-12-31": "-16.84000", "2016-09-30": "-15.67300", "2016-06-30": "-15.40900", "2016-03-31": "-11.19800", "2015-12-31": "-7.78800", "2015-09-30": "0.19300", "2015-06-30": "3.96300", "2015-03-31": "-0.94800", "2014-12-31": "-0.20400", "2014-09-30": "-0.01800", "2014-06-30": "-0.05500", "2014-03-31": "", "2013-12-31": "-0.99600", "2013-03-31": ""}, "Pre-Tax Income": {"2020-12-31": "223.51600", "2020-09-30": "200.07800", "2020-06-30": "97.00000", "2020-03-31": "64.63500", "2019-12-31": "183.19100", "2019-09-30": "102.06600", "2019-06-30": "45.19700", "2019-03-31": "50.19600", "2018-12-31": "70.88900", "2018-09-30": "32.83600", "2018-06-30": "-62.12900", "2018-03-31": "-43.67900", "2017-12-31": "65.44000", "2017-09-30": "35.65200", "2017-06-30": "-40.26800", "2017-03-31": "-37.28800", "2016-12-31": "44.54100", "2016-09-30": "29.72000", "2016-06-30": "-9.66800", "2016-03-31": "-2.72100", "2015-12-31": "-21.00100", "2015-09-30": "18.23200", "2015-06-30": "2.62800", "2015-03-31": "-103.49300", "2014-12-31": "103.43100", "2014-09-30": "75.23800", "2014-06-30": "46.06500", "2014-03-31": "", "2013-12-31": "14.39600", "2013-03-31": ""}, "Income Taxes": {"2020-12-31": "22.48100", "2020-09-30": "63.16100", "2020-06-30": "0.07800", "2020-03-31": "14.24500", "2019-12-31": "21.83500", "2019-09-30": "19.02800", "2019-06-30": "5.65600", "2019-03-31": "-11.32100", "2018-12-31": "1.37200", "2018-09-30": "0.75200", "2018-06-30": "-32.13600", "2018-03-31": "-31.17800", "2017-12-31": "98.52200", "2017-09-30": "-0.26700", "2017-06-30": "-9.64400", "2017-03-31": "-93.19600", "2016-12-31": "123.17900", "2016-09-30": "17.87300", "2016-06-30": "-3.99300", "2016-03-31": "21.48100", "2015-12-31": "-9.87400", "2015-09-30": "13.78400", "2015-06-30": "0.59200", "2015-03-31": "-109.97500", "2014-12-31": "15.56800", "2014-09-30": "11.92700", "2014-06-30": "7.41800", "2014-03-31": "", "2013-12-31": "8.16100", "2013-03-31": ""}, "Income After Taxes": {"2020-12-31": "201.03500", "2020-09-30": "136.91700", "2020-06-30": "96.92200", "2020-03-31": "50.39000", "2019-12-31": "161.35600", "2019-09-30": "83.03800", "2019-06-30": "39.54100", "2019-03-31": "61.51700", "2018-12-31": "69.51700", "2018-09-30": "32.08400", "2018-06-30": "-29.99300", "2018-03-31": "-12.50100", "2017-12-31": "-33.08200", "2017-09-30": "35.91900", "2017-06-30": "-30.62400", "2017-03-31": "55.90800", "2016-12-31": "-78.63800", "2016-09-30": "11.84700", "2016-06-30": "-5.67500", "2016-03-31": "-24.20200", "2015-12-31": "-11.12700", "2015-09-30": "4.44800", "2015-06-30": "2.03600", "2015-03-31": "6.48200", "2014-12-31": "87.86300", "2014-09-30": "63.31100", "2014-06-30": "38.64700", "2014-03-31": "", "2013-12-31": "6.23500", "2013-03-31": ""}, "Other Income": {"2020-12-31": "", "2020-09-30": "", "2020-06-30": "", "2020-03-31": "", "2019-12-31": "", "2019-09-30": "", "2019-06-30": "", "2019-03-31": "", "2018-12-31": "", "2018-09-30": "", "2018-06-30": "", "2018-03-31": "", "2017-12-31": "", "2017-09-30": "", "2017-06-30": "", "2017-03-31": "", "2016-12-31": "", "2016-09-30": "", "2016-06-30": "", "2016-03-31": "", "2015-12-31": "", "2015-09-30": "", "2015-06-30": "", "2015-03-31": "", "2014-12-31": "", "2014-09-30": "", "2014-06-30": "", "2014-03-31": "", "2013-12-31": "", "2013-03-31": ""}, "Income From Continuous Operations": {"2020-12-31": "201.03500", "2020-09-30": "136.91700", "2020-06-30": "96.92200", "2020-03-31": "50.39000", "2019-12-31": "161.35600", "2019-09-30": "83.03800", "2019-06-30": "39.54100", "2019-03-31": "61.51700", "2018-12-31": "69.51700", "2018-09-30": "32.08400", "2018-06-30": "-29.99300", "2018-03-31": "-12.50100", "2017-12-31": "-33.08200", "2017-09-30": "35.91900", "2017-06-30": "-30.62400", "2017-03-31": "55.90800", "2016-12-31": "-78.63800", "2016-09-30": "11.84700", "2016-06-30": "-5.67500", "2016-03-31": "-24.20200", "2015-12-31": "-11.12700", "2015-09-30": "4.44800", "2015-06-30": "2.03600", "2015-03-31": "6.48200", "2014-12-31": "87.86300", "2014-09-30": "63.31100", "2014-06-30": "38.64700", "2014-03-31": "", "2013-12-31": "6.23500", "2013-03-31": ""}, "Income From Discontinued Operations": {"2020-12-31": "", "2020-09-30": "", "2020-06-30": "", "2020-03-31": "", "2019-12-31": "", "2019-09-30": "", "2019-06-30": "", "2019-03-31": "", "2018-12-31": "", "2018-09-30": "", "2018-06-30": "", "2018-03-31": "", "2017-12-31": "", "2017-09-30": "", "2017-06-30": "", "2017-03-31": "", "2016-12-31": "", "2016-09-30": "", "2016-06-30": "", "2016-03-31": "", "2015-12-31": "", "2015-09-30": "", "2015-06-30": "", "2015-03-31": "", "2014-12-31": "", "2014-09-30": "", "2014-06-30": "", "2014-03-31": "", "2013-12-31": "", "2013-03-31": ""}, "Net Income": {"2020-12-31": "201.03500", "2020-09-30": "136.91700", "2020-06-30": "96.92200", "2020-03-31": "50.39000", "2019-12-31": "161.35600", "2019-09-30": "83.03800", "2019-06-30": "39.54100", "2019-03-31": "61.51700", "2018-12-31": "69.51700", "2018-09-30": "32.08400", "2018-06-30": "-29.99300", "2018-03-31": "-12.50100", "2017-12-31": "-33.08200", "2017-09-30": "35.91900", "2017-06-30": "-30.62400", "2017-03-31": "55.90800", "2016-12-31": "-78.63800", "2016-09-30": "11.84700", "2016-06-30": "-5.67500", "2016-03-31": "-24.20200", "2015-12-31": "-11.12700", "2015-09-30": "4.44800", "2015-06-30": "2.03600", "2015-03-31": "6.48200", "2014-12-31": "87.86300", "2014-09-30": "63.31100", "2014-06-30": "38.64700", "2014-03-31": "", "2013-12-31": "6.23500", "2013-03-31": ""}, "EBITDA": {"2020-12-31": "424.05200", "2020-09-30": "344.79800", "2020-06-30": "214.82700", "2020-03-31": "220.84110", "2019-12-31": "269.85390", "2019-09-30": "223.95600", "2019-06-30": "177.49600", "2019-03-31": "184.93620", "2018-12-31": "266.44300", "2018-09-30": "270.62700", "2018-06-30": "157.55700", "2018-03-31": "143.18790", "2017-12-31": "262.29710", "2017-09-30": "229.62400", "2017-06-30": "149.38800", "2017-03-31": "160.90330", "2016-12-31": "240.02500", "2016-09-30": "219.88000", "2016-06-30": "171.82790", "2016-03-31": "166.51200", "2015-12-31": "163.95610", "2015-09-30": "191.92700", "2015-06-30": "164.52400", "2015-03-31": "57.69200", "2014-12-31": "122.14900", "2014-09-30": "94.36800", "2014-06-30": "65.24500", "2014-03-31": "", "2013-12-31": "15.39200", "2013-03-31": ""}, "EBIT": {"2020-12-31": "299.20300", "2020-09-30": "221.64400", "2020-06-30": "92.71200", "2020-03-31": "102.15410", "2019-12-31": "153.06900", "2019-09-30": "112.76700", "2019-06-30": "55.22600", "2019-03-31": "64.04710", "2018-12-31": "81.15700", "2018-09-30": "90.47700", "2018-06-30": "-19.21500", "2018-03-31": "-31.77300", "2017-12-31": "80.32000", "2017-09-30": "49.56400", "2017-06-30": "-27.82900", "2017-03-31": "-24.45580", "2016-12-31": "61.38100", "2016-09-30": "45.39300", "2016-06-30": "5.74090", "2016-03-31": "8.47700", "2015-12-31": "-13.21300", "2015-09-30": "18.03900", "2015-06-30": "-1.33500", "2015-03-31": "-102.54500", "2014-12-31": "103.63500", "2014-09-30": "75.25600", "2014-06-30": "46.12000", "2014-03-31": "", "2013-12-31": "15.39200", "2013-03-31": ""}, "Basic Shares Outstanding": {"2020-12-31": "113.81100", "2020-09-30": "114.32800", "2020-06-30": "114.58500", "2020-03-31": "117.00700", "2019-12-31": "116.12900", "2019-09-30": "117.29400", "2019-06-30": "118.75600", "2019-03-31": "124.53400", "2018-12-31": "124.30800", "2018-09-30": "125.64300", "2018-06-30": "126.19800", "2018-03-31": "126.94600", "2017-12-31": "127.03400", "2017-09-30": "127.25700", "2017-06-30": "126.96100", "2017-03-31": "127.12100", "2016-12-31": "126.85200", "2016-09-30": "127.54600", "2016-06-30": "127.54100", "2016-03-31": "141.93700", "2015-12-31": "139.34300", "2015-09-30": "146.05300", "2015-06-30": "149.32200", "2015-03-31": "90.47700", "2014-12-31": "72.72300", "2014-09-30": "72.21100", "2014-06-30": "71.56400", "2014-03-31": "", "2013-12-31": "70.61000", "2013-03-31": ""}, "Shares Outstanding": {"2020-12-31": "115.69000", "2020-09-30": "116.17700", "2020-06-30": "116.75100", "2020-03-31": "119.29300", "2019-12-31": "118.45500", "2019-09-30": "119.42900", "2019-06-30": "121.12300", "2019-03-31": "127.35600", "2018-12-31": "126.84200", "2018-09-30": "128.55000", "2018-06-30": "126.19800", "2018-03-31": "126.94600", "2017-12-31": "127.03400", "2017-09-30": "130.77800", "2017-06-30": "126.96100", "2017-03-31": "127.12100", "2016-12-31": "126.85200", "2016-09-30": "132.32900", "2016-06-30": "127.54100", "2016-03-31": "141.93700", "2015-12-31": "139.34300", "2015-09-30": "150.78300", "2015-06-30": "154.46100", "2015-03-31": "93.21100", "2014-12-31": "74.45400", "2014-09-30": "74.13400", "2014-06-30": "73.65900", "2014-03-31": "", "2013-12-31": "71.98000", "2013-03-31": ""}, "Basic EPS": {"2020-12-31": "1.77000", "2020-09-30": "1.20000", "2020-06-30": "0.85000", "2020-03-31": "0.43000", "2019-12-31": "1.39000", "2019-09-30": "0.71000", "2019-06-30": "0.33000", "2019-03-31": "0.49000", "2018-12-31": "0.56000", "2018-09-30": "0.26000", "2018-06-30": "-0.24000", "2018-03-31": "-0.10000", "2017-12-31": "-0.26000", "2017-09-30": "0.28000", "2017-06-30": "-0.24000", "2017-03-31": "0.44000", "2016-12-31": "-0.62000", "2016-09-30": "0.09000", "2016-06-30": "-0.04000", "2016-03-31": "-0.16000", "2015-12-31": "-0.08000", "2015-09-30": "0.03000", "2015-06-30": "0.01000", "2015-03-31": "-0.46000", "2014-12-31": "1.21000", "2014-09-30": "0.88000", "2014-06-30": "0.54000", "2014-03-31": "", "2013-12-31": "0.09000", "2013-03-31": ""}, "EPS - Earnings Per Share": {"2020-12-31": "1.74000", "2020-09-30": "1.18000", "2020-06-30": "0.83000", "2020-03-31": "0.41000", "2019-12-31": "1.36000", "2019-09-30": "0.70000", "2019-06-30": "0.33000", "2019-03-31": "0.49000", "2018-12-31": "0.55000", "2018-09-30": "0.25000", "2018-06-30": "-0.24000", "2018-03-31": "-0.09000", "2017-12-31": "-0.26000", "2017-09-30": "0.27000", "2017-06-30": "-0.24000", "2017-03-31": "0.44000", "2016-12-31": "-0.62000", "2016-09-30": "0.09000", "2016-06-30": "-0.04000", "2016-03-31": "-0.16000", "2015-12-31": "-0.08000", "2015-09-30": "0.03000", "2015-06-30": "0.01000", "2015-03-31": "-0.44000", "2014-12-31": "1.18000", "2014-09-30": "0.85000", "2014-06-30": "0.52000", "2014-03-31": "0.00000", "2013-12-31": "0.09000", "2013-03-31": "0.00000"}}, "balance sheet": {"Cash On Hand": {"2020-03-31": "714.93900", "2019-03-31": "711.03500", "2018-03-31": "926.03700", "2017-03-31": "545.46300", "2016-03-31": "612.68900", "2015-03-31": "544.64400", "2014-03-31": "243.96500", "2013-03-31": ""}, "Receivables": {"2020-03-31": "382.18800", "2019-03-31": "400.10600", "2018-03-31": "390.75200", "2017-03-31": "423.19500", "2016-03-31": "363.73600", "2015-03-31": "379.64600", "2014-03-31": "150.59800", "2013-03-31": ""}, "Inventory": {"2020-03-31": "517.19800", "2019-03-31": "511.79300", "2018-03-31": "472.29200", "2017-03-31": "430.45400", "2016-03-31": "427.55100", "2015-03-31": "346.90000", "2014-03-31": "125.70300", "2013-03-31": ""}, "Pre-Paid Expenses": {"2020-03-31": "37.87200", "2019-03-31": "25.76600", "2018-03-31": "23.90900", "2017-03-31": "36.22900", "2016-03-31": "63.85000", "2015-03-31": "52.16900", "2014-03-31": "12.72100", "2013-03-31": ""}, "Other Current Assets": {"2020-03-31": "38.30500", "2019-03-31": "36.14100", "2018-03-31": "30.81500", "2017-03-31": "26.26400", "2016-03-31": "41.38400", "2015-03-31": "26.53800", "2014-03-31": "0.01200", "2013-03-31": ""}, "Total Current Assets": {"2020-03-31": "1690.50200", "2019-03-31": "1684.84100", "2018-03-31": "1843.80500", "2017-03-31": "1461.60500", "2016-03-31": "1509.21000", "2015-03-31": "1500.10500", "2014-03-31": "537.41800", "2013-03-31": ""}, "Property, Plant, And Equipment": {"2020-03-31": "1259.20300", "2019-03-31": "1366.51300", "2018-03-31": "1374.11200", "2017-03-31": "1391.93200", "2016-03-31": "1046.88800", "2015-03-31": "883.37100", "2014-03-31": "195.99600", "2013-03-31": ""}, "Long-Term Investments": {"2020-03-31": "22.51500", "2019-03-31": "97.78600", "2018-03-31": "63.76500", "2017-03-31": "35.49400", "2016-03-31": "26.05000", "2015-03-31": "4.08300", "2014-03-31": "3.84100", "2013-03-31": ""}, "Goodwill And Intangible Assets": {"2020-03-31": "3423.16600", "2019-03-31": "2582.09900", "2018-03-31": "3034.22500", "2017-03-31": "3574.47700", "2016-03-31": "3948.21200", "2015-03-31": "4447.81500", "2014-03-31": "158.89100", "2013-03-31": "0.00000"}, "Other Long-Term Assets": {"2020-03-31": "165.29600", "2019-03-31": "76.78500", "2018-03-31": "65.61200", "2017-03-31": "58.81500", "2016-03-31": "66.45900", "2015-03-31": "57.00500", "2014-03-31": "24.16600", "2013-03-31": ""}, "Total Long-Term Assets": {"2020-03-31": "4870.18000", "2019-03-31": "4123.18300", "2018-03-31": "4537.71400", "2017-03-31": "5060.71800", "2016-03-31": "5087.60900", "2015-03-31": "5392.27400", "2014-03-31": "382.89400", "2013-03-31": ""}, "Total Assets": {"2020-03-31": "6560.68200", "2019-03-31": "5808.02400", "2018-03-31": "6381.51900", "2017-03-31": "6522.32300", "2016-03-31": "6596.81900", "2015-03-31": "6892.37900", "2014-03-31": "920.31200", "2013-03-31": "0.00000"}, "Total Current Liabilities": {"2020-03-31": "539.00300", "2019-03-31": "435.61400", "2018-03-31": "441.27900", "2017-03-31": "418.82800", "2016-03-31": "373.80100", "2015-03-31": "325.31000", "2014-03-31": "219.97300", "2013-03-31": ""}, "Long Term Debt": {"2020-03-31": "1567.23100", "2019-03-31": "920.93500", "2018-03-31": "983.29000", "2017-03-31": "989.15400", "2016-03-31": "988.13000", "2015-03-31": "", "2014-03-31": "", "2013-03-31": ""}, "Other Non-Current Liabilities": {"2020-03-31": "161.78300", "2019-03-31": "91.79600", "2018-03-31": "118.30200", "2017-03-31": "86.10800", "2016-03-31": "83.05600", "2015-03-31": "83.72000", "2014-03-31": "23.10400", "2013-03-31": ""}, "Total Long Term Liabilities": {"2020-03-31": "1729.01400", "2019-03-31": "1012.73100", "2018-03-31": "1164.67600", "2017-03-31": "1206.77300", "2016-03-31": "1223.34600", "2015-03-31": "393.90900", "2014-03-31": "23.98800", "2013-03-31": ""}, "Total Liabilities": {"2020-03-31": "2268.01700", "2019-03-31": "1448.34500", "2018-03-31": "1605.95500", "2017-03-31": "1625.60100", "2016-03-31": "1597.14700", "2015-03-31": "719.21900", "2014-03-31": "243.96100", "2013-03-31": "0.00000"}, "Common Stock Net": {"2020-03-31": "4290.37700", "2019-03-31": "4687.45500", "2018-03-31": "5237.08500", "2017-03-31": "5357.39400", "2016-03-31": "5442.61300", "2015-03-31": "6584.24700", "2014-03-31": "1284.40200", "2013-03-31": "0.00000"}, "Retained Earnings (Accumulated Deficit)": {"2020-03-31": "", "2019-03-31": "-321.15200", "2018-03-31": "-458.76900", "2017-03-31": "-456.36600", "2016-03-31": "-439.80800", "2015-03-31": "-410.96300", "2014-03-31": "-607.26600", "2013-03-31": ""}, "Comprehensive Income": {"2020-03-31": "2.28800", "2019-03-31": "-6.62400", "2018-03-31": "-2.75200", "2017-03-31": "-4.30600", "2016-03-31": "-3.13300", "2015-03-31": "-0.12400", "2014-03-31": "-0.78500", "2013-03-31": ""}, "Other Share Holders Equity": {"2020-03-31": "", "2019-03-31": "", "2018-03-31": "", "2017-03-31": "", "2016-03-31": "", "2015-03-31": "", "2014-03-31": "", "2013-03-31": "0.00000"}, "Share Holder Equity": {"2020-03-31": "4292.66500", "2019-03-31": "4359.67900", "2018-03-31": "4775.56400", "2017-03-31": "4896.72200", "2016-03-31": "4999.67200", "2015-03-31": "6173.16000", "2014-03-31": "676.35100", "2013-03-31": "0.00000"}, "Total Liabilities And Share Holders Equity": {"2020-03-31": "6560.68200", "2019-03-31": "5808.02400", "2018-03-31": "6381.51900", "2017-03-31": "6522.32300", "2016-03-31": "6596.81900", "2015-03-31": "6892.37900", "2014-03-31": "920.31200", "2013-03-31": "0.00000"}}, "balance sheet, quarterly": {"Cash On Hand": {"2020-12-31": "1234.41500", "2020-09-30": "2000.25700", "2020-06-30": "1136.30200", "2020-03-31": "714.93900", "2019-12-31": "1097.72400", "2019-09-30": "586.79400", "2019-06-30": "629.59900", "2019-03-31": "711.03500", "2018-12-31": "649.71100", "2018-09-30": "557.92400", "2018-06-30": "392.04900", "2018-03-31": "926.03700", "2017-12-31": "841.32600", "2017-09-30": "574.87300", "2017-06-30": "512.63100", "2017-03-31": "545.46300", "2016-12-31": "495.81100", "2016-09-30": "469.21900", "2016-06-30": "446.90700", "2016-03-31": "612.68900", "2015-12-31": "1025.16600", "2015-09-30": "195.55700", "2015-06-30": "558.42900", "2015-03-31": "544.64400", "2014-12-31": "296.70300", "2014-09-30": "", "2014-06-30": "", "2014-03-31": "", "2013-12-31": "", "2013-03-31": ""}, "Receivables": {"2020-12-31": "519.69900", "2020-09-30": "498.93100", "2020-06-30": "337.36200", "2020-03-31": "382.18800", "2019-12-31": "426.45500", "2019-09-30": "419.24500", "2019-06-30": "343.22000", "2019-03-31": "400.10600", "2018-12-31": "442.80200", "2018-09-30": "530.15600", "2018-06-30": "414.65600", "2018-03-31": "390.75200", "2017-12-31": "492.86900", "2017-09-30": "510.23700", "2017-06-30": "415.45300", "2017-03-31": "423.19500", "2016-12-31": "503.36600", "2016-09-30": "569.51100", "2016-06-30": "470.55000", "2016-03-31": "363.73600", "2015-12-31": "327.59500", "2015-09-30": "465.51100", "2015-06-30": "433.04200", "2015-03-31": "379.64600", "2014-12-31": "249.75500", "2014-09-30": "", "2014-06-30": "", "2014-03-31": "", "2013-12-31": "", "2013-03-31": ""}, "Inventory": {"2020-12-31": "479.34000", "2020-09-30": "476.84600", "2020-06-30": "523.69000", "2020-03-31": "517.19800", "2019-12-31": "479.88500", "2019-09-30": "485.28400", "2019-06-30": "517.75500", "2019-03-31": "511.79300", "2018-12-31": "464.94900", "2018-09-30": "474.53200", "2018-06-30": "501.57800", "2018-03-31": "472.29200", "2017-12-31": "422.90700", "2017-09-30": "461.00500", "2017-06-30": "470.88000", "2017-03-31": "430.45400", "2016-12-31": "404.61700", "2016-09-30": "437.13500", "2016-06-30": "455.77100", "2016-03-31": "427.55100", "2015-12-31": "406.69200", "2015-09-30": "393.76000", "2015-06-30": "363.91400", "2015-03-31": "346.90000", "2014-12-31": "170.01900", "2014-09-30": "", "2014-06-30": "", "2014-03-31": "", "2013-12-31": "", "2013-03-31": ""}, "Pre-Paid Expenses": {"2020-12-31": "42.79300", "2020-09-30": "42.17800", "2020-06-30": "43.79500", "2020-03-31": "37.87200", "2019-12-31": "27.12000", "2019-09-30": "27.28600", "2019-06-30": "31.89400", "2019-03-31": "25.76600", "2018-12-31": "23.96100", "2018-09-30": "26.31300", "2018-06-30": "24.87300", "2018-03-31": "23.90900", "2017-12-31": "28.00800", "2017-09-30": "33.38100", "2017-06-30": "36.44400", "2017-03-31": "36.22900", "2016-12-31": "38.10600", "2016-09-30": "58.57900", "2016-06-30": "68.32900", "2016-03-31": "63.85000", "2015-12-31": "59.43700", "2015-09-30": "55.55000", "2015-06-30": "53.00500", "2015-03-31": "52.16900", "2014-12-31": "31.34400", "2014-09-30": "", "2014-06-30": "", "2014-03-31": "", "2013-12-31": "", "2013-03-31": ""}, "Other Current Assets": {"2020-12-31": "46.01000", "2020-09-30": "44.51400", "2020-06-30": "38.18000", "2020-03-31": "38.30500", "2019-12-31": "36.48800", "2019-09-30": "33.20500", "2019-06-30": "34.36500", "2019-03-31": "36.14100", "2018-12-31": "34.11300", "2018-09-30": "30.84500", "2018-06-30": "34.55000", "2018-03-31": "30.81500", "2017-12-31": "29.05600", "2017-09-30": "28.71200", "2017-06-30": "31.80800", "2017-03-31": "26.26400", "2016-12-31": "46.01700", "2016-09-30": "48.09200", "2016-06-30": "43.86300", "2016-03-31": "41.38400", "2015-12-31": "24.82700", "2015-09-30": "22.53200", "2015-06-30": "24.92700", "2015-03-31": "26.53800", "2014-12-31": "7.43600", "2014-09-30": "", "2014-06-30": "", "2014-03-31": "", "2013-12-31": "", "2013-03-31": ""}, "Total Current Assets": {"2020-12-31": "2322.25700", "2020-09-30": "3062.72600", "2020-06-30": "2079.32900", "2020-03-31": "1690.50200", "2019-12-31": "2067.67200", "2019-09-30": "1551.81400", "2019-06-30": "1556.83300", "2019-03-31": "1684.84100", "2018-12-31": "1615.53600", "2018-09-30": "1619.77000", "2018-06-30": "1367.70600", "2018-03-31": "1843.80500", "2017-12-31": "1814.16600", "2017-09-30": "1608.20800", "2017-06-30": "1467.21600", "2017-03-31": "1461.60500", "2016-12-31": "1487.91700", "2016-09-30": "1582.53600", "2016-06-30": "1485.42000", "2016-03-31": "1509.21000", "2015-12-31": "1843.71700", "2015-09-30": "1275.98200", "2015-06-30": "1579.98600", "2015-03-31": "1500.10500", "2014-12-31": "755.25700", "2014-09-30": "", "2014-06-30": "", "2014-03-31": "", "2013-12-31": "", "2013-03-31": ""}, "Property, Plant, And Equipment": {"2020-12-31": "1232.37400", "2020-09-30": "1224.85300", "2020-06-30": "1235.67600", "2020-03-31": "1259.20300", "2019-12-31": "1278.98800", "2019-09-30": "1296.10300", "2019-06-30": "1309.47100", "2019-03-31": "1366.51300", "2018-12-31": "1397.58900", "2018-09-30": "1401.86500", "2018-06-30": "1368.58800", "2018-03-31": "1374.11200", "2017-12-31": "1417.14100", "2017-09-30": "1443.39200", "2017-06-30": "1440.10500", "2017-03-31": "1391.93200", "2016-12-31": "1335.76700", "2016-09-30": "1240.05000", "2016-06-30": "1160.95300", "2016-03-31": "1046.88800", "2015-12-31": "1012.83600", "2015-09-30": "972.32800", "2015-06-30": "940.07000", "2015-03-31": "883.37100", "2014-12-31": "228.57900", "2014-09-30": "", "2014-06-30": "", "2014-03-31": "", "2013-12-31": "", "2013-03-31": ""}, "Long-Term Investments": {"2020-12-31": "31.27100", "2020-09-30": "37.84800", "2020-06-30": "36.92100", "2020-03-31": "22.51500", "2019-12-31": "40.89600", "2019-09-30": "97.54900", "2019-06-30": "97.99000", "2019-03-31": "97.78600", "2018-12-31": "90.69600", "2018-09-30": "90.90300", "2018-06-30": "79.51500", "2018-03-31": "63.76500", "2017-12-31": "62.75600", "2017-09-30": "66.08500", "2017-06-30": "36.24800", "2017-03-31": "35.49400", "2016-12-31": "34.73300", "2016-09-30": "34.90200", "2016-06-30": "26.00000", "2016-03-31": "26.05000", "2015-12-31": "29.28700", "2015-09-30": "28.76100", "2015-06-30": "4.39700", "2015-03-31": "4.08300", "2014-12-31": "2.15000", "2014-09-30": "", "2014-06-30": "", "2014-03-31": "", "2013-12-31": "", "2013-03-31": ""}, "Goodwill And Intangible Assets": {"2020-12-31": "3307.15100", "2020-09-30": "3354.50800", "2020-06-30": "3353.52400", "2020-03-31": "3423.16600", "2019-12-31": "3011.10900", "2019-09-30": "2756.92400", "2019-06-30": "2809.07100", "2019-03-31": "2582.09900", "2018-12-31": "2637.24800", "2018-09-30": "2769.74100", "2018-06-30": "2903.12700", "2018-03-31": "3034.22500", "2017-12-31": "3167.51800", "2017-09-30": "3303.92500", "2017-06-30": "3439.76500", "2017-03-31": "3574.47700", "2016-12-31": "3708.01200", "2016-09-30": "3831.07600", "2016-06-30": "3950.57600", "2016-03-31": "3948.21200", "2015-12-31": "4063.06300", "2015-09-30": "4190.92500", "2015-06-30": "4320.78600", "2015-03-31": "4447.81500", "2014-12-31": "140.43400", "2014-09-30": "", "2014-06-30": "", "2014-03-31": "", "2013-12-31": "0.00000", "2013-03-31": "0.00000"}, "Other Long-Term Assets": {"2020-12-31": "148.32500", "2020-09-30": "144.48700", "2020-06-30": "177.23600", "2020-03-31": "165.29600", "2019-12-31": "120.83800", "2019-09-30": "146.18100", "2019-06-30": "153.01600", "2019-03-31": "76.78500", "2018-12-31": "65.22200", "2018-09-30": "64.78200", "2018-06-30": "63.39600", "2018-03-31": "65.61200", "2017-12-31": "65.06600", "2017-09-30": "56.47000", "2017-06-30": "59.36200", "2017-03-31": "58.81500", "2016-12-31": "58.48200", "2016-09-30": "63.05800", "2016-06-30": "65.03800", "2016-03-31": "66.45900", "2015-12-31": "62.20700", "2015-09-30": "64.10100", "2015-06-30": "64.63100", "2015-03-31": "57.00500", "2014-12-31": "39.19500", "2014-09-30": "", "2014-06-30": "", "2014-03-31": "", "2013-12-31": "", "2013-03-31": ""}, "Total Long-Term Assets": {"2020-12-31": "4719.12100", "2020-09-30": "4761.69600", "2020-06-30": "4803.35700", "2020-03-31": "4870.18000", "2019-12-31": "4451.83100", "2019-09-30": "4296.75700", "2019-06-30": "4369.54800", "2019-03-31": "4123.18300", "2018-12-31": "4190.75500", "2018-09-30": "4327.29100", "2018-06-30": "4414.62600", "2018-03-31": "4537.71400", "2017-12-31": "4712.48100", "2017-09-30": "4869.87200", "2017-06-30": "4975.48000", "2017-03-31": "5060.71800", "2016-12-31": "5136.99400", "2016-09-30": "5169.08600", "2016-06-30": "5202.56700", "2016-03-31": "5087.60900", "2015-12-31": "5167.39300", "2015-09-30": "5256.11500", "2015-06-30": "5329.88400", "2015-03-31": "5392.27400", "2014-12-31": "410.35800", "2014-09-30": "", "2014-06-30": "", "2014-03-31": "", "2013-12-31": "", "2013-03-31": ""}, "Total Assets": {"2020-12-31": "7041.37800", "2020-09-30": "7824.42200", "2020-06-30": "6882.68600", "2020-03-31": "6560.68200", "2019-12-31": "6519.50300", "2019-09-30": "5848.57100", "2019-06-30": "5926.38100", "2019-03-31": "5808.02400", "2018-12-31": "5806.29100", "2018-09-30": "5947.06100", "2018-06-30": "5782.33200", "2018-03-31": "6381.51900", "2017-12-31": "6526.64700", "2017-09-30": "6478.08000", "2017-06-30": "6442.69600", "2017-03-31": "6522.32300", "2016-12-31": "6624.91100", "2016-09-30": "6751.62200", "2016-06-30": "6687.98700", "2016-03-31": "6596.81900", "2015-12-31": "7011.11000", "2015-09-30": "6532.09700", "2015-06-30": "6909.87000", "2015-03-31": "6892.37900", "2014-12-31": "1165.61500", "2014-09-30": "0.00000", "2014-06-30": "0.00000", "2014-03-31": "0.00000", "2013-12-31": "0.00000", "2013-03-31": "0.00000"}, "Total Current Liabilities": {"2020-12-31": "613.89800", "2020-09-30": "1477.01700", "2020-06-30": "509.33200", "2020-03-31": "539.00300", "2019-12-31": "491.20500", "2019-09-30": "449.62900", "2019-06-30": "452.14600", "2019-03-31": "435.61400", "2018-12-31": "413.93200", "2018-09-30": "462.38300", "2018-06-30": "403.36400", "2018-03-31": "441.27900", "2017-12-31": "384.51800", "2017-09-30": "423.00200", "2017-06-30": "361.91800", "2017-03-31": "418.82800", "2016-12-31": "548.59600", "2016-09-30": "557.44500", "2016-06-30": "420.33300", "2016-03-31": "373.80100", "2015-12-31": "300.68500", "2015-09-30": "355.47400", "2015-06-30": "335.49600", "2015-03-31": "325.31000", "2014-12-31": "219.75300", "2014-09-30": "", "2014-06-30": "", "2014-03-31": "", "2013-12-31": "", "2013-03-31": ""}, "Long Term Debt": {"2020-12-31": "1743.79400", "2020-09-30": "1764.39600", "2020-06-30": "1869.50200", "2020-03-31": "1567.23100", "2019-12-31": "1568.55400", "2019-09-30": "1016.06300", "2019-06-30": "1018.61400", "2019-03-31": "920.93500", "2018-12-31": "714.40200", "2018-09-30": "735.09800", "2018-06-30": "558.28000", "2018-03-31": "983.29000", "2017-12-31": "1088.73000", "2017-09-30": "989.69200", "2017-06-30": "989.42000", "2017-03-31": "989.15400", "2016-12-31": "988.88600", "2016-09-30": "988.62500", "2016-06-30": "988.37200", "2016-03-31": "988.13000", "2015-12-31": "987.88800", "2015-09-30": "75.00000", "2015-06-30": "", "2015-03-31": "", "2014-12-31": "", "2014-09-30": "", "2014-06-30": "", "2014-03-31": "", "2013-12-31": "", "2013-03-31": ""}, "Other Non-Current Liabilities": {"2020-12-31": "179.98500", "2020-09-30": "175.84300", "2020-06-30": "152.60700", "2020-03-31": "161.78300", "2019-12-31": "120.36700", "2019-09-30": "117.38500", "2019-06-30": "118.27800", "2019-03-31": "91.79600", "2018-12-31": "93.65900", "2018-09-30": "95.51100", "2018-06-30": "105.42800", "2018-03-31": "118.30200", "2017-12-31": "173.44200", "2017-09-30": "86.64200", "2017-06-30": "89.39800", "2017-03-31": "86.10800", "2016-12-31": "85.06000", "2016-09-30": "82.24900", "2016-06-30": "82.06200", "2016-03-31": "83.05600", "2015-12-31": "85.36200", "2015-09-30": "86.34200", "2015-06-30": "86.48900", "2015-03-31": "83.72000", "2014-12-31": "50.30000", "2014-09-30": "", "2014-06-30": "", "2014-03-31": "", "2013-12-31": "", "2013-03-31": ""}, "Total Long Term Liabilities": {"2020-12-31": "1923.77900", "2020-09-30": "1940.23900", "2020-06-30": "2022.10900", "2020-03-31": "1729.01400", "2019-12-31": "1688.92100", "2019-09-30": "1133.44800", "2019-06-30": "1136.89200", "2019-03-31": "1012.73100", "2018-12-31": "815.03900", "2018-09-30": "852.54100", "2018-06-30": "700.86300", "2018-03-31": "1164.67600", "2017-12-31": "1321.05100", "2017-09-30": "1150.50200", "2017-06-30": "1168.09700", "2017-03-31": "1206.77300", "2016-12-31": "1213.19900", "2016-09-30": "1217.80100", "2016-06-30": "1234.07800", "2016-03-31": "1223.34600", "2015-12-31": "1216.35300", "2015-09-30": "464.52500", "2015-06-30": "396.18300", "2015-03-31": "393.90900", "2014-12-31": "50.30000", "2014-09-30": "", "2014-06-30": "", "2014-03-31": "", "2013-12-31": "", "2013-03-31": ""}, "Total Liabilities": {"2020-12-31": "2537.67700", "2020-09-30": "3417.25600", "2020-06-30": "2531.44100", "2020-03-31": "2268.01700", "2019-12-31": "2180.12600", "2019-09-30": "1583.07700", "2019-06-30": "1589.03800", "2019-03-31": "1448.34500", "2018-12-31": "1228.97100", "2018-09-30": "1314.92400", "2018-06-30": "1104.22700", "2018-03-31": "1605.95500", "2017-12-31": "1705.56900", "2017-09-30": "1573.50400", "2017-06-30": "1530.01500", "2017-03-31": "1625.60100", "2016-12-31": "1761.79500", "2016-09-30": "1775.24600", "2016-06-30": "1654.41100", "2016-03-31": "1597.14700", "2015-12-31": "1517.03800", "2015-09-30": "819.99900", "2015-06-30": "731.67900", "2015-03-31": "719.21900", "2014-12-31": "270.05300", "2014-09-30": "0.00000", "2014-06-30": "0.00000", "2014-03-31": "", "2013-12-31": "0.00000", "2013-03-31": "0.00000"}, "Common Stock Net": {"2020-12-31": "4262.88300", "2020-09-30": "4267.98700", "2020-06-30": "4293.62100", "2020-03-31": "4290.37700", "2019-12-31": "4383.36800", "2019-09-30": "4471.65600", "2019-06-30": "4625.56600", "2019-03-31": "4687.45500", "2018-12-31": "4966.05900", "2018-09-30": "5089.33100", "2018-06-30": "5167.31100", "2018-03-31": "5237.08500", "2017-12-31": "5270.42800", "2017-09-30": "5321.74100", "2017-06-30": "5365.37300", "2017-03-31": "5357.39400", "2016-12-31": "5378.94400", "2016-09-30": "5413.74200", "2016-06-30": "5483.20000", "2016-03-31": "5442.61300", "2015-12-31": "5911.03100", "2015-09-30": "6117.85800", "2015-06-30": "6588.20100", "2015-03-31": "6584.24700", "2014-12-31": "1311.18400", "2014-09-30": "0.00000", "2014-06-30": "0.00000", "2014-03-31": "", "2013-12-31": "0.00000", "2013-03-31": "0.00000"}, "Retained Earnings (Accumulated Deficit)": {"2020-12-31": "193.32900", "2020-09-30": "112.56300", "2020-06-30": "49.23000", "2020-03-31": "", "2019-12-31": "-37.14800", "2019-09-30": "-198.50400", "2019-06-30": "-281.54200", "2019-03-31": "-321.15200", "2018-12-31": "-382.66900", "2018-09-30": "-452.18600", "2018-06-30": "-484.27000", "2018-03-31": "-458.76900", "2017-12-31": "-446.26800", "2017-09-30": "-413.18600", "2017-06-30": "-449.10500", "2017-03-31": "-456.36600", "2016-12-31": "-512.27400", "2016-09-30": "-433.63600", "2016-06-30": "-445.48300", "2016-03-31": "-439.80800", "2015-12-31": "-415.60600", "2015-09-30": "-404.47900", "2015-06-30": "-408.92700", "2015-03-31": "-410.96300", "2014-12-31": "-417.44500", "2014-09-30": "", "2014-06-30": "", "2014-03-31": "", "2013-12-31": "", "2013-03-31": ""}, "Comprehensive Income": {"2020-12-31": "47.48900", "2020-09-30": "26.61600", "2020-06-30": "8.39400", "2020-03-31": "2.28800", "2019-12-31": "-6.84300", "2019-09-30": "-7.65800", "2019-06-30": "-6.68100", "2019-03-31": "-6.62400", "2018-12-31": "-6.07000", "2018-09-30": "-5.00800", "2018-06-30": "-4.93600", "2018-03-31": "-2.75200", "2017-12-31": "-3.08200", "2017-09-30": "-3.97900", "2017-06-30": "-3.58700", "2017-03-31": "-4.30600", "2016-12-31": "-3.55400", "2016-09-30": "-3.73000", "2016-06-30": "-4.14100", "2016-03-31": "-3.13300", "2015-12-31": "-1.35300", "2015-09-30": "-1.28100", "2015-06-30": "-1.08300", "2015-03-31": "-0.12400", "2014-12-31": "1.82300", "2014-09-30": "0.00000", "2014-06-30": "0.00000", "2014-03-31": "", "2013-12-31": "", "2013-03-31": ""}, "Other Share Holders Equity": {"2020-12-31": "", "2020-09-30": "", "2020-06-30": "", "2020-03-31": "", "2019-12-31": "", "2019-09-30": "", "2019-06-30": "", "2019-03-31": "", "2018-12-31": "", "2018-09-30": "", "2018-06-30": "", "2018-03-31": "", "2017-12-31": "", "2017-09-30": "", "2017-06-30": "", "2017-03-31": "", "2016-12-31": "", "2016-09-30": "", "2016-06-30": "", "2016-03-31": "", "2015-12-31": "", "2015-09-30": "", "2015-06-30": "", "2015-03-31": "", "2014-12-31": "", "2014-09-30": "-0.00010", "2014-06-30": "-0.00010", "2014-03-31": "", "2013-12-31": "0.00000", "2013-03-31": "0.00000"}, "Share Holder Equity": {"2020-12-31": "4503.70100", "2020-09-30": "4407.16600", "2020-06-30": "4351.24500", "2020-03-31": "4292.66500", "2019-12-31": "4339.37700", "2019-09-30": "4265.49400", "2019-06-30": "4337.34300", "2019-03-31": "4359.67900", "2018-12-31": "4577.32000", "2018-09-30": "4632.13700", "2018-06-30": "4678.10500", "2018-03-31": "4775.56400", "2017-12-31": "4821.07800", "2017-09-30": "4904.57600", "2017-06-30": "4912.68100", "2017-03-31": "4896.72200", "2016-12-31": "4863.11600", "2016-09-30": "4976.37600", "2016-06-30": "5033.57600", "2016-03-31": "4999.67200", "2015-12-31": "5494.07200", "2015-09-30": "5712.09800", "2015-06-30": "6178.19100", "2015-03-31": "6173.16000", "2014-12-31": "895.56200", "2014-09-30": "0.00000", "2014-06-30": "0.00000", "2014-03-31": "", "2013-12-31": "0.00000", "2013-03-31": "0.00000"}, "Total Liabilities And Share Holders Equity": {"2020-12-31": "7041.37800", "2020-09-30": "7824.42200", "2020-06-30": "6882.68600", "2020-03-31": "6560.68200", "2019-12-31": "6519.50300", "2019-09-30": "5848.57100", "2019-06-30": "5926.38100", "2019-03-31": "5808.02400", "2018-12-31": "5806.29100", "2018-09-30": "5947.06100", "2018-06-30": "5782.33200", "2018-03-31": "6381.51900", "2017-12-31": "6526.64700", "2017-09-30": "6478.08000", "2017-06-30": "6442.69600", "2017-03-31": "6522.32300", "2016-12-31": "6624.91100", "2016-09-30": "6751.62200", "2016-06-30": "6687.98700", "2016-03-31": "6596.81900", "2015-12-31": "7011.11000", "2015-09-30": "6532.09700", "2015-06-30": "6909.87000", "2015-03-31": "6892.37900", "2014-12-31": "1165.61500", "2014-09-30": "0.00000", "2014-06-30": "0.00000", "2014-03-31": "", "2013-12-31": "0.00000", "2013-03-31": "0.00000"}}, "cash flow statement": {"Net Income/Loss": {"2020-03-31": "334.32500", "2019-03-31": "133.12500", "2018-03-31": "-40.28800", "2017-03-31": "-16.55800", "2016-03-31": "-28.84500", "2015-03-31": "196.30300", "2014-03-31": "12.64200", "2013-03-31": "-52.99900"}, "Total Depreciation And Amortization - Cash Flow": {"2020-03-31": "468.93100", "2019-03-31": "663.09700", "2018-03-31": "714.21500", "2017-03-31": "704.57700", "2016-03-31": "674.95100", "2015-03-31": "216.98800", "2014-03-31": "85.59600", "2013-03-31": "72.36300"}, "Other Non-Cash Items": {"2020-03-31": "50.14500", "2019-03-31": "110.22400", "2018-03-31": "87.89800", "2017-03-31": "67.90400", "2016-03-31": "123.50400", "2015-03-31": "-49.43500", "2014-03-31": "35.92400", "2013-03-31": "60.56000"}, "Total Non-Cash Items": {"2020-03-31": "519.07600", "2019-03-31": "773.32100", "2018-03-31": "802.11300", "2017-03-31": "772.48100", "2016-03-31": "798.45500", "2015-03-31": "167.55300", "2014-03-31": "121.52000", "2013-03-31": "132.92300"}, "Change In Accounts Receivable": {"2020-03-31": "21.02900", "2019-03-31": "-32.11900", "2018-03-31": "12.90600", "2017-03-31": "-36.87300", "2016-03-31": "36.68200", "2015-03-31": "-30.36900", "2014-03-31": "6.16000", "2013-03-31": "-38.40000"}, "Change In Inventories": {"2020-03-31": "10.25200", "2019-03-31": "-39.59000", "2018-03-31": "-41.88700", "2017-03-31": "-6.44200", "2016-03-31": "-84.11600", "2015-03-31": "10.42300", "2014-03-31": "35.26600", "2013-03-31": "-19.07100"}, "Change In Accounts Payable": {"2020-03-31": "", "2019-03-31": "", "2018-03-31": "", "2017-03-31": "", "2016-03-31": "", "2015-03-31": "", "2014-03-31": "", "2013-03-31": ""}, "Change In Assets/Liabilities": {"2020-03-31": "-3.13100", "2019-03-31": "-35.64100", "2018-03-31": "83.34700", "2017-03-31": "38.38100", "2016-03-31": "-37.65000", "2015-03-31": "-4.29500", "2014-03-31": "-6.17100", "2013-03-31": "2.79300"}, "Total Change In Assets/Liabilities": {"2020-03-31": "92.24500", "2019-03-31": "-96.08200", "2018-03-31": "90.69500", "2017-03-31": "20.89700", "2016-03-31": "-81.68300", "2015-03-31": "-58.23200", "2014-03-31": "-3.31300", "2013-03-31": "-8.67200"}, "Cash Flow From Operating Activities": {"2020-03-31": "945.64600", "2019-03-31": "810.36400", "2018-03-31": "852.52000", "2017-03-31": "776.82000", "2016-03-31": "687.92700", "2015-03-31": "305.62400", "2014-03-31": "130.84900", "2013-03-31": "71.25200"}, "Net Change In Property, Plant, And Equipment": {"2020-03-31": "-164.10400", "2019-03-31": "-220.93700", "2018-03-31": "-269.83500", "2017-03-31": "-552.70200", "2016-03-31": "-315.62400", "2015-03-31": "-169.86200", "2014-03-31": "-64.25400", "2013-03-31": "-53.79600"}, "Net Change In Intangible Assets": {"2020-03-31": "", "2019-03-31": "", "2018-03-31": "", "2017-03-31": "", "2016-03-31": "", "2015-03-31": "", "2014-03-31": "-1.32700", "2013-03-31": "0.00000"}, "Net Acquisitions/Divestitures": {"2020-03-31": "-946.04300", "2019-03-31": "", "2018-03-31": "", "2017-03-31": "-117.99400", "2016-03-31": "", "2015-03-31": "224.32400", "2014-03-31": "", "2013-03-31": "-47.69700"}, "Net Change In Short-term Investments": {"2020-03-31": "", "2019-03-31": "", "2018-03-31": "", "2017-03-31": "", "2016-03-31": "", "2015-03-31": "", "2014-03-31": "", "2013-03-31": ""}, "Net Change In Long-Term Investments": {"2020-03-31": "1.95000", "2019-03-31": "0.40000", "2018-03-31": "", "2017-03-31": "186.32400", "2016-03-31": "49.48200", "2015-03-31": "-126.54900", "2014-03-31": "8.54800", "2013-03-31": "87.01600"}, "Net Change In Investments - Total": {"2020-03-31": "1.95000", "2019-03-31": "0.40000", "2018-03-31": "", "2017-03-31": "186.32400", "2016-03-31": "49.48200", "2015-03-31": "-126.54900", "2014-03-31": "8.54800", "2013-03-31": "87.01600"}, "Investing Activities - Other": {"2020-03-31": "2.45500", "2019-03-31": "-27.01700", "2018-03-31": "-7.57400", "2017-03-31": "-5.97600", "2016-03-31": "-12.57200", "2015-03-31": "8.14500", "2014-03-31": "", "2013-03-31": ""}, "Cash Flow From Investing Activities": {"2020-03-31": "-1105.74200", "2019-03-31": "-247.55400", "2018-03-31": "-277.40900", "2017-03-31": "-490.34800", "2016-03-31": "-278.71400", "2015-03-31": "-63.94200", "2014-03-31": "-57.03300", "2013-03-31": "-14.47700"}, "Net Long-Term Debt": {"2020-03-31": "659.00000", "2019-03-31": "-145.33010", "2018-03-31": "-7.72900", "2017-03-31": "", "2016-03-31": "1000.00000", "2015-03-31": "-87.50300", "2014-03-31": "", "2013-03-31": "-79.43200"}, "Net Current Debt": {"2020-03-31": "", "2019-03-31": "", "2018-03-31": "", "2017-03-31": "", "2016-03-31": "", "2015-03-31": "", "2014-03-31": "", "2013-03-31": ""}, "Debt Issuance/Retirement Net - Total": {"2020-03-31": "659.00000", "2019-03-31": "-145.33010", "2018-03-31": "-7.72900", "2017-03-31": "", "2016-03-31": "1000.00000", "2015-03-31": "-87.50300", "2014-03-31": "", "2013-03-31": "-79.43200"}, "Net Common Equity Issued/Repurchased": {"2020-03-31": "-464.93300", "2019-03-31": "-596.78500", "2018-03-31": "-162.49500", "2017-03-31": "-150.20900", "2016-03-31": "-1248.13400", "2015-03-31": "-4.80200", "2014-03-31": "4.70000", "2013-03-31": "-3.01100"}, "Net Total Equity Issued/Repurchased": {"2020-03-31": "-464.93300", "2019-03-31": "-596.78500", "2018-03-31": "-162.49500", "2017-03-31": "-150.20900", "2016-03-31": "-1248.13400", "2015-03-31": "-4.80200", "2014-03-31": "4.70000", "2013-03-31": "-3.01100"}, "Total Common And Preferred Stock Dividends Paid": {"2020-03-31": "", "2019-03-31": "", "2018-03-31": "", "2017-03-31": "", "2016-03-31": "", "2015-03-31": "", "2014-03-31": "", "2013-03-31": ""}, "Financial Activities - Other": {"2020-03-31": "-28.50800", "2019-03-31": "-34.54900", "2018-03-31": "-26.62400", "2017-03-31": "-15.44100", "2016-03-31": "-34.85000", "2015-03-31": "-20.59300", "2014-03-31": "-8.94500", "2013-03-31": "-7.22700"}, "Cash Flow From Financial Activities": {"2020-03-31": "165.55900", "2019-03-31": "-776.66400", "2018-03-31": "-196.84800", "2017-03-31": "-165.65000", "2016-03-31": "-282.98400", "2015-03-31": "-112.89800", "2014-03-31": "-4.24500", "2013-03-31": "-89.67000"}, "Net Cash Flow": {"2020-03-31": "4.23000", "2019-03-31": "-215.02000", "2018-03-31": "380.62300", "2017-03-31": "119.71700", "2016-03-31": "125.93500", "2015-03-31": "127.91600", "2014-03-31": "70.23600", "2013-03-31": "-33.86200"}, "Stock-Based Compensation": {"2020-03-31": "75.97800", "2019-03-31": "71.58000", "2018-03-31": "68.15800", "2017-03-31": "88.84500", "2016-03-31": "139.51600", "2015-03-31": "64.94100", "2014-03-31": "29.90100", "2013-03-31": "30.81900"}, "Common Stock Dividends Paid": {"2020-03-31": "", "2019-03-31": "", "2018-03-31": "", "2017-03-31": "", "2016-03-31": "", "2015-03-31": "", "2014-03-31": "", "2013-03-31": ""}}, "cash flow statement, quarterly": {"Net Income/Loss": {"2020-12-31": 201.035, "2020-09-30": 136.917, "2020-06-30": "96.92200", "2020-03-31": 50.39, "2019-12-31": 161.356, "2019-09-30": 83.038, "2019-06-30": "39.54100", "2019-03-31": 61.517, "2018-12-31": 69.517, "2018-09-30": 32.084, "2018-06-30": "-29.99300", "2018-03-31": -12.501, "2017-12-31": -33.082, "2017-09-30": 35.919, "2017-06-30": "-30.62400", "2017-03-31": 55.908, "2016-12-31": -78.638, "2016-09-30": 11.847, "2016-06-30": "-5.67500", "2016-03-31": -24.202, "2015-12-31": -11.127, "2015-09-30": 4.448, "2015-06-30": "2.03600", "2015-03-31": 6.482, "2014-12-31": 87.863, "2014-09-30": 63.311, "2014-06-30": "38.64700", "2014-03-31": -1.048, "2013-12-31": 66.678, "2013-03-31": -52.99}, "Total Depreciation And Amortization - Cash Flow": {"2020-12-31": 124.849, "2020-09-30": 123.154, "2020-06-30": "122.11500", "2020-03-31": 118.687, "2019-12-31": 116.785, "2019-09-30": 111.189, "2019-06-30": "122.27000", "2019-03-31": 120.889, "2018-12-31": 185.286, "2018-09-30": 180.15, "2018-06-30": "176.77200", "2018-03-31": 174.961, "2017-12-31": 181.977, "2017-09-30": 180.06, "2017-06-30": "177.21700", "2017-03-31": 185.359, "2016-12-31": 178.644, "2016-09-30": 174.487, "2016-06-30": "166.08700", "2016-03-31": 158.035, "2015-12-31": 177.169, "2015-09-30": 173.888, "2015-06-30": "165.85900", "2015-03-31": 160.237, "2014-12-31": 18.514, "2014-09-30": 19.112, "2014-06-30": "19.12500", "2014-03-31": 26.271, "2013-12-31": -13.041, "2013-03-31": 72.36}, "Other Non-Cash Items": {"2020-12-31": 78.449, "2020-09-30": 83.453, "2020-06-30": "-2.57400", "2020-03-31": 14.039, "2019-12-31": -12.242, "2019-09-30": 26.114, "2019-06-30": "22.23400", "2019-03-31": 7.158, "2018-12-31": 25.34, "2018-09-30": 54.488, "2018-06-30": "23.23800", "2018-03-31": 50.736, "2017-12-31": 4.742, "2017-09-30": 14.308, "2017-06-30": "18.11200", "2017-03-31": 10.296, "2016-12-31": 13.375, "2016-09-30": 12.607, "2016-06-30": "31.62600", "2016-03-31": 31.727, "2015-12-31": 8.194, "2015-09-30": 35.039, "2015-06-30": "48.54400", "2015-03-31": -77.137, "2014-12-31": 2.782, "2014-09-30": 13.129, "2014-06-30": "11.79100", "2014-03-31": -27.728, "2013-12-31": 27.728, "2013-03-31": 0}, "Total Non-Cash Items": {"2020-12-31": 203.298, "2020-09-30": 206.607, "2020-06-30": "119.54100", "2020-03-31": 132.726, "2019-12-31": 104.543, "2019-09-30": 137.303, "2019-06-30": "144.50400", "2019-03-31": 128.047, "2018-12-31": 210.626, "2018-09-30": 234.638, "2018-06-30": "200.01000", "2018-03-31": 225.6969, "2017-12-31": 186.7191, "2017-09-30": 194.368, "2017-06-30": "195.32900", "2017-03-31": 195.655, "2016-12-31": 192.019, "2016-09-30": 187.094, "2016-06-30": "197.71300", "2016-03-31": 189.7619, "2015-12-31": 185.3631, "2015-09-30": 208.927, "2015-06-30": "214.40300", "2015-03-31": 83.1, "2014-12-31": 21.296, "2014-09-30": 32.241, "2014-06-30": "30.91600", "2014-03-31": -1.457, "2013-12-31": 14.687, "2013-03-31": 72.36}, "Change In Accounts Receivable": {"2020-12-31": -22.046, "2020-09-30": -159.037, "2020-06-30": "41.02900", "2020-03-31": 46.195, "2019-12-31": -4.176, "2019-09-30": -78.288, "2019-06-30": "57.29800", "2019-03-31": 42.725, "2018-12-31": 71.03, "2018-09-30": -131.025, "2018-06-30": "-14.84900", "2018-03-31": 103.957, "2017-12-31": 11.168, "2017-09-30": -86.318, "2017-06-30": "-15.90100", "2017-03-31": 63.501, "2016-12-31": 70.546, "2016-09-30": -91.419, "2016-06-30": "-79.50100", "2016-03-31": -20.185, "2015-12-31": 141.363, "2015-09-30": -30.251, "2015-06-30": "-54.24500", "2015-03-31": 47.471, "2014-12-31": 2.743, "2014-09-30": -33.977, "2014-06-30": "-46.60600", "2014-03-31": 0.016, "2013-12-31": -0.016, "2013-03-31": 0}, "Change In Inventories": {"2020-12-31": -2.993, "2020-09-30": 49.287, "2020-06-30": "-7.44300", "2020-03-31": -34.611, "2019-12-31": 2.989, "2019-09-30": 35.503, "2019-06-30": "6.37100", "2019-03-31": -47.064, "2018-12-31": 6.918, "2018-09-30": 30.143, "2018-06-30": "-29.58700", "2018-03-31": -48.861, "2017-12-31": 36.76, "2017-09-30": 10.25, "2017-06-30": "-40.03600", "2017-03-31": -25.593, "2016-12-31": 30.84, "2016-09-30": 18.581, "2016-06-30": "-30.27000", "2016-03-31": -19.119, "2015-12-31": -13.194, "2015-09-30": -30.197, "2015-06-30": "-21.60600", "2015-03-31": 55.086, "2014-12-31": -10.989, "2014-09-30": -16.37, "2014-06-30": "-17.30400", "2014-03-31": -25.05, "2013-12-31": 25.05, "2013-03-31": 0}, "Change In Accounts Payable": {"2020-12-31": 0, "2020-09-30": 0, "2020-06-30": "", "2020-03-31": 0, "2019-12-31": 0, "2019-09-30": 0, "2019-06-30": "", "2019-03-31": 0, "2018-12-31": 0, "2018-09-30": 0, "2018-06-30": "", "2018-03-31": 0, "2017-12-31": 0, "2017-09-30": 0, "2017-06-30": "", "2017-03-31": 0, "2016-12-31": 0, "2016-09-30": 0, "2016-06-30": "", "2016-03-31": 0, "2015-12-31": 0, "2015-09-30": 0, "2015-06-30": "", "2015-03-31": 0, "2014-12-31": 0, "2014-09-30": 0, "2014-06-30": "", "2014-03-31": 0, "2013-12-31": 0, "2013-03-31": 0}, "Change In Assets/Liabilities": {"2020-12-31": 5.014, "2020-09-30": -4.365, "2020-06-30": "-0.43900", "2020-03-31": -2.677, "2019-12-31": -9.915, "2019-09-30": 7.621, "2019-06-30": "1.84000", "2019-03-31": -18.958, "2018-12-31": 8.922, "2018-09-30": 4.092, "2018-06-30": "-29.69700", "2018-03-31": -46.001, "2017-12-31": 124.461, "2017-09-30": 2.656, "2017-06-30": "2.23100", "2017-03-31": -51.489, "2016-12-31": 125.685, "2016-09-30": 10.073, "2016-06-30": "-45.88800", "2016-03-31": -7.642, "2015-12-31": -15.121, "2015-09-30": 6.9, "2015-06-30": "-21.78700", "2015-03-31": 28.979, "2014-12-31": -33.743, "2014-09-30": 0.82, "2014-06-30": "-0.35100", "2014-03-31": 19.318, "2013-12-31": -19.318, "2013-03-31": 0}, "Total Change In Assets/Liabilities": {"2020-12-31": -0.658, "2020-09-30": -62.556, "2020-06-30": "-2.18200", "2020-03-31": 31.279, "2019-12-31": 34.822, "2019-09-30": -46.929, "2019-06-30": "73.07300", "2019-03-31": -2.219, "2018-12-31": 53.08, "2018-09-30": -52.185, "2018-06-30": "-94.75800", "2018-03-31": 45.762, "2017-12-31": 116.431, "2017-09-30": -10.429, "2017-06-30": "-61.06900", "2017-03-31": -4.492, "2016-12-31": 106.981, "2016-09-30": 51.057, "2016-06-30": "-132.64900", "2016-03-31": -5.866, "2015-12-31": 43.77, "2015-09-30": -44.58, "2015-06-30": "-75.00700", "2015-03-31": 48.943, "2014-12-31": -37.021, "2014-09-30": -36.852, "2014-06-30": "-33.30200", "2014-03-31": -1.703, "2013-12-31": 7.063, "2013-03-31": -8.67}, "Cash Flow From Operating Activities": {"2020-12-31": 403.675, "2020-09-30": 280.968, "2020-06-30": "214.28100", "2020-03-31": 214.395, "2019-12-31": 300.721, "2019-09-30": 173.412, "2019-06-30": "257.11800", "2019-03-31": 187.345, "2018-12-31": 333.223, "2018-09-30": 214.537, "2018-06-30": "75.25900", "2018-03-31": 258.958, "2017-12-31": 270.068, "2017-09-30": 219.858, "2017-06-30": "103.63600", "2017-03-31": 247.071, "2016-12-31": 220.362, "2016-09-30": 249.998, "2016-06-30": "59.38900", "2016-03-31": 159.694, "2015-12-31": 218.006, "2015-09-30": 168.795, "2015-06-30": "141.43200", "2015-03-31": 138.525, "2014-12-31": 72.138, "2014-09-30": 58.7, "2014-06-30": "36.26100", "2014-03-31": 31.712, "2013-12-31": 27.878, "2013-03-31": 71.25}, "Net Change In Property, Plant, And Equipment": {"2020-12-31": -36.119, "2020-09-30": -43.554, "2020-06-30": "-29.83200", "2020-03-31": -35.1, "2019-12-31": -40.666, "2019-09-30": -38.043, "2019-06-30": "-50.29500", "2019-03-31": -35.31, "2018-12-31": -71.961, "2018-09-30": -70.102, "2018-06-30": "-43.56400", "2018-03-31": -32.177, "2017-12-31": -45.439, "2017-09-30": -67.791, "2017-06-30": "-124.42800", "2017-03-31": -165.747, "2016-12-31": -136.536, "2016-09-30": -119.979, "2016-06-30": "-130.44000", "2016-03-31": -84.47, "2015-12-31": -61.468, "2015-09-30": -80.431, "2015-06-30": "-89.25500", "2015-03-31": -127.403, "2014-12-31": -20.751, "2014-09-30": -19.289, "2014-06-30": "-2.41900", "2014-03-31": -7.161, "2013-12-31": -3.299, "2013-03-31": -53.79}, "Net Change In Intangible Assets": {"2020-12-31": 0, "2020-09-30": 0, "2020-06-30": "", "2020-03-31": 0, "2019-12-31": 0, "2019-09-30": 0, "2019-06-30": "", "2019-03-31": 0, "2018-12-31": 0, "2018-09-30": 0, "2018-06-30": "", "2018-03-31": 0, "2017-12-31": 0, "2017-09-30": 0, "2017-06-30": "", "2017-03-31": 0, "2016-12-31": 0, "2016-09-30": 0, "2016-06-30": "", "2016-03-31": 0, "2015-12-31": 0, "2015-09-30": 0, "2015-06-30": "", "2015-03-31": 1.1, "2014-12-31": -1.1, "2014-09-30": 0, "2014-06-30": "", "2014-03-31": 0.663, "2013-12-31": -0.663, "2013-03-31": 0}, "Net Acquisitions/Divestitures": {"2020-12-31": 0.451, "2020-09-30": -47.675, "2020-06-30": "0.15500", "2020-03-31": -451.26, "2019-12-31": -195.11, "2019-09-30": -8.122, "2019-06-30": "-291.55100", "2019-03-31": 0, "2018-12-31": 0, "2018-09-30": 0, "2018-06-30": "", "2018-03-31": 0, "2017-12-31": 0, "2017-09-30": 0, "2017-06-30": "", "2017-03-31": 0.008, "2016-12-31": 0.018, "2016-09-30": -0.522, "2016-06-30": "-117.49800", "2016-03-31": 0, "2015-12-31": 0, "2015-09-30": 0, "2015-06-30": "", "2015-03-31": 222.824, "2014-12-31": 1.5, "2014-09-30": 0, "2014-06-30": "", "2014-03-31": 0, "2013-12-31": 47.69, "2013-03-31": -47.69}, "Net Change In Short-term Investments": {"2020-12-31": 0, "2020-09-30": 0, "2020-06-30": "", "2020-03-31": 0, "2019-12-31": 0, "2019-09-30": 0, "2019-06-30": "", "2019-03-31": 0, "2018-12-31": 0, "2018-09-30": 0, "2018-06-30": "", "2018-03-31": 0, "2017-12-31": 0, "2017-09-30": 0, "2017-06-30": "", "2017-03-31": 0, "2016-12-31": 0, "2016-09-30": 0, "2016-06-30": "", "2016-03-31": 0, "2015-12-31": 0, "2015-09-30": 0, "2015-06-30": "", "2015-03-31": 0, "2014-12-31": 0, "2014-09-30": 0, "2014-06-30": "", "2014-03-31": 0, "2013-12-31": 0, "2013-03-31": 0}, "Net Change In Long-Term Investments": {"2020-12-31": 0, "2020-09-30": 0, "2020-06-30": "", "2020-03-31": 0, "2019-12-31": 0, "2019-09-30": 0, "2019-06-30": "1.95000", "2019-03-31": -0.003, "2018-12-31": 0, "2018-09-30": 58.132, "2018-06-30": "-57.72900", "2018-03-31": 0, "2017-12-31": 0, "2017-09-30": 0, "2017-06-30": "", "2017-03-31": -0.469, "2016-12-31": 0, "2016-09-30": 13.873, "2016-06-30": "172.92000", "2016-03-31": 1.426, "2015-12-31": -171.907, "2015-09-30": 205.845, "2015-06-30": "14.11800", "2015-03-31": -26.402, "2014-12-31": -48.47, "2014-09-30": -24.685, "2014-06-30": "-26.99200", "2014-03-31": 10.038, "2013-12-31": -10.038, "2013-03-31": 0}, "Net Change In Investments - Total": {"2020-12-31": 0, "2020-09-30": 0, "2020-06-30": "", "2020-03-31": 0, "2019-12-31": 0, "2019-09-30": 0, "2019-06-30": "1.95000", "2019-03-31": -0.003, "2018-12-31": 0, "2018-09-30": 58.132, "2018-06-30": "-57.72900", "2018-03-31": 0, "2017-12-31": 0, "2017-09-30": 0, "2017-06-30": "", "2017-03-31": -0.469, "2016-12-31": 0, "2016-09-30": 13.873, "2016-06-30": "172.92000", "2016-03-31": 1.426, "2015-12-31": -171.907, "2015-09-30": 205.845, "2015-06-30": "14.11800", "2015-03-31": -26.402, "2014-12-31": -48.47, "2014-09-30": -24.685, "2014-06-30": "-26.99200", "2014-03-31": 18.578, "2013-12-31": -97.048, "2013-03-31": 87.01}, "Investing Activities - Other": {"2020-12-31": 5.696, "2020-09-30": 3.251, "2020-06-30": "6.33000", "2020-03-31": 3.718, "2019-12-31": -0.021, "2019-09-30": 0.994, "2019-06-30": "-2.23600", "2019-03-31": -6.779, "2018-12-31": -0.746, "2018-09-30": -10.825, "2018-06-30": "-8.66700", "2018-03-31": 1.139, "2017-12-31": 14.315, "2017-09-30": -30.064, "2017-06-30": "7.03600", "2017-03-31": -0.886, "2016-12-31": 0.089, "2016-09-30": -5.196, "2016-06-30": "0.01700", "2016-03-31": -13.24, "2015-12-31": 25.413, "2015-09-30": -24.745, "2015-06-30": "", "2015-03-31": 8.145, "2014-12-31": 0, "2014-09-30": 0, "2014-06-30": "", "2014-03-31": -1.32, "2013-12-31": 0, "2013-03-31": 0}, "Cash Flow From Investing Activities": {"2020-12-31": -29.972, "2020-09-30": -87.978, "2020-06-30": "-23.34700", "2020-03-31": -482.642, "2019-12-31": -235.797, "2019-09-30": -45.171, "2019-06-30": "-342.13200", "2019-03-31": -42.092, "2018-12-31": -72.707, "2018-09-30": -22.795, "2018-06-30": "-109.96000", "2018-03-31": -31.038, "2017-12-31": -31.124, "2017-09-30": -97.855, "2017-06-30": "-117.39200", "2017-03-31": -167.094, "2016-12-31": -136.429, "2016-09-30": -111.824, "2016-06-30": "-75.00100", "2016-03-31": -96.284, "2015-12-31": -207.962, "2015-09-30": 100.669, "2015-06-30": "-75.13700", "2015-03-31": 78.264, "2014-12-31": -68.821, "2014-09-30": -43.974, "2014-06-30": "-29.41100", "2014-03-31": 10.76, "2013-12-31": -53.32, "2013-03-31": -14.47}, "Net Long-Term Debt": {"2020-12-31": -986.744, "2020-09-30": 801.25, "2020-06-30": "305.50000", "2020-03-31": 0, "2019-12-31": 559, "2019-09-30": 0, "2019-06-30": "100.00000", "2019-03-31": 200.8679, "2018-12-31": -22.753, "2018-09-30": 134.727, "2018-06-30": "-458.17200", "2018-03-31": -107.729, "2017-12-31": 100, "2017-09-30": 0, "2017-06-30": "", "2017-03-31": 0, "2016-12-31": 0, "2016-09-30": 0, "2016-06-30": "", "2016-03-31": 0, "2015-12-31": 925, "2015-09-30": 75, "2015-06-30": "", "2015-03-31": 0, "2014-12-31": 0, "2014-09-30": 0, "2014-06-30": "-87.50300", "2014-03-31": 0.047, "2013-12-31": -0.047, "2013-03-31": 0}, "Net Current Debt": {"2020-12-31": 0, "2020-09-30": 0, "2020-06-30": "", "2020-03-31": 0, "2019-12-31": 0, "2019-09-30": 0, "2019-06-30": "", "2019-03-31": 0, "2018-12-31": 0, "2018-09-30": 0, "2018-06-30": "", "2018-03-31": 0, "2017-12-31": 0, "2017-09-30": 0, "2017-06-30": "", "2017-03-31": 0, "2016-12-31": 0, "2016-09-30": 0, "2016-06-30": "", "2016-03-31": 0, "2015-12-31": 0, "2015-09-30": 0, "2015-06-30": "", "2015-03-31": 0, "2014-12-31": 0, "2014-09-30": 0, "2014-06-30": "", "2014-03-31": 0, "2013-12-31": 0, "2013-03-31": 0}, "Debt Issuance/Retirement Net - Total": {"2020-12-31": -986.744, "2020-09-30": 801.25, "2020-06-30": "305.50000", "2020-03-31": 0, "2019-12-31": 559, "2019-09-30": 0, "2019-06-30": "100.00000", "2019-03-31": 200.8679, "2018-12-31": -22.753, "2018-09-30": 134.727, "2018-06-30": "-458.17200", "2018-03-31": -107.729, "2017-12-31": 100, "2017-09-30": 0, "2017-06-30": "", "2017-03-31": 0, "2016-12-31": 0, "2016-09-30": 0, "2016-06-30": "", "2016-03-31": 0, "2015-12-31": 925, "2015-09-30": 75, "2015-06-30": "", "2015-03-31": 0, "2014-12-31": 0, "2014-09-30": 0, "2014-06-30": "-87.50300", "2014-03-31": 0.047, "2013-12-31": 79.383, "2013-03-31": -79.43}, "Net Common Equity Issued/Repurchased": {"2020-12-31": -153.156, "2020-09-30": -93.681, "2020-06-30": "-64.57500", "2020-03-31": -112.346, "2019-12-31": -107.687, "2019-09-30": -154.206, "2019-06-30": "-90.69400", "2019-03-31": -283.562, "2018-12-31": -144.947, "2018-09-30": -78.161, "2018-06-30": "-90.11500", "2018-03-31": -35.681, "2017-12-31": -70.756, "2017-09-30": -44.659, "2017-06-30": "-11.39900", "2017-03-31": -30.135, "2016-12-31": -55.751, "2016-09-30": -90.285, "2016-06-30": "25.96200", "2016-03-31": -488.599, "2015-12-31": -239.303, "2015-09-30": -488.609, "2015-06-30": "-31.62300", "2015-03-31": -24.141, "2014-12-31": 2.88, "2014-09-30": 5.832, "2014-06-30": "10.62700", "2014-03-31": 7.446, "2013-12-31": -7.446, "2013-03-31": 0}, "Net Total Equity Issued/Repurchased": {"2020-12-31": -153.156, "2020-09-30": -93.681, "2020-06-30": "-64.57500", "2020-03-31": -112.346, "2019-12-31": -107.687, "2019-09-30": -154.206, "2019-06-30": "-90.69400", "2019-03-31": -283.562, "2018-12-31": -144.947, "2018-09-30": -78.161, "2018-06-30": "-90.11500", "2018-03-31": -35.681, "2017-12-31": -70.756, "2017-09-30": -44.659, "2017-06-30": "-11.39900", "2017-03-31": -30.135, "2016-12-31": -55.751, "2016-09-30": -90.285, "2016-06-30": "25.96200", "2016-03-31": -488.599, "2015-12-31": -239.303, "2015-09-30": -488.609, "2015-06-30": "-31.62300", "2015-03-31": -24.141, "2014-12-31": 2.88, "2014-09-30": 5.832, "2014-06-30": "10.62700", "2014-03-31": 12.146, "2013-12-31": -4.436, "2013-03-31": -3.01}, "Total Common And Preferred Stock Dividends Paid": {"2020-12-31": 0, "2020-09-30": 0, "2020-06-30": "", "2020-03-31": 0, "2019-12-31": 0, "2019-09-30": 0, "2019-06-30": "", "2019-03-31": 0, "2018-12-31": 0, "2018-09-30": 0, "2018-06-30": "", "2018-03-31": 0, "2017-12-31": 0, "2017-09-30": 0, "2017-06-30": "", "2017-03-31": 0, "2016-12-31": 0, "2016-09-30": 0, "2016-06-30": "", "2016-03-31": 0, "2015-12-31": 0, "2015-09-30": 0, "2015-06-30": "", "2015-03-31": 0, "2014-12-31": 0, "2014-09-30": 0, "2014-06-30": "", "2014-03-31": 0, "2013-12-31": 0, "2013-03-31": 0}, "Financial Activities - Other": {"2020-12-31": -1.423, "2020-09-30": -36.975, "2020-06-30": "-11.08400", "2020-03-31": -1.243, "2019-12-31": -5.888, "2019-09-30": -15.937, "2019-06-30": "-5.44000", "2019-03-31": -2.444, "2018-12-31": -0.867, "2018-09-30": -24.222, "2018-06-30": "-7.01600", "2018-03-31": -0.378, "2017-12-31": -2.241, "2017-09-30": -15.601, "2017-06-30": "-8.40400", "2017-03-31": -0.439, "2016-12-31": -0.293, "2016-09-30": -11.901, "2016-06-30": "-2.80800", "2016-03-31": -1.083, "2015-12-31": -13.081, "2015-09-30": -11.836, "2015-06-30": "-8.85000", "2015-03-31": -10.267, "2014-12-31": 1.32, "2014-09-30": -7.301, "2014-06-30": "-4.34500", "2014-03-31": 0.016, "2013-12-31": -1.736, "2013-03-31": -7.22}, "Cash Flow From Financial Activities": {"2020-12-31": -1141.323, "2020-09-30": 670.594, "2020-06-30": "229.84100", "2020-03-31": -113.589, "2019-12-31": 445.425, "2019-09-30": -170.143, "2019-06-30": "3.86600", "2019-03-31": -85.138, "2018-12-31": -168.567, "2018-09-30": 32.344, "2018-06-30": "-555.30300", "2018-03-31": -143.788, "2017-12-31": 27.003, "2017-09-30": -60.26, "2017-06-30": "-19.80300", "2017-03-31": -30.574, "2016-12-31": -56.044, "2016-09-30": -102.186, "2016-06-30": "23.15400", "2016-03-31": -489.682, "2015-12-31": 672.616, "2015-09-30": -425.445, "2015-06-30": "-40.47300", "2015-03-31": -34.408, "2014-12-31": 4.2, "2014-09-30": -1.469, "2014-06-30": "-81.22100", "2014-03-31": 12.209, "2013-12-31": 73.221, "2013-03-31": -89.67}, "Net Cash Flow": {"2020-12-31": -765.987, "2020-09-30": 864.013, "2020-06-30": "421.28200", "2020-03-31": -382.568, "2019-12-31": 510.939, "2019-09-30": -42.709, "2019-06-30": "-81.43200", "2019-03-31": 61.318, "2018-12-31": 91.796, "2018-09-30": 223.884, "2018-06-30": "-592.01800", "2018-03-31": 84.721, "2017-12-31": 266.458, "2017-09-30": 62.253, "2017-06-30": "-32.80900", "2017-03-31": 49.656, "2016-12-31": 26.569, "2016-09-30": 36.339, "2016-06-30": "7.15300", "2016-03-31": -425.848, "2015-12-31": 682, "2015-09-30": -156.005, "2015-06-30": "25.78800", "2015-03-31": 181.721, "2014-12-31": 7.418, "2014-09-30": 13.116, "2014-06-30": "-74.33900", "2014-03-31": 54.41, "2013-12-31": 49.68, "2013-03-31": -33.86}, "Stock-Based Compensation": {"2020-12-31": 19.247, "2020-09-30": 30.048, "2020-06-30": "21.85900", "2020-03-31": 13.768, "2019-12-31": 16.381, "2019-09-30": 20.876, "2019-06-30": "24.95300", "2019-03-31": 12.706, "2018-12-31": 18.624, "2018-09-30": 20.905, "2018-06-30": "19.34500", "2018-03-31": 9.859, "2017-12-31": 13.715, "2017-09-30": 23.458, "2017-06-30": "21.12600", "2017-03-31": 15.554, "2016-12-31": 16.655, "2016-09-30": 26.042, "2016-06-30": "30.59400", "2016-03-31": 25.308, "2015-12-31": 30.308, "2015-09-30": 35.73, "2015-06-30": "48.17000", "2015-03-31": 42.11, "2014-12-31": 4.119, "2014-09-30": 9.543, "2014-06-30": "9.16900", "2014-03-31": -24.75, "2013-12-31": 24.75, "2013-03-31": 0}, "Common Stock Dividends Paid": {"2020-12-31": 0, "2020-09-30": 0, "2020-06-30": "", "2020-03-31": 0, "2019-12-31": 0, "2019-09-30": 0, "2019-06-30": "", "2019-03-31": 0, "2018-12-31": 0, "2018-09-30": 0, "2018-06-30": "", "2018-03-31": 0, "2017-12-31": 0, "2017-09-30": 0, "2017-06-30": "", "2017-03-31": 0, "2016-12-31": 0, "2016-09-30": 0, "2016-06-30": "", "2016-03-31": 0, "2015-12-31": 0, "2015-09-30": 0, "2015-06-30": "", "2015-03-31": 0, "2014-12-31": 0, "2014-09-30": 0, "2014-06-30": "", "2014-03-31": 0, "2013-12-31": 0, "2013-03-31": 0}}, "financial ratios": {"Current Ratio": {"2020-03-31": "3.13640", "2019-03-31": "3.86770", "2018-03-31": "4.17830", "2017-03-31": "3.48980", "2016-03-31": "4.03750", "2015-03-31": "4.61130", "2014-03-31": "2.44310", "2013-03-31": ""}, "Long-term Debt / Capital": {"2020-03-31": "0.26750", "2019-03-31": "0.17440", "2018-03-31": "0.17070", "2017-03-31": "0.16810", "2016-03-31": "0.16500", "2015-03-31": "", "2014-03-31": "", "2013-03-31": ""}, "Debt/Equity Ratio": {"2020-03-31": "0.36670", "2019-03-31": "0.21130", "2018-03-31": "0.20590", "2017-03-31": "0.20200", "2016-03-31": "0.19760", "2015-03-31": "", "2014-03-31": "0.12900", "2013-03-31": ""}, "Gross Margin": {"2020-03-31": "40.80600", "2019-03-31": "38.67500", "2018-03-31": "38.57250", "2017-03-31": "37.44380", "2016-03-31": "40.20160", "2015-03-31": "40.28770", "2014-03-31": "35.26530", "2013-03-31": "31.71870"}, "Operating Margin": {"2020-03-31": "13.06570", "2019-03-31": "7.00460", "2018-03-31": "2.36360", "2017-03-31": "2.90380", "2016-03-31": "0.45840", "2015-03-31": "7.15770", "2014-03-31": "2.38110", "2013-03-31": "-1.62630"}, "EBIT Margin": {"2020-03-31": "13.06570", "2019-03-31": "7.00460", "2018-03-31": "2.36360", "2017-03-31": "2.90380", "2016-03-31": "0.45840", "2015-03-31": "7.15770", "2014-03-31": "2.38110", "2013-03-31": "-1.62630"}, "EBITDA Margin": {"2020-03-31": "27.54270", "2019-03-31": "28.46180", "2018-03-31": "26.38260", "2017-03-31": "26.13740", "2016-03-31": "26.31140", "2015-03-31": "19.83990", "2014-03-31": "9.83570", "2013-03-31": "5.87910"}, "Pre-Tax Profit Margin": {"2020-03-31": "12.19730", "2019-03-31": "2.97030", "2018-03-31": "0.57660", "2017-03-31": "0.90040", "2016-03-31": "-0.10960", "2015-03-31": "7.08610", "2014-03-31": "2.07910", "2013-03-31": "-2.68620"}, "Net Profit Margin": {"2020-03-31": "10.32140", "2019-03-31": "4.30780", "2018-03-31": "-1.35490", "2017-03-31": "-0.54600", "2016-03-31": "-1.10490", "2015-03-31": "11.47320", "2014-03-31": "1.10100", "2013-03-31": "-5.49700"}, "Asset Turnover": {"2020-03-31": "0.49370", "2019-03-31": "0.53210", "2018-03-31": "0.46600", "2017-03-31": "0.46500", "2016-03-31": "0.39580", "2015-03-31": "0.24820", "2014-03-31": "1.24770", "2013-03-31": ""}, "Inventory Turnover Ratio": {"2020-03-31": "3.70720", "2019-03-31": "3.70290", "2018-03-31": "3.86750", "2017-03-31": "4.40710", "2016-03-31": "3.65140", "2015-03-31": "2.94510", "2014-03-31": "5.91320", "2013-03-31": ""}, "Receiveable Turnover": {"2020-03-31": "8.47530", "2019-03-31": "7.72380", "2018-03-31": "7.60980", "2017-03-31": "7.16590", "2016-03-31": "7.17750", "2015-03-31": "4.50670", "2014-03-31": "7.62450", "2013-03-31": ""}, "Days Sales In Receivables": {"2020-03-31": "43.06660", "2019-03-31": "47.25670", "2018-03-31": "47.96460", "2017-03-31": "50.93570", "2016-03-31": "50.85320", "2015-03-31": "80.98980", "2014-03-31": "47.87210", "2013-03-31": ""}, "ROE - Return On Equity": {"2020-03-31": "7.78830", "2019-03-31": "3.05360", "2018-03-31": "-0.84360", "2017-03-31": "-0.33810", "2016-03-31": "-0.57690", "2015-03-31": "3.17990", "2014-03-31": "1.86910", "2013-03-31": ""}, "Return On Tangible Equity": {"2020-03-31": "38.45030", "2019-03-31": "7.48910", "2018-03-31": "-2.31360", "2017-03-31": "-1.25230", "2016-03-31": "-2.74330", "2015-03-31": "11.37760", "2014-03-31": "2.44310", "2013-03-31": ""}, "ROA - Return On Assets": {"2020-03-31": "5.09590", "2019-03-31": "2.29210", "2018-03-31": "-0.63130", "2017-03-31": "-0.25390", "2016-03-31": "-0.43730", "2015-03-31": "2.84810", "2014-03-31": "1.37370", "2013-03-31": ""}, "ROI - Return On Investment": {"2020-03-31": "5.70530", "2019-03-31": "2.52100", "2018-03-31": "-0.69960", "2017-03-31": "-0.28130", "2016-03-31": "-0.48170", "2015-03-31": "3.17990", "2014-03-31": "1.86910", "2013-03-31": ""}, "Book Value Per Share": {"2020-03-31": "37.44960", "2019-03-31": "36.61660", "2018-03-31": "37.80470", "2017-03-31": "38.72030", "2016-03-31": "39.24820", "2015-03-31": "41.41420", "2014-03-31": "9.49730", "2013-03-31": ""}, "Operating Cash Flow Per Share": {"2020-03-31": 1.5641, "2019-03-31": -0.3526, "2018-03-31": 0.6047, "2017-03-31": 1.2642, "2016-03-31": 1.5679, "2015-03-31": 1.4619, "2014-03-31": 0.7939, "2013-03-31": 1.023}, "Free Cash Flow Per Share": {"2020-03-31": 1.9232, "2019-03-31": 0.0382, "2018-03-31": 2.827, "2017-03-31": -0.86, "2016-03-31": 1.1665, "2015-03-31": 0.5318, "2014-03-31": 0.6741, "2013-03-31": 0.2506}}, "financial ratios, quarterly": {"Current Ratio": {"2020-12-31": "3.78280", "2020-09-30": "2.07360", "2020-06-30": "4.08250", "2020-03-31": "3.13640", "2019-12-31": "4.20940", "2019-09-30": "3.45130", "2019-06-30": "3.44320", "2019-03-31": "3.86770", "2018-12-31": "3.90290", "2018-09-30": "3.50310", "2018-06-30": "3.39070", "2018-03-31": "4.17830", "2017-12-31": "4.71800", "2017-09-30": "3.80190", "2017-06-30": "4.05400", "2017-03-31": "3.48980", "2016-12-31": "2.71220", "2016-09-30": "2.83890", "2016-06-30": "3.53390", "2016-03-31": "4.03750", "2015-12-31": "6.13170", "2015-09-30": "3.58950", "2015-06-30": "4.70940", "2015-03-31": "4.61130", "2014-12-31": "3.43680", "2014-09-30": "", "2014-06-30": "", "2014-03-31": "", "2013-12-31": "", "2013-03-31": ""}, "Long-term Debt / Capital": {"2020-12-31": "0.27910", "2020-09-30": "0.28590", "2020-06-30": "0.30050", "2020-03-31": "0.26750", "2019-12-31": "0.26550", "2019-09-30": "0.19240", "2019-06-30": "0.19020", "2019-03-31": "0.17440", "2018-12-31": "0.13500", "2018-09-30": "0.13700", "2018-06-30": "0.10660", "2018-03-31": "0.17070", "2017-12-31": "0.18420", "2017-09-30": "0.16790", "2017-06-30": "0.16760", "2017-03-31": "0.16810", "2016-12-31": "0.16900", "2016-09-30": "0.16570", "2016-06-30": "0.16410", "2016-03-31": "0.16500", "2015-12-31": "0.15240", "2015-09-30": "0.01300", "2015-06-30": "", "2015-03-31": "", "2014-12-31": "", "2014-09-30": "", "2014-06-30": "", "2014-03-31": "", "2013-12-31": "", "2013-03-31": ""}, "Debt/Equity Ratio": {"2020-12-31": "0.38830", "2020-09-30": "0.60570", "2020-06-30": "0.43120", "2020-03-31": "0.36670", "2019-12-31": "0.36270", "2019-09-30": "0.23920", "2019-06-30": "0.23520", "2019-03-31": "0.21130", "2018-12-31": "0.15610", "2018-09-30": "0.15870", "2018-06-30": "0.11930", "2018-03-31": "0.20590", "2017-12-31": "0.22580", "2017-09-30": "0.20180", "2017-06-30": "0.20140", "2017-03-31": "0.20200", "2016-12-31": "0.20330", "2016-09-30": "0.19870", "2016-06-30": "0.19640", "2016-03-31": "0.19760", "2015-12-31": "0.17980", "2015-09-30": "0.01310", "2015-06-30": "", "2015-03-31": "", "2014-12-31": "", "2014-09-30": "", "2014-06-30": "", "2014-03-31": "", "2013-12-31": "", "2013-03-31": ""}, "Gross Margin": {"2020-12-31": "49.11720", "2020-09-30": "46.35990", "2020-06-30": "41.37260", "2020-03-31": "42.62410", "2019-12-31": "42.35670", "2019-09-30": "40.11190", "2019-06-30": "37.94350", "2019-03-31": "39.15110", "2018-12-31": "40.65250", "2018-09-30": "39.97020", "2018-06-30": "34.17690", "2018-03-31": "37.96910", "2017-12-31": "39.83820", "2017-09-30": "39.07360", "2017-06-30": "36.88600", "2017-03-31": "36.01850", "2016-12-31": "37.59220", "2016-09-30": "36.63700", "2016-06-30": "39.57920", "2016-03-31": "41.80450", "2015-12-31": "37.21530", "2015-09-30": "40.21370", "2015-06-30": "41.49350", "2015-03-31": "29.75090", "2014-12-31": "48.02540", "2014-09-30": "46.17210", "2014-06-30": "44.97620", "2014-03-31": "", "2013-12-31": "37.26710", "2013-03-31": ""}, "Operating Margin": {"2020-12-31": "27.32860", "2020-09-30": "20.90410", "2020-06-30": "11.77370", "2020-03-31": "12.96750", "2019-12-31": "17.61290", "2019-09-30": "13.97880", "2019-06-30": "7.12040", "2019-03-31": "9.40650", "2018-12-31": "9.75060", "2018-09-30": "10.22980", "2018-06-30": "-2.77410", "2018-03-31": "-4.77510", "2017-12-31": "9.49700", "2017-09-30": "6.03270", "2017-06-30": "-4.34260", "2017-03-31": "-3.80340", "2016-12-31": "7.42800", "2016-09-30": "5.24960", "2016-06-30": "0.82180", "2016-03-31": "1.39410", "2015-12-31": "-2.12880", "2015-09-30": "2.54670", "2015-06-30": "-0.19820", "2015-03-31": "-16.15160", "2014-12-31": "26.09890", "2014-09-30": "20.75070", "2014-06-30": "14.58010", "2014-03-31": "", "2013-12-31": "5.33480", "2013-03-31": ""}, "EBIT Margin": {"2020-12-31": "27.32860", "2020-09-30": "20.90410", "2020-06-30": "11.77370", "2020-03-31": "12.96750", "2019-12-31": "17.61290", "2019-09-30": "13.97880", "2019-06-30": "7.12040", "2019-03-31": "9.40650", "2018-12-31": "9.75060", "2018-09-30": "10.22980", "2018-06-30": "-2.77410", "2018-03-31": "-4.77510", "2017-12-31": "9.49700", "2017-09-30": "6.03270", "2017-06-30": "-4.34260", "2017-03-31": "-3.80340", "2016-12-31": "7.42800", "2016-09-30": "5.24960", "2016-06-30": "0.82180", "2016-03-31": "1.39410", "2015-12-31": "-2.12880", "2015-09-30": "2.54670", "2015-06-30": "-0.19820", "2015-03-31": "-16.15160", "2014-12-31": "26.09890", "2014-09-30": "20.75070", "2014-06-30": "14.58010", "2014-03-31": "", "2013-12-31": "5.33480", "2013-03-31": ""}, "EBITDA Margin": {"2020-12-31": "", "2020-09-30": "", "2020-06-30": "", "2020-03-31": "", "2019-12-31": "", "2019-09-30": "", "2019-06-30": "", "2019-03-31": "", "2018-12-31": "", "2018-09-30": "", "2018-06-30": "", "2018-03-31": "", "2017-12-31": "", "2017-09-30": "", "2017-06-30": "", "2017-03-31": "", "2016-12-31": "", "2016-09-30": "", "2016-06-30": "", "2016-03-31": "", "2015-12-31": "", "2015-09-30": "", "2015-06-30": "", "2015-03-31": "", "2014-12-31": "", "2014-09-30": "", "2014-06-30": "", "2014-03-31": "", "2013-12-31": "", "2013-03-31": ""}, "Pre-Tax Profit Margin": {"2020-12-31": "20.41550", "2020-09-30": "18.87010", "2020-06-30": "12.31820", "2020-03-31": "8.20480", "2019-12-31": "21.07890", "2019-09-30": "12.65230", "2019-06-30": "5.82740", "2019-03-31": "7.37220", "2018-12-31": "8.51690", "2018-09-30": "3.71260", "2018-06-30": "-8.96950", "2018-03-31": "-6.56450", "2017-12-31": "7.73760", "2017-09-30": "4.33940", "2017-06-30": "-6.28370", "2017-03-31": "-5.79910", "2016-12-31": "5.39010", "2016-09-30": "3.43700", "2016-06-30": "-1.38400", "2016-03-31": "-0.44750", "2015-12-31": "-3.38350", "2015-09-30": "2.57390", "2015-06-30": "0.39010", "2015-03-31": "-16.30090", "2014-12-31": "26.04750", "2014-09-30": "20.74580", "2014-06-30": "14.56270", "2014-03-31": "", "2013-12-31": "4.98960", "2013-03-31": ""}, "Net Profit Margin": {"2020-12-31": "18.36210", "2020-09-30": "12.91310", "2020-06-30": "12.30830", "2020-03-31": "6.39650", "2019-12-31": "18.56650", "2019-09-30": "10.29360", "2019-06-30": "5.09810", "2019-03-31": "9.03490", "2018-12-31": "8.35210", "2018-09-30": "3.62760", "2018-06-30": "-4.33010", "2018-03-31": "-1.87880", "2017-12-31": "-3.91160", "2017-09-30": "4.37190", "2017-06-30": "-4.77880", "2017-03-31": "8.69500", "2016-12-31": "-9.51630", "2016-09-30": "1.37010", "2016-06-30": "-0.81240", "2016-03-31": "-3.98010", "2015-12-31": "-1.79270", "2015-09-30": "0.62800", "2015-06-30": "0.30220", "2015-03-31": "1.02100", "2014-12-31": "22.12690", "2014-09-30": "17.45710", "2014-06-30": "12.21770", "2014-03-31": "", "2013-12-31": "2.16100", "2013-03-31": ""}, "Asset Turnover": {"2020-12-31": "0.15550", "2020-09-30": "0.13550", "2020-06-30": "0.11440", "2020-03-31": "0.12010", "2019-12-31": "0.13330", "2019-09-30": "0.13790", "2019-06-30": "0.13090", "2019-03-31": "0.11720", "2018-12-31": "0.14330", "2018-09-30": "0.14870", "2018-06-30": "0.11980", "2018-03-31": "0.10430", "2017-12-31": "0.12960", "2017-09-30": "0.12680", "2017-06-30": "0.09950", "2017-03-31": "0.09860", "2016-12-31": "0.12470", "2016-09-30": "0.12810", "2016-06-30": "0.10440", "2016-03-31": "0.09220", "2015-12-31": "0.08850", "2015-09-30": "0.10840", "2015-06-30": "0.09750", "2015-03-31": "0.09210", "2014-12-31": "0.34070", "2014-09-30": "", "2014-06-30": "", "2014-03-31": "", "2013-12-31": "", "2013-03-31": ""}, "Inventory Turnover Ratio": {"2020-12-31": "1.16220", "2020-09-30": "1.19270", "2020-06-30": "0.88160", "2020-03-31": "0.87390", "2019-12-31": "1.04390", "2019-09-30": "0.99550", "2019-06-30": "0.92960", "2019-03-31": "0.80950", "2018-12-31": "1.06240", "2018-09-30": "1.11880", "2018-06-30": "0.90900", "2018-03-31": "0.87390", "2017-12-31": "1.20310", "2017-09-30": "1.08580", "2017-06-30": "0.85890", "2017-03-31": "0.95570", "2016-12-31": "1.27460", "2016-09-30": "1.25340", "2016-06-30": "0.92600", "2016-03-31": "0.82770", "2015-12-31": "0.95820", "2015-09-30": "1.07550", "2015-06-30": "1.08300", "2015-03-31": "1.28570", "2014-12-31": "1.21390", "2014-09-30": "", "2014-06-30": "", "2014-03-31": "", "2013-12-31": "", "2013-03-31": ""}, "Receiveable Turnover": {"2020-12-31": "2.10670", "2020-09-30": "2.12510", "2020-06-30": "2.33410", "2020-03-31": "2.06120", "2019-12-31": "2.03790", "2019-09-30": "1.92420", "2019-06-30": "2.25980", "2019-03-31": "1.70180", "2018-12-31": "1.87970", "2018-09-30": "1.66830", "2018-06-30": "1.67050", "2018-03-31": "1.70280", "2017-12-31": "1.71600", "2017-09-30": "1.61020", "2017-06-30": "1.54250", "2017-03-31": "1.51940", "2016-12-31": "1.64160", "2016-09-30": "1.51830", "2016-06-30": "1.48450", "2016-03-31": "1.67170", "2015-12-31": "1.89470", "2015-09-30": "1.52160", "2015-06-30": "1.55560", "2015-03-31": "1.67230", "2014-12-31": "1.58990", "2014-09-30": "", "2014-06-30": "", "2014-03-31": "", "2013-12-31": "", "2013-03-31": ""}, "Days Sales In Receivables": {"2020-12-31": "42.72150", "2020-09-30": "42.35040", "2020-06-30": "38.55810", "2020-03-31": "43.66350", "2019-12-31": "44.16310", "2019-09-30": "46.77350", "2019-06-30": "39.82710", "2019-03-31": "52.88660", "2018-12-31": "47.88030", "2018-09-30": "53.94810", "2018-06-30": "53.87710", "2018-03-31": "52.85330", "2017-12-31": "52.44910", "2017-09-30": "55.89370", "2017-06-30": "58.34730", "2017-03-31": "59.23490", "2016-12-31": "54.82310", "2016-09-30": "59.27620", "2016-06-30": "60.62600", "2016-03-31": "53.83640", "2015-12-31": "47.50190", "2015-09-30": "59.14710", "2015-06-30": "57.85540", "2015-03-31": "53.81730", "2014-12-31": "56.60730", "2014-09-30": "", "2014-06-30": "", "2014-03-31": "", "2013-12-31": "", "2013-03-31": ""}, "ROE - Return On Equity": {"2020-12-31": "4.46380", "2020-09-30": "3.10670", "2020-06-30": "2.22750", "2020-03-31": "1.17390", "2019-12-31": "3.71840", "2019-09-30": "1.94670", "2019-06-30": "0.91160", "2019-03-31": "1.41100", "2018-12-31": "1.51870", "2018-09-30": "0.69260", "2018-06-30": "-0.64110", "2018-03-31": "-0.26180", "2017-12-31": "-0.68620", "2017-09-30": "0.73240", "2017-06-30": "-0.62340", "2017-03-31": "1.14170", "2016-12-31": "-1.61700", "2016-09-30": "0.23810", "2016-06-30": "-0.11270", "2016-03-31": "-0.48410", "2015-12-31": "-0.20250", "2015-09-30": "0.07790", "2015-06-30": "0.03300", "2015-03-31": "0.10500", "2014-12-31": "9.81090", "2014-09-30": "", "2014-06-30": "", "2014-03-31": "", "2013-12-31": "", "2013-03-31": ""}, "Return On Tangible Equity": {"2020-12-31": "16.80120", "2020-09-30": "13.00680", "2020-06-30": "9.71430", "2020-03-31": "5.79530", "2019-12-31": "12.14790", "2019-09-30": "5.50440", "2019-06-30": "2.58730", "2019-03-31": "3.46070", "2018-12-31": "3.58320", "2018-09-30": "1.72270", "2018-06-30": "-1.68980", "2018-03-31": "-0.71790", "2017-12-31": "-2.00070", "2017-09-30": "2.24400", "2017-06-30": "-2.07910", "2017-03-31": "4.22830", "2016-12-31": "-6.80790", "2016-09-30": "1.03440", "2016-06-30": "-0.52400", "2016-03-31": "-2.30180", "2015-12-31": "-0.77760", "2015-09-30": "0.29240", "2015-06-30": "0.10960", "2015-03-31": "0.37570", "2014-12-31": "11.63550", "2014-09-30": "", "2014-06-30": "", "2014-03-31": "", "2013-12-31": "", "2013-03-31": ""}, "ROA - Return On Assets": {"2020-12-31": "2.85510", "2020-09-30": "1.74990", "2020-06-30": "1.40820", "2020-03-31": "0.76810", "2019-12-31": "2.47500", "2019-09-30": "1.41980", "2019-06-30": "0.66720", "2019-03-31": "1.05920", "2018-12-31": "1.19730", "2018-09-30": "0.53950", "2018-06-30": "-0.51870", "2018-03-31": "-0.19590", "2017-12-31": "-0.50690", "2017-09-30": "0.55450", "2017-06-30": "-0.47530", "2017-03-31": "0.85720", "2016-12-31": "-1.18700", "2016-09-30": "0.17550", "2016-06-30": "-0.08490", "2016-03-31": "-0.36690", "2015-12-31": "-0.15870", "2015-09-30": "0.06810", "2015-06-30": "0.02950", "2015-03-31": "0.09400", "2014-12-31": "7.53790", "2014-09-30": "", "2014-06-30": "", "2014-03-31": "", "2013-12-31": "", "2013-03-31": ""}, "ROI - Return On Investment": {"2020-12-31": "3.21790", "2020-09-30": "2.21850", "2020-06-30": "1.55800", "2020-03-31": "0.85990", "2019-12-31": "2.73120", "2019-09-30": "1.57220", "2019-06-30": "0.73830", "2019-03-31": "1.16500", "2018-12-31": "1.31370", "2018-09-30": "0.59780", "2018-06-30": "-0.57280", "2018-03-31": "-0.21710", "2017-12-31": "-0.55980", "2017-09-30": "0.60940", "2017-06-30": "-0.51890", "2017-03-31": "0.94990", "2016-12-31": "-1.34380", "2016-09-30": "0.19860", "2016-06-30": "-0.09420", "2016-03-31": "-0.40420", "2015-12-31": "-0.17170", "2015-09-30": "0.07690", "2015-06-30": "0.03300", "2015-03-31": "0.10500", "2014-12-31": "9.81090", "2014-09-30": "", "2014-06-30": "", "2014-03-31": "", "2013-12-31": "", "2013-03-31": ""}, "Book Value Per Share": {"2020-12-31": "39.75060", "2020-09-30": "38.62180", "2020-06-30": "38.05070", "2020-03-31": "37.44960", "2019-12-31": "37.49310", "2019-09-30": "36.67850", "2019-06-30": "36.77490", "2019-03-31": "36.61660", "2018-12-31": "37.21370", "2018-09-30": "37.04350", "2018-06-30": "37.24670", "2018-03-31": "37.80470", "2017-12-31": "38.11940", "2017-09-30": "38.57710", "2017-06-30": "38.61410", "2017-03-31": "38.72030", "2016-12-31": "38.49500", "2016-09-30": "39.18560", "2016-06-30": "39.38110", "2016-03-31": "39.24820", "2015-12-31": "40.08780", "2015-09-30": "40.51820", "2015-06-30": "41.34480", "2015-03-31": "41.41420", "2014-12-31": "12.29980", "2014-09-30": "", "2014-06-30": "", "2014-03-31": "", "2013-12-31": "", "2013-03-31": ""}, "Operating Cash Flow Per Share": {"2020-12-31": 3.5072, "2020-09-30": 2.4275, "2020-06-30": "1.83540", "2020-03-31": 1.7539, "2019-12-31": 2.5683, "2019-09-30": 1.4821, "2019-06-30": "2.12280", "2019-03-31": 1.4512, "2018-12-31": 2.6575, "2018-09-30": 1.6579, "2018-06-30": "0.59640", "2018-03-31": 2.0431, "2017-12-31": 2.1989, "2017-09-30": 1.6573, "2017-06-30": "0.81630", "2017-03-31": 1.9348, "2016-12-31": 1.8381, "2016-09-30": 1.8724, "2016-06-30": "0.46560", "2016-03-31": 1.0558, "2015-12-31": 1.7335, "2015-09-30": 1.1418, "2015-06-30": "0.91560", "2015-03-31": 1.0345, "2014-12-31": 0.9634, "2014-09-30": 0.7886, "2014-06-30": "0.49230", "2014-03-31": -1.3772, "2013-12-31": 1.3772, "2013-03-31": 0}, "Free Cash Flow Per Share": {"2020-12-31": 3.1924, "2020-09-30": 2.0514, "2020-06-30": "1.57980", "2020-03-31": 1.4672, "2019-12-31": 2.219, "2019-09-30": 1.1577, "2019-06-30": "1.70750", "2019-03-31": 1.1799, "2018-12-31": 2.0782, "2018-09-30": 1.1189, "2018-06-30": "0.25120", "2018-03-31": 1.7884, "2017-12-31": 1.7978, "2017-09-30": 1.1676, "2017-06-30": "-0.16380", "2017-03-31": 0.6373, "2016-12-31": 0.6801, "2016-09-30": 1.0027, "2016-06-30": "-0.55710", "2016-03-31": 0.491, "2015-12-31": 1.1999, "2015-09-30": 0.5943, "2015-06-30": "0.33780", "2015-03-31": -0.2176, "2014-12-31": 0.686, "2014-09-30": 0.5287, "2014-06-30": "0.45940", "2014-03-31": -0.584, "2013-12-31": 0.584, "2013-03-31": 0}}, "revenue": {"Qorvo Annual Revenue (Millions of US $)": {"2020": "$3,239", "2019": "$3,090", "2018": "$2,974", "2017": "$3,033", "2016": "$2,611", "2015": "$1,711", "2014": "$1,148", "2013": "$964"}, "Qorvo Quarterly Revenue (Millions of US $)": {"2020-12-31": "$1,095", "2020-09-30": "$1,060", "2020-06-30": "$787", "2020-03-31": "$788", "2019-12-31": "$869", "2019-09-30": "$807", "2019-06-30": "$776", "2019-03-31": "$681", "2018-12-31": "$832", "2018-09-30": "$884", "2018-06-30": "$693", "2018-03-31": "$665", "2017-12-31": "$846", "2017-09-30": "$822", "2017-06-30": "$641", "2017-03-31": "$643", "2016-12-31": "$826", "2016-09-30": "$865", "2016-06-30": "$699", "2016-03-31": "$608", "2015-12-31": "$621", "2015-09-30": "$708", "2015-06-30": "$674", "2015-03-31": "$635", "2014-12-31": "$397", "2014-09-30": "$363", "2014-06-30": "$316", "2014-03-31": "", "2013-12-31": "$289", "2013-03-31": ""}}, "gross-profit": {"Qorvo Annual Gross Profit (Millions of US $)": {"2020": "$1,322", "2019": "$1,195", "2018": "$1,147", "2017": "$1,136", "2016": "$1,050", "2015": "$689", "2014": "$405", "2013": "$306"}, "Qorvo Quarterly Gross Profit (Millions of US $)": {"2020-12-31": "$538", "2020-09-30": "$492", "2020-06-30": "$326", "2020-03-31": "$336", "2019-12-31": "$368", "2019-09-30": "$324", "2019-06-30": "$294", "2019-03-31": "$267", "2018-12-31": "$338", "2018-09-30": "$354", "2018-06-30": "$237", "2018-03-31": "$253", "2017-12-31": "$337", "2017-09-30": "$321", "2017-06-30": "$236", "2017-03-31": "$232", "2016-12-31": "$311", "2016-09-30": "$317", "2016-06-30": "$276", "2016-03-31": "$254", "2015-12-31": "$231", "2015-09-30": "$285", "2015-06-30": "$280", "2015-03-31": "$189", "2014-12-31": "$191", "2014-09-30": "$167", "2014-06-30": "$142", "2014-03-31": "", "2013-12-31": "$108", "2013-03-31": ""}}, "operating-income": {"Qorvo Annual Operating Income (Millions of US $)": {"2020": "$423", "2019": "$216", "2018": "$70", "2017": "$88", "2016": "$12", "2015": "$122", "2014": "$27", "2013": "$-16"}, "Qorvo Quarterly Operating Income (Millions of US $)": {"2020-12-31": "$299", "2020-09-30": "$222", "2020-06-30": "$93", "2020-03-31": "$102", "2019-12-31": "$153", "2019-09-30": "$113", "2019-06-30": "$55", "2019-03-31": "$64", "2018-12-31": "$81", "2018-09-30": "$90", "2018-06-30": "$-19", "2018-03-31": "$-32", "2017-12-31": "$80", "2017-09-30": "$50", "2017-06-30": "$-28", "2017-03-31": "$-24", "2016-12-31": "$61", "2016-09-30": "$45", "2016-06-30": "$6", "2016-03-31": "$8", "2015-12-31": "$-13", "2015-09-30": "$18", "2015-06-30": "$-1", "2015-03-31": "$-103", "2014-12-31": "$104", "2014-09-30": "$75", "2014-06-30": "$46", "2014-03-31": "", "2013-12-31": "$15", "2013-03-31": ""}}, "ebitda": {"Qorvo Annual EBITDA (Millions of US $)": {"2020": "$892", "2019": "$880", "2018": "$784", "2017": "$793", "2016": "$687", "2015": "$339", "2014": "$113", "2013": "$57"}, "Qorvo Quarterly EBITDA (Millions of US $)": {"2020-12-31": "$424", "2020-09-30": "$345", "2020-06-30": "$215", "2020-03-31": "$221", "2019-12-31": "$270", "2019-09-30": "$224", "2019-06-30": "$177", "2019-03-31": "$185", "2018-12-31": "$266", "2018-09-30": "$271", "2018-06-30": "$158", "2018-03-31": "$143", "2017-12-31": "$262", "2017-09-30": "$230", "2017-06-30": "$149", "2017-03-31": "$161", "2016-12-31": "$240", "2016-09-30": "$220", "2016-06-30": "$172", "2016-03-31": "$167", "2015-12-31": "$164", "2015-09-30": "$192", "2015-06-30": "$165", "2015-03-31": "$58", "2014-12-31": "$122", "2014-09-30": "$94", "2014-06-30": "$65", "2014-03-31": "", "2013-12-31": "$15", "2013-03-31": ""}}, "net-income": {"Qorvo Annual Net Income (Millions of US $)": {"2020": "$334", "2019": "$133", "2018": "$-40", "2017": "$-17", "2016": "$-29", "2015": "$196", "2014": "$13", "2013": "$-53"}, "Qorvo Quarterly Net Income (Millions of US $)": {"2020-12-31": "$201", "2020-09-30": "$137", "2020-06-30": "$97", "2020-03-31": "$50", "2019-12-31": "$161", "2019-09-30": "$83", "2019-06-30": "$40", "2019-03-31": "$62", "2018-12-31": "$70", "2018-09-30": "$32", "2018-06-30": "$-30", "2018-03-31": "$-13", "2017-12-31": "$-33", "2017-09-30": "$36", "2017-06-30": "$-31", "2017-03-31": "$56", "2016-12-31": "$-79", "2016-09-30": "$12", "2016-06-30": "$-6", "2016-03-31": "$-24", "2015-12-31": "$-11", "2015-09-30": "$4", "2015-06-30": "$2", "2015-03-31": "$6", "2014-12-31": "$88", "2014-09-30": "$63", "2014-06-30": "$39", "2014-03-31": "", "2013-12-31": "$6", "2013-03-31": ""}}, "eps-earnings-per-share-diluted": {"Qorvo Annual EPS": {"2020": "$2.80", "2019": "$1.05", "2018": "$-0.32", "2017": "$-0.13", "2016": "$-0.20", "2015": "$2.11", "2014": "$0.18", "2013": "$-0.76"}, "Qorvo Quarterly EPS": {"2020-12-31": "$1.74", "2020-09-30": "$1.18", "2020-06-30": "$0.83", "2020-03-31": "$0.41", "2019-12-31": "$1.36", "2019-09-30": "$0.70", "2019-06-30": "$0.33", "2019-03-31": "$0.49", "2018-12-31": "$0.55", "2018-09-30": "$0.25", "2018-06-30": "$-0.24", "2018-03-31": "$-0.09", "2017-12-31": "$-0.26", "2017-09-30": "$0.27", "2017-06-30": "$-0.24", "2017-03-31": "$0.44", "2016-12-31": "$-0.62", "2016-09-30": "$0.09", "2016-06-30": "$-0.04", "2016-03-31": "$-0.16", "2015-12-31": "$-0.08", "2015-09-30": "$0.03", "2015-06-30": "$0.01", "2015-03-31": "$-0.44", "2014-12-31": "$1.18", "2014-09-30": "$0.85", "2014-06-30": "$0.52", "2014-03-31": "$0.00", "2013-12-31": "$0.09", "2013-03-31": "$0.00"}}, "shares-outstanding": {"Qorvo Annual Shares Outstanding (Millions of Shares)": {"2020": "119", "2019": "127", "2018": "127", "2017": "127", "2016": "142", "2015": "93", "2014": "72", "2013": "70"}, "Qorvo Quarterly Shares Outstanding (Millions of Shares)": {"2020-12-31": "116", "2020-09-30": "116", "2020-06-30": "117", "2020-03-31": "119", "2019-12-31": "118", "2019-09-30": "119", "2019-06-30": "121", "2019-03-31": "127", "2018-12-31": "127", "2018-09-30": "129", "2018-06-30": "126", "2018-03-31": "127", "2017-12-31": "127", "2017-09-30": "131", "2017-06-30": "127", "2017-03-31": "127", "2016-12-31": "127", "2016-09-30": "132", "2016-06-30": "128", "2016-03-31": "142", "2015-12-31": "139", "2015-09-30": "151", "2015-06-30": "154", "2015-03-31": "93", "2014-12-31": "74", "2014-09-30": "74", "2014-06-30": "74", "2014-03-31": "", "2013-12-31": "72", "2013-03-31": ""}}, "total-assets": {"Qorvo Annual Total Assets (Millions of US $)": {"2020": "$6,561", "2019": "$5,808", "2018": "$6,382", "2017": "$6,522", "2016": "$6,597", "2015": "$6,892", "2014": "$920", "2013": "$0"}, "Qorvo Quarterly Total Assets (Millions of US $)": {"2020-12-31": "$7,041", "2020-09-30": "$7,824", "2020-06-30": "$6,883", "2020-03-31": "$6,561", "2019-12-31": "$6,520", "2019-09-30": "$5,849", "2019-06-30": "$5,926", "2019-03-31": "$5,808", "2018-12-31": "$5,806", "2018-09-30": "$5,947", "2018-06-30": "$5,782", "2018-03-31": "$6,382", "2017-12-31": "$6,527", "2017-09-30": "$6,478", "2017-06-30": "$6,443", "2017-03-31": "$6,522", "2016-12-31": "$6,625", "2016-09-30": "$6,752", "2016-06-30": "$6,688", "2016-03-31": "$6,597", "2015-12-31": "$7,011", "2015-09-30": "$6,532", "2015-06-30": "$6,910", "2015-03-31": "$6,892", "2014-12-31": "$1,166", "2014-09-30": "$0", "2014-06-30": "$0", "2014-03-31": "$0", "2013-12-31": "$0", "2013-03-31": "$0"}}, "cash-on-hand": {"Qorvo Annual Cash on Hand (Millions of US $)": {"2020": "$715", "2019": "$711", "2018": "$926", "2017": "$545", "2016": "$613", "2015": "$545", "2014": "$244", "2013": "$"}, "Qorvo Quarterly Cash on Hand (Millions of US $)": {"2020-12-31": "$1,234", "2020-09-30": "$2,000", "2020-06-30": "$1,136", "2020-03-31": "$715", "2019-12-31": "$1,098", "2019-09-30": "$587", "2019-06-30": "$630", "2019-03-31": "$711", "2018-12-31": "$650", "2018-09-30": "$558", "2018-06-30": "$392", "2018-03-31": "$926", "2017-12-31": "$841", "2017-09-30": "$575", "2017-06-30": "$513", "2017-03-31": "$545", "2016-12-31": "$496", "2016-09-30": "$469", "2016-06-30": "$447", "2016-03-31": "$613", "2015-12-31": "$1,025", "2015-09-30": "$196", "2015-06-30": "$558", "2015-03-31": "$545", "2014-12-31": "$297", "2014-09-30": "", "2014-06-30": "", "2014-03-31": "", "2013-12-31": "", "2013-03-31": ""}}, "long-term-debt": {"Qorvo Annual Long Term Debt (Millions of US $)": {"2020": "$1,567", "2019": "$921", "2018": "$983", "2017": "$989", "2016": "$988", "2015": "$", "2014": "$", "2013": "$"}, "Qorvo Quarterly Long Term Debt (Millions of US $)": {"2020-12-31": "$1,744", "2020-09-30": "$1,764", "2020-06-30": "$1,870", "2020-03-31": "$1,567", "2019-12-31": "$1,569", "2019-09-30": "$1,016", "2019-06-30": "$1,019", "2019-03-31": "$921", "2018-12-31": "$714", "2018-09-30": "$735", "2018-06-30": "$558", "2018-03-31": "$983", "2017-12-31": "$1,089", "2017-09-30": "$990", "2017-06-30": "$989", "2017-03-31": "$989", "2016-12-31": "$989", "2016-09-30": "$989", "2016-06-30": "$988", "2016-03-31": "$988", "2015-12-31": "$988", "2015-09-30": "$75", "2015-06-30": "", "2015-03-31": "", "2014-12-31": "", "2014-09-30": "", "2014-06-30": "", "2014-03-31": "", "2013-12-31": "", "2013-03-31": ""}}, "total-liabilities": {"Qorvo Annual Total Liabilities (Millions of US $)": {"2020": "$2,268", "2019": "$1,448", "2018": "$1,606", "2017": "$1,626", "2016": "$1,597", "2015": "$719", "2014": "$244", "2013": "$0"}, "Qorvo Quarterly Total Liabilities (Millions of US $)": {"2020-12-31": "$2,538", "2020-09-30": "$3,417", "2020-06-30": "$2,531", "2020-03-31": "$2,268", "2019-12-31": "$2,180", "2019-09-30": "$1,583", "2019-06-30": "$1,589", "2019-03-31": "$1,448", "2018-12-31": "$1,229", "2018-09-30": "$1,315", "2018-06-30": "$1,104", "2018-03-31": "$1,606", "2017-12-31": "$1,706", "2017-09-30": "$1,574", "2017-06-30": "$1,530", "2017-03-31": "$1,626", "2016-12-31": "$1,762", "2016-09-30": "$1,775", "2016-06-30": "$1,654", "2016-03-31": "$1,597", "2015-12-31": "$1,517", "2015-09-30": "$820", "2015-06-30": "$732", "2015-03-31": "$719", "2014-12-31": "$270", "2014-09-30": "$0", "2014-06-30": "$0", "2014-03-31": "", "2013-12-31": "$0", "2013-03-31": "$0"}}, "total-share-holder-equity": {"Qorvo Annual Share Holder Equity (Millions of US $)": {"2020": "$4,293", "2019": "$4,360", "2018": "$4,776", "2017": "$4,897", "2016": "$5,000", "2015": "$6,173", "2014": "$676", "2013": "$0"}, "Qorvo Quarterly Share Holder Equity (Millions of US $)": {"2020-12-31": "$4,504", "2020-09-30": "$4,407", "2020-06-30": "$4,351", "2020-03-31": "$4,293", "2019-12-31": "$4,339", "2019-09-30": "$4,265", "2019-06-30": "$4,337", "2019-03-31": "$4,360", "2018-12-31": "$4,577", "2018-09-30": "$4,632", "2018-06-30": "$4,678", "2018-03-31": "$4,776", "2017-12-31": "$4,821", "2017-09-30": "$4,905", "2017-06-30": "$4,913", "2017-03-31": "$4,897", "2016-12-31": "$4,863", "2016-09-30": "$4,976", "2016-06-30": "$5,034", "2016-03-31": "$5,000", "2015-12-31": "$5,494", "2015-09-30": "$5,712", "2015-06-30": "$6,178", "2015-03-31": "$6,173", "2014-12-31": "$896", "2014-09-30": "$0", "2014-06-30": "$0", "2014-03-31": "", "2013-12-31": "$0", "2013-03-31": "$0"}}, "profit-margins": {"current": "13.01%"}, "gross margin": {"2020-12-31": "45.36%", "2020-09-30": "43.44%", "2020-06-30": "41.65%", "2020-03-31": "40.80%", "2019-12-31": "39.99%", "2019-09-30": "39.50%", "2019-06-30": "39.49%", "2019-03-31": "38.71%", "2018-12-31": "38.45%", "2018-09-30": "38.24%", "2018-06-30": "37.94%", "2018-03-31": "38.57%", "2017-12-31": "38.14%", "2017-09-30": "37.52%", "2017-06-30": "36.84%", "2017-03-31": "37.45%", "2016-12-31": "38.63%", "2016-09-30": "38.60%", "2016-06-30": "39.68%", "2016-03-31": "40.21%", "2015-12-31": "37.34%", "2015-09-30": "39.15%", "2015-06-30": "39.97%", "2015-03-31": "40.27%", "2014-09-30": "43.08%"}, "operating margin": {"2020-12-31": "19.20%", "2020-09-30": "16.27%", "2020-06-30": "14.18%", "2020-03-31": "13.06%", "2019-12-31": "12.29%", "2019-09-30": "10.11%", "2019-06-30": "9.14%", "2019-03-31": "6.99%", "2018-12-31": "3.90%", "2018-09-30": "3.85%", "2018-06-30": "2.61%", "2018-03-31": "2.35%", "2017-12-31": "2.64%", "2017-09-30": "2.01%", "2017-06-30": "1.82%", "2017-03-31": "2.90%", "2016-12-31": "4.00%", "2016-09-30": "1.65%", "2016-06-30": "0.72%", "2016-03-31": "0.46%", "2015-12-31": "-3.75%", "2015-09-30": "0.75%", "2015-06-30": "3.62%", "2015-03-31": "7.13%", "2014-09-30": "14.05%"}, "ebitda margin": {"2020-12-31": "32.31%", "2020-09-30": "29.99%", "2020-06-30": "28.61%", "2020-03-31": "27.53%", "2019-12-31": "27.32%", "2019-09-30": "27.52%", "2019-06-30": "28.33%", "2019-03-31": "28.48%", "2018-12-31": "27.26%", "2018-09-30": "27.01%", "2018-06-30": "26.21%", "2018-03-31": "26.36%", "2017-12-31": "27.17%", "2017-09-30": "26.60%", "2017-06-30": "25.88%", "2017-03-31": "26.15%", "2016-12-31": "26.65%", "2016-09-30": "25.89%", "2016-06-30": "26.37%", "2016-03-31": "26.35%", "2015-12-31": "21.95%", "2015-09-30": "22.25%", "2015-06-30": "21.22%", "2015-03-31": "19.81%", "2014-09-30": "17.98%"}, "pre tax profit margin": {"2020-12-31": "15.71%", "2020-09-30": "15.55%", "2020-06-30": "13.75%", "2020-03-31": "12.19%", "2019-12-31": "12.13%", "2019-09-30": "8.66%", "2019-06-30": "6.27%", "2019-03-31": "2.98%", "2018-12-31": "-0.07%", "2018-09-30": "-0.26%", "2018-06-30": "-0.17%", "2018-03-31": "0.57%", "2017-12-31": "0.81%", "2017-09-30": "0.14%", "2017-06-30": "-0.07%", "2017-03-31": "0.92%", "2016-12-31": "2.07%", "2016-09-30": "-0.14%", "2016-06-30": "-0.61%", "2016-03-31": "-0.11%", "2015-12-31": "-3.90%", "2015-09-30": "0.87%", "2015-06-30": "3.77%", "2015-03-31": "7.07%", "2014-09-30": "13.95%"}, "net profit margin": {"2020-12-31": "13.00%", "2020-09-30": "12.70%", "2020-06-30": "12.03%", "2020-03-31": "10.31%", "2019-12-31": "11.04%", "2019-09-30": "8.24%", "2019-06-30": "6.43%", "2019-03-31": "4.34%", "2018-12-31": "1.92%", "2018-09-30": "-1.42%", "2018-06-30": "-1.32%", "2018-03-31": "-1.38%", "2017-12-31": "0.95%", "2017-09-30": "-0.61%", "2017-06-30": "-1.41%", "2017-03-31": "-0.56%", "2016-12-31": "-3.24%", "2016-09-30": "-1.04%", "2016-06-30": "-1.40%", "2016-03-31": "-1.11%", "2015-12-31": "0.04%", "2015-09-30": "4.14%", "2015-06-30": "7.68%", "2015-03-31": "11.46%", "2014-09-30": "11.16%"}, "pe ratio": {"current": "21.08", "2021-02-05": "68.50", "2020-12-31": "68.14", "2020-09-30": "33.95", "2020-06-30": "33.29", "2020-03-31": "28.59", "2019-12-31": "40.22", "2019-09-30": "35.64", "2019-06-30": "40.87", "2019-03-31": "67.67", "2018-12-31": "132.02", "2018-09-30": "0.00", "2018-06-30": "0.00", "2018-03-31": "0.00", "2017-12-31": "333.00", "2017-09-30": "0.00", "2017-06-30": "0.00", "2017-03-31": "0.00", "2016-12-31": "0.00", "2016-09-30": "0.00", "2016-06-30": "0.00", "2016-03-31": "0.00", "2015-12-31": "0.00"}, "price sales": {"2021-02-05": "5.23", "2020-12-31": "5.21", "2020-09-30": "4.33", "2020-06-30": "4.03", "2020-03-31": "2.98", "2019-12-31": "4.50", "2019-09-30": "2.96", "2019-06-30": "2.64", "2019-03-31": "2.95", "2018-12-31": "2.51", "2018-09-30": "3.17", "2018-06-30": "3.39", "2018-03-31": "3.03", "2017-12-31": "2.89", "2017-09-30": "3.09", "2017-06-30": "2.73", "2017-03-31": "2.91", "2016-12-31": "2.31", "2016-09-30": "2.69", "2016-06-30": "2.92", "2016-03-31": "2.83", "2015-12-31": "2.50"}, "price book": {"current": "4.23", "2021-02-05": "4.20", "2020-12-31": "4.18", "2020-09-30": "3.34", "2020-06-30": "2.90", "2020-03-31": "2.15", "2019-12-31": "3.10", "2019-09-30": "2.02", "2019-06-30": "1.81", "2019-03-31": "1.96", "2018-12-31": "1.63", "2018-09-30": "2.08", "2018-06-30": "2.15", "2018-03-31": "1.86", "2017-12-31": "1.75", "2017-09-30": "1.83", "2017-06-30": "1.64", "2017-03-31": "1.77", "2016-12-31": "1.37", "2016-09-30": "1.42", "2016-06-30": "1.40", "2016-03-31": "1.28", "2015-12-31": "1.27", "2015-09-30": "1.11", "2015-06-30": "1.94", "2015-03-31": "1.92"}, "price fcf": {"2021-02-05": "", "2020-12-31": "$8.29", "2020-09-30": "$7.32", "2020-06-30": "$6.42", "2020-03-31": "$6.55", "2019-12-31": "$6.26", "2019-09-30": "$6.12", "2019-06-30": "$6.08", "2019-03-31": "$4.63", "2018-12-31": "$5.24", "2018-09-30": "$4.96", "2018-06-30": "$5.01", "2018-03-31": "$4.59", "2017-12-31": "$3.44", "2017-09-30": "$2.32", "2017-06-30": "$2.16", "2017-03-31": "$1.76", "2016-12-31": "$1.62", "2016-09-30": "$2.14", "2016-06-30": "$1.73", "2016-03-31": "$2.62", "2015-12-31": "$3.59"}, "net worth": {"value": "$19.06B"}, "current ratio": {"current": "3.78", "2020-12-31": "3.78", "2020-09-30": "2.07", "2020-06-30": "4.08", "2020-03-31": "3.14", "2019-12-31": "4.21", "2019-09-30": "3.45", "2019-06-30": "3.44", "2019-03-31": "3.87", "2018-12-31": "3.90", "2018-09-30": "3.50", "2018-06-30": "3.39", "2018-03-31": "4.18", "2017-12-31": "4.72", "2017-09-30": "3.80", "2017-06-30": "4.05", "2017-03-31": "3.49", "2016-12-31": "2.71", "2016-09-30": "2.84", "2016-06-30": "3.53", "2016-03-31": "4.04", "2015-12-31": "6.13", "2015-09-30": "3.59", "2015-06-30": "4.71", "2015-03-31": "4.61", "2014-12-31": "3.44", "2014-09-30": "0.00", "2014-06-30": "0.00", "2014-03-31": "0.00", "2013-12-31": "0.00", "2013-03-31": "0.00"}, "quick ratio": {"2020-12-31": "3.00", "2020-09-30": "1.75", "2020-06-30": "3.05", "2020-03-31": "2.18", "2019-12-31": "3.23", "2019-09-30": "2.37", "2019-06-30": "2.30", "2019-03-31": "2.69", "2018-12-31": "2.78", "2018-09-30": "2.48", "2018-06-30": "2.15", "2018-03-31": "3.11", "2017-12-31": "3.62", "2017-09-30": "2.71", "2017-06-30": "2.75", "2017-03-31": "2.46", "2016-12-31": "1.98", "2016-09-30": "2.06", "2016-06-30": "2.45", "2016-03-31": "2.89", "2015-12-31": "4.78", "2015-09-30": "2.48", "2015-06-30": "3.63", "2015-03-31": "3.55", "2014-12-31": "2.66", "2014-09-30": "0.00", "2014-06-30": "0.00", "2014-03-31": "0.00", "2013-12-31": "0.00", "2013-03-31": "0.00"}, "debt equity ratio": {"current": "0.39", "2020-12-31": "0.56", "2020-09-30": "0.78", "2020-06-30": "0.58", "2020-03-31": "0.53", "2019-12-31": "0.50", "2019-09-30": "0.37", "2019-06-30": "0.37", "2019-03-31": "0.33", "2018-12-31": "0.27", "2018-09-30": "0.28", "2018-06-30": "0.24", "2018-03-31": "0.34", "2017-12-31": "0.35", "2017-09-30": "0.32", "2017-06-30": "0.31", "2017-03-31": "0.33", "2016-12-31": "0.36", "2016-09-30": "0.36", "2016-06-30": "0.33", "2016-03-31": "0.32", "2015-12-31": "0.28", "2015-09-30": "0.14", "2015-06-30": "0.12", "2015-03-31": "0.12", "2014-12-31": "0.30", "2014-09-30": "0.00", "2014-06-30": "0.00", "2014-03-31": "0.00", "2013-12-31": "0.00", "2013-03-31": "0.00"}, "return on equity": {"2020-12-31": "11.05%", "2020-09-30": "10.24%", "2020-06-30": "9.07%", "2020-03-31": "7.75%", "2019-12-31": "8.00%", "2019-09-30": "5.82%", "2019-06-30": "4.56%", "2019-03-31": "2.94%", "2018-12-31": "1.26%", "2018-09-30": "-0.93%", "2018-06-30": "-0.83%", "2018-03-31": "-0.84%", "2017-12-31": "0.57%", "2017-09-30": "-0.37%", "2017-06-30": "-0.86%", "2017-03-31": "-0.34%", "2016-12-31": "-1.95%", "2016-09-30": "-0.57%", "2016-06-30": "-0.70%", "2016-03-31": "-0.52%", "2015-12-31": "0.02%", "2015-09-30": "2.11%", "2015-06-30": "4.80%", "2015-03-31": "11.09%", "2014-09-30": "inf%"}, "return on assets": {"2020-12-31": "6.85%", "2020-09-30": "6.41%", "2020-06-30": "6.06%", "2020-03-31": "5.37%", "2019-12-31": "5.74%", "2019-09-30": "4.36%", "2019-06-30": "3.47%", "2019-03-31": "2.30%", "2018-12-31": "0.99%", "2018-09-30": "-0.71%", "2018-06-30": "-0.64%", "2018-03-31": "-0.63%", "2017-12-31": "0.43%", "2017-09-30": "-0.28%", "2017-06-30": "-0.64%", "2017-03-31": "-0.26%", "2016-12-31": "-1.46%", "2016-09-30": "-0.43%", "2016-06-30": "-0.55%", "2016-03-31": "-0.43%", "2015-12-31": "0.01%", "2015-09-30": "1.86%", "2015-06-30": "4.25%", "2015-03-31": "9.73%", "2014-09-30": "inf%"}, "return on investments": {"2020-12-31": "11.69%", "2020-09-30": "9.44%", "2020-06-30": "7.92%", "2020-03-31": "7.55%", "2019-12-31": "7.06%", "2019-09-30": "5.90%", "2019-06-30": "5.45%", "2019-03-31": "4.08%", "2018-12-31": "2.22%", "2018-09-30": "2.14%", "2018-06-30": "1.39%", "2018-03-31": "1.19%", "2017-12-31": "1.32%", "2017-09-30": "1.00%", "2017-06-30": "0.92%", "2017-03-31": "1.48%", "2016-12-31": "2.01%", "2016-09-30": "0.75%", "2016-06-30": "0.31%", "2016-03-31": "0.26%", "2015-12-31": "-3.23%", "2015-09-30": "1.24%", "2015-06-30": "inf%", "2015-03-31": "inf%", "2014-09-30": "inf%"}, "return on tangible equity": {"2020-12-31": "47.12%", "2020-09-30": "41.90%", "2020-06-30": "33.25%", "2020-03-31": "25.53%", "2019-12-31": "22.53%", "2019-09-30": "15.10%", "2019-06-30": "11.48%", "2019-03-31": "7.29%", "2018-12-31": "3.22%", "2018-09-30": "-2.50%", "2018-06-30": "-2.36%", "2018-03-31": "-2.54%", "2017-12-31": "1.85%", "2017-09-30": "-1.30%", "2017-06-30": "-3.30%", "2017-03-31": "-1.45%", "2016-12-31": "-8.75%", "2016-09-30": "-2.46%", "2016-06-30": "-2.91%", "2016-03-31": "-1.98%", "2015-12-31": "0.06%", "2015-09-30": "6.83%", "2015-06-30": "14.66%", "2015-03-31": "31.61%", "2014-09-30": "inf%"}, "dividend yield history": {"last payout": "$0.00", "last yield": "0.00%"}}