{"ticker": "QCOM", "price": {"title": "QUALCOMM Historical Annual Stock Price Data", "value": 145.84, "historical": {"2021": {"Average Stock Price": "157.5350", "Year Open": "148.5000", "Year High": "164.7800", "Year Low": "145.8400", "Year Close": "145.8400", "Annual % Change": "-4.27%"}, "2020": {"Average Stock Price": "102.3121", "Year Open": "88.6900", "Year High": "158.8000", "Year Low": "60.9100", "Year Close": "152.3400", "Annual % Change": "72.66%"}, "2019": {"Average Stock Price": "71.7372", "Year Open": "57.4000", "Year High": "94.0300", "Year Low": "49.4000", "Year Close": "88.2300", "Annual % Change": "55.03%"}, "2018": {"Average Stock Price": "61.4766", "Year Open": "65.2000", "Year High": "75.0900", "Year Low": "49.7500", "Year Close": "56.9100", "Annual % Change": "-11.11%"}, "2017": {"Average Stock Price": "56.8518", "Year Open": "65.4000", "Year High": "68.9100", "Year Low": "49.6400", "Year Close": "64.0200", "Annual % Change": "-1.81%"}, "2016": {"Average Stock Price": "57.4231", "Year Open": "50.1200", "Year High": "70.0900", "Year Low": "42.9600", "Year Close": "65.2000", "Annual % Change": "30.44%"}, "2015": {"Average Stock Price": "62.7521", "Year Open": "74.2800", "Year High": "74.5050", "Year Low": "46.8300", "Year Close": "49.9850", "Annual % Change": "-32.75%"}, "2014": {"Average Stock Price": "76.1162", "Year Open": "73.3200", "Year High": "81.6000", "Year Low": "69.2600", "Year Close": "74.3300", "Annual % Change": "0.11%"}, "2013": {"Average Stock Price": "66.3563", "Year Open": "64.7500", "Year High": "74.2500", "Year Low": "59.3900", "Year Close": "74.2500", "Annual % Change": "20.03%"}, "2012": {"Average Stock Price": "60.9764", "Year Open": "55.2700", "Year High": "68.5900", "Year Low": "53.5550", "Year Close": "61.8596", "Annual % Change": "13.09%"}, "2011": {"Average Stock Price": "54.0731", "Year Open": "50.1800", "Year High": "59.5800", "Year Low": "46.4000", "Year Close": "54.7000", "Annual % Change": "10.53%"}, "2010": {"Average Stock Price": "41.3623", "Year Open": "46.9400", "Year High": "49.9900", "Year Low": "31.9600", "Year Close": "49.4900", "Annual % Change": "6.98%"}, "2009": {"Average Stock Price": "42.1183", "Year Open": "37.0500", "Year High": "48.4500", "Year Low": "32.7800", "Year Close": "46.2600", "Annual % Change": "29.11%"}, "2008": {"Average Stock Price": "42.7245", "Year Open": "38.3900", "Year High": "56.3700", "Year Low": "29.2100", "Year Close": "35.8300", "Annual % Change": "-8.95%"}, "2007": {"Average Stock Price": "41.2444", "Year Open": "37.4600", "Year High": "46.3800", "Year Low": "36.0900", "Year Close": "39.3500", "Annual % Change": "4.13%"}, "2006": {"Average Stock Price": "42.4008", "Year Open": "44.0000", "Year High": "52.7400", "Year Low": "33.3100", "Year Close": "37.7900", "Annual % Change": "-12.28%"}, "2005": {"Average Stock Price": "39.2675", "Year Open": "42.3200", "Year High": "46.2300", "Year Low": "32.5200", "Year Close": "43.0800", "Annual % Change": "1.60%"}, "2004": {"Average Stock Price": "35.5753", "Year Open": "26.8100", "Year High": "44.5500", "Year Low": "26.8100", "Year Close": "42.4000", "Annual % Change": "57.24%"}, "2003": {"Average Stock Price": "19.5594", "Year Open": "18.5700", "Year High": "27.4100", "Year Low": "15.1150", "Year Close": "26.9650", "Annual % Change": "48.20%"}, "2002": {"Average Stock Price": "17.1376", "Year Open": "26.0200", "Year High": "26.0200", "Year Low": "11.8750", "Year Close": "18.1950", "Annual % Change": "-27.94%"}, "2001": {"Average Stock Price": "29.8972", "Year Open": "35.4400", "Year High": "43.4050", "Year Low": "19.2300", "Year Close": "25.2500", "Annual % Change": "-38.56%"}, "2000": {"Average Stock Price": "46.9974", "Year Open": "89.6500", "Year High": "89.6500", "Year Low": "26.5000", "Year Close": "41.0950", "Annual % Change": "-53.33%"}, "1999": {"Average Stock Price": "20.1502", "Year Open": "3.4650", "Year High": "88.0500", "Year Low": "3.4650", "Year Close": "88.0500", "Annual % Change": "2619.19%"}, "1998": {"Average Stock Price": "3.2715", "Year Open": "3.2381", "Year High": "4.1956", "Year Low": "2.4456", "Year Close": "3.2381", "Annual % Change": "2.59%"}, "1997": {"Average Stock Price": "3.3897", "Year Open": "2.4613", "Year High": "4.4375", "Year Low": "2.4613", "Year Close": "3.1563", "Annual % Change": "26.63%"}, "1996": {"Average Stock Price": "2.6606", "Year Open": "2.7344", "Year High": "3.3047", "Year Low": "1.9141", "Year Close": "2.4925", "Annual % Change": "-7.26%"}, "1995": {"Average Stock Price": "2.2446", "Year Open": "1.5156", "Year High": "3.3906", "Year Low": "1.3281", "Year Close": "2.6875", "Annual % Change": "79.17%"}, "1994": {"Average Stock Price": "1.4544", "Year Open": "1.6603", "Year High": "2.0706", "Year Low": "0.9531", "Year Close": "1.5000", "Annual % Change": "-9.44%"}, "1993": {"Average Stock Price": "1.7323", "Year Open": "0.7578", "Year High": "2.6953", "Year Low": "0.7266", "Year Close": "1.6563", "Annual % Change": "118.57%"}, "1992": {"Average Stock Price": "0.6527", "Year Open": "0.8631", "Year High": "0.8906", "Year Low": "0.4103", "Year Close": "0.7578", "Annual % Change": "-2.02%"}}}, "market cap": {"value": "$165.67B"}, "income statement": {"Revenue": {"2020-09-30": "23531.00000", "2019-09-30": "24273.00000", "2018-09-30": "22611.00000", "2017-09-30": "22258.00000", "2016-09-30": "23554.00000", "2015-09-30": "25281.00000", "2014-09-30": "26487.00000", "2013-09-30": "24866.00000", "2012-09-30": "19121.00000", "2011-09-30": "14957.00000", "2010-09-30": "10982.00000", "2009-09-30": "10387.00000", "2008-09-30": "11142.00000", "2007-09-30": "8871.00000", "2006-09-30": "7526.00000", "2005-09-30": "5673.00000"}, "Cost Of Goods Sold": {"2020-09-30": "9255.00000", "2019-09-30": "8599.00000", "2018-09-30": "10244.00000", "2017-09-30": "9792.00000", "2016-09-30": "9749.00000", "2015-09-30": "10378.00000", "2014-09-30": "10686.00000", "2013-09-30": "9820.00000", "2012-09-30": "7096.00000", "2011-09-30": "4877.00000", "2010-09-30": "3301.00000", "2009-09-30": "3025.00000", "2008-09-30": "3414.00000", "2007-09-30": "2681.00000", "2006-09-30": "2182.00000", "2005-09-30": "1645.00000"}, "Gross Profit": {"2020-09-30": "14276.00000", "2019-09-30": "15674.00000", "2018-09-30": "12367.00000", "2017-09-30": "12466.00000", "2016-09-30": "13805.00000", "2015-09-30": "14903.00000", "2014-09-30": "15801.00000", "2013-09-30": "15046.00000", "2012-09-30": "12025.00000", "2011-09-30": "10080.00000", "2010-09-30": "7681.00000", "2009-09-30": "7362.00000", "2008-09-30": "7728.00000", "2007-09-30": "6190.00000", "2006-09-30": "5344.00000", "2005-09-30": "4028.00000"}, "Research And Development Expenses": {"2020-09-30": "5975.00000", "2019-09-30": "5398.00000", "2018-09-30": "5625.00000", "2017-09-30": "5485.00000", "2016-09-30": "5151.00000", "2015-09-30": "5490.00000", "2014-09-30": "5477.00000", "2013-09-30": "4967.00000", "2012-09-30": "3915.00000", "2011-09-30": "2995.00000", "2010-09-30": "2451.00000", "2009-09-30": "2345.00000", "2008-09-30": "2281.00000", "2007-09-30": "1829.00000", "2006-09-30": "1538.00000", "2005-09-30": "1011.00000"}, "SG&A Expenses": {"2020-09-30": "2074.00000", "2019-09-30": "2195.00000", "2018-09-30": "2986.00000", "2017-09-30": "2658.00000", "2016-09-30": "2385.00000", "2015-09-30": "2344.00000", "2014-09-30": "2290.00000", "2013-09-30": "2518.00000", "2012-09-30": "2270.00000", "2011-09-30": "1945.00000", "2010-09-30": "1503.00000", "2009-09-30": "1462.00000", "2008-09-30": "1717.00000", "2007-09-30": "1478.00000", "2006-09-30": "1116.00000", "2005-09-30": "631.00000"}, "Other Operating Income Or Expenses": {"2020-09-30": "28.00000", "2019-09-30": "-414.00000", "2018-09-30": "-3135.00000", "2017-09-30": "-1742.00000", "2016-09-30": "226.00000", "2015-09-30": "-1293.00000", "2014-09-30": "-484.00000", "2013-09-30": "-331.00000", "2012-09-30": "-158.00000", "2011-09-30": "-114.00000", "2010-09-30": "", "2009-09-30": "-1013.00000", "2008-09-30": "", "2007-09-30": "", "2006-09-30": "", "2005-09-30": ""}, "Operating Expenses": {"2020-09-30": "17276.00000", "2019-09-30": "16606.00000", "2018-09-30": "21990.00000", "2017-09-30": "19677.00000", "2016-09-30": "17059.00000", "2015-09-30": "19505.00000", "2014-09-30": "18937.00000", "2013-09-30": "17636.00000", "2012-09-30": "13439.00000", "2011-09-30": "9931.00000", "2010-09-30": "7255.00000", "2009-09-30": "7845.00000", "2008-09-30": "7412.00000", "2007-09-30": "5988.00000", "2006-09-30": "4836.00000", "2005-09-30": "3287.00000"}, "Operating Income": {"2020-09-30": "6255.00000", "2019-09-30": "7667.00000", "2018-09-30": "621.00000", "2017-09-30": "2581.00000", "2016-09-30": "6495.00000", "2015-09-30": "5776.00000", "2014-09-30": "7550.00000", "2013-09-30": "7230.00000", "2012-09-30": "5682.00000", "2011-09-30": "5026.00000", "2010-09-30": "3727.00000", "2009-09-30": "2542.00000", "2008-09-30": "3730.00000", "2007-09-30": "2883.00000", "2006-09-30": "2690.00000", "2005-09-30": "2386.00000"}, "Total Non-Operating Income/Expense": {"2020-09-30": "-536.00000", "2019-09-30": "-186.00000", "2018-09-30": "-229.00000", "2017-09-30": "406.00000", "2016-09-30": "338.00000", "2015-09-30": "711.00000", "2014-09-30": "1228.00000", "2013-09-30": "964.00000", "2012-09-30": "880.00000", "2011-09-30": "661.00000", "2010-09-30": "766.00000", "2009-09-30": "-139.00000", "2008-09-30": "96.00000", "2007-09-30": "743.00000", "2006-09-30": "466.00000", "2005-09-30": "423.00000"}, "Pre-Tax Income": {"2020-09-30": "5719.00000", "2019-09-30": "7481.00000", "2018-09-30": "392.00000", "2017-09-30": "2987.00000", "2016-09-30": "6833.00000", "2015-09-30": "6487.00000", "2014-09-30": "8778.00000", "2013-09-30": "8194.00000", "2012-09-30": "6562.00000", "2011-09-30": "5687.00000", "2010-09-30": "4493.00000", "2009-09-30": "2403.00000", "2008-09-30": "3826.00000", "2007-09-30": "3626.00000", "2006-09-30": "3156.00000", "2005-09-30": "2809.00000"}, "Income Taxes": {"2020-09-30": "521.00000", "2019-09-30": "3095.00000", "2018-09-30": "5356.00000", "2017-09-30": "543.00000", "2016-09-30": "1131.00000", "2015-09-30": "1219.00000", "2014-09-30": "1244.00000", "2013-09-30": "1349.00000", "2012-09-30": "1279.00000", "2011-09-30": "1132.00000", "2010-09-30": "973.00000", "2009-09-30": "611.00000", "2008-09-30": "666.00000", "2007-09-30": "323.00000", "2006-09-30": "686.00000", "2005-09-30": "666.00000"}, "Income After Taxes": {"2020-09-30": "5198.00000", "2019-09-30": "4386.00000", "2018-09-30": "-4964.00000", "2017-09-30": "2444.00000", "2016-09-30": "5702.00000", "2015-09-30": "5268.00000", "2014-09-30": "7534.00000", "2013-09-30": "6845.00000", "2012-09-30": "5283.00000", "2011-09-30": "4555.00000", "2010-09-30": "3520.00000", "2009-09-30": "1792.00000", "2008-09-30": "3160.00000", "2007-09-30": "3303.00000", "2006-09-30": "2470.00000", "2005-09-30": "2143.00000"}, "Other Income": {"2020-09-30": "", "2019-09-30": "", "2018-09-30": "", "2017-09-30": "", "2016-09-30": "", "2015-09-30": "", "2014-09-30": "", "2013-09-30": "", "2012-09-30": "", "2011-09-30": "", "2010-09-30": "", "2009-09-30": "", "2008-09-30": "", "2007-09-30": "", "2006-09-30": "", "2005-09-30": ""}, "Income From Continuous Operations": {"2020-09-30": "5198.00000", "2019-09-30": "4386.00000", "2018-09-30": "-4964.00000", "2017-09-30": "2444.00000", "2016-09-30": "5702.00000", "2015-09-30": "5268.00000", "2014-09-30": "7534.00000", "2013-09-30": "6845.00000", "2012-09-30": "5283.00000", "2011-09-30": "4555.00000", "2010-09-30": "3520.00000", "2009-09-30": "1792.00000", "2008-09-30": "3160.00000", "2007-09-30": "3303.00000", "2006-09-30": "2470.00000", "2005-09-30": "2143.00000"}, "Income From Discontinued Operations": {"2020-09-30": "", "2019-09-30": "", "2018-09-30": "", "2017-09-30": "", "2016-09-30": "", "2015-09-30": "", "2014-09-30": "430.00000", "2013-09-30": "", "2012-09-30": "776.00000", "2011-09-30": "-313.00000", "2010-09-30": "-273.00000", "2009-09-30": "-200.00000", "2008-09-30": "", "2007-09-30": "", "2006-09-30": "", "2005-09-30": ""}, "Net Income": {"2020-09-30": "5198.00000", "2019-09-30": "4386.00000", "2018-09-30": "-4964.00000", "2017-09-30": "2445.00000", "2016-09-30": "5705.00000", "2015-09-30": "5271.00000", "2014-09-30": "7967.00000", "2013-09-30": "6853.00000", "2012-09-30": "6109.00000", "2011-09-30": "4260.00000", "2010-09-30": "3247.00000", "2009-09-30": "1592.00000", "2008-09-30": "3160.00000", "2007-09-30": "3303.00000", "2006-09-30": "2470.00000", "2005-09-30": "2143.00000"}, "EBITDA": {"2020-09-30": "7648.00000", "2019-09-30": "9271.00000", "2018-09-30": "2455.00000", "2017-09-30": "4118.00000", "2016-09-30": "8030.00000", "2015-09-30": "6990.00000", "2014-09-30": "8700.00000", "2013-09-30": "8247.00000", "2012-09-30": "6579.00000", "2011-09-30": "6215.00000", "2010-09-30": "4393.00000", "2009-09-30": "3177.00000", "2008-09-30": "4186.00000", "2007-09-30": "3266.00000", "2006-09-30": "2962.00000", "2005-09-30": "2586.00000"}, "EBIT": {"2020-09-30": "6255.00000", "2019-09-30": "7667.00000", "2018-09-30": "621.00000", "2017-09-30": "2581.00000", "2016-09-30": "6495.00000", "2015-09-30": "5776.00000", "2014-09-30": "7550.00000", "2013-09-30": "7230.00000", "2012-09-30": "5682.00000", "2011-09-30": "5026.00000", "2010-09-30": "3727.00000", "2009-09-30": "2542.00000", "2008-09-30": "3730.00000", "2007-09-30": "2883.00000", "2006-09-30": "2690.00000", "2005-09-30": "2386.00000"}, "Basic Shares Outstanding": {"2020-09-30": "1135.00000", "2019-09-30": "1210.00000", "2018-09-30": "1463.00000", "2017-09-30": "1477.00000", "2016-09-30": "1484.00000", "2015-09-30": "1618.00000", "2014-09-30": "1683.00000", "2013-09-30": "1715.00000", "2012-09-30": "1700.00000", "2011-09-30": "1658.00000", "2010-09-30": "1643.00000", "2009-09-30": "1656.00000", "2008-09-30": "1632.00000", "2007-09-30": "1660.00000", "2006-09-30": "1659.00000", "2005-09-30": "1638.00000"}, "Shares Outstanding": {"2020-09-30": "1149.00000", "2019-09-30": "1220.00000", "2018-09-30": "1463.00000", "2017-09-30": "1490.00000", "2016-09-30": "1498.00000", "2015-09-30": "1639.00000", "2014-09-30": "1714.00000", "2013-09-30": "1754.00000", "2012-09-30": "1741.00000", "2011-09-30": "1691.00000", "2010-09-30": "1658.00000", "2009-09-30": "1673.00000", "2008-09-30": "1660.00000", "2007-09-30": "1693.00000", "2006-09-30": "1711.00000", "2005-09-30": "1694.00000"}, "Basic EPS": {"2020-09-30": "4.58000", "2019-09-30": "3.63000", "2018-09-30": "-3.39000", "2017-09-30": "1.66000", "2016-09-30": "3.84000", "2015-09-30": "3.26000", "2014-09-30": "4.73000", "2013-09-30": "3.99000", "2012-09-30": "3.59000", "2011-09-30": "2.57000", "2010-09-30": "1.98000", "2009-09-30": "0.96000", "2008-09-30": "1.94000", "2007-09-30": "1.99000", "2006-09-30": "1.49000", "2005-09-30": "1.31000"}, "EPS - Earnings Per Share": {"2020-09-30": "4.52000", "2019-09-30": "3.59000", "2018-09-30": "-3.39000", "2017-09-30": "1.64000", "2016-09-30": "3.81000", "2015-09-30": "3.22000", "2014-09-30": "4.65000", "2013-09-30": "3.91000", "2012-09-30": "3.51000", "2011-09-30": "2.52000", "2010-09-30": "1.96000", "2009-09-30": "0.95000", "2008-09-30": "1.90000", "2007-09-30": "1.95000", "2006-09-30": "1.44000", "2005-09-30": "1.26000"}}, "income statement, quarterly": {"Revenue": {"2020-12-31": "8235.00000", "2020-09-30": "8345.00000", "2020-06-30": "4893.00000", "2020-03-31": "5216.00000", "2019-12-31": "5077.00000", "2019-09-30": "4814.00000", "2019-06-30": "9635.00000", "2019-03-31": "4982.00000", "2018-12-31": "4842.00000", "2018-09-30": "5779.00000", "2018-06-30": "5577.00000", "2018-03-31": "5220.00000", "2017-12-31": "6035.00000", "2017-09-30": "5872.00000", "2017-06-30": "5371.00000", "2017-03-31": "5016.00000", "2016-12-31": "5999.00000", "2016-09-30": "6184.00000", "2016-06-30": "6044.00000", "2016-03-31": "5551.00000", "2015-12-31": "5775.00000", "2015-09-30": "5456.00000", "2015-06-30": "5832.00000", "2015-03-31": "6894.00000", "2014-12-31": "7099.00000", "2014-09-30": "6692.00000", "2014-06-30": "6806.00000", "2014-03-31": "6367.00000", "2013-12-31": "6622.00000", "2013-09-30": "6481.00000", "2013-06-30": "6243.00000", "2013-03-31": "6124.00000", "2012-12-31": "6018.00000", "2012-09-30": "4871.00000", "2012-06-30": "4626.00000", "2012-03-31": "4943.00000", "2011-12-31": "4681.00000", "2011-09-30": "4116.00000", "2011-06-30": "3623.00000", "2011-03-31": "3870.00000", "2010-12-31": "3348.00000", "2010-09-30": "2949.00000", "2010-06-30": "2700.00000", "2010-03-31": "2663.00000", "2009-12-31": "2670.00000", "2009-09-30": "2662.00000", "2009-06-30": "2753.00000", "2009-03-31": "2455.00000", "2008-12-31": "2517.00000", "2008-09-30": "3334.00000", "2008-06-30": "2762.00000", "2008-03-31": "2606.00000", "2007-12-31": "2440.00000", "2007-09-30": "2306.00000", "2007-06-30": "2325.00000", "2007-03-31": "2221.00000", "2006-12-31": "2019.00000", "2006-09-30": "2000.00000", "2006-06-30": "1951.00000", "2006-03-31": "1834.00000", "2005-12-31": "1741.00000", "2005-09-30": "1560.00000", "2005-06-30": "1358.00000", "2005-03-31": "1365.00000"}, "Cost Of Goods Sold": {"2020-12-31": "3489.00000", "2020-09-30": "2765.00000", "2020-06-30": "2080.00000", "2020-03-31": "2297.00000", "2019-12-31": "2113.00000", "2019-09-30": "2118.00000", "2019-06-30": "2114.00000", "2019-03-31": "2179.00000", "2018-12-31": "2188.00000", "2018-09-30": "2851.00000", "2018-06-30": "2491.00000", "2018-03-31": "2239.00000", "2017-12-31": "2663.00000", "2017-09-30": "2653.00000", "2017-06-30": "2488.00000", "2017-03-31": "2208.00000", "2016-12-31": "2443.00000", "2016-09-30": "2540.00000", "2016-06-30": "2534.00000", "2016-03-31": "2141.00000", "2015-12-31": "2534.00000", "2015-09-30": "2252.00000", "2015-06-30": "2451.00000", "2015-03-31": "2628.00000", "2014-12-31": "3047.00000", "2014-09-30": "2758.00000", "2014-06-30": "2740.00000", "2014-03-31": "2482.00000", "2013-12-31": "2706.00000", "2013-09-30": "2714.00000", "2013-06-30": "2497.00000", "2013-03-31": "2372.00000", "2012-12-31": "2237.00000", "2012-09-30": "1840.00000", "2012-06-30": "1719.00000", "2012-03-31": "1783.00000", "2011-12-31": "1754.00000", "2011-09-30": "1497.00000", "2011-06-30": "1278.00000", "2011-03-31": "1059.00000", "2010-12-31": "1043.00000", "2010-09-30": "824.00000", "2010-06-30": "852.00000", "2010-03-31": "809.00000", "2009-12-31": "816.00000", "2009-09-30": "668.00000", "2009-06-30": "864.00000", "2009-03-31": "738.00000", "2008-12-31": "755.00000", "2008-09-30": "922.00000", "2008-06-30": "889.00000", "2008-03-31": "820.00000", "2007-12-31": "783.00000", "2007-09-30": "725.00000", "2007-06-30": "688.00000", "2007-03-31": "634.00000", "2006-12-31": "634.00000", "2006-09-30": "585.00000", "2006-06-30": "559.00000", "2006-03-31": "521.00000", "2005-12-31": "517.00000", "2005-09-30": "440.00000", "2005-06-30": "389.00000", "2005-03-31": "386.00000"}, "Gross Profit": {"2020-12-31": "4746.00000", "2020-09-30": "5580.00000", "2020-06-30": "2813.00000", "2020-03-31": "2919.00000", "2019-12-31": "2964.00000", "2019-09-30": "2696.00000", "2019-06-30": "7521.00000", "2019-03-31": "2803.00000", "2018-12-31": "2654.00000", "2018-09-30": "2928.00000", "2018-06-30": "3086.00000", "2018-03-31": "2981.00000", "2017-12-31": "3372.00000", "2017-09-30": "3219.00000", "2017-06-30": "2883.00000", "2017-03-31": "2808.00000", "2016-12-31": "3556.00000", "2016-09-30": "3644.00000", "2016-06-30": "3510.00000", "2016-03-31": "3410.00000", "2015-12-31": "3241.00000", "2015-09-30": "3204.00000", "2015-06-30": "3381.00000", "2015-03-31": "4266.00000", "2014-12-31": "4052.00000", "2014-09-30": "3934.00000", "2014-06-30": "4066.00000", "2014-03-31": "3885.00000", "2013-12-31": "3916.00000", "2013-09-30": "3767.00000", "2013-06-30": "3746.00000", "2013-03-31": "3752.00000", "2012-12-31": "3781.00000", "2012-09-30": "3031.00000", "2012-06-30": "2907.00000", "2012-03-31": "3160.00000", "2011-12-31": "2927.00000", "2011-09-30": "2619.00000", "2011-06-30": "2345.00000", "2011-03-31": "2811.00000", "2010-12-31": "2305.00000", "2010-09-30": "2125.00000", "2010-06-30": "1848.00000", "2010-03-31": "1854.00000", "2009-12-31": "1854.00000", "2009-09-30": "1994.00000", "2009-06-30": "1889.00000", "2009-03-31": "1717.00000", "2008-12-31": "1762.00000", "2008-09-30": "2412.00000", "2008-06-30": "1873.00000", "2008-03-31": "1786.00000", "2007-12-31": "1657.00000", "2007-09-30": "1581.00000", "2007-06-30": "1637.00000", "2007-03-31": "1587.00000", "2006-12-31": "1385.00000", "2006-09-30": "1415.00000", "2006-06-30": "1392.00000", "2006-03-31": "1313.00000", "2005-12-31": "1224.00000", "2005-09-30": "1120.00000", "2005-06-30": "969.00000", "2005-03-31": "979.00000"}, "Research And Development Expenses": {"2020-12-31": "1653.00000", "2020-09-30": "1581.00000", "2020-06-30": "1520.00000", "2020-03-31": "1468.00000", "2019-12-31": "1406.00000", "2019-09-30": "1441.00000", "2019-06-30": "1380.00000", "2019-03-31": "1308.00000", "2018-12-31": "1269.00000", "2018-09-30": "1387.00000", "2018-06-30": "1416.00000", "2018-03-31": "1402.00000", "2017-12-31": "1420.00000", "2017-09-30": "1397.00000", "2017-06-30": "1391.00000", "2017-03-31": "1386.00000", "2016-12-31": "1311.00000", "2016-09-30": "1230.00000", "2016-06-30": "1268.00000", "2016-03-31": "1301.00000", "2015-12-31": "1352.00000", "2015-09-30": "1356.00000", "2015-06-30": "1407.00000", "2015-03-31": "1375.00000", "2014-12-31": "1352.00000", "2014-09-30": "1364.00000", "2014-06-30": "1429.00000", "2014-03-31": "1356.00000", "2013-12-31": "1328.00000", "2013-09-30": "1349.00000", "2013-06-30": "1298.00000", "2013-03-31": "1214.00000", "2012-12-31": "1106.00000", "2012-09-30": "1114.00000", "2012-06-30": "974.00000", "2012-03-31": "954.00000", "2011-12-31": "873.00000", "2011-09-30": "851.00000", "2011-06-30": "757.00000", "2011-03-31": "738.00000", "2010-12-31": "649.00000", "2010-09-30": "584.00000", "2010-06-30": "623.00000", "2010-03-31": "648.00000", "2009-12-31": "596.00000", "2009-09-30": "519.00000", "2009-06-30": "618.00000", "2009-03-31": "604.00000", "2008-12-31": "604.00000", "2008-09-30": "621.00000", "2008-06-30": "596.00000", "2008-03-31": "553.00000", "2007-12-31": "511.00000", "2007-09-30": "481.00000", "2007-06-30": "454.00000", "2007-03-31": "454.00000", "2006-12-31": "440.00000", "2006-09-30": "413.00000", "2006-06-30": "395.00000", "2006-03-31": "390.00000", "2005-12-31": "340.00000", "2005-09-30": "272.00000", "2005-06-30": "259.00000", "2005-03-31": "252.00000"}, "SG&A Expenses": {"2020-12-31": "567.00000", "2020-09-30": "552.00000", "2020-06-30": "511.00000", "2020-03-31": "483.00000", "2019-12-31": "528.00000", "2019-09-30": "549.00000", "2019-06-30": "547.00000", "2019-03-31": "573.00000", "2018-12-31": "526.00000", "2018-09-30": "689.00000", "2018-06-30": "655.00000", "2018-03-31": "869.00000", "2017-12-31": "773.00000", "2017-09-30": "742.00000", "2017-06-30": "710.00000", "2017-03-31": "615.00000", "2016-12-31": "591.00000", "2016-09-30": "568.00000", "2016-06-30": "620.00000", "2016-03-31": "619.00000", "2015-12-31": "578.00000", "2015-09-30": "595.00000", "2015-06-30": "621.00000", "2015-03-31": "545.00000", "2014-12-31": "583.00000", "2014-09-30": "546.00000", "2014-06-30": "582.00000", "2014-03-31": "539.00000", "2013-12-31": "623.00000", "2013-09-30": "657.00000", "2013-06-30": "613.00000", "2013-03-31": "661.00000", "2012-12-31": "587.00000", "2012-09-30": "628.00000", "2012-06-30": "544.00000", "2012-03-31": "595.00000", "2011-12-31": "503.00000", "2011-09-30": "532.00000", "2011-06-30": "475.00000", "2011-03-31": "529.00000", "2010-12-31": "409.00000", "2010-09-30": "362.00000", "2010-06-30": "332.00000", "2010-03-31": "430.00000", "2009-12-31": "379.00000", "2009-09-30": "297.00000", "2009-06-30": "377.00000", "2009-03-31": "375.00000", "2008-12-31": "413.00000", "2008-09-30": "455.00000", "2008-06-30": "453.00000", "2008-03-31": "420.00000", "2007-12-31": "389.00000", "2007-09-30": "323.00000", "2007-06-30": "401.00000", "2007-03-31": "385.00000", "2006-12-31": "369.00000", "2006-09-30": "321.00000", "2006-06-30": "293.00000", "2006-03-31": "263.00000", "2005-12-31": "239.00000", "2005-09-30": "178.00000", "2005-06-30": "150.00000", "2005-03-31": "155.00000"}, "Other Operating Income Or Expenses": {"2020-12-31": "", "2020-09-30": "5.00000", "2020-06-30": "0.00000", "2020-03-31": "23.00000", "2019-12-31": "", "2019-09-30": "-6.00000", "2019-06-30": "-277.00000", "2019-03-31": "18.00000", "2018-12-31": "-149.00000", "2018-09-30": "-1530.00000", "2018-06-30": "-112.00000", "2018-03-31": "-310.00000", "2017-12-31": "-1183.00000", "2017-09-30": "-779.00000", "2017-06-30": "-9.00000", "2017-03-31": "-78.00000", "2016-12-31": "-876.00000", "2016-09-30": "-43.00000", "2016-06-30": "-30.00000", "2016-03-31": "-75.00000", "2015-12-31": "374.00000", "2015-09-30": "-112.00000", "2015-06-30": "-118.00000", "2015-03-31": "-1010.00000", "2014-12-31": "-53.00000", "2014-09-30": "-32.00000", "2014-06-30": "20.00000", "2014-03-31": "", "2013-12-31": "-472.00000", "2013-09-30": "-173.00000", "2013-06-30": "-158.00000", "2013-03-31": "", "2012-12-31": "", "2012-09-30": "-54.00000", "2012-06-30": "-7.00000", "2012-03-31": "-97.00000", "2011-12-31": "", "2011-09-30": "", "2011-06-30": "0.00000", "2011-03-31": "-114.00000", "2010-12-31": "", "2010-09-30": "", "2010-06-30": "", "2010-03-31": "", "2009-12-31": "", "2009-09-30": "-265.00000", "2009-06-30": "", "2009-03-31": "-748.00000", "2008-12-31": "", "2008-09-30": "", "2008-06-30": "", "2008-03-31": "", "2007-12-31": "", "2007-09-30": "", "2007-06-30": "", "2007-03-31": "", "2006-12-31": "", "2006-09-30": "", "2006-06-30": "", "2006-03-31": "", "2005-12-31": "", "2005-09-30": "", "2005-06-30": "", "2005-03-31": ""}, "Operating Expenses": {"2020-12-31": "5709.00000", "2020-09-30": "4893.00000", "2020-06-30": "4111.00000", "2020-03-31": "4225.00000", "2019-12-31": "4047.00000", "2019-09-30": "4114.00000", "2019-06-30": "4318.00000", "2019-03-31": "4042.00000", "2018-12-31": "4132.00000", "2018-09-30": "6457.00000", "2018-06-30": "4674.00000", "2018-03-31": "4820.00000", "2017-12-31": "6039.00000", "2017-09-30": "5571.00000", "2017-06-30": "4598.00000", "2017-03-31": "4287.00000", "2016-12-31": "5221.00000", "2016-09-30": "4381.00000", "2016-06-30": "4452.00000", "2016-03-31": "4136.00000", "2015-12-31": "4090.00000", "2015-09-30": "4315.00000", "2015-06-30": "4597.00000", "2015-03-31": "5558.00000", "2014-12-31": "5035.00000", "2014-09-30": "4700.00000", "2014-06-30": "4731.00000", "2014-03-31": "4377.00000", "2013-12-31": "5129.00000", "2013-09-30": "4893.00000", "2013-06-30": "4566.00000", "2013-03-31": "4247.00000", "2012-12-31": "3930.00000", "2012-09-30": "3636.00000", "2012-06-30": "3244.00000", "2012-03-31": "3429.00000", "2011-12-31": "3130.00000", "2011-09-30": "2880.00000", "2011-06-30": "2510.00000", "2011-03-31": "2440.00000", "2010-12-31": "2101.00000", "2010-09-30": "1770.00000", "2010-06-30": "1807.00000", "2010-03-31": "1887.00000", "2009-12-31": "1791.00000", "2009-09-30": "1749.00000", "2009-06-30": "1859.00000", "2009-03-31": "2465.00000", "2008-12-31": "1772.00000", "2008-09-30": "1998.00000", "2008-06-30": "1938.00000", "2008-03-31": "1793.00000", "2007-12-31": "1683.00000", "2007-09-30": "1529.00000", "2007-06-30": "1543.00000", "2007-03-31": "1473.00000", "2006-12-31": "1443.00000", "2006-09-30": "1319.00000", "2006-06-30": "1247.00000", "2006-03-31": "1174.00000", "2005-12-31": "1096.00000", "2005-09-30": "890.00000", "2005-06-30": "798.00000", "2005-03-31": "793.00000"}, "Operating Income": {"2020-12-31": "2526.00000", "2020-09-30": "3452.00000", "2020-06-30": "782.00000", "2020-03-31": "991.00000", "2019-12-31": "1030.00000", "2019-09-30": "700.00000", "2019-06-30": "5317.00000", "2019-03-31": "940.00000", "2018-12-31": "710.00000", "2018-09-30": "-678.00000", "2018-06-30": "903.00000", "2018-03-31": "400.00000", "2017-12-31": "-4.00000", "2017-09-30": "301.00000", "2017-06-30": "773.00000", "2017-03-31": "729.00000", "2016-12-31": "778.00000", "2016-09-30": "1803.00000", "2016-06-30": "1592.00000", "2016-03-31": "1415.00000", "2015-12-31": "1685.00000", "2015-09-30": "1141.00000", "2015-06-30": "1235.00000", "2015-03-31": "1336.00000", "2014-12-31": "2064.00000", "2014-09-30": "1992.00000", "2014-06-30": "2075.00000", "2014-03-31": "1990.00000", "2013-12-31": "1493.00000", "2013-09-30": "1588.00000", "2013-06-30": "1677.00000", "2013-03-31": "1877.00000", "2012-12-31": "2088.00000", "2012-09-30": "1235.00000", "2012-06-30": "1382.00000", "2012-03-31": "1514.00000", "2011-12-31": "1551.00000", "2011-09-30": "1236.00000", "2011-06-30": "1113.00000", "2011-03-31": "1430.00000", "2010-12-31": "1247.00000", "2010-09-30": "1179.00000", "2010-06-30": "893.00000", "2010-03-31": "776.00000", "2009-12-31": "879.00000", "2009-09-30": "913.00000", "2009-06-30": "894.00000", "2009-03-31": "-10.00000", "2008-12-31": "745.00000", "2008-09-30": "1336.00000", "2008-06-30": "824.00000", "2008-03-31": "813.00000", "2007-12-31": "757.00000", "2007-09-30": "777.00000", "2007-06-30": "782.00000", "2007-03-31": "748.00000", "2006-12-31": "576.00000", "2006-09-30": "681.00000", "2006-06-30": "704.00000", "2006-03-31": "660.00000", "2005-12-31": "645.00000", "2005-09-30": "670.00000", "2005-06-30": "560.00000", "2005-03-31": "572.00000"}, "Total Non-Operating Income/Expense": {"2020-12-31": "78.00000", "2020-09-30": "-146.00000", "2020-06-30": "86.00000", "2020-03-31": "-393.00000", "2019-12-31": "-83.00000", "2019-09-30": "-85.00000", "2019-06-30": "184.00000", "2019-03-31": "-134.00000", "2018-12-31": "-151.00000", "2018-09-30": "-121.00000", "2018-06-30": "31.00000", "2018-03-31": "-83.00000", "2017-12-31": "-56.00000", "2017-09-30": "101.00000", "2017-06-30": "85.00000", "2017-03-31": "128.00000", "2016-12-31": "92.00000", "2016-09-30": "157.00000", "2016-06-30": "101.00000", "2016-03-31": "55.00000", "2015-12-31": "25.00000", "2015-09-30": "111.00000", "2015-06-30": "163.00000", "2015-03-31": "203.00000", "2014-12-31": "234.00000", "2014-09-30": "260.00000", "2014-06-30": "422.00000", "2014-03-31": "282.00000", "2013-12-31": "264.00000", "2013-09-30": "233.00000", "2013-06-30": "233.00000", "2013-03-31": "259.00000", "2012-12-31": "239.00000", "2012-09-30": "291.00000", "2012-06-30": "199.00000", "2012-03-31": "220.00000", "2011-12-31": "170.00000", "2011-09-30": "88.00000", "2011-06-30": "161.00000", "2011-03-31": "189.00000", "2010-12-31": "223.00000", "2010-09-30": "221.00000", "2010-06-30": "183.00000", "2010-03-31": "189.00000", "2009-12-31": "173.00000", "2009-09-30": "156.00000", "2009-06-30": "90.00000", "2009-03-31": "-91.00000", "2008-12-31": "-294.00000", "2008-09-30": "-228.00000", "2008-06-30": "58.00000", "2008-03-31": "93.00000", "2007-12-31": "173.00000", "2007-09-30": "170.00000", "2007-06-30": "190.00000", "2007-03-31": "180.00000", "2006-12-31": "203.00000", "2006-09-30": "130.00000", "2006-06-30": "120.00000", "2006-03-31": "125.00000", "2005-12-31": "91.00000", "2005-09-30": "116.00000", "2005-06-30": "126.00000", "2005-03-31": "61.00000"}, "Pre-Tax Income": {"2020-12-31": "2604.00000", "2020-09-30": "3306.00000", "2020-06-30": "868.00000", "2020-03-31": "598.00000", "2019-12-31": "947.00000", "2019-09-30": "615.00000", "2019-06-30": "5501.00000", "2019-03-31": "806.00000", "2018-12-31": "559.00000", "2018-09-30": "-799.00000", "2018-06-30": "934.00000", "2018-03-31": "317.00000", "2017-12-31": "-60.00000", "2017-09-30": "402.00000", "2017-06-30": "858.00000", "2017-03-31": "857.00000", "2016-12-31": "870.00000", "2016-09-30": "1960.00000", "2016-06-30": "1693.00000", "2016-03-31": "1470.00000", "2015-12-31": "1710.00000", "2015-09-30": "1252.00000", "2015-06-30": "1398.00000", "2015-03-31": "1539.00000", "2014-12-31": "2298.00000", "2014-09-30": "2252.00000", "2014-06-30": "2497.00000", "2014-03-31": "2272.00000", "2013-12-31": "1757.00000", "2013-09-30": "1821.00000", "2013-06-30": "1910.00000", "2013-03-31": "2136.00000", "2012-12-31": "2327.00000", "2012-09-30": "1526.00000", "2012-06-30": "1581.00000", "2012-03-31": "1734.00000", "2011-12-31": "1721.00000", "2011-09-30": "1324.00000", "2011-06-30": "1274.00000", "2011-03-31": "1619.00000", "2010-12-31": "1470.00000", "2010-09-30": "1400.00000", "2010-06-30": "1076.00000", "2010-03-31": "965.00000", "2009-12-31": "1052.00000", "2009-09-30": "1069.00000", "2009-06-30": "984.00000", "2009-03-31": "-101.00000", "2008-12-31": "451.00000", "2008-09-30": "1108.00000", "2008-06-30": "882.00000", "2008-03-31": "906.00000", "2007-12-31": "930.00000", "2007-09-30": "947.00000", "2007-06-30": "972.00000", "2007-03-31": "928.00000", "2006-12-31": "779.00000", "2006-09-30": "811.00000", "2006-06-30": "824.00000", "2006-03-31": "785.00000", "2005-12-31": "736.00000", "2005-09-30": "786.00000", "2005-06-30": "686.00000", "2005-03-31": "633.00000"}, "Income Taxes": {"2020-12-31": "149.00000", "2020-09-30": "346.00000", "2020-06-30": "23.00000", "2020-03-31": "130.00000", "2019-12-31": "22.00000", "2019-09-30": "109.00000", "2019-06-30": "3352.00000", "2019-03-31": "143.00000", "2018-12-31": "-509.00000", "2018-09-30": "-286.00000", "2018-06-30": "-268.00000", "2018-03-31": "-13.00000", "2017-12-31": "5923.00000", "2017-09-30": "253.00000", "2017-06-30": "-7.00000", "2017-03-31": "108.00000", "2016-12-31": "189.00000", "2016-09-30": "361.00000", "2016-06-30": "250.00000", "2016-03-31": "306.00000", "2015-12-31": "214.00000", "2015-09-30": "190.00000", "2015-06-30": "215.00000", "2015-03-31": "487.00000", "2014-12-31": "327.00000", "2014-09-30": "357.00000", "2014-06-30": "260.00000", "2014-03-31": "314.00000", "2013-12-31": "313.00000", "2013-09-30": "320.00000", "2013-06-30": "332.00000", "2013-03-31": "273.00000", "2012-12-31": "424.00000", "2012-09-30": "287.00000", "2012-06-30": "375.00000", "2012-03-31": "296.00000", "2011-12-31": "321.00000", "2011-09-30": "270.00000", "2011-06-30": "289.00000", "2011-03-31": "355.00000", "2010-12-31": "218.00000", "2010-09-30": "327.00000", "2010-06-30": "244.00000", "2010-03-31": "191.00000", "2009-12-31": "211.00000", "2009-09-30": "66.00000", "2009-06-30": "247.00000", "2009-03-31": "188.00000", "2008-12-31": "110.00000", "2008-09-30": "229.00000", "2008-06-30": "134.00000", "2008-03-31": "140.00000", "2007-12-31": "163.00000", "2007-09-30": "-184.00000", "2007-06-30": "174.00000", "2007-03-31": "202.00000", "2006-12-31": "131.00000", "2006-09-30": "197.00000", "2006-06-30": "181.00000", "2006-03-31": "192.00000", "2005-12-31": "116.00000", "2005-09-30": "248.00000", "2005-06-30": "126.00000", "2005-03-31": "101.00000"}, "Income After Taxes": {"2020-12-31": "2455.00000", "2020-09-30": "2960.00000", "2020-06-30": "845.00000", "2020-03-31": "468.00000", "2019-12-31": "925.00000", "2019-09-30": "506.00000", "2019-06-30": "2149.00000", "2019-03-31": "663.00000", "2018-12-31": "1068.00000", "2018-09-30": "-513.00000", "2018-06-30": "1202.00000", "2018-03-31": "330.00000", "2017-12-31": "-5983.00000", "2017-09-30": "149.00000", "2017-06-30": "865.00000", "2017-03-31": "749.00000", "2016-12-31": "681.00000", "2016-09-30": "1599.00000", "2016-06-30": "1443.00000", "2016-03-31": "1164.00000", "2015-12-31": "1496.00000", "2015-09-30": "1062.00000", "2015-06-30": "1183.00000", "2015-03-31": "1052.00000", "2014-12-31": "1971.00000", "2014-09-30": "1895.00000", "2014-06-30": "2237.00000", "2014-03-31": "1958.00000", "2013-12-31": "1444.00000", "2013-09-30": "1501.00000", "2013-06-30": "1578.00000", "2013-03-31": "1863.00000", "2012-12-31": "1903.00000", "2012-09-30": "1239.00000", "2012-06-30": "1206.00000", "2012-03-31": "1438.00000", "2011-12-31": "1400.00000", "2011-09-30": "1054.00000", "2011-06-30": "985.00000", "2011-03-31": "1264.00000", "2010-12-31": "1252.00000", "2010-09-30": "1073.00000", "2010-06-30": "832.00000", "2010-03-31": "774.00000", "2009-12-31": "841.00000", "2009-09-30": "1003.00000", "2009-06-30": "737.00000", "2009-03-31": "-289.00000", "2008-12-31": "341.00000", "2008-09-30": "879.00000", "2008-06-30": "748.00000", "2008-03-31": "766.00000", "2007-12-31": "767.00000", "2007-09-30": "1131.00000", "2007-06-30": "798.00000", "2007-03-31": "726.00000", "2006-12-31": "648.00000", "2006-09-30": "614.00000", "2006-06-30": "643.00000", "2006-03-31": "593.00000", "2005-12-31": "620.00000", "2005-09-30": "538.00000", "2005-06-30": "560.00000", "2005-03-31": "532.00000"}, "Other Income": {"2020-12-31": "", "2020-09-30": "", "2020-06-30": "", "2020-03-31": "", "2019-12-31": "", "2019-09-30": "", "2019-06-30": "", "2019-03-31": "", "2018-12-31": "", "2018-09-30": "", "2018-06-30": "", "2018-03-31": "", "2017-12-31": "", "2017-09-30": "", "2017-06-30": "", "2017-03-31": "", "2016-12-31": "", "2016-09-30": "", "2016-06-30": "", "2016-03-31": "", "2015-12-31": "", "2015-09-30": "", "2015-06-30": "", "2015-03-31": "", "2014-12-31": "", "2014-09-30": "", "2014-06-30": "", "2014-03-31": "", "2013-12-31": "", "2013-09-30": "", "2013-06-30": "", "2013-03-31": "", "2012-12-31": "", "2012-09-30": "", "2012-06-30": "", "2012-03-31": "", "2011-12-31": "", "2011-09-30": "", "2011-06-30": "", "2011-03-31": "", "2010-12-31": "", "2010-09-30": "", "2010-06-30": "", "2010-03-31": "", "2009-12-31": "", "2009-09-30": "", "2009-06-30": "", "2009-03-31": "", "2008-12-31": "", "2008-09-30": "", "2008-06-30": "", "2008-03-31": "", "2007-12-31": "", "2007-09-30": "", "2007-06-30": "", "2007-03-31": "", "2006-12-31": "", "2006-09-30": "", "2006-06-30": "", "2006-03-31": "", "2005-12-31": "", "2005-09-30": "", "2005-06-30": "", "2005-03-31": ""}, "Income From Continuous Operations": {"2020-12-31": "2455.00000", "2020-09-30": "2960.00000", "2020-06-30": "845.00000", "2020-03-31": "468.00000", "2019-12-31": "925.00000", "2019-09-30": "506.00000", "2019-06-30": "2149.00000", "2019-03-31": "663.00000", "2018-12-31": "1068.00000", "2018-09-30": "-513.00000", "2018-06-30": "1202.00000", "2018-03-31": "330.00000", "2017-12-31": "-5983.00000", "2017-09-30": "149.00000", "2017-06-30": "865.00000", "2017-03-31": "749.00000", "2016-12-31": "681.00000", "2016-09-30": "1599.00000", "2016-06-30": "1443.00000", "2016-03-31": "1164.00000", "2015-12-31": "1496.00000", "2015-09-30": "1062.00000", "2015-06-30": "1183.00000", "2015-03-31": "1052.00000", "2014-12-31": "1971.00000", "2014-09-30": "1895.00000", "2014-06-30": "2237.00000", "2014-03-31": "1958.00000", "2013-12-31": "1444.00000", "2013-09-30": "1501.00000", "2013-06-30": "1578.00000", "2013-03-31": "1863.00000", "2012-12-31": "1903.00000", "2012-09-30": "1239.00000", "2012-06-30": "1206.00000", "2012-03-31": "1438.00000", "2011-12-31": "1400.00000", "2011-09-30": "1054.00000", "2011-06-30": "985.00000", "2011-03-31": "1264.00000", "2010-12-31": "1252.00000", "2010-09-30": "1073.00000", "2010-06-30": "832.00000", "2010-03-31": "774.00000", "2009-12-31": "841.00000", "2009-09-30": "1003.00000", "2009-06-30": "737.00000", "2009-03-31": "-289.00000", "2008-12-31": "341.00000", "2008-09-30": "879.00000", "2008-06-30": "748.00000", "2008-03-31": "766.00000", "2007-12-31": "767.00000", "2007-09-30": "1131.00000", "2007-06-30": "798.00000", "2007-03-31": "726.00000", "2006-12-31": "648.00000", "2006-09-30": "614.00000", "2006-06-30": "643.00000", "2006-03-31": "593.00000", "2005-12-31": "620.00000", "2005-09-30": "538.00000", "2005-06-30": "560.00000", "2005-03-31": "532.00000"}, "Income From Discontinued Operations": {"2020-12-31": "", "2020-09-30": "", "2020-06-30": "", "2020-03-31": "", "2019-12-31": "", "2019-09-30": "", "2019-06-30": "", "2019-03-31": "", "2018-12-31": "", "2018-09-30": "", "2018-06-30": "", "2018-03-31": "", "2017-12-31": "", "2017-09-30": "", "2017-06-30": "", "2017-03-31": "", "2016-12-31": "", "2016-09-30": "", "2016-06-30": "", "2016-03-31": "", "2015-12-31": "", "2015-09-30": "", "2015-06-30": "", "2015-03-31": "", "2014-12-31": "", "2014-09-30": "", "2014-06-30": "", "2014-03-31": "", "2013-12-31": "430.00000", "2013-09-30": "", "2013-06-30": "", "2013-03-31": "", "2012-12-31": "", "2012-09-30": "23.00000", "2012-06-30": "-3.00000", "2012-03-31": "761.00000", "2011-12-31": "-5.00000", "2011-09-30": "-6.00000", "2011-06-30": "44.00000", "2011-03-31": "-269.00000", "2010-12-31": "-82.00000", "2010-09-30": "-208.00000", "2010-06-30": "-65.00000", "2010-03-31": "", "2009-12-31": "", "2009-09-30": "", "2009-06-30": "", "2009-03-31": "", "2008-12-31": "", "2008-09-30": "", "2008-06-30": "", "2008-03-31": "", "2007-12-31": "", "2007-09-30": "", "2007-06-30": "", "2007-03-31": "", "2006-12-31": "", "2006-09-30": "", "2006-06-30": "", "2006-03-31": "", "2005-12-31": "", "2005-09-30": "", "2005-06-30": "", "2005-03-31": ""}, "Net Income": {"2020-12-31": "2455.00000", "2020-09-30": "2960.00000", "2020-06-30": "845.00000", "2020-03-31": "468.00000", "2019-12-31": "925.00000", "2019-09-30": "506.00000", "2019-06-30": "2149.00000", "2019-03-31": "663.00000", "2018-12-31": "1068.00000", "2018-09-30": "-513.00000", "2018-06-30": "1202.00000", "2018-03-31": "330.00000", "2017-12-31": "-5983.00000", "2017-09-30": "148.00000", "2017-06-30": "866.00000", "2017-03-31": "749.00000", "2016-12-31": "682.00000", "2016-09-30": "1599.00000", "2016-06-30": "1444.00000", "2016-03-31": "1164.00000", "2015-12-31": "1498.00000", "2015-09-30": "1062.00000", "2015-06-30": "1184.00000", "2015-03-31": "1053.00000", "2014-12-31": "1972.00000", "2014-09-30": "1895.00000", "2014-06-30": "2238.00000", "2014-03-31": "1959.00000", "2013-12-31": "1875.00000", "2013-09-30": "1501.00000", "2013-06-30": "1580.00000", "2013-03-31": "1866.00000", "2012-12-31": "1906.00000", "2012-09-30": "1271.00000", "2012-06-30": "1207.00000", "2012-03-31": "2230.00000", "2011-12-31": "1401.00000", "2011-09-30": "1056.00000", "2011-06-30": "1035.00000", "2011-03-31": "999.00000", "2010-12-31": "1170.00000", "2010-09-30": "865.00000", "2010-06-30": "767.00000", "2010-03-31": "774.00000", "2009-12-31": "841.00000", "2009-09-30": "803.00000", "2009-06-30": "737.00000", "2009-03-31": "-289.00000", "2008-12-31": "341.00000", "2008-09-30": "879.00000", "2008-06-30": "748.00000", "2008-03-31": "766.00000", "2007-12-31": "767.00000", "2007-09-30": "1131.00000", "2007-06-30": "798.00000", "2007-03-31": "726.00000", "2006-12-31": "648.00000", "2006-09-30": "614.00000", "2006-06-30": "643.00000", "2006-03-31": "593.00000", "2005-12-31": "620.00000", "2005-09-30": "538.00000", "2005-06-30": "560.00000", "2005-03-31": "532.00000"}, "EBITDA": {"2020-12-31": "2890.00000", "2020-09-30": "3791.00000", "2020-06-30": "1145.00000", "2020-03-31": "1331.00000", "2019-12-31": "1381.00000", "2019-09-30": "1050.00000", "2019-06-30": "5670.00000", "2019-03-31": "1338.00000", "2018-12-31": "1213.00000", "2018-09-30": "-105.00000", "2018-06-30": "1413.00000", "2018-03-31": "788.00000", "2017-12-31": "359.00000", "2017-09-30": "774.00000", "2017-06-30": "1166.00000", "2017-03-31": "1039.00000", "2016-12-31": "1139.00000", "2016-09-30": "2246.00000", "2016-06-30": "1948.00000", "2016-03-31": "1785.00000", "2015-12-31": "2051.00000", "2015-09-30": "1467.00000", "2015-06-30": "1532.00000", "2015-03-31": "1565.00000", "2014-12-31": "2426.00000", "2014-09-30": "2289.00000", "2014-06-30": "2367.00000", "2014-03-31": "2279.00000", "2013-12-31": "1765.00000", "2013-09-30": "1861.00000", "2013-06-30": "1932.00000", "2013-03-31": "2125.00000", "2012-12-31": "2329.00000", "2012-09-30": "1492.00000", "2012-06-30": "1603.00000", "2012-03-31": "1725.00000", "2011-12-31": "1759.00000", "2011-09-30": "1491.00000", "2011-06-30": "1298.00000", "2011-03-31": "1978.00000", "2010-12-31": "1448.00000", "2010-09-30": "1350.00000", "2010-06-30": "1059.00000", "2010-03-31": "943.00000", "2009-12-31": "1041.00000", "2009-09-30": "1088.00000", "2009-06-30": "1048.00000", "2009-03-31": "144.00000", "2008-12-31": "897.00000", "2008-09-30": "1456.00000", "2008-06-30": "941.00000", "2008-03-31": "924.00000", "2007-12-31": "865.00000", "2007-09-30": "877.00000", "2007-06-30": "881.00000", "2007-03-31": "841.00000", "2006-12-31": "667.00000", "2006-09-30": "763.00000", "2006-06-30": "773.00000", "2006-03-31": "723.00000", "2005-12-31": "703.00000", "2005-09-30": "726.00000", "2005-06-30": "611.00000", "2005-03-31": "620.00000"}, "EBIT": {"2020-12-31": "2526.00000", "2020-09-30": "3452.00000", "2020-06-30": "782.00000", "2020-03-31": "991.00000", "2019-12-31": "1030.00000", "2019-09-30": "700.00000", "2019-06-30": "5317.00000", "2019-03-31": "940.00000", "2018-12-31": "710.00000", "2018-09-30": "-678.00000", "2018-06-30": "903.00000", "2018-03-31": "400.00000", "2017-12-31": "-4.00000", "2017-09-30": "301.00000", "2017-06-30": "773.00000", "2017-03-31": "729.00000", "2016-12-31": "778.00000", "2016-09-30": "1803.00000", "2016-06-30": "1592.00000", "2016-03-31": "1415.00000", "2015-12-31": "1685.00000", "2015-09-30": "1141.00000", "2015-06-30": "1235.00000", "2015-03-31": "1336.00000", "2014-12-31": "2064.00000", "2014-09-30": "1992.00000", "2014-06-30": "2075.00000", "2014-03-31": "1990.00000", "2013-12-31": "1493.00000", "2013-09-30": "1588.00000", "2013-06-30": "1677.00000", "2013-03-31": "1877.00000", "2012-12-31": "2088.00000", "2012-09-30": "1235.00000", "2012-06-30": "1382.00000", "2012-03-31": "1514.00000", "2011-12-31": "1551.00000", "2011-09-30": "1236.00000", "2011-06-30": "1113.00000", "2011-03-31": "1430.00000", "2010-12-31": "1247.00000", "2010-09-30": "1179.00000", "2010-06-30": "893.00000", "2010-03-31": "776.00000", "2009-12-31": "879.00000", "2009-09-30": "913.00000", "2009-06-30": "894.00000", "2009-03-31": "-10.00000", "2008-12-31": "745.00000", "2008-09-30": "1336.00000", "2008-06-30": "824.00000", "2008-03-31": "813.00000", "2007-12-31": "757.00000", "2007-09-30": "777.00000", "2007-06-30": "782.00000", "2007-03-31": "748.00000", "2006-12-31": "576.00000", "2006-09-30": "681.00000", "2006-06-30": "704.00000", "2006-03-31": "660.00000", "2005-12-31": "645.00000", "2005-09-30": "670.00000", "2005-06-30": "560.00000", "2005-03-31": "572.00000"}, "Basic Shares Outstanding": {"2020-12-31": "1134.00000", "2020-09-30": "1135.00000", "2020-06-30": "1127.00000", "2020-03-31": "1139.00000", "2019-12-31": "1144.00000", "2019-09-30": "1210.00000", "2019-06-30": "1217.00000", "2019-03-31": "1213.00000", "2018-12-31": "1213.00000", "2018-09-30": "1463.00000", "2018-06-30": "1478.00000", "2018-03-31": "1482.00000", "2017-12-31": "1477.00000", "2017-09-30": "1477.00000", "2017-06-30": "1478.00000", "2017-03-31": "1477.00000", "2016-12-31": "1478.00000", "2016-09-30": "1484.00000", "2016-06-30": "1471.00000", "2016-03-31": "1487.00000", "2015-12-31": "1502.00000", "2015-09-30": "1618.00000", "2015-06-30": "1608.00000", "2015-03-31": "1645.00000", "2014-12-31": "1661.00000", "2014-09-30": "1683.00000", "2014-06-30": "1683.00000", "2014-03-31": "1688.00000", "2013-12-31": "1688.00000", "2013-09-30": "1715.00000", "2013-06-30": "1727.00000", "2013-03-31": "1722.00000", "2012-12-31": "1709.00000", "2012-09-30": "1700.00000", "2012-06-30": "1715.00000", "2012-03-31": "1698.00000", "2011-12-31": "1684.00000", "2011-09-30": "1658.00000", "2011-06-30": "1673.00000", "2011-03-31": "1654.00000", "2010-12-31": "1623.00000", "2010-09-30": "1643.00000", "2010-06-30": "1629.00000", "2010-03-31": "1662.00000", "2009-12-31": "1672.00000", "2009-09-30": "1656.00000", "2009-06-30": "1656.00000", "2009-03-31": "1651.00000", "2008-12-31": "1653.00000", "2008-09-30": "1632.00000", "2008-06-30": "1626.00000", "2008-03-31": "1617.00000", "2007-12-31": "1635.00000", "2007-09-30": "1660.00000", "2007-06-30": "1670.00000", "2007-03-31": "1659.00000", "2006-12-31": "1653.00000", "2006-09-30": "1659.00000", "2006-06-30": "1675.00000", "2006-03-31": "1664.00000", "2005-12-31": "1645.00000", "2005-09-30": "1638.00000", "2005-06-30": "1633.00000", "2005-03-31": "1646.00000"}, "Shares Outstanding": {"2020-12-31": "1156.00000", "2020-09-30": "1149.00000", "2020-06-30": "1139.00000", "2020-03-31": "1151.00000", "2019-12-31": "1159.00000", "2019-09-30": "1220.00000", "2019-06-30": "1231.00000", "2019-03-31": "1217.00000", "2018-12-31": "1223.00000", "2018-09-30": "1463.00000", "2018-06-30": "1487.00000", "2018-03-31": "1494.00000", "2017-12-31": "1477.00000", "2017-09-30": "1490.00000", "2017-06-30": "1491.00000", "2017-03-31": "1489.00000", "2016-12-31": "1495.00000", "2016-09-30": "1498.00000", "2016-06-30": "1486.00000", "2016-03-31": "1498.00000", "2015-12-31": "1517.00000", "2015-09-30": "1639.00000", "2015-06-30": "1629.00000", "2015-03-31": "1667.00000", "2014-12-31": "1686.00000", "2014-09-30": "1714.00000", "2014-06-30": "1714.00000", "2014-03-31": "1719.00000", "2013-12-31": "1722.00000", "2013-09-30": "1754.00000", "2013-06-30": "1765.00000", "2013-03-31": "1763.00000", "2012-12-31": "1751.00000", "2012-09-30": "1741.00000", "2012-06-30": "1758.00000", "2012-03-31": "1743.00000", "2011-12-31": "1721.00000", "2011-09-30": "1691.00000", "2011-06-30": "1709.00000", "2011-03-31": "1689.00000", "2010-12-31": "1648.00000", "2010-09-30": "1658.00000", "2010-06-30": "1642.00000", "2010-03-31": "1678.00000", "2009-12-31": "1691.00000", "2009-09-30": "1673.00000", "2009-06-30": "1675.00000", "2009-03-31": "1651.00000", "2008-12-31": "1667.00000", "2008-09-30": "1660.00000", "2008-06-30": "1654.00000", "2008-03-31": "1643.00000", "2007-12-31": "1664.00000", "2007-09-30": "1693.00000", "2007-06-30": "1704.00000", "2007-03-31": "1693.00000", "2006-12-31": "1685.00000", "2006-09-30": "1711.00000", "2006-06-30": "1728.00000", "2006-03-31": "1721.00000", "2005-12-31": "1702.00000", "2005-09-30": "1694.00000", "2005-06-30": "1683.00000", "2005-03-31": "1704.00000"}, "Basic EPS": {"2020-12-31": "2.16000", "2020-09-30": "2.61000", "2020-06-30": "0.75000", "2020-03-31": "0.41000", "2019-12-31": "0.81000", "2019-09-30": "0.43000", "2019-06-30": "1.77000", "2019-03-31": "0.55000", "2018-12-31": "0.88000", "2018-09-30": "-0.37000", "2018-06-30": "0.81000", "2018-03-31": "0.22000", "2017-12-31": "-4.05000", "2017-09-30": "0.10000", "2017-06-30": "0.59000", "2017-03-31": "0.51000", "2016-12-31": "0.46000", "2016-09-30": "1.08000", "2016-06-30": "0.98000", "2016-03-31": "0.78000", "2015-12-31": "1.00000", "2015-09-30": "0.69000", "2015-06-30": "0.74000", "2015-03-31": "0.64000", "2014-12-31": "1.19000", "2014-09-30": "1.13000", "2014-06-30": "1.33000", "2014-03-31": "1.16000", "2013-12-31": "1.11000", "2013-09-30": "0.88000", "2013-06-30": "0.91000", "2013-03-31": "1.08000", "2012-12-31": "1.12000", "2012-09-30": "0.75000", "2012-06-30": "0.70000", "2012-03-31": "1.31000", "2011-12-31": "0.83000", "2011-09-30": "0.63000", "2011-06-30": "0.62000", "2011-03-31": "0.60000", "2010-12-31": "0.72000", "2010-09-30": "0.54000", "2010-06-30": "0.47000", "2010-03-31": "0.47000", "2009-12-31": "0.50000", "2009-09-30": "0.48000", "2009-06-30": "0.45000", "2009-03-31": "-0.18000", "2008-12-31": "0.21000", "2008-09-30": "0.54000", "2008-06-30": "0.46000", "2008-03-31": "0.47000", "2007-12-31": "0.47000", "2007-09-30": "0.68000", "2007-06-30": "0.48000", "2007-03-31": "0.44000", "2006-12-31": "0.39000", "2006-09-30": "0.37000", "2006-06-30": "0.38000", "2006-03-31": "0.36000", "2005-12-31": "0.38000", "2005-09-30": "0.34000", "2005-06-30": "0.34000", "2005-03-31": "0.32000"}, "EPS - Earnings Per Share": {"2020-12-31": "2.12000", "2020-09-30": "2.57000", "2020-06-30": "0.74000", "2020-03-31": "0.41000", "2019-12-31": "0.80000", "2019-09-30": "0.42000", "2019-06-30": "1.75000", "2019-03-31": "0.55000", "2018-12-31": "0.87000", "2018-09-30": "-0.37000", "2018-06-30": "0.81000", "2018-03-31": "0.22000", "2017-12-31": "-4.05000", "2017-09-30": "0.10000", "2017-06-30": "0.58000", "2017-03-31": "0.50000", "2016-12-31": "0.46000", "2016-09-30": "1.07000", "2016-06-30": "0.97000", "2016-03-31": "0.78000", "2015-12-31": "0.99000", "2015-09-30": "0.69000", "2015-06-30": "0.73000", "2015-03-31": "0.63000", "2014-12-31": "1.17000", "2014-09-30": "1.11000", "2014-06-30": "1.31000", "2014-03-31": "1.14000", "2013-12-31": "1.09000", "2013-09-30": "0.86000", "2013-06-30": "0.90000", "2013-03-31": "1.06000", "2012-12-31": "1.09000", "2012-09-30": "0.73000", "2012-06-30": "0.69000", "2012-03-31": "1.28000", "2011-12-31": "0.81000", "2011-09-30": "0.61000", "2011-06-30": "0.61000", "2011-03-31": "0.59000", "2010-12-31": "0.71000", "2010-09-30": "0.53000", "2010-06-30": "0.47000", "2010-03-31": "0.46000", "2009-12-31": "0.50000", "2009-09-30": "0.49000", "2009-06-30": "0.44000", "2009-03-31": "-0.18000", "2008-12-31": "0.20000", "2008-09-30": "0.52000", "2008-06-30": "0.45000", "2008-03-31": "0.47000", "2007-12-31": "0.46000", "2007-09-30": "0.67000", "2007-06-30": "0.47000", "2007-03-31": "0.43000", "2006-12-31": "0.38000", "2006-09-30": "0.37000", "2006-06-30": "0.37000", "2006-03-31": "0.34000", "2005-12-31": "0.36000", "2005-09-30": "0.32000", "2005-06-30": "0.33000", "2005-03-31": "0.31000"}}, "balance sheet": {"Cash On Hand": {"2020-09-30": "11214.00000", "2019-09-30": "12260.00000", "2018-09-30": "12088.00000", "2017-09-30": "37308.00000", "2016-09-30": "18648.00000", "2015-09-30": "17321.00000", "2014-09-30": "17565.00000", "2013-09-30": "14966.00000", "2012-09-30": "12374.00000", "2011-09-30": "11652.00000", "2010-09-30": "10279.00000", "2009-09-30": "11069.00000", "2008-09-30": "6411.00000", "2007-09-30": "7002.00000", "2006-09-30": "5721.00000", "2005-09-30": "6548.00000"}, "Receivables": {"2020-09-30": "4003.00000", "2019-09-30": "2471.00000", "2018-09-30": "2904.00000", "2017-09-30": "3632.00000", "2016-09-30": "2219.00000", "2015-09-30": "1964.00000", "2014-09-30": "2412.00000", "2013-09-30": "2142.00000", "2012-09-30": "1459.00000", "2011-09-30": "993.00000", "2010-09-30": "730.00000", "2009-09-30": "700.00000", "2008-09-30": "4187.00000", "2007-09-30": "715.00000", "2006-09-30": "700.00000", "2005-09-30": "544.00000"}, "Inventory": {"2020-09-30": "2598.00000", "2019-09-30": "1400.00000", "2018-09-30": "1693.00000", "2017-09-30": "2035.00000", "2016-09-30": "1556.00000", "2015-09-30": "1492.00000", "2014-09-30": "1458.00000", "2013-09-30": "1302.00000", "2012-09-30": "1030.00000", "2011-09-30": "765.00000", "2010-09-30": "528.00000", "2009-09-30": "453.00000", "2008-09-30": "521.00000", "2007-09-30": "469.00000", "2006-09-30": "250.00000", "2005-09-30": "177.00000"}, "Pre-Paid Expenses": {"2020-09-30": "", "2019-09-30": "", "2018-09-30": "", "2017-09-30": "", "2016-09-30": "", "2015-09-30": "", "2014-09-30": "", "2013-09-30": "", "2012-09-30": "", "2011-09-30": "", "2010-09-30": "", "2009-09-30": "", "2008-09-30": "", "2007-09-30": "", "2006-09-30": "", "2005-09-30": ""}, "Other Current Assets": {"2020-09-30": "704.00000", "2019-09-30": "634.00000", "2018-09-30": "699.00000", "2017-09-30": "618.00000", "2016-09-30": "558.00000", "2015-09-30": "687.00000", "2014-09-30": "401.00000", "2013-09-30": "572.00000", "2012-09-30": "473.00000", "2011-09-30": "346.00000", "2010-09-30": "275.00000", "2009-09-30": "199.00000", "2008-09-30": "464.00000", "2007-09-30": "200.00000", "2006-09-30": "143.00000", "2005-09-30": "179.00000"}, "Total Current Assets": {"2020-09-30": "18519.00000", "2019-09-30": "16765.00000", "2018-09-30": "17384.00000", "2017-09-30": "43593.00000", "2016-09-30": "22981.00000", "2015-09-30": "22099.00000", "2014-09-30": "22413.00000", "2013-09-30": "19555.00000", "2012-09-30": "15645.00000", "2011-09-30": "14293.00000", "2010-09-30": "12133.00000", "2009-09-30": "12570.00000", "2008-09-30": "11872.00000", "2007-09-30": "8821.00000", "2006-09-30": "7049.00000", "2005-09-30": "7791.00000"}, "Property, Plant, And Equipment": {"2020-09-30": "3711.00000", "2019-09-30": "3081.00000", "2018-09-30": "2975.00000", "2017-09-30": "3216.00000", "2016-09-30": "2306.00000", "2015-09-30": "2534.00000", "2014-09-30": "2487.00000", "2013-09-30": "2995.00000", "2012-09-30": "2851.00000", "2011-09-30": "2414.00000", "2010-09-30": "2373.00000", "2009-09-30": "2387.00000", "2008-09-30": "2162.00000", "2007-09-30": "1788.00000", "2006-09-30": "1482.00000", "2005-09-30": "1022.00000"}, "Long-Term Investments": {"2020-09-30": "", "2019-09-30": "", "2018-09-30": "", "2017-09-30": "1270.00000", "2016-09-30": "13702.00000", "2015-09-30": "13626.00000", "2014-09-30": "14457.00000", "2013-09-30": "14440.00000", "2012-09-30": "14463.00000", "2011-09-30": "9261.00000", "2010-09-30": "8123.00000", "2009-09-30": "6673.00000", "2008-09-30": "4858.00000", "2007-09-30": "5234.00000", "2006-09-30": "4228.00000", "2005-09-30": "2133.00000"}, "Goodwill And Intangible Assets": {"2020-09-30": "7976.00000", "2019-09-30": "8454.00000", "2018-09-30": "9453.00000", "2017-09-30": "10360.00000", "2016-09-30": "9179.00000", "2015-09-30": "9221.00000", "2014-09-30": "7068.00000", "2013-09-30": "6529.00000", "2012-09-30": "6855.00000", "2011-09-30": "6531.00000", "2010-09-30": "4510.00000", "2009-09-30": "4557.00000", "2008-09-30": "4621.00000", "2007-09-30": "1989.00000", "2006-09-30": "1230.00000", "2005-09-30": "571.00000"}, "Other Long-Term Assets": {"2020-09-30": "4037.00000", "2019-09-30": "3461.00000", "2018-09-30": "1970.00000", "2017-09-30": "4147.00000", "2016-09-30": "2161.00000", "2015-09-30": "1863.00000", "2014-09-30": "975.00000", "2013-09-30": "938.00000", "2012-09-30": "1786.00000", "2011-09-30": "2220.00000", "2010-09-30": "1511.00000", "2009-09-30": "415.00000", "2008-09-30": "369.00000", "2007-09-30": "345.00000", "2006-09-30": "707.00000", "2005-09-30": "518.00000"}, "Total Long-Term Assets": {"2020-09-30": "17075.00000", "2019-09-30": "16192.00000", "2018-09-30": "15334.00000", "2017-09-30": "21893.00000", "2016-09-30": "29378.00000", "2015-09-30": "28697.00000", "2014-09-30": "26161.00000", "2013-09-30": "25961.00000", "2012-09-30": "27367.00000", "2011-09-30": "22129.00000", "2010-09-30": "18439.00000", "2009-09-30": "14875.00000", "2008-09-30": "12840.00000", "2007-09-30": "9674.00000", "2006-09-30": "8159.00000", "2005-09-30": "4688.00000"}, "Total Assets": {"2020-09-30": "35594.00000", "2019-09-30": "32957.00000", "2018-09-30": "32718.00000", "2017-09-30": "65486.00000", "2016-09-30": "52359.00000", "2015-09-30": "50796.00000", "2014-09-30": "48574.00000", "2013-09-30": "45516.00000", "2012-09-30": "43012.00000", "2011-09-30": "36422.00000", "2010-09-30": "30572.00000", "2009-09-30": "27445.00000", "2008-09-30": "24712.00000", "2007-09-30": "18495.00000", "2006-09-30": "15208.00000", "2005-09-30": "12479.00000"}, "Total Current Liabilities": {"2020-09-30": "8672.00000", "2019-09-30": "8935.00000", "2018-09-30": "11389.00000", "2017-09-30": "10907.00000", "2016-09-30": "7311.00000", "2015-09-30": "6100.00000", "2014-09-30": "6013.00000", "2013-09-30": "5213.00000", "2012-09-30": "5302.00000", "2011-09-30": "5289.00000", "2010-09-30": "5468.00000", "2009-09-30": "2813.00000", "2008-09-30": "2440.00000", "2007-09-30": "2258.00000", "2006-09-30": "1422.00000", "2005-09-30": "1070.00000"}, "Long Term Debt": {"2020-09-30": "15226.00000", "2019-09-30": "13437.00000", "2018-09-30": "15365.00000", "2017-09-30": "19398.00000", "2016-09-30": "10008.00000", "2015-09-30": "9969.00000", "2014-09-30": "", "2013-09-30": "", "2012-09-30": "", "2011-09-30": "", "2010-09-30": "", "2009-09-30": "", "2008-09-30": "", "2007-09-30": "", "2006-09-30": "", "2005-09-30": ""}, "Other Non-Current Liabilities": {"2020-09-30": "2986.00000", "2019-09-30": "2428.00000", "2018-09-30": "1225.00000", "2017-09-30": "2432.00000", "2016-09-30": "895.00000", "2015-09-30": "817.00000", "2014-09-30": "428.00000", "2013-09-30": "550.00000", "2012-09-30": "426.00000", "2011-09-30": "620.00000", "2010-09-30": "761.00000", "2009-09-30": "852.00000", "2008-09-30": "333.00000", "2007-09-30": "260.00000", "2006-09-30": "239.00000", "2005-09-30": "144.00000"}, "Total Long Term Liabilities": {"2020-09-30": "20845.00000", "2019-09-30": "19113.00000", "2018-09-30": "20522.00000", "2017-09-30": "23833.00000", "2016-09-30": "13280.00000", "2015-09-30": "13282.00000", "2014-09-30": "3395.00000", "2013-09-30": "4216.00000", "2012-09-30": "4165.00000", "2011-09-30": "4161.00000", "2010-09-30": "4246.00000", "2009-09-30": "4316.00000", "2008-09-30": "4328.00000", "2007-09-30": "402.00000", "2006-09-30": "380.00000", "2005-09-30": "290.00000"}, "Total Liabilities": {"2020-09-30": "29517.00000", "2019-09-30": "28048.00000", "2018-09-30": "31911.00000", "2017-09-30": "34740.00000", "2016-09-30": "20591.00000", "2015-09-30": "19382.00000", "2014-09-30": "9408.00000", "2013-09-30": "9429.00000", "2012-09-30": "9467.00000", "2011-09-30": "9450.00000", "2010-09-30": "9714.00000", "2009-09-30": "7129.00000", "2008-09-30": "6768.00000", "2007-09-30": "2660.00000", "2006-09-30": "1802.00000", "2005-09-30": "1360.00000"}, "Common Stock Net": {"2020-09-30": "586.00000", "2019-09-30": "343.00000", "2018-09-30": "", "2017-09-30": "274.00000", "2016-09-30": "414.00000", "2015-09-30": "", "2014-09-30": "", "2013-09-30": "", "2012-09-30": "", "2011-09-30": "", "2010-09-30": "", "2009-09-30": "", "2008-09-30": "", "2007-09-30": "", "2006-09-30": "", "2005-09-30": ""}, "Retained Earnings (Accumulated Deficit)": {"2020-09-30": "5284.00000", "2019-09-30": "4466.00000", "2018-09-30": "542.00000", "2017-09-30": "30088.00000", "2016-09-30": "30936.00000", "2015-09-30": "31226.00000", "2014-09-30": "30799.00000", "2013-09-30": "25461.00000", "2012-09-30": "20701.00000", "2011-09-30": "16204.00000", "2010-09-30": "13305.00000", "2009-09-30": "11235.00000", "2008-09-30": "10717.00000", "2007-09-30": "8541.00000", "2006-09-30": "6100.00000", "2005-09-30": "4328.00000"}, "Comprehensive Income": {"2020-09-30": "207.00000", "2019-09-30": "100.00000", "2018-09-30": "265.00000", "2017-09-30": "384.00000", "2016-09-30": "428.00000", "2015-09-30": "195.00000", "2014-09-30": "634.00000", "2013-09-30": "753.00000", "2012-09-30": "866.00000", "2011-09-30": "353.00000", "2010-09-30": "697.00000", "2009-09-30": "588.00000", "2008-09-30": "-284.00000", "2007-09-30": "237.00000", "2006-09-30": "64.00000", "2005-09-30": "38.00000"}, "Other Share Holders Equity": {"2020-09-30": "", "2019-09-30": "", "2018-09-30": "", "2017-09-30": "", "2016-09-30": "", "2015-09-30": "", "2014-09-30": "", "2013-09-30": "", "2012-09-30": "", "2011-09-30": "", "2010-09-30": "", "2009-09-30": "", "2008-09-30": "", "2007-09-30": "", "2006-09-30": "", "2005-09-30": ""}, "Share Holder Equity": {"2020-09-30": "6077.00000", "2019-09-30": "4909.00000", "2018-09-30": "807.00000", "2017-09-30": "30746.00000", "2016-09-30": "31768.00000", "2015-09-30": "31414.00000", "2014-09-30": "39166.00000", "2013-09-30": "36087.00000", "2012-09-30": "33545.00000", "2011-09-30": "26972.00000", "2010-09-30": "20858.00000", "2009-09-30": "20316.00000", "2008-09-30": "17944.00000", "2007-09-30": "15835.00000", "2006-09-30": "13406.00000", "2005-09-30": "11119.00000"}, "Total Liabilities And Share Holders Equity": {"2020-09-30": "35594.00000", "2019-09-30": "32957.00000", "2018-09-30": "32718.00000", "2017-09-30": "65486.00000", "2016-09-30": "52359.00000", "2015-09-30": "50796.00000", "2014-09-30": "48574.00000", "2013-09-30": "45516.00000", "2012-09-30": "43012.00000", "2011-09-30": "36422.00000", "2010-09-30": "30572.00000", "2009-09-30": "27445.00000", "2008-09-30": "24712.00000", "2007-09-30": "18495.00000", "2006-09-30": "15208.00000", "2005-09-30": "12479.00000"}}, "balance sheet, quarterly": {"Cash On Hand": {"2020-12-31": "12298.00000", "2020-09-30": "11214.00000", "2020-06-30": "10600.00000", "2020-03-31": "9946.00000", "2019-12-31": "11423.00000", "2019-09-30": "12260.00000", "2019-06-30": "14358.00000", "2019-03-31": "10330.00000", "2018-12-31": "10315.00000", "2018-09-30": "12088.00000", "2018-06-30": "35910.00000", "2018-03-31": "39571.00000", "2017-12-31": "35403.00000", "2017-09-30": "37308.00000", "2017-06-30": "20863.00000", "2017-03-31": "9982.00000", "2016-12-31": "10812.00000", "2016-09-30": "18648.00000", "2016-06-30": "17110.00000", "2016-03-31": "16402.00000", "2015-12-31": "16528.00000", "2015-09-30": "17321.00000", "2015-06-30": "21331.00000", "2015-03-31": "15555.00000", "2014-12-31": "17788.00000", "2014-09-30": "17565.00000", "2014-06-30": "18153.00000", "2014-03-31": "16628.00000", "2013-12-31": "17280.00000", "2013-09-30": "14966.00000", "2013-06-30": "11461.00000", "2013-03-31": "13493.00000", "2012-12-31": "13275.00000", "2012-09-30": "12374.00000", "2012-06-30": "13395.00000", "2012-03-31": "15079.00000", "2011-12-31": "11540.00000", "2011-09-30": "11652.00000", "2011-06-30": "10728.00000", "2011-03-31": "13025.00000", "2010-12-31": "10509.00000", "2010-09-30": "10279.00000", "2010-06-30": "9968.00000", "2010-03-31": "11156.00000", "2009-12-31": "12164.00000", "2009-09-30": "11069.00000", "2009-06-30": "9880.00000", "2009-03-31": "9415.00000", "2008-12-31": "9020.00000", "2008-09-30": "6411.00000", "2008-06-30": "6940.00000", "2008-03-31": "6462.00000", "2007-12-31": "7351.00000", "2007-09-30": "7002.00000", "2007-06-30": "7308.00000", "2007-03-31": "6551.00000", "2006-12-31": "5947.00000", "2006-09-30": "5721.00000", "2006-06-30": "5871.00000", "2006-03-31": "7465.00000", "2005-12-31": "6984.00000", "2005-09-30": "6548.00000", "2005-06-30": "5717.00000", "2005-03-31": "6397.00000"}, "Receivables": {"2020-12-31": "4148.00000", "2020-09-30": "4003.00000", "2020-06-30": "1847.00000", "2020-03-31": "3081.00000", "2019-12-31": "2737.00000", "2019-09-30": "2471.00000", "2019-06-30": "2390.00000", "2019-03-31": "3638.00000", "2018-12-31": "3426.00000", "2018-09-30": "2904.00000", "2018-06-30": "3163.00000", "2018-03-31": "3535.00000", "2017-12-31": "3053.00000", "2017-09-30": "3632.00000", "2017-06-30": "3532.00000", "2017-03-31": "4201.00000", "2016-12-31": "2085.00000", "2016-09-30": "2219.00000", "2016-06-30": "1939.00000", "2016-03-31": "1738.00000", "2015-12-31": "1323.00000", "2015-09-30": "1964.00000", "2015-06-30": "1961.00000", "2015-03-31": "2058.00000", "2014-12-31": "2239.00000", "2014-09-30": "2412.00000", "2014-06-30": "2084.00000", "2014-03-31": "2217.00000", "2013-12-31": "1327.00000", "2013-09-30": "2142.00000", "2013-06-30": "1949.00000", "2013-03-31": "1889.00000", "2012-12-31": "1647.00000", "2012-09-30": "1459.00000", "2012-06-30": "1250.00000", "2012-03-31": "1189.00000", "2011-12-31": "1035.00000", "2011-09-30": "993.00000", "2011-06-30": "832.00000", "2011-03-31": "715.00000", "2010-12-31": "657.00000", "2010-09-30": "730.00000", "2010-06-30": "798.00000", "2010-03-31": "680.00000", "2009-12-31": "616.00000", "2009-09-30": "700.00000", "2009-06-30": "943.00000", "2009-03-31": "804.00000", "2008-12-31": "943.00000", "2008-09-30": "4187.00000", "2008-06-30": "917.00000", "2008-03-31": "728.00000", "2007-12-31": "703.00000", "2007-09-30": "715.00000", "2007-06-30": "764.00000", "2007-03-31": "714.00000", "2006-12-31": "693.00000", "2006-09-30": "700.00000", "2006-06-30": "695.00000", "2006-03-31": "569.00000", "2005-12-31": "728.00000", "2005-09-30": "544.00000", "2005-06-30": "634.00000", "2005-03-31": "508.00000"}, "Inventory": {"2020-12-31": "2552.00000", "2020-09-30": "2598.00000", "2020-06-30": "2343.00000", "2020-03-31": "1700.00000", "2019-12-31": "1420.00000", "2019-09-30": "1400.00000", "2019-06-30": "1774.00000", "2019-03-31": "1725.00000", "2018-12-31": "1698.00000", "2018-09-30": "1693.00000", "2018-06-30": "1785.00000", "2018-03-31": "1797.00000", "2017-12-31": "1872.00000", "2017-09-30": "2035.00000", "2017-06-30": "2002.00000", "2017-03-31": "2066.00000", "2016-12-31": "1910.00000", "2016-09-30": "1556.00000", "2016-06-30": "1338.00000", "2016-03-31": "1427.00000", "2015-12-31": "1216.00000", "2015-09-30": "1492.00000", "2015-06-30": "1583.00000", "2015-03-31": "1861.00000", "2014-12-31": "1761.00000", "2014-09-30": "1458.00000", "2014-06-30": "1185.00000", "2014-03-31": "1147.00000", "2013-12-31": "1064.00000", "2013-09-30": "1302.00000", "2013-06-30": "1727.00000", "2013-03-31": "1484.00000", "2012-12-31": "1277.00000", "2012-09-30": "1030.00000", "2012-06-30": "820.00000", "2012-03-31": "781.00000", "2011-12-31": "714.00000", "2011-09-30": "765.00000", "2011-06-30": "753.00000", "2011-03-31": "606.00000", "2010-12-31": "574.00000", "2010-09-30": "528.00000", "2010-06-30": "446.00000", "2010-03-31": "402.00000", "2009-12-31": "350.00000", "2009-09-30": "453.00000", "2009-06-30": "375.00000", "2009-03-31": "409.00000", "2008-12-31": "458.00000", "2008-09-30": "521.00000", "2008-06-30": "618.00000", "2008-03-31": "612.00000", "2007-12-31": "522.00000", "2007-09-30": "469.00000", "2007-06-30": "396.00000", "2007-03-31": "347.00000", "2006-12-31": "330.00000", "2006-09-30": "250.00000", "2006-06-30": "259.00000", "2006-03-31": "218.00000", "2005-12-31": "195.00000", "2005-09-30": "177.00000", "2005-06-30": "187.00000", "2005-03-31": "157.00000"}, "Pre-Paid Expenses": {"2020-12-31": "", "2020-09-30": "", "2020-06-30": "", "2020-03-31": "", "2019-12-31": "", "2019-09-30": "", "2019-06-30": "", "2019-03-31": "", "2018-12-31": "", "2018-09-30": "", "2018-06-30": "", "2018-03-31": "", "2017-12-31": "", "2017-09-30": "", "2017-06-30": "", "2017-03-31": "", "2016-12-31": "", "2016-09-30": "", "2016-06-30": "", "2016-03-31": "", "2015-12-31": "", "2015-09-30": "", "2015-06-30": "", "2015-03-31": "", "2014-12-31": "", "2014-09-30": "", "2014-06-30": "", "2014-03-31": "", "2013-12-31": "", "2013-09-30": "", "2013-06-30": "", "2013-03-31": "", "2012-12-31": "", "2012-09-30": "", "2012-06-30": "", "2012-03-31": "", "2011-12-31": "", "2011-09-30": "", "2011-06-30": "", "2011-03-31": "", "2010-12-31": "", "2010-09-30": "", "2010-06-30": "", "2010-03-31": "", "2009-12-31": "", "2009-09-30": "", "2009-06-30": "", "2009-03-31": "", "2008-12-31": "", "2008-09-30": "", "2008-06-30": "", "2008-03-31": "", "2007-12-31": "", "2007-09-30": "", "2007-06-30": "", "2007-03-31": "", "2006-12-31": "", "2006-09-30": "", "2006-06-30": "", "2006-03-31": "", "2005-12-31": "", "2005-09-30": "", "2005-06-30": "", "2005-03-31": ""}, "Other Current Assets": {"2020-12-31": "794.00000", "2020-09-30": "704.00000", "2020-06-30": "768.00000", "2020-03-31": "586.00000", "2019-12-31": "625.00000", "2019-09-30": "634.00000", "2019-06-30": "682.00000", "2019-03-31": "631.00000", "2018-12-31": "855.00000", "2018-09-30": "699.00000", "2018-06-30": "3460.00000", "2018-03-31": "641.00000", "2017-12-31": "638.00000", "2017-09-30": "618.00000", "2017-06-30": "624.00000", "2017-03-31": "659.00000", "2016-12-31": "972.00000", "2016-09-30": "558.00000", "2016-06-30": "592.00000", "2016-03-31": "590.00000", "2015-12-31": "664.00000", "2015-09-30": "687.00000", "2015-06-30": "581.00000", "2015-03-31": "733.00000", "2014-12-31": "528.00000", "2014-09-30": "401.00000", "2014-06-30": "535.00000", "2014-03-31": "521.00000", "2013-12-31": "510.00000", "2013-09-30": "572.00000", "2013-06-30": "506.00000", "2013-03-31": "582.00000", "2012-12-31": "595.00000", "2012-09-30": "473.00000", "2012-06-30": "400.00000", "2012-03-31": "327.00000", "2011-12-31": "236.00000", "2011-09-30": "346.00000", "2011-06-30": "210.00000", "2011-03-31": "174.00000", "2010-12-31": "255.00000", "2010-09-30": "275.00000", "2010-06-30": "189.00000", "2010-03-31": "210.00000", "2009-12-31": "245.00000", "2009-09-30": "199.00000", "2009-06-30": "247.00000", "2009-03-31": "324.00000", "2008-12-31": "290.00000", "2008-09-30": "464.00000", "2008-06-30": "228.00000", "2008-03-31": "192.00000", "2007-12-31": "195.00000", "2007-09-30": "200.00000", "2007-06-30": "395.00000", "2007-03-31": "234.00000", "2006-12-31": "180.00000", "2006-09-30": "143.00000", "2006-06-30": "133.00000", "2006-03-31": "130.00000", "2005-12-31": "141.00000", "2005-09-30": "179.00000", "2005-06-30": "143.00000", "2005-03-31": "142.00000"}, "Total Current Assets": {"2020-12-31": "19792.00000", "2020-09-30": "18519.00000", "2020-06-30": "15558.00000", "2020-03-31": "15313.00000", "2019-12-31": "16205.00000", "2019-09-30": "16765.00000", "2019-06-30": "19204.00000", "2019-03-31": "16324.00000", "2018-12-31": "16294.00000", "2018-09-30": "17384.00000", "2018-06-30": "44318.00000", "2018-03-31": "45544.00000", "2017-12-31": "40966.00000", "2017-09-30": "43593.00000", "2017-06-30": "27021.00000", "2017-03-31": "16908.00000", "2016-12-31": "15779.00000", "2016-09-30": "22981.00000", "2016-06-30": "20979.00000", "2016-03-31": "20157.00000", "2015-12-31": "20338.00000", "2015-09-30": "22099.00000", "2015-06-30": "25928.00000", "2015-03-31": "20740.00000", "2014-12-31": "22761.00000", "2014-09-30": "22413.00000", "2014-06-30": "22408.00000", "2014-03-31": "21008.00000", "2013-12-31": "20585.00000", "2013-09-30": "19555.00000", "2013-06-30": "15972.00000", "2013-03-31": "17766.00000", "2012-12-31": "17103.00000", "2012-09-30": "15645.00000", "2012-06-30": "16377.00000", "2012-03-31": "17861.00000", "2011-12-31": "14034.00000", "2011-09-30": "14293.00000", "2011-06-30": "12833.00000", "2011-03-31": "14850.00000", "2010-12-31": "12331.00000", "2010-09-30": "12133.00000", "2010-06-30": "11614.00000", "2010-03-31": "12652.00000", "2009-12-31": "13574.00000", "2009-09-30": "12570.00000", "2009-06-30": "11731.00000", "2009-03-31": "11232.00000", "2008-12-31": "11010.00000", "2008-09-30": "11872.00000", "2008-06-30": "9061.00000", "2008-03-31": "8351.00000", "2007-12-31": "9098.00000", "2007-09-30": "8821.00000", "2007-06-30": "9048.00000", "2007-03-31": "8078.00000", "2006-12-31": "7379.00000", "2006-09-30": "7049.00000", "2006-06-30": "7274.00000", "2006-03-31": "8662.00000", "2005-12-31": "8399.00000", "2005-09-30": "7791.00000", "2005-06-30": "7099.00000", "2005-03-31": "7553.00000"}, "Property, Plant, And Equipment": {"2020-12-31": "4033.00000", "2020-09-30": "3711.00000", "2020-06-30": "3487.00000", "2020-03-31": "3358.00000", "2019-12-31": "3171.00000", "2019-09-30": "3081.00000", "2019-06-30": "3037.00000", "2019-03-31": "2945.00000", "2018-12-31": "2932.00000", "2018-09-30": "2975.00000", "2018-06-30": "3073.00000", "2018-03-31": "3224.00000", "2017-12-31": "3224.00000", "2017-09-30": "3216.00000", "2017-06-30": "3164.00000", "2017-03-31": "3065.00000", "2016-12-31": "2270.00000", "2016-09-30": "2306.00000", "2016-06-30": "2341.00000", "2016-03-31": "2391.00000", "2015-12-31": "2484.00000", "2015-09-30": "2534.00000", "2015-06-30": "2574.00000", "2015-03-31": "2523.00000", "2014-12-31": "2531.00000", "2014-09-30": "2487.00000", "2014-06-30": "2555.00000", "2014-03-31": "2573.00000", "2013-12-31": "2562.00000", "2013-09-30": "2995.00000", "2013-06-30": "2974.00000", "2013-03-31": "2971.00000", "2012-12-31": "2874.00000", "2012-09-30": "2851.00000", "2012-06-30": "2888.00000", "2012-03-31": "2760.00000", "2011-12-31": "2607.00000", "2011-09-30": "2414.00000", "2011-06-30": "2267.00000", "2011-03-31": "2114.00000", "2010-12-31": "2361.00000", "2010-09-30": "2373.00000", "2010-06-30": "2382.00000", "2010-03-31": "2374.00000", "2009-12-31": "2384.00000", "2009-09-30": "2387.00000", "2009-06-30": "2311.00000", "2009-03-31": "2282.00000", "2008-12-31": "2262.00000", "2008-09-30": "2162.00000", "2008-06-30": "1912.00000", "2008-03-31": "1817.00000", "2007-12-31": "1794.00000", "2007-09-30": "1788.00000", "2007-06-30": "1631.00000", "2007-03-31": "1582.00000", "2006-12-31": "1559.00000", "2006-09-30": "1482.00000", "2006-06-30": "1420.00000", "2006-03-31": "1275.00000", "2005-12-31": "1154.00000", "2005-09-30": "1022.00000", "2005-06-30": "905.00000", "2005-03-31": "800.00000"}, "Long-Term Investments": {"2020-12-31": "", "2020-09-30": "", "2020-06-30": "", "2020-03-31": "", "2019-12-31": "", "2019-09-30": "", "2019-06-30": "", "2019-03-31": "", "2018-12-31": "", "2018-09-30": "", "2018-06-30": "35.00000", "2018-03-31": "35.00000", "2017-12-31": "4447.00000", "2017-09-30": "1270.00000", "2017-06-30": "16889.00000", "2017-03-31": "18876.00000", "2016-12-31": "18973.00000", "2016-09-30": "13702.00000", "2016-06-30": "13922.00000", "2016-03-31": "13582.00000", "2015-12-31": "14063.00000", "2015-09-30": "13626.00000", "2015-06-30": "13894.00000", "2015-03-31": "14055.00000", "2014-12-31": "13815.00000", "2014-09-30": "14457.00000", "2014-06-30": "14563.00000", "2014-03-31": "15425.00000", "2013-12-31": "14330.00000", "2013-09-30": "14440.00000", "2013-06-30": "18941.00000", "2013-03-31": "17046.00000", "2012-12-31": "15096.00000", "2012-09-30": "14463.00000", "2012-06-30": "13152.00000", "2012-03-31": "11489.00000", "2011-12-31": "10438.00000", "2011-09-30": "9261.00000", "2011-06-30": "9493.00000", "2011-03-31": "9081.00000", "2010-12-31": "8598.00000", "2010-09-30": "8123.00000", "2010-06-30": "7618.00000", "2010-03-31": "7057.00000", "2009-12-31": "6764.00000", "2009-09-30": "6673.00000", "2009-06-30": "5801.00000", "2009-03-31": "4560.00000", "2008-12-31": "4048.00000", "2008-09-30": "4858.00000", "2008-06-30": "4567.00000", "2008-03-31": "4436.00000", "2007-12-31": "4265.00000", "2007-09-30": "5234.00000", "2007-06-30": "4954.00000", "2007-03-31": "4751.00000", "2006-12-31": "4598.00000", "2006-09-30": "4228.00000", "2006-06-30": "3607.00000", "2006-03-31": "2702.00000", "2005-12-31": "2414.00000", "2005-09-30": "2133.00000", "2005-06-30": "2147.00000", "2005-03-31": "1903.00000"}, "Goodwill And Intangible Assets": {"2020-12-31": "7899.00000", "2020-09-30": "7976.00000", "2020-06-30": "8048.00000", "2020-03-31": "8183.00000", "2019-12-31": "8342.00000", "2019-09-30": "8454.00000", "2019-06-30": "8658.00000", "2019-03-31": "8809.00000", "2018-12-31": "9041.00000", "2018-09-30": "9453.00000", "2018-06-30": "9804.00000", "2018-03-31": "10111.00000", "2017-12-31": "10186.00000", "2017-09-30": "10360.00000", "2017-06-30": "10403.00000", "2017-03-31": "10581.00000", "2016-12-31": "9024.00000", "2016-09-30": "9179.00000", "2016-06-30": "9326.00000", "2016-03-31": "9553.00000", "2015-12-31": "9737.00000", "2015-09-30": "9221.00000", "2015-06-30": "6664.00000", "2015-03-31": "6870.00000", "2014-12-31": "6910.00000", "2014-09-30": "7068.00000", "2014-06-30": "6791.00000", "2014-03-31": "6925.00000", "2013-12-31": "6702.00000", "2013-09-30": "6529.00000", "2013-06-30": "6685.00000", "2013-03-31": "6710.00000", "2012-12-31": "6755.00000", "2012-09-30": "6855.00000", "2012-06-30": "7688.00000", "2012-03-31": "6609.00000", "2011-12-31": "6717.00000", "2011-09-30": "6531.00000", "2011-06-30": "6293.00000", "2011-03-31": "3591.00000", "2010-12-31": "4502.00000", "2010-09-30": "4510.00000", "2010-06-30": "4516.00000", "2010-03-31": "4576.00000", "2009-12-31": "4632.00000", "2009-09-30": "4557.00000", "2009-06-30": "4650.00000", "2009-03-31": "4625.00000", "2008-12-31": "4574.00000", "2008-09-30": "4621.00000", "2008-06-30": "1520.00000", "2008-03-31": "1520.00000", "2007-12-31": "1499.00000", "2007-09-30": "1989.00000", "2007-06-30": "1322.00000", "2007-03-31": "1320.00000", "2006-12-31": "1320.00000", "2006-09-30": "1230.00000", "2006-06-30": "1236.00000", "2006-03-31": "1018.00000", "2005-12-31": "571.00000", "2005-09-30": "571.00000", "2005-06-30": "525.00000", "2005-03-31": "528.00000"}, "Other Long-Term Assets": {"2020-12-31": "4436.00000", "2020-09-30": "4037.00000", "2020-06-30": "3890.00000", "2020-03-31": "3835.00000", "2019-12-31": "4139.00000", "2019-09-30": "3461.00000", "2019-06-30": "2062.00000", "2019-03-31": "2113.00000", "2018-12-31": "2056.00000", "2018-09-30": "1970.00000", "2018-06-30": "4016.00000", "2018-03-31": "4086.00000", "2017-12-31": "4287.00000", "2017-09-30": "4147.00000", "2017-06-30": "4155.00000", "2017-03-31": "4191.00000", "2016-12-31": "4008.00000", "2016-09-30": "2161.00000", "2016-06-30": "2143.00000", "2016-03-31": "2174.00000", "2015-12-31": "1991.00000", "2015-09-30": "1863.00000", "2015-06-30": "1960.00000", "2015-03-31": "1936.00000", "2014-12-31": "1101.00000", "2014-09-30": "975.00000", "2014-06-30": "843.00000", "2014-03-31": "783.00000", "2013-12-31": "757.00000", "2013-09-30": "938.00000", "2013-06-30": "791.00000", "2013-03-31": "1877.00000", "2012-12-31": "1686.00000", "2012-09-30": "1786.00000", "2012-06-30": "663.00000", "2012-03-31": "1494.00000", "2011-12-31": "2184.00000", "2011-09-30": "2220.00000", "2011-06-30": "2330.00000", "2011-03-31": "2271.00000", "2010-12-31": "1520.00000", "2010-09-30": "1511.00000", "2010-06-30": "1497.00000", "2010-03-31": "462.00000", "2009-12-31": "431.00000", "2009-09-30": "415.00000", "2009-06-30": "398.00000", "2009-03-31": "444.00000", "2008-12-31": "565.00000", "2008-09-30": "369.00000", "2008-06-30": "1667.00000", "2008-03-31": "1258.00000", "2007-12-31": "1086.00000", "2007-09-30": "345.00000", "2007-06-30": "1040.00000", "2007-03-31": "1037.00000", "2006-12-31": "1041.00000", "2006-09-30": "707.00000", "2006-06-30": "693.00000", "2006-03-31": "654.00000", "2005-12-31": "486.00000", "2005-09-30": "518.00000", "2005-06-30": "517.00000", "2005-03-31": "532.00000"}, "Total Long-Term Assets": {"2020-12-31": "17687.00000", "2020-09-30": "17075.00000", "2020-06-30": "16770.00000", "2020-03-31": "16625.00000", "2019-12-31": "16906.00000", "2019-09-30": "16192.00000", "2019-06-30": "14929.00000", "2019-03-31": "17699.00000", "2018-12-31": "17952.00000", "2018-09-30": "15334.00000", "2018-06-30": "17772.00000", "2018-03-31": "18582.00000", "2017-12-31": "23385.00000", "2017-09-30": "21893.00000", "2017-06-30": "37358.00000", "2017-03-31": "39171.00000", "2016-12-31": "36587.00000", "2016-09-30": "29378.00000", "2016-06-30": "29807.00000", "2016-03-31": "29903.00000", "2015-12-31": "29891.00000", "2015-09-30": "28697.00000", "2015-06-30": "26367.00000", "2015-03-31": "26433.00000", "2014-12-31": "25686.00000", "2014-09-30": "26161.00000", "2014-06-30": "25947.00000", "2014-03-31": "26867.00000", "2013-12-31": "25697.00000", "2013-09-30": "25961.00000", "2013-06-30": "30837.00000", "2013-03-31": "29833.00000", "2012-12-31": "27738.00000", "2012-09-30": "27367.00000", "2012-06-30": "26068.00000", "2012-03-31": "23670.00000", "2011-12-31": "23572.00000", "2011-09-30": "22129.00000", "2011-06-30": "22267.00000", "2011-03-31": "18974.00000", "2010-12-31": "18960.00000", "2010-09-30": "18439.00000", "2010-06-30": "17787.00000", "2010-03-31": "15845.00000", "2009-12-31": "15329.00000", "2009-09-30": "14875.00000", "2009-06-30": "13982.00000", "2009-03-31": "12852.00000", "2008-12-31": "12445.00000", "2008-09-30": "12840.00000", "2008-06-30": "10536.00000", "2008-03-31": "9801.00000", "2007-12-31": "9250.00000", "2007-09-30": "9674.00000", "2007-06-30": "9398.00000", "2007-03-31": "9176.00000", "2006-12-31": "8959.00000", "2006-09-30": "8159.00000", "2006-06-30": "7439.00000", "2006-03-31": "6197.00000", "2005-12-31": "5030.00000", "2005-09-30": "4688.00000", "2005-06-30": "4479.00000", "2005-03-31": "4257.00000"}, "Total Assets": {"2020-12-31": "37479.00000", "2020-09-30": "35594.00000", "2020-06-30": "32328.00000", "2020-03-31": "31938.00000", "2019-12-31": "33111.00000", "2019-09-30": "32957.00000", "2019-06-30": "34133.00000", "2019-03-31": "34023.00000", "2018-12-31": "34246.00000", "2018-09-30": "32718.00000", "2018-06-30": "62090.00000", "2018-03-31": "64126.00000", "2017-12-31": "64351.00000", "2017-09-30": "65486.00000", "2017-06-30": "64379.00000", "2017-03-31": "56079.00000", "2016-12-31": "52366.00000", "2016-09-30": "52359.00000", "2016-06-30": "50786.00000", "2016-03-31": "50060.00000", "2015-12-31": "50229.00000", "2015-09-30": "50796.00000", "2015-06-30": "52295.00000", "2015-03-31": "47173.00000", "2014-12-31": "48447.00000", "2014-09-30": "48574.00000", "2014-06-30": "48355.00000", "2014-03-31": "47875.00000", "2013-12-31": "46282.00000", "2013-09-30": "45516.00000", "2013-06-30": "46809.00000", "2013-03-31": "47599.00000", "2012-12-31": "44841.00000", "2012-09-30": "43012.00000", "2012-06-30": "42445.00000", "2012-03-31": "41531.00000", "2011-12-31": "37606.00000", "2011-09-30": "36422.00000", "2011-06-30": "35100.00000", "2011-03-31": "33824.00000", "2010-12-31": "31291.00000", "2010-09-30": "30572.00000", "2010-06-30": "29401.00000", "2010-03-31": "28497.00000", "2009-12-31": "28903.00000", "2009-09-30": "27445.00000", "2009-06-30": "25713.00000", "2009-03-31": "24084.00000", "2008-12-31": "23455.00000", "2008-09-30": "24712.00000", "2008-06-30": "19597.00000", "2008-03-31": "18152.00000", "2007-12-31": "18348.00000", "2007-09-30": "18495.00000", "2007-06-30": "18446.00000", "2007-03-31": "17254.00000", "2006-12-31": "16338.00000", "2006-09-30": "15208.00000", "2006-06-30": "14713.00000", "2006-03-31": "14859.00000", "2005-12-31": "13429.00000", "2005-09-30": "12479.00000", "2005-06-30": "11578.00000", "2005-03-31": "11810.00000"}, "Total Current Liabilities": {"2020-12-31": "9223.00000", "2020-09-30": "8672.00000", "2020-06-30": "7914.00000", "2020-03-31": "9774.00000", "2019-12-31": "9194.00000", "2019-09-30": "8935.00000", "2019-06-30": "10853.00000", "2019-03-31": "10517.00000", "2018-12-31": "10556.00000", "2018-09-30": "11389.00000", "2018-06-30": "16212.00000", "2018-03-31": "12660.00000", "2017-12-31": "12027.00000", "2017-09-30": "10907.00000", "2017-06-30": "9163.00000", "2017-03-31": "10145.00000", "2016-12-31": "7994.00000", "2016-09-30": "7311.00000", "2016-06-30": "6843.00000", "2016-03-31": "7026.00000", "2015-12-31": "6503.00000", "2015-09-30": "6100.00000", "2015-06-30": "6083.00000", "2015-03-31": "6169.00000", "2014-12-31": "6405.00000", "2014-09-30": "6013.00000", "2014-06-30": "6021.00000", "2014-03-31": "5901.00000", "2013-12-31": "5313.00000", "2013-09-30": "5213.00000", "2013-06-30": "5028.00000", "2013-03-31": "5263.00000", "2012-12-31": "5005.00000", "2012-09-30": "5302.00000", "2012-06-30": "5516.00000", "2012-03-31": "5178.00000", "2011-12-31": "4994.00000", "2011-09-30": "5289.00000", "2011-06-30": "4464.00000", "2011-03-31": "4385.00000", "2010-12-31": "3943.00000", "2010-09-30": "5468.00000", "2010-06-30": "5190.00000", "2010-03-31": "3330.00000", "2009-12-31": "2948.00000", "2009-09-30": "2813.00000", "2009-06-30": "2372.00000", "2009-03-31": "2257.00000", "2008-12-31": "2082.00000", "2008-09-30": "2440.00000", "2008-06-30": "2111.00000", "2008-03-31": "2038.00000", "2007-12-31": "2117.00000", "2007-09-30": "2258.00000", "2007-06-30": "2106.00000", "2007-03-31": "1826.00000", "2006-12-31": "1758.00000", "2006-09-30": "1422.00000", "2006-06-30": "1336.00000", "2006-03-31": "1142.00000", "2005-12-31": "1160.00000", "2005-09-30": "1070.00000", "2005-06-30": "833.00000", "2005-03-31": "1005.00000"}, "Long Term Debt": {"2020-12-31": "15231.00000", "2020-09-30": "15226.00000", "2020-06-30": "15425.00000", "2020-03-31": "13449.00000", "2019-12-31": "13437.00000", "2019-09-30": "13437.00000", "2019-06-30": "13426.00000", "2019-03-31": "15405.00000", "2018-12-31": "15388.00000", "2018-09-30": "15365.00000", "2018-06-30": "15378.00000", "2018-03-31": "19361.00000", "2017-12-31": "19381.00000", "2017-09-30": "19398.00000", "2017-06-30": "19403.00000", "2017-03-31": "9939.00000", "2016-12-31": "9935.00000", "2016-09-30": "10008.00000", "2016-06-30": "10024.00000", "2016-03-31": "9993.00000", "2015-12-31": "9950.00000", "2015-09-30": "9969.00000", "2015-06-30": "9913.00000", "2015-03-31": "", "2014-12-31": "", "2014-09-30": "", "2014-06-30": "", "2014-03-31": "", "2013-12-31": "", "2013-09-30": "", "2013-06-30": "", "2013-03-31": "", "2012-12-31": "", "2012-09-30": "", "2012-06-30": "", "2012-03-31": "", "2011-12-31": "", "2011-09-30": "", "2011-06-30": "", "2011-03-31": "", "2010-12-31": "", "2010-09-30": "", "2010-06-30": "", "2010-03-31": "", "2009-12-31": "", "2009-09-30": "", "2009-06-30": "", "2009-03-31": "", "2008-12-31": "", "2008-09-30": "", "2008-06-30": "", "2008-03-31": "", "2007-12-31": "", "2007-09-30": "", "2007-06-30": "", "2007-03-31": "", "2006-12-31": "", "2006-09-30": "", "2006-06-30": "", "2006-03-31": "", "2005-12-31": "", "2005-09-30": "", "2005-06-30": "", "2005-03-31": ""}, "Other Non-Current Liabilities": {"2020-12-31": "3146.00000", "2020-09-30": "2986.00000", "2020-06-30": "4819.00000", "2020-03-31": "4702.00000", "2019-12-31": "2852.00000", "2019-09-30": "2428.00000", "2019-06-30": "1026.00000", "2019-03-31": "1056.00000", "2018-12-31": "3265.00000", "2018-09-30": "1225.00000", "2018-06-30": "5724.00000", "2018-03-31": "6483.00000", "2017-12-31": "7113.00000", "2017-09-30": "2432.00000", "2017-06-30": "2419.00000", "2017-03-31": "2441.00000", "2016-12-31": "953.00000", "2016-09-30": "895.00000", "2016-06-30": "855.00000", "2016-03-31": "878.00000", "2015-12-31": "913.00000", "2015-09-30": "817.00000", "2015-06-30": "527.00000", "2015-03-31": "503.00000", "2014-12-31": "460.00000", "2014-09-30": "428.00000", "2014-06-30": "379.00000", "2014-03-31": "354.00000", "2013-12-31": "376.00000", "2013-09-30": "550.00000", "2013-06-30": "519.00000", "2013-03-31": "1011.00000", "2012-12-31": "966.00000", "2012-09-30": "426.00000", "2012-06-30": "515.00000", "2012-03-31": "589.00000", "2011-12-31": "580.00000", "2011-09-30": "620.00000", "2011-06-30": "705.00000", "2011-03-31": "705.00000", "2010-12-31": "791.00000", "2010-09-30": "761.00000", "2010-06-30": "738.00000", "2010-03-31": "760.00000", "2009-12-31": "827.00000", "2009-09-30": "852.00000", "2009-06-30": "1102.00000", "2009-03-31": "1115.00000", "2008-12-31": "570.00000", "2008-09-30": "333.00000", "2008-06-30": "536.00000", "2008-03-31": "509.00000", "2007-12-31": "484.00000", "2007-09-30": "260.00000", "2007-06-30": "262.00000", "2007-03-31": "247.00000", "2006-12-31": "261.00000", "2006-09-30": "239.00000", "2006-06-30": "235.00000", "2006-03-31": "181.00000", "2005-12-31": "156.00000", "2005-09-30": "144.00000", "2005-06-30": "140.00000", "2005-03-31": "137.00000"}, "Total Long Term Liabilities": {"2020-12-31": "20876.00000", "2020-09-30": "20845.00000", "2020-06-30": "21108.00000", "2020-03-31": "19119.00000", "2019-12-31": "19404.00000", "2019-09-30": "19113.00000", "2019-06-30": "17817.00000", "2019-03-31": "19640.00000", "2018-12-31": "20073.00000", "2018-09-30": "20522.00000", "2018-06-30": "22810.00000", "2018-03-31": "27647.00000", "2017-12-31": "28400.00000", "2017-09-30": "23833.00000", "2017-06-30": "23933.00000", "2017-03-31": "14600.00000", "2016-12-31": "13166.00000", "2016-09-30": "13280.00000", "2016-06-30": "13305.00000", "2016-03-31": "13397.00000", "2015-12-31": "13493.00000", "2015-09-30": "13282.00000", "2015-06-30": "13016.00000", "2015-03-31": "3170.00000", "2014-12-31": "3223.00000", "2014-09-30": "3395.00000", "2014-06-30": "3547.00000", "2014-03-31": "3721.00000", "2013-12-31": "3942.00000", "2013-09-30": "4216.00000", "2013-06-30": "4198.00000", "2013-03-31": "4708.00000", "2012-12-31": "4482.00000", "2012-09-30": "4165.00000", "2012-06-30": "4324.00000", "2012-03-31": "4483.00000", "2011-12-31": "4115.00000", "2011-09-30": "4161.00000", "2011-06-30": "4335.00000", "2011-03-31": "4438.00000", "2010-12-31": "4612.00000", "2010-09-30": "4246.00000", "2010-06-30": "4325.00000", "2010-03-31": "4447.00000", "2009-12-31": "4602.00000", "2009-09-30": "4316.00000", "2009-06-30": "4630.00000", "2009-03-31": "4714.00000", "2008-12-31": "4236.00000", "2008-09-30": "4328.00000", "2008-06-30": "660.00000", "2008-03-31": "637.00000", "2007-12-31": "621.00000", "2007-09-30": "402.00000", "2007-06-30": "408.00000", "2007-03-31": "398.00000", "2006-12-31": "405.00000", "2006-09-30": "380.00000", "2006-06-30": "379.00000", "2006-03-31": "317.00000", "2005-12-31": "297.00000", "2005-09-30": "290.00000", "2005-06-30": "298.00000", "2005-03-31": "279.00000"}, "Total Liabilities": {"2020-12-31": "30099.00000", "2020-09-30": "29517.00000", "2020-06-30": "29022.00000", "2020-03-31": "28893.00000", "2019-12-31": "28598.00000", "2019-09-30": "28048.00000", "2019-06-30": "28670.00000", "2019-03-31": "30157.00000", "2018-12-31": "30629.00000", "2018-09-30": "31911.00000", "2018-06-30": "39022.00000", "2018-03-31": "40307.00000", "2017-12-31": "40427.00000", "2017-09-30": "34740.00000", "2017-06-30": "33096.00000", "2017-03-31": "24745.00000", "2016-12-31": "21160.00000", "2016-09-30": "20591.00000", "2016-06-30": "20148.00000", "2016-03-31": "20423.00000", "2015-12-31": "19996.00000", "2015-09-30": "19382.00000", "2015-06-30": "19099.00000", "2015-03-31": "9339.00000", "2014-12-31": "9628.00000", "2014-09-30": "9408.00000", "2014-06-30": "9568.00000", "2014-03-31": "9622.00000", "2013-12-31": "9255.00000", "2013-09-30": "9429.00000", "2013-06-30": "9226.00000", "2013-03-31": "9971.00000", "2012-12-31": "9487.00000", "2012-09-30": "9467.00000", "2012-06-30": "9840.00000", "2012-03-31": "9661.00000", "2011-12-31": "9109.00000", "2011-09-30": "9450.00000", "2011-06-30": "8799.00000", "2011-03-31": "8823.00000", "2010-12-31": "8555.00000", "2010-09-30": "9714.00000", "2010-06-30": "9515.00000", "2010-03-31": "7777.00000", "2009-12-31": "7550.00000", "2009-09-30": "7129.00000", "2009-06-30": "7002.00000", "2009-03-31": "6971.00000", "2008-12-31": "6318.00000", "2008-09-30": "6768.00000", "2008-06-30": "2771.00000", "2008-03-31": "2675.00000", "2007-12-31": "2738.00000", "2007-09-30": "2660.00000", "2007-06-30": "2514.00000", "2007-03-31": "2224.00000", "2006-12-31": "2163.00000", "2006-09-30": "1802.00000", "2006-06-30": "1715.00000", "2006-03-31": "1459.00000", "2005-12-31": "1457.00000", "2005-09-30": "1360.00000", "2005-06-30": "1131.00000", "2005-03-31": "1284.00000"}, "Common Stock Net": {"2020-12-31": "113.00000", "2020-09-30": "586.00000", "2020-06-30": "113.00000", "2020-03-31": "", "2019-12-31": "", "2019-09-30": "343.00000", "2019-06-30": "581.00000", "2019-03-31": "384.00000", "2018-12-31": "", "2018-09-30": "", "2018-06-30": "", "2018-03-31": "495.00000", "2017-12-31": "265.00000", "2017-09-30": "274.00000", "2017-06-30": "225.00000", "2017-03-31": "346.00000", "2016-12-31": "214.00000", "2016-09-30": "414.00000", "2016-06-30": "169.00000", "2016-03-31": "", "2015-12-31": "", "2015-09-30": "", "2015-06-30": "", "2015-03-31": "4956.00000", "2014-12-31": "6334.00000", "2014-09-30": "", "2014-06-30": "8346.00000", "2014-03-31": "9347.00000", "2013-12-31": "", "2013-09-30": "", "2013-06-30": "", "2013-03-31": "", "2012-12-31": "", "2012-09-30": "", "2012-06-30": "", "2012-03-31": "", "2011-12-31": "", "2011-09-30": "", "2011-06-30": "", "2011-03-31": "", "2010-12-31": "", "2010-09-30": "", "2010-06-30": "", "2010-03-31": "", "2009-12-31": "", "2009-09-30": "", "2009-06-30": "", "2009-03-31": "", "2008-12-31": "", "2008-09-30": "", "2008-06-30": "", "2008-03-31": "", "2007-12-31": "", "2007-09-30": "", "2007-06-30": "", "2007-03-31": "", "2006-12-31": "", "2006-09-30": "", "2006-06-30": "", "2006-03-31": "", "2005-12-31": "", "2005-09-30": "", "2005-06-30": "", "2005-03-31": ""}, "Retained Earnings (Accumulated Deficit)": {"2020-12-31": "6974.00000", "2020-09-30": "5284.00000", "2020-06-30": "3081.00000", "2020-03-31": "2990.00000", "2019-12-31": "4376.00000", "2019-09-30": "4466.00000", "2019-06-30": "4687.00000", "2019-03-31": "3309.00000", "2018-12-31": "3415.00000", "2018-09-30": "542.00000", "2018-06-30": "22745.00000", "2018-03-31": "22779.00000", "2017-12-31": "23273.00000", "2017-09-30": "30088.00000", "2017-06-30": "30778.00000", "2017-03-31": "30768.00000", "2016-12-31": "30815.00000", "2016-09-30": "30936.00000", "2016-06-30": "30134.00000", "2016-03-31": "29485.00000", "2015-12-31": "30172.00000", "2015-09-30": "31226.00000", "2015-06-30": "32699.00000", "2015-03-31": "32411.00000", "2014-12-31": "32061.00000", "2014-09-30": "30799.00000", "2014-06-30": "29618.00000", "2014-03-31": "28097.00000", "2013-12-31": "26737.00000", "2013-09-30": "25461.00000", "2013-06-30": "24564.00000", "2013-03-31": "23599.00000", "2012-12-31": "22172.00000", "2012-09-30": "20701.00000", "2012-06-30": "19868.00000", "2012-03-31": "19090.00000", "2011-12-31": "17237.00000", "2011-09-30": "16204.00000", "2011-06-30": "15516.00000", "2011-03-31": "14840.00000", "2010-12-31": "14161.00000", "2010-09-30": "13305.00000", "2010-06-30": "12746.00000", "2010-03-31": "12287.00000", "2009-12-31": "11792.00000", "2009-09-30": "11235.00000", "2009-06-30": "10716.00000", "2009-03-31": "10241.00000", "2008-12-31": "10794.00000", "2008-09-30": "10717.00000", "2008-06-30": "10104.00000", "2008-03-31": "9616.00000", "2007-12-31": "9076.00000", "2007-09-30": "8541.00000", "2007-06-30": "7640.00000", "2007-03-31": "7075.00000", "2006-12-31": "6549.00000", "2006-09-30": "6100.00000", "2006-06-30": "5684.00000", "2006-03-31": "5243.00000", "2005-12-31": "4800.00000", "2005-09-30": "4328.00000", "2005-06-30": "3938.00000", "2005-03-31": "3524.00000"}, "Comprehensive Income": {"2020-12-31": "293.00000", "2020-09-30": "207.00000", "2020-06-30": "112.00000", "2020-03-31": "55.00000", "2019-12-31": "137.00000", "2019-09-30": "100.00000", "2019-06-30": "195.00000", "2019-03-31": "173.00000", "2018-12-31": "202.00000", "2018-09-30": "265.00000", "2018-06-30": "323.00000", "2018-03-31": "545.00000", "2017-12-31": "386.00000", "2017-09-30": "384.00000", "2017-06-30": "291.00000", "2017-03-31": "230.00000", "2016-12-31": "186.00000", "2016-09-30": "428.00000", "2016-06-30": "344.00000", "2016-03-31": "160.00000", "2015-12-31": "69.00000", "2015-09-30": "195.00000", "2015-06-30": "503.00000", "2015-03-31": "472.00000", "2014-12-31": "428.00000", "2014-09-30": "634.00000", "2014-06-30": "825.00000", "2014-03-31": "810.00000", "2013-12-31": "784.00000", "2013-09-30": "753.00000", "2013-06-30": "698.00000", "2013-03-31": "1021.00000", "2012-12-31": "880.00000", "2012-09-30": "866.00000", "2012-06-30": "620.00000", "2012-03-31": "809.00000", "2011-12-31": "495.00000", "2011-09-30": "353.00000", "2011-06-30": "744.00000", "2011-03-31": "802.00000", "2010-12-31": "757.00000", "2010-09-30": "697.00000", "2010-06-30": "529.00000", "2010-03-31": "820.00000", "2009-12-31": "744.00000", "2009-09-30": "588.00000", "2009-06-30": "7.00000", "2009-03-31": "-776.00000", "2008-12-31": "-1070.00000", "2008-09-30": "-284.00000", "2008-06-30": "-61.00000", "2008-03-31": "-115.00000", "2007-12-31": "134.00000", "2007-09-30": "237.00000", "2007-06-30": "258.00000", "2007-03-31": "197.00000", "2006-12-31": "199.00000", "2006-09-30": "64.00000", "2006-06-30": "-11.00000", "2006-03-31": "58.00000", "2005-12-31": "38.00000", "2005-09-30": "38.00000", "2005-06-30": "38.00000", "2005-03-31": "43.00000"}, "Other Share Holders Equity": {"2020-12-31": "", "2020-09-30": "", "2020-06-30": "", "2020-03-31": "", "2019-12-31": "", "2019-09-30": "", "2019-06-30": "", "2019-03-31": "", "2018-12-31": "", "2018-09-30": "", "2018-06-30": "", "2018-03-31": "", "2017-12-31": "", "2017-09-30": "", "2017-06-30": "", "2017-03-31": "", "2016-12-31": "", "2016-09-30": "", "2016-06-30": "", "2016-03-31": "", "2015-12-31": "", "2015-09-30": "", "2015-06-30": "", "2015-03-31": "", "2014-12-31": "", "2014-09-30": "", "2014-06-30": "", "2014-03-31": "", "2013-12-31": "", "2013-09-30": "", "2013-06-30": "", "2013-03-31": "", "2012-12-31": "", "2012-09-30": "", "2012-06-30": "", "2012-03-31": "", "2011-12-31": "", "2011-09-30": "", "2011-06-30": "", "2011-03-31": "", "2010-12-31": "", "2010-09-30": "", "2010-06-30": "", "2010-03-31": "", "2009-12-31": "", "2009-09-30": "", "2009-06-30": "", "2009-03-31": "", "2008-12-31": "", "2008-09-30": "", "2008-06-30": "", "2008-03-31": "", "2007-12-31": "", "2007-09-30": "", "2007-06-30": "", "2007-03-31": "", "2006-12-31": "", "2006-09-30": "", "2006-06-30": "", "2006-03-31": "", "2005-12-31": "", "2005-09-30": "", "2005-06-30": "", "2005-03-31": ""}, "Share Holder Equity": {"2020-12-31": "7380.00000", "2020-09-30": "6077.00000", "2020-06-30": "3306.00000", "2020-03-31": "3045.00000", "2019-12-31": "4513.00000", "2019-09-30": "4909.00000", "2019-06-30": "5463.00000", "2019-03-31": "3866.00000", "2018-12-31": "3617.00000", "2018-09-30": "807.00000", "2018-06-30": "23068.00000", "2018-03-31": "23819.00000", "2017-12-31": "23924.00000", "2017-09-30": "30746.00000", "2017-06-30": "31283.00000", "2017-03-31": "31334.00000", "2016-12-31": "31206.00000", "2016-09-30": "31768.00000", "2016-06-30": "30638.00000", "2016-03-31": "29637.00000", "2015-12-31": "30233.00000", "2015-09-30": "31414.00000", "2015-06-30": "33196.00000", "2015-03-31": "37834.00000", "2014-12-31": "38819.00000", "2014-09-30": "39166.00000", "2014-06-30": "38787.00000", "2014-03-31": "38253.00000", "2013-12-31": "37027.00000", "2013-09-30": "36087.00000", "2013-06-30": "37583.00000", "2013-03-31": "37628.00000", "2012-12-31": "35354.00000", "2012-09-30": "33545.00000", "2012-06-30": "32605.00000", "2012-03-31": "31870.00000", "2011-12-31": "28497.00000", "2011-09-30": "26972.00000", "2011-06-30": "26301.00000", "2011-03-31": "25001.00000", "2010-12-31": "22736.00000", "2010-09-30": "20858.00000", "2010-06-30": "19886.00000", "2010-03-31": "20720.00000", "2009-12-31": "21353.00000", "2009-09-30": "20316.00000", "2009-06-30": "18711.00000", "2009-03-31": "17113.00000", "2008-12-31": "17137.00000", "2008-09-30": "17944.00000", "2008-06-30": "16826.00000", "2008-03-31": "15477.00000", "2007-12-31": "15610.00000", "2007-09-30": "15835.00000", "2007-06-30": "15932.00000", "2007-03-31": "15030.00000", "2006-12-31": "14175.00000", "2006-09-30": "13406.00000", "2006-06-30": "12998.00000", "2006-03-31": "13400.00000", "2005-12-31": "11972.00000", "2005-09-30": "11119.00000", "2005-06-30": "10447.00000", "2005-03-31": "10526.00000"}, "Total Liabilities And Share Holders Equity": {"2020-12-31": "37479.00000", "2020-09-30": "35594.00000", "2020-06-30": "32328.00000", "2020-03-31": "31938.00000", "2019-12-31": "33111.00000", "2019-09-30": "32957.00000", "2019-06-30": "34133.00000", "2019-03-31": "34023.00000", "2018-12-31": "34246.00000", "2018-09-30": "32718.00000", "2018-06-30": "62090.00000", "2018-03-31": "64126.00000", "2017-12-31": "64351.00000", "2017-09-30": "65486.00000", "2017-06-30": "64379.00000", "2017-03-31": "56079.00000", "2016-12-31": "52366.00000", "2016-09-30": "52359.00000", "2016-06-30": "50786.00000", "2016-03-31": "50060.00000", "2015-12-31": "50229.00000", "2015-09-30": "50796.00000", "2015-06-30": "52295.00000", "2015-03-31": "47173.00000", "2014-12-31": "48447.00000", "2014-09-30": "48574.00000", "2014-06-30": "48355.00000", "2014-03-31": "47875.00000", "2013-12-31": "46282.00000", "2013-09-30": "45516.00000", "2013-06-30": "46809.00000", "2013-03-31": "47599.00000", "2012-12-31": "44841.00000", "2012-09-30": "43012.00000", "2012-06-30": "42445.00000", "2012-03-31": "41531.00000", "2011-12-31": "37606.00000", "2011-09-30": "36422.00000", "2011-06-30": "35100.00000", "2011-03-31": "33824.00000", "2010-12-31": "31291.00000", "2010-09-30": "30572.00000", "2010-06-30": "29401.00000", "2010-03-31": "28497.00000", "2009-12-31": "28903.00000", "2009-09-30": "27445.00000", "2009-06-30": "25713.00000", "2009-03-31": "24084.00000", "2008-12-31": "23455.00000", "2008-09-30": "24712.00000", "2008-06-30": "19597.00000", "2008-03-31": "18152.00000", "2007-12-31": "18348.00000", "2007-09-30": "18495.00000", "2007-06-30": "18446.00000", "2007-03-31": "17254.00000", "2006-12-31": "16338.00000", "2006-09-30": "15208.00000", "2006-06-30": "14713.00000", "2006-03-31": "14859.00000", "2005-12-31": "13429.00000", "2005-09-30": "12479.00000", "2005-06-30": "11578.00000", "2005-03-31": "11810.00000"}}, "cash flow statement": {"Net Income/Loss": {"2020-09-30": "5198.00000", "2019-09-30": "4386.00000", "2018-09-30": "-4964.00000", "2017-09-30": "2444.00000", "2016-09-30": "5702.00000", "2015-09-30": "5268.00000", "2014-09-30": "7964.00000", "2013-09-30": "6845.00000", "2012-09-30": "6059.00000", "2011-09-30": "4242.00000", "2010-09-30": "3247.00000", "2009-09-30": "1592.00000", "2008-09-30": "3160.00000", "2007-09-30": "3303.00000", "2006-09-30": "2470.00000", "2005-09-30": "2143.00000"}, "Total Depreciation And Amortization - Cash Flow": {"2020-09-30": "1393.00000", "2019-09-30": "1604.00000", "2018-09-30": "1834.00000", "2017-09-30": "1537.00000", "2016-09-30": "1535.00000", "2015-09-30": "1214.00000", "2014-09-30": "1150.00000", "2013-09-30": "1017.00000", "2012-09-30": "897.00000", "2011-09-30": "1189.00000", "2010-09-30": "666.00000", "2009-09-30": "635.00000", "2008-09-30": "456.00000", "2007-09-30": "383.00000", "2006-09-30": "272.00000", "2005-09-30": "200.00000"}, "Other Non-Cash Items": {"2020-09-30": "830.00000", "2019-09-30": "2520.00000", "2018-09-30": "5266.00000", "2017-09-30": "123.00000", "2016-09-30": "324.00000", "2015-09-30": "971.00000", "2014-09-30": "391.00000", "2013-09-30": "1031.00000", "2012-09-30": "-293.00000", "2011-09-30": "-973.00000", "2010-09-30": "209.00000", "2009-09-30": "952.00000", "2008-09-30": "650.00000", "2007-09-30": "101.00000", "2006-09-30": "524.00000", "2005-09-30": "328.00000"}, "Total Non-Cash Items": {"2020-09-30": "2223.00000", "2019-09-30": "4124.00000", "2018-09-30": "7100.00000", "2017-09-30": "1660.00000", "2016-09-30": "1859.00000", "2015-09-30": "2185.00000", "2014-09-30": "1541.00000", "2013-09-30": "2048.00000", "2012-09-30": "604.00000", "2011-09-30": "216.00000", "2010-09-30": "875.00000", "2009-09-30": "1587.00000", "2008-09-30": "1106.00000", "2007-09-30": "484.00000", "2006-09-30": "796.00000", "2005-09-30": "528.00000"}, "Change In Accounts Receivable": {"2020-09-30": "-1529.00000", "2019-09-30": "1373.00000", "2018-09-30": "734.00000", "2017-09-30": "-1104.00000", "2016-09-30": "-232.00000", "2015-09-30": "550.00000", "2014-09-30": "-281.00000", "2013-09-30": "-680.00000", "2012-09-30": "-456.00000", "2011-09-30": "-140.00000", "2010-09-30": "-18.00000", "2009-09-30": "3083.00000", "2008-09-30": "-802.00000", "2007-09-30": "-16.00000", "2006-09-30": "-133.00000", "2005-09-30": "35.00000"}, "Change In Inventories": {"2020-09-30": "-1157.00000", "2019-09-30": "273.00000", "2018-09-30": "337.00000", "2017-09-30": "-200.00000", "2016-09-30": "-49.00000", "2015-09-30": "93.00000", "2014-09-30": "-155.00000", "2013-09-30": "-300.00000", "2012-09-30": "-252.00000", "2011-09-30": "-62.00000", "2010-09-30": "-80.00000", "2009-09-30": "69.00000", "2008-09-30": "-47.00000", "2007-09-30": "-234.00000", "2006-09-30": "-71.00000", "2005-09-30": "-23.00000"}, "Change In Accounts Payable": {"2020-09-30": "907.00000", "2019-09-30": "-443.00000", "2018-09-30": "-94.00000", "2017-09-30": "-45.00000", "2016-09-30": "541.00000", "2015-09-30": "-908.00000", "2014-09-30": "619.00000", "2013-09-30": "307.00000", "2012-09-30": "371.00000", "2011-09-30": "-26.00000", "2010-09-30": "148.00000", "2009-09-30": "57.00000", "2008-09-30": "-63.00000", "2007-09-30": "209.00000", "2006-09-30": "51.00000", "2005-09-30": "57.00000"}, "Change In Assets/Liabilities": {"2020-09-30": "-356.00000", "2019-09-30": "-51.00000", "2018-09-30": "-210.00000", "2017-09-30": "-95.00000", "2016-09-30": "-61.00000", "2015-09-30": "-1354.00000", "2014-09-30": "-184.00000", "2013-09-30": "-194.00000", "2012-09-30": "13.00000", "2011-09-30": "98.00000", "2010-09-30": "133.00000", "2009-09-30": "-200.00000", "2008-09-30": "-106.00000", "2007-09-30": "-74.00000", "2006-09-30": "44.00000", "2005-09-30": "-103.00000"}, "Total Change In Assets/Liabilities": {"2020-09-30": "-1607.00000", "2019-09-30": "-1224.00000", "2018-09-30": "1772.00000", "2017-09-30": "897.00000", "2016-09-30": "71.00000", "2015-09-30": "-1947.00000", "2014-09-30": "-618.00000", "2013-09-30": "-115.00000", "2012-09-30": "-665.00000", "2011-09-30": "442.00000", "2010-09-30": "-46.00000", "2009-09-30": "3993.00000", "2008-09-30": "-708.00000", "2007-09-30": "24.00000", "2006-09-30": "-13.00000", "2005-09-30": "15.00000"}, "Cash Flow From Operating Activities": {"2020-09-30": "5814.00000", "2019-09-30": "7286.00000", "2018-09-30": "3908.00000", "2017-09-30": "5001.00000", "2016-09-30": "7632.00000", "2015-09-30": "5506.00000", "2014-09-30": "8887.00000", "2013-09-30": "8778.00000", "2012-09-30": "5998.00000", "2011-09-30": "4900.00000", "2010-09-30": "4076.00000", "2009-09-30": "7172.00000", "2008-09-30": "3558.00000", "2007-09-30": "3811.00000", "2006-09-30": "3253.00000", "2005-09-30": "2686.00000"}, "Net Change In Property, Plant, And Equipment": {"2020-09-30": "992.00000", "2019-09-30": "-689.00000", "2018-09-30": "8404.00000", "2017-09-30": "-690.00000", "2016-09-30": "-539.00000", "2015-09-30": "-728.00000", "2014-09-30": "-1148.00000", "2013-09-30": "-1044.00000", "2012-09-30": "-1284.00000", "2011-09-30": "-593.00000", "2010-09-30": "-426.00000", "2009-09-30": "-761.00000", "2008-09-30": "-1397.00000", "2007-09-30": "-818.00000", "2006-09-30": "-685.00000", "2005-09-30": "-576.00000"}, "Net Change In Intangible Assets": {"2020-09-30": "", "2019-09-30": "", "2018-09-30": "", "2017-09-30": "", "2016-09-30": "", "2015-09-30": "", "2014-09-30": "", "2013-09-30": "", "2012-09-30": "", "2011-09-30": "", "2010-09-30": "", "2009-09-30": "", "2008-09-30": "", "2007-09-30": "", "2006-09-30": "", "2005-09-30": ""}, "Net Acquisitions/Divestitures": {"2020-09-30": "-185.00000", "2019-09-30": "-252.00000", "2018-09-30": "-326.00000", "2017-09-30": "-1544.00000", "2016-09-30": "-812.00000", "2015-09-30": "-3019.00000", "2014-09-30": "-107.00000", "2013-09-30": "-192.00000", "2012-09-30": "-833.00000", "2011-09-30": "-3624.00000", "2010-09-30": "-94.00000", "2009-09-30": "", "2008-09-30": "", "2007-09-30": "", "2006-09-30": "", "2005-09-30": ""}, "Net Change In Short-term Investments": {"2020-09-30": "", "2019-09-30": "", "2018-09-30": "", "2017-09-30": "", "2016-09-30": "", "2015-09-30": "", "2014-09-30": "", "2013-09-30": "", "2012-09-30": "", "2011-09-30": "", "2010-09-30": "", "2009-09-30": "173.00000", "2008-09-30": "248.00000", "2007-09-30": "-421.00000", "2006-09-30": "", "2005-09-30": ""}, "Net Change In Long-Term Investments": {"2020-09-30": "-6113.00000", "2019-09-30": "68.00000", "2018-09-30": "-5714.00000", "2017-09-30": "22672.00000", "2016-09-30": "-2577.00000", "2015-09-30": "178.00000", "2014-09-30": "-465.00000", "2013-09-30": "-402.00000", "2012-09-30": "-6602.00000", "2011-09-30": "-287.00000", "2010-09-30": "617.00000", "2009-09-30": "-5223.00000", "2008-09-30": "-1695.00000", "2007-09-30": "-743.00000", "2006-09-30": "-1941.00000", "2005-09-30": "-222.00000"}, "Net Change In Investments - Total": {"2020-09-30": "-6113.00000", "2019-09-30": "68.00000", "2018-09-30": "-5714.00000", "2017-09-30": "22672.00000", "2016-09-30": "-2577.00000", "2015-09-30": "178.00000", "2014-09-30": "-465.00000", "2013-09-30": "-402.00000", "2012-09-30": "-6602.00000", "2011-09-30": "-287.00000", "2010-09-30": "617.00000", "2009-09-30": "-5050.00000", "2008-09-30": "-1447.00000", "2007-09-30": "-1164.00000", "2006-09-30": "-1941.00000", "2005-09-30": "-222.00000"}, "Investing Activities - Other": {"2020-09-30": "43.00000", "2019-09-30": "67.00000", "2018-09-30": "17.00000", "2017-09-30": "25.00000", "2016-09-30": "440.00000", "2015-09-30": "-3.00000", "2014-09-30": "81.00000", "2013-09-30": "60.00000", "2012-09-30": "1842.00000", "2011-09-30": "15.00000", "2010-09-30": "-936.00000", "2009-09-30": "354.00000", "2008-09-30": "25.00000", "2007-09-30": "84.00000", "2006-09-30": "3.00000", "2005-09-30": "22.00000"}, "Cash Flow From Investing Activities": {"2020-09-30": "-5263.00000", "2019-09-30": "-806.00000", "2018-09-30": "2381.00000", "2017-09-30": "20463.00000", "2016-09-30": "-3488.00000", "2015-09-30": "-3572.00000", "2014-09-30": "-1639.00000", "2013-09-30": "-1578.00000", "2012-09-30": "-6877.00000", "2011-09-30": "-4489.00000", "2010-09-30": "-839.00000", "2009-09-30": "-5457.00000", "2008-09-30": "-2819.00000", "2007-09-30": "-1898.00000", "2006-09-30": "-2623.00000", "2005-09-30": "-776.00000"}, "Net Long-Term Debt": {"2020-09-30": "-231.00000", "2019-09-30": "", "2018-09-30": "-5513.00000", "2017-09-30": "10953.00000", "2016-09-30": "", "2015-09-30": "9937.00000", "2014-09-30": "", "2013-09-30": "95.00000", "2012-09-30": "119.00000", "2011-09-30": "", "2010-09-30": "1064.00000", "2009-09-30": "", "2008-09-30": "", "2007-09-30": "", "2006-09-30": "", "2005-09-30": ""}, "Net Current Debt": {"2020-09-30": "2.00000", "2019-09-30": "-503.00000", "2018-09-30": "4.00000", "2017-09-30": "-751.00000", "2016-09-30": "749.00000", "2015-09-30": "1000.00000", "2014-09-30": "", "2013-09-30": "", "2012-09-30": "", "2011-09-30": "", "2010-09-30": "", "2009-09-30": "", "2008-09-30": "", "2007-09-30": "", "2006-09-30": "", "2005-09-30": ""}, "Debt Issuance/Retirement Net - Total": {"2020-09-30": "-229.00000", "2019-09-30": "-503.00000", "2018-09-30": "-5509.00000", "2017-09-30": "10202.00000", "2016-09-30": "749.00000", "2015-09-30": "10937.00000", "2014-09-30": "", "2013-09-30": "95.00000", "2012-09-30": "119.00000", "2011-09-30": "", "2010-09-30": "1064.00000", "2009-09-30": "", "2008-09-30": "", "2007-09-30": "", "2006-09-30": "", "2005-09-30": ""}, "Net Common Equity Issued/Repurchased": {"2020-09-30": "-2121.00000", "2019-09-30": "-1379.00000", "2018-09-30": "-21977.00000", "2017-09-30": "-845.00000", "2016-09-30": "-3255.00000", "2015-09-30": "-10459.00000", "2014-09-30": "-3110.00000", "2013-09-30": "-3085.00000", "2012-09-30": "401.00000", "2011-09-30": "2505.00000", "2010-09-30": "-2327.00000", "2009-09-30": "357.00000", "2008-09-30": "-486.00000", "2007-09-30": "-926.00000", "2006-09-30": "-808.00000", "2005-09-30": "-530.00000"}, "Net Total Equity Issued/Repurchased": {"2020-09-30": "-2121.00000", "2019-09-30": "-1379.00000", "2018-09-30": "-21977.00000", "2017-09-30": "-845.00000", "2016-09-30": "-3255.00000", "2015-09-30": "-10459.00000", "2014-09-30": "-3110.00000", "2013-09-30": "-3085.00000", "2012-09-30": "401.00000", "2011-09-30": "2505.00000", "2010-09-30": "-2327.00000", "2009-09-30": "357.00000", "2008-09-30": "-486.00000", "2007-09-30": "-926.00000", "2006-09-30": "-808.00000", "2005-09-30": "-530.00000"}, "Total Common And Preferred Stock Dividends Paid": {"2020-09-30": "-2882.00000", "2019-09-30": "-2968.00000", "2018-09-30": "-3466.00000", "2017-09-30": "-3252.00000", "2016-09-30": "-2990.00000", "2015-09-30": "-2880.00000", "2014-09-30": "-2586.00000", "2013-09-30": "-2055.00000", "2012-09-30": "-1583.00000", "2011-09-30": "-1346.00000", "2010-09-30": "-1177.00000", "2009-09-30": "-1093.00000", "2008-09-30": "-982.00000", "2007-09-30": "-862.00000", "2006-09-30": "-698.00000", "2005-09-30": "-524.00000"}, "Financial Activities - Other": {"2020-09-30": "-475.00000", "2019-09-30": "-1536.00000", "2018-09-30": "-548.00000", "2017-09-30": "-534.00000", "2016-09-30": "-258.00000", "2015-09-30": "141.00000", "2014-09-30": "216.00000", "2013-09-30": "200.00000", "2012-09-30": "306.00000", "2011-09-30": "359.00000", "2010-09-30": "35.00000", "2009-09-30": "-97.00000", "2008-09-30": "161.00000", "2007-09-30": "677.00000", "2006-09-30": "414.00000", "2005-09-30": ""}, "Cash Flow From Financial Activities": {"2020-09-30": "-5707.00000", "2019-09-30": "-6386.00000", "2018-09-30": "-31500.00000", "2017-09-30": "5571.00000", "2016-09-30": "-5754.00000", "2015-09-30": "-2261.00000", "2014-09-30": "-5480.00000", "2013-09-30": "-4845.00000", "2012-09-30": "-757.00000", "2011-09-30": "1518.00000", "2010-09-30": "-2405.00000", "2009-09-30": "-833.00000", "2008-09-30": "-1307.00000", "2007-09-30": "-1111.00000", "2006-09-30": "-1092.00000", "2005-09-30": "-1054.00000"}, "Net Cash Flow": {"2020-09-30": "-5132.00000", "2019-09-30": "62.00000", "2018-09-30": "-25252.00000", "2017-09-30": "31083.00000", "2016-09-30": "-1614.00000", "2015-09-30": "-347.00000", "2014-09-30": "1765.00000", "2013-09-30": "2335.00000", "2012-09-30": "-1655.00000", "2011-09-30": "1915.00000", "2010-09-30": "830.00000", "2009-09-30": "877.00000", "2008-09-30": "-571.00000", "2007-09-30": "804.00000", "2006-09-30": "-463.00000", "2005-09-30": "856.00000"}, "Stock-Based Compensation": {"2020-09-30": "1212.00000", "2019-09-30": "1037.00000", "2018-09-30": "883.00000", "2017-09-30": "914.00000", "2016-09-30": "943.00000", "2015-09-30": "1026.00000", "2014-09-30": "1059.00000", "2013-09-30": "1105.00000", "2012-09-30": "1035.00000", "2011-09-30": "824.00000", "2010-09-30": "612.00000", "2009-09-30": "584.00000", "2008-09-30": "541.00000", "2007-09-30": "488.00000", "2006-09-30": "495.00000", "2005-09-30": ""}, "Common Stock Dividends Paid": {"2020-09-30": "-2882.00000", "2019-09-30": "-2968.00000", "2018-09-30": "-3466.00000", "2017-09-30": "-3252.00000", "2016-09-30": "-2990.00000", "2015-09-30": "-2880.00000", "2014-09-30": "-2586.00000", "2013-09-30": "-2055.00000", "2012-09-30": "-1583.00000", "2011-09-30": "-1346.00000", "2010-09-30": "-1177.00000", "2009-09-30": "-1093.00000", "2008-09-30": "-982.00000", "2007-09-30": "-862.00000", "2006-09-30": "-698.00000", "2005-09-30": "-524.00000"}}, "cash flow statement, quarterly": {"Net Income/Loss": {"2020-12-31": "2455.00000", "2020-09-30": 2960, "2020-06-30": 845, "2020-03-31": 468, "2019-12-31": "925.00000", "2019-09-30": 506, "2019-06-30": 2149, "2019-03-31": 663, "2018-12-31": "1068.00000", "2018-09-30": -513, "2018-06-30": 1202, "2018-03-31": 330, "2017-12-31": "-5983.00000", "2017-09-30": 148, "2017-06-30": 865, "2017-03-31": 750, "2016-12-31": "681.00000", "2016-09-30": 1599, "2016-06-30": 1443, "2016-03-31": 1164, "2015-12-31": "1496.00000", "2015-09-30": 1061, "2015-06-30": 1184, "2015-03-31": 1052, "2014-12-31": "1971.00000", "2014-09-30": 1894, "2014-06-30": 2237, "2014-03-31": 1959, "2013-12-31": "1874.00000", "2013-09-30": 1501, "2013-06-30": 1578, "2013-03-31": 1863, "2012-12-31": "1903.00000", "2012-09-30": 1262, "2012-06-30": 1203, "2012-03-31": 2199, "2011-12-31": "1395.00000", "2011-09-30": 1048, "2011-06-30": 1030, "2011-03-31": 994, "2010-12-31": "1170.00000", "2010-09-30": 865, "2010-06-30": 767, "2010-03-31": 774, "2009-12-31": "841.00000", "2009-09-30": 802, "2009-06-30": 738, "2009-03-31": -289, "2008-12-31": "341.00000", "2008-09-30": 878, "2008-06-30": 749, "2008-03-31": 766, "2007-12-31": "767.00000", "2007-09-30": 1132, "2007-06-30": 798, "2007-03-31": 725, "2006-12-31": "648.00000", "2006-09-30": 614, "2006-06-30": 643, "2006-03-31": 593, "2005-12-31": "620.00000", "2005-09-30": 538, "2005-06-30": 560, "2005-03-31": 1045}, "Total Depreciation And Amortization - Cash Flow": {"2020-12-31": "364.00000", "2020-09-30": 339, "2020-06-30": 363, "2020-03-31": 340, "2019-12-31": "351.00000", "2019-09-30": 350, "2019-06-30": 353, "2019-03-31": 398, "2018-12-31": "503.00000", "2018-09-30": 573, "2018-06-30": 510, "2018-03-31": 388, "2017-12-31": "363.00000", "2017-09-30": 473, "2017-06-30": 393, "2017-03-31": 310, "2016-12-31": "361.00000", "2016-09-30": 443, "2016-06-30": 356, "2016-03-31": 370, "2015-12-31": "366.00000", "2015-09-30": 326, "2015-06-30": 297, "2015-03-31": 229, "2014-12-31": "362.00000", "2014-09-30": 297, "2014-06-30": 292, "2014-03-31": 289, "2013-12-31": "272.00000", "2013-09-30": 273, "2013-06-30": 255, "2013-03-31": 248, "2012-12-31": "241.00000", "2012-09-30": 257, "2012-06-30": 221, "2012-03-31": 211, "2011-12-31": "208.00000", "2011-09-30": 255, "2011-06-30": 185, "2011-03-31": 548, "2010-12-31": "201.00000", "2010-09-30": 171, "2010-06-30": 166, "2010-03-31": 167, "2009-12-31": "162.00000", "2009-09-30": 175, "2009-06-30": 154, "2009-03-31": 154, "2008-12-31": "152.00000", "2008-09-30": 120, "2008-06-30": 117, "2008-03-31": 111, "2007-12-31": "108.00000", "2007-09-30": 100, "2007-06-30": 99, "2007-03-31": 93, "2006-12-31": "91.00000", "2006-09-30": 82, "2006-06-30": 69, "2006-03-31": 63, "2005-12-31": "58.00000", "2005-09-30": 56, "2005-06-30": 51, "2005-03-31": 93}, "Other Non-Cash Items": {"2020-12-31": "232.00000", "2020-09-30": 418, "2020-06-30": -54, "2020-03-31": 336, "2019-12-31": "130.00000", "2019-09-30": 52, "2019-06-30": 3104, "2019-03-31": -215, "2018-12-31": "-421.00000", "2018-09-30": -244, "2018-06-30": -458, "2018-03-31": 65, "2017-12-31": "5903.00000", "2017-09-30": 0, "2017-06-30": -175, "2017-03-31": 180, "2016-12-31": "118.00000", "2016-09-30": 123, "2016-06-30": 151, "2016-03-31": 287, "2015-12-31": "-237.00000", "2015-09-30": 80, "2015-06-30": 437, "2015-03-31": 368, "2014-12-31": "86.00000", "2014-09-30": 123, "2014-06-30": 72, "2014-03-31": 66, "2013-12-31": "130.00000", "2013-09-30": 216, "2013-06-30": 369, "2013-03-31": 117, "2012-12-31": "329.00000", "2012-09-30": 302, "2012-06-30": -89, "2012-03-31": -754, "2011-12-31": "248.00000", "2011-09-30": 192, "2011-06-30": 184, "2011-03-31": 145, "2010-12-31": "-1494.00000", "2010-09-30": 51, "2010-06-30": 72, "2010-03-31": -6, "2009-12-31": "92.00000", "2009-09-30": -204, "2009-06-30": 180, "2009-03-31": 420, "2008-12-31": "556.00000", "2008-09-30": 374, "2008-06-30": 50, "2008-03-31": 98, "2007-12-31": "128.00000", "2007-09-30": -279, "2007-06-30": 124, "2007-03-31": 163, "2006-12-31": "93.00000", "2006-09-30": 194, "2006-06-30": 175, "2006-03-31": 46, "2005-12-31": "109.00000", "2005-09-30": 132, "2005-06-30": 57, "2005-03-31": 139}, "Total Non-Cash Items": {"2020-12-31": "596.00000", "2020-09-30": 757, "2020-06-30": 309, "2020-03-31": 676, "2019-12-31": "481.00000", "2019-09-30": 402, "2019-06-30": 3457, "2019-03-31": 183, "2018-12-31": "82.00000", "2018-09-30": 329, "2018-06-30": 52, "2018-03-31": 453, "2017-12-31": "6266.00000", "2017-09-30": 473, "2017-06-30": 218, "2017-03-31": 490, "2016-12-31": "479.00000", "2016-09-30": 566, "2016-06-30": 507, "2016-03-31": 657, "2015-12-31": "129.00000", "2015-09-30": 406, "2015-06-30": 734, "2015-03-31": 597, "2014-12-31": "448.00000", "2014-09-30": 420, "2014-06-30": 364, "2014-03-31": 355, "2013-12-31": "402.00000", "2013-09-30": 489, "2013-06-30": 624, "2013-03-31": 365, "2012-12-31": "570.00000", "2012-09-30": 559, "2012-06-30": 132, "2012-03-31": -543, "2011-12-31": "456.00000", "2011-09-30": 447, "2011-06-30": 369, "2011-03-31": 693, "2010-12-31": "-1293.00000", "2010-09-30": 222, "2010-06-30": 238, "2010-03-31": 161, "2009-12-31": "254.00000", "2009-09-30": -29, "2009-06-30": 334, "2009-03-31": 574, "2008-12-31": "708.00000", "2008-09-30": 494, "2008-06-30": 167, "2008-03-31": 209, "2007-12-31": "236.00000", "2007-09-30": -179, "2007-06-30": 223, "2007-03-31": 256, "2006-12-31": "184.00000", "2006-09-30": 276, "2006-06-30": 244, "2006-03-31": 109, "2005-12-31": "167.00000", "2005-09-30": 188, "2005-06-30": 108, "2005-03-31": 232}, "Change In Accounts Receivable": {"2020-12-31": "-141.00000", "2020-09-30": -2151, "2020-06-30": 1229, "2020-03-31": -345, "2019-12-31": "-262.00000", "2019-09-30": -78, "2019-06-30": 1251, "2019-03-31": -215, "2018-12-31": "415.00000", "2018-09-30": 264, "2018-06-30": 376, "2018-03-31": -487, "2017-12-31": "581.00000", "2017-09-30": -83, "2017-06-30": 670, "2017-03-31": -1822, "2016-12-31": "131.00000", "2016-09-30": -271, "2016-06-30": -215, "2016-03-31": -392, "2015-12-31": "646.00000", "2015-09-30": 112, "2015-06-30": 100, "2015-03-31": 165, "2014-12-31": "173.00000", "2014-09-30": -324, "2014-06-30": 139, "2014-03-31": -884, "2013-12-31": "788.00000", "2013-09-30": -235, "2013-06-30": -21, "2013-03-31": -239, "2012-12-31": "-185.00000", "2012-09-30": -207, "2012-06-30": -54, "2012-03-31": -157, "2011-12-31": "-38.00000", "2011-09-30": -161, "2011-06-30": -2, "2011-03-31": -53, "2010-12-31": "76.00000", "2010-09-30": 73, "2010-06-30": -126, "2010-03-31": -52, "2009-12-31": "87.00000", "2009-09-30": 392, "2009-06-30": -133, "2009-03-31": 108, "2008-12-31": "2716.00000", "2008-09-30": -624, "2008-06-30": -186, "2008-03-31": -35, "2007-12-31": "43.00000", "2007-09-30": 46, "2007-06-30": -45, "2007-03-31": -8, "2006-12-31": "-9.00000", "2006-09-30": 7, "2006-06-30": -126, "2006-03-31": 157, "2005-12-31": "-171.00000", "2005-09-30": 85, "2005-06-30": -122, "2005-03-31": 72}, "Change In Inventories": {"2020-12-31": "62.00000", "2020-09-30": -219, "2020-06-30": -641, "2020-03-31": -280, "2019-12-31": "-17.00000", "2019-09-30": 368, "2019-06-30": -46, "2019-03-31": -31, "2018-12-31": "-18.00000", "2018-09-30": 92, "2018-06-30": 2, "2018-03-31": 81, "2017-12-31": "162.00000", "2017-09-30": -18, "2017-06-30": 63, "2017-03-31": 109, "2016-12-31": "-354.00000", "2016-09-30": -218, "2016-06-30": 90, "2016-03-31": -212, "2015-12-31": "291.00000", "2015-09-30": 215, "2015-06-30": 281, "2015-03-31": -100, "2014-12-31": "-303.00000", "2014-09-30": -271, "2014-06-30": -37, "2014-03-31": -84, "2013-12-31": "237.00000", "2013-09-30": 399, "2013-06-30": -245, "2013-03-31": -207, "2012-12-31": "-247.00000", "2012-09-30": -199, "2012-06-30": -32, "2012-03-31": -71, "2011-12-31": "50.00000", "2011-09-30": -19, "2011-06-30": 38, "2011-03-31": -36, "2010-12-31": "-45.00000", "2010-09-30": -87, "2010-06-30": -45, "2010-03-31": -49, "2009-12-31": "101.00000", "2009-09-30": -74, "2009-06-30": 30, "2009-03-31": 48, "2008-12-31": "65.00000", "2008-09-30": 95, "2008-06-30": -7, "2008-03-31": -88, "2007-12-31": "-47.00000", "2007-09-30": -87, "2007-06-30": -49, "2007-03-31": -17, "2006-12-31": "-81.00000", "2006-09-30": 10, "2006-06-30": -42, "2006-03-31": -21, "2005-12-31": "-18.00000", "2005-09-30": 10, "2005-06-30": -30, "2005-03-31": -3}, "Change In Accounts Payable": {"2020-12-31": "129.00000", "2020-09-30": 162, "2020-06-30": -10, "2020-03-31": 359, "2019-12-31": "396.00000", "2019-09-30": -176, "2019-06-30": -94, "2019-03-31": 230, "2018-12-31": "-403.00000", "2018-09-30": 202, "2018-06-30": 215, "2018-03-31": -263, "2017-12-31": "-248.00000", "2017-09-30": 498, "2017-06-30": 134, "2017-03-31": -469, "2016-12-31": "-208.00000", "2016-09-30": 278, "2016-06-30": 126, "2016-03-31": 87, "2015-12-31": "50.00000", "2015-09-30": -139, "2015-06-30": -261, "2015-03-31": -776, "2014-12-31": "268.00000", "2014-09-30": 298, "2014-06-30": 286, "2014-03-31": 183, "2013-12-31": "-148.00000", "2013-09-30": -291, "2013-06-30": 221, "2013-03-31": 1, "2012-12-31": "376.00000", "2012-09-30": 174, "2012-06-30": -90, "2012-03-31": 261, "2011-12-31": "26.00000", "2011-09-30": 165, "2011-06-30": -46, "2011-03-31": 89, "2010-12-31": "-234.00000", "2010-09-30": 125, "2010-06-30": 104, "2010-03-31": 145, "2009-12-31": "-226.00000", "2009-09-30": 65, "2009-06-30": 95, "2009-03-31": 89, "2008-12-31": "-192.00000", "2008-09-30": -59, "2008-06-30": -24, "2008-03-31": 97, "2007-12-31": "-77.00000", "2007-09-30": 82, "2007-06-30": -7, "2007-03-31": 87, "2006-12-31": "47.00000", "2006-09-30": -89, "2006-06-30": 34, "2006-03-31": 19, "2005-12-31": "87.00000", "2005-09-30": 82, "2005-06-30": 15, "2005-03-31": -40}, "Change In Assets/Liabilities": {"2020-12-31": "-204.00000", "2020-09-30": -19, "2020-06-30": -113, "2020-03-31": 10, "2019-12-31": "-234.00000", "2019-09-30": 47, "2019-06-30": -1, "2019-03-31": 113, "2018-12-31": "-210.00000", "2018-09-30": -104, "2018-06-30": -39, "2018-03-31": 70, "2017-12-31": "-137.00000", "2017-09-30": -57, "2017-06-30": -65, "2017-03-31": 127, "2016-12-31": "-100.00000", "2016-09-30": 56, "2016-06-30": -287, "2016-03-31": 141, "2015-12-31": "29.00000", "2015-09-30": -49, "2015-06-30": 79, "2015-03-31": -1171, "2014-12-31": "-213.00000", "2014-09-30": -118, "2014-06-30": -81, "2014-03-31": 45, "2013-12-31": "-30.00000", "2013-09-30": -53, "2013-06-30": 71, "2013-03-31": -157, "2012-12-31": "-55.00000", "2012-09-30": -251, "2012-06-30": -86, "2012-03-31": 417, "2011-12-31": "-67.00000", "2011-09-30": -22, "2011-06-30": -66, "2011-03-31": -167, "2010-12-31": "353.00000", "2010-09-30": -37, "2010-06-30": -65, "2010-03-31": -71, "2009-12-31": "306.00000", "2009-09-30": -82, "2009-06-30": -4, "2009-03-31": -31, "2008-12-31": "-83.00000", "2008-09-30": -91, "2008-06-30": -37, "2008-03-31": 29, "2007-12-31": "-7.00000", "2007-09-30": -21, "2007-06-30": 0, "2007-03-31": -15, "2006-12-31": "-38.00000", "2006-09-30": 18, "2006-06-30": 18, "2006-03-31": 11, "2005-12-31": "-3.00000", "2005-09-30": -51, "2005-06-30": 26, "2005-03-31": -78}, "Total Change In Assets/Liabilities": {"2020-12-31": "124.00000", "2020-09-30": -1976, "2020-06-30": 718, "2020-03-31": -61, "2019-12-31": "-288.00000", "2019-09-30": 319, "2019-06-30": -697, "2019-03-31": -52, "2018-12-31": "-794.00000", "2018-09-30": -239, "2018-06-30": 799, "2018-03-31": -267, "2017-12-31": "1479.00000", "2017-09-30": 1803, "2017-06-30": -912, "2017-03-31": -420, "2016-12-31": "426.00000", "2016-09-30": 151, "2016-06-30": -110, "2016-03-31": -1084, "2015-12-31": "1114.00000", "2015-09-30": 217, "2015-06-30": 198, "2015-03-31": -2307, "2014-12-31": "-55.00000", "2014-09-30": -695, "2014-06-30": 72, "2014-03-31": -500, "2013-12-31": "505.00000", "2013-09-30": 520, "2013-06-30": -125, "2013-03-31": -12, "2012-12-31": "-498.00000", "2012-09-30": -412, "2012-06-30": -413, "2012-03-31": 232, "2011-12-31": "-72.00000", "2011-09-30": 325, "2011-06-30": -135, "2011-03-31": 81, "2010-12-31": "171.00000", "2010-09-30": 6, "2010-06-30": -54, "2010-03-31": -142, "2009-12-31": "144.00000", "2009-09-30": 548, "2009-06-30": 15, "2009-03-31": 978, "2008-12-31": "2452.00000", "2008-09-30": -381, "2008-06-30": -176, "2008-03-31": -28, "2007-12-31": "-123.00000", "2007-09-30": 90, "2007-06-30": -33, "2007-03-31": 10, "2006-12-31": "-43.00000", "2006-09-30": 62, "2006-06-30": -71, "2006-03-31": 187, "2005-12-31": "-191.00000", "2005-09-30": 219, "2005-06-30": -145, "2005-03-31": -59}, "Cash Flow From Operating Activities": {"2020-12-31": "3175.00000", "2020-09-30": 1741, "2020-06-30": 1872, "2020-03-31": 1083, "2019-12-31": "1118.00000", "2019-09-30": 1227, "2019-06-30": 4909, "2019-03-31": 794, "2018-12-31": "356.00000", "2018-09-30": -423, "2018-06-30": 2053, "2018-03-31": 516, "2017-12-31": "1762.00000", "2017-09-30": 2424, "2017-06-30": 171, "2017-03-31": 820, "2016-12-31": "1586.00000", "2016-09-30": 2316, "2016-06-30": 1840, "2016-03-31": 737, "2015-12-31": "2739.00000", "2015-09-30": 1684, "2015-06-30": 2116, "2015-03-31": -658, "2014-12-31": "2364.00000", "2014-09-30": 1619, "2014-06-30": 2673, "2014-03-31": 1814, "2013-12-31": "2781.00000", "2013-09-30": 2510, "2013-06-30": 2077, "2013-03-31": 2216, "2012-12-31": "1975.00000", "2012-09-30": 1409, "2012-06-30": 922, "2012-03-31": 1888, "2011-12-31": "1779.00000", "2011-09-30": 1820, "2011-06-30": 1264, "2011-03-31": 1768, "2010-12-31": "48.00000", "2010-09-30": 1093, "2010-06-30": 951, "2010-03-31": 793, "2009-12-31": "1239.00000", "2009-09-30": 1321, "2009-06-30": 1087, "2009-03-31": 1263, "2008-12-31": "3501.00000", "2008-09-30": 991, "2008-06-30": 740, "2008-03-31": 947, "2007-12-31": "880.00000", "2007-09-30": 1043, "2007-06-30": 988, "2007-03-31": 991, "2006-12-31": "789.00000", "2006-09-30": 952, "2006-06-30": 816, "2006-03-31": 889, "2005-12-31": "596.00000", "2005-09-30": 945, "2005-06-30": 523, "2005-03-31": 1218}, "Net Change In Property, Plant, And Equipment": {"2020-12-31": "-469.00000", "2020-09-30": 2051, "2020-06-30": -418, "2020-03-31": -345, "2019-12-31": "-296.00000", "2019-09-30": -119, "2019-06-30": -248, "2019-03-31": -170, "2018-12-31": "-152.00000", "2018-09-30": 9029, "2018-06-30": -214, "2018-03-31": -185, "2017-12-31": "-226.00000", "2017-09-30": -262, "2017-06-30": -177, "2017-03-31": -122, "2016-12-31": "-129.00000", "2016-09-30": -150, "2016-06-30": -136, "2016-03-31": -125, "2015-12-31": "-128.00000", "2015-09-30": -74, "2015-06-30": -205, "2015-03-31": -196, "2014-12-31": "-253.00000", "2014-09-30": -230, "2014-06-30": -121, "2014-03-31": -587, "2013-12-31": "-210.00000", "2013-09-30": -236, "2013-06-30": -314, "2013-03-31": -289, "2012-12-31": "-205.00000", "2012-09-30": -250, "2012-06-30": -399, "2012-03-31": -276, "2011-12-31": "-359.00000", "2011-09-30": -193, "2011-06-30": -219, "2011-03-31": -79, "2010-12-31": "-102.00000", "2010-09-30": -113, "2010-06-30": -117, "2010-03-31": -108, "2009-12-31": "-88.00000", "2009-09-30": -144, "2009-06-30": -149, "2009-03-31": -234, "2008-12-31": "-234.00000", "2008-09-30": -414, "2008-06-30": -555, "2008-03-31": -301, "2007-12-31": "-127.00000", "2007-09-30": -247, "2007-06-30": -157, "2007-03-31": -92, "2006-12-31": "-322.00000", "2006-09-30": -129, "2006-06-30": -182, "2006-03-31": -161, "2005-12-31": "-213.00000", "2005-09-30": -138, "2005-06-30": -156, "2005-03-31": -282}, "Net Change In Intangible Assets": {"2020-12-31": "", "2020-09-30": 0, "2020-06-30": 0, "2020-03-31": 0, "2019-12-31": "", "2019-09-30": 0, "2019-06-30": 0, "2019-03-31": 0, "2018-12-31": "", "2018-09-30": 0, "2018-06-30": 0, "2018-03-31": 0, "2017-12-31": "", "2017-09-30": 0, "2017-06-30": 0, "2017-03-31": 0, "2016-12-31": "", "2016-09-30": -232, "2016-06-30": 232, "2016-03-31": 0, "2015-12-31": "", "2015-09-30": 0, "2015-06-30": 0, "2015-03-31": 0, "2014-12-31": "", "2014-09-30": 0, "2014-06-30": 0, "2014-03-31": 0, "2013-12-31": "", "2013-09-30": 0, "2013-06-30": 0, "2013-03-31": 0, "2012-12-31": "", "2012-09-30": -1925, "2012-06-30": 1925, "2012-03-31": 0, "2011-12-31": "", "2011-09-30": 0, "2011-06-30": 0, "2011-03-31": 0, "2010-12-31": "", "2010-09-30": 0, "2010-06-30": 0, "2010-03-31": 0, "2009-12-31": "", "2009-09-30": 0, "2009-06-30": 0, "2009-03-31": 0, "2008-12-31": "", "2008-09-30": 0, "2008-06-30": 0, "2008-03-31": 0, "2007-12-31": "", "2007-09-30": 0, "2007-06-30": 0, "2007-03-31": 0, "2006-12-31": "", "2006-09-30": 0, "2006-06-30": 0, "2006-03-31": 0, "2005-12-31": "", "2005-09-30": 0, "2005-06-30": 0, "2005-03-31": 0}, "Net Acquisitions/Divestitures": {"2020-12-31": "-138.00000", "2020-09-30": -26, "2020-06-30": -31, "2020-03-31": -53, "2019-12-31": "-75.00000", "2019-09-30": -67, "2019-06-30": -67, "2019-03-31": -62, "2018-12-31": "-56.00000", "2018-09-30": -134, "2018-06-30": -22, "2018-03-31": -48, "2017-12-31": "-122.00000", "2017-09-30": -143, "2017-06-30": -19, "2017-03-31": -1325, "2016-12-31": "-57.00000", "2016-09-30": -149, "2016-06-30": -40, "2016-03-31": -173, "2015-12-31": "-450.00000", "2015-09-30": -2694, "2015-06-30": -134, "2015-03-31": -80, "2014-12-31": "-111.00000", "2014-09-30": -448, "2014-06-30": -100, "2014-03-31": -32, "2013-12-31": "473.00000", "2013-09-30": -13, "2013-06-30": -47, "2013-03-31": -93, "2012-12-31": "-39.00000", "2012-09-30": -156, "2012-06-30": -348, "2012-03-31": -29, "2011-12-31": "-300.00000", "2011-09-30": -3624, "2011-06-30": 89, "2011-03-31": -89, "2010-12-31": "", "2010-09-30": -94, "2010-06-30": 0, "2010-03-31": 0, "2009-12-31": "", "2009-09-30": 0, "2009-06-30": 0, "2009-03-31": 0, "2008-12-31": "", "2008-09-30": 0, "2008-06-30": 0, "2008-03-31": 0, "2007-12-31": "", "2007-09-30": 0, "2007-06-30": 0, "2007-03-31": 0, "2006-12-31": "", "2006-09-30": 0, "2006-06-30": 0, "2006-03-31": 0, "2005-12-31": "", "2005-09-30": 0, "2005-06-30": 0, "2005-03-31": 0}, "Net Change In Short-term Investments": {"2020-12-31": "", "2020-09-30": 0, "2020-06-30": 0, "2020-03-31": 0, "2019-12-31": "", "2019-09-30": 0, "2019-06-30": 0, "2019-03-31": 0, "2018-12-31": "", "2018-09-30": 0, "2018-06-30": 0, "2018-03-31": 0, "2017-12-31": "", "2017-09-30": 0, "2017-06-30": 0, "2017-03-31": 0, "2016-12-31": "", "2016-09-30": 0, "2016-06-30": 0, "2016-03-31": 0, "2015-12-31": "", "2015-09-30": 0, "2015-06-30": 0, "2015-03-31": 0, "2014-12-31": "", "2014-09-30": 0, "2014-06-30": 0, "2014-03-31": 0, "2013-12-31": "", "2013-09-30": 0, "2013-06-30": 0, "2013-03-31": 0, "2012-12-31": "", "2012-09-30": 0, "2012-06-30": 0, "2012-03-31": 0, "2011-12-31": "", "2011-09-30": 0, "2011-06-30": 0, "2011-03-31": 0, "2010-12-31": "", "2010-09-30": 0, "2010-06-30": 0, "2010-03-31": 0, "2009-12-31": "", "2009-09-30": 0, "2009-06-30": 0, "2009-03-31": 11, "2008-12-31": "162.00000", "2008-09-30": 153, "2008-06-30": 8, "2008-03-31": -51, "2007-12-31": "138.00000", "2007-09-30": -268, "2007-06-30": -153, "2007-03-31": 0, "2006-12-31": "", "2006-09-30": 0, "2006-06-30": 0, "2006-03-31": 0, "2005-12-31": "", "2005-09-30": 0, "2005-06-30": 0, "2005-03-31": 0}, "Net Change In Long-Term Investments": {"2020-12-31": "-636.00000", "2020-09-30": -2276, "2020-06-30": -2781, "2020-03-31": -1175, "2019-12-31": "119.00000", "2019-09-30": -106, "2019-06-30": 78, "2019-03-31": 61, "2018-12-31": "35.00000", "2018-09-30": -8984, "2018-06-30": 1210, "2018-03-31": 4973, "2017-12-31": "-2913.00000", "2017-09-30": 19225, "2017-06-30": -904, "2017-03-31": 1577, "2016-12-31": "2774.00000", "2016-09-30": -972, "2016-06-30": -665, "2016-03-31": -488, "2015-12-31": "-452.00000", "2015-09-30": 1425, "2015-06-30": -1135, "2015-03-31": 1282, "2014-12-31": "-1394.00000", "2014-09-30": 575, "2014-06-30": 1124, "2014-03-31": -2265, "2013-12-31": "101.00000", "2013-09-30": 4666, "2013-06-30": -1953, "2013-03-31": -2106, "2012-12-31": "-1009.00000", "2012-09-30": 411, "2012-06-30": -2532, "2012-03-31": -3068, "2011-12-31": "-1413.00000", "2011-09-30": 1854, "2011-06-30": -1763, "2011-03-31": -1027, "2010-12-31": "649.00000", "2010-09-30": 357, "2010-06-30": 527, "2010-03-31": -176, "2009-12-31": "-91.00000", "2009-09-30": -2285, "2009-06-30": -1063, "2009-03-31": -648, "2008-12-31": "-1227.00000", "2008-09-30": -2016, "2008-06-30": -433, "2008-03-31": 175, "2007-12-31": "579.00000", "2007-09-30": -846, "2007-06-30": -434, "2007-03-31": -6, "2006-12-31": "543.00000", "2006-09-30": 143, "2006-06-30": -195, "2006-03-31": -725, "2005-12-31": "-1164.00000", "2005-09-30": -114, "2005-06-30": 152, "2005-03-31": -260}, "Net Change In Investments - Total": {"2020-12-31": "-636.00000", "2020-09-30": -2276, "2020-06-30": -2781, "2020-03-31": -1175, "2019-12-31": "119.00000", "2019-09-30": -106, "2019-06-30": 78, "2019-03-31": 61, "2018-12-31": "35.00000", "2018-09-30": -8984, "2018-06-30": 1210, "2018-03-31": 4973, "2017-12-31": "-2913.00000", "2017-09-30": 19225, "2017-06-30": -904, "2017-03-31": 1577, "2016-12-31": "2774.00000", "2016-09-30": -972, "2016-06-30": -665, "2016-03-31": -488, "2015-12-31": "-452.00000", "2015-09-30": 1425, "2015-06-30": -1135, "2015-03-31": 1282, "2014-12-31": "-1394.00000", "2014-09-30": 575, "2014-06-30": 1124, "2014-03-31": -2265, "2013-12-31": "101.00000", "2013-09-30": 4666, "2013-06-30": -1953, "2013-03-31": -2106, "2012-12-31": "-1009.00000", "2012-09-30": 411, "2012-06-30": -2532, "2012-03-31": -3068, "2011-12-31": "-1413.00000", "2011-09-30": 1854, "2011-06-30": -1763, "2011-03-31": -1027, "2010-12-31": "649.00000", "2010-09-30": 357, "2010-06-30": 527, "2010-03-31": -176, "2009-12-31": "-91.00000", "2009-09-30": -2285, "2009-06-30": -1063, "2009-03-31": -637, "2008-12-31": "-1065.00000", "2008-09-30": -1863, "2008-06-30": -425, "2008-03-31": 124, "2007-12-31": "717.00000", "2007-09-30": -1114, "2007-06-30": -587, "2007-03-31": -6, "2006-12-31": "543.00000", "2006-09-30": 143, "2006-06-30": -195, "2006-03-31": -725, "2005-12-31": "-1164.00000", "2005-09-30": -114, "2005-06-30": 152, "2005-03-31": -260}, "Investing Activities - Other": {"2020-12-31": "41.00000", "2020-09-30": -87, "2020-06-30": 74, "2020-03-31": 7, "2019-12-31": "49.00000", "2019-09-30": -45, "2019-06-30": 29, "2019-03-31": 62, "2018-12-31": "21.00000", "2018-09-30": -145, "2018-06-30": 160, "2018-03-31": 2, "2017-12-31": "", "2017-09-30": 1985, "2017-06-30": -2, "2017-03-31": -51, "2016-12-31": "-1907.00000", "2016-09-30": 244, "2016-06-30": -185, "2016-03-31": 67, "2015-12-31": "314.00000", "2015-09-30": -9, "2015-06-30": -56, "2015-03-31": 40, "2014-12-31": "22.00000", "2014-09-30": 16, "2014-06-30": 3, "2014-03-31": -19, "2013-12-31": "81.00000", "2013-09-30": -8, "2013-06-30": -2, "2013-03-31": 44, "2012-12-31": "26.00000", "2012-09-30": 1918, "2012-06-30": -1948, "2012-03-31": 1868, "2011-12-31": "4.00000", "2011-09-30": 37, "2011-06-30": -45, "2011-03-31": 16, "2010-12-31": "7.00000", "2010-09-30": 7, "2010-06-30": -979, "2010-03-31": 29, "2009-12-31": "7.00000", "2009-09-30": -1, "2009-06-30": 32, "2009-03-31": 125, "2008-12-31": "198.00000", "2008-09-30": -5, "2008-06-30": 4, "2008-03-31": 26, "2007-12-31": "", "2007-09-30": 71, "2007-06-30": 12, "2007-03-31": 3, "2006-12-31": "-2.00000", "2006-09-30": -76, "2006-06-30": 34, "2006-03-31": 41, "2005-12-31": "4.00000", "2005-09-30": 6, "2005-06-30": 5, "2005-03-31": 11}, "Cash Flow From Investing Activities": {"2020-12-31": "-1202.00000", "2020-09-30": -338, "2020-06-30": -3156, "2020-03-31": -1566, "2019-12-31": "-203.00000", "2019-09-30": -337, "2019-06-30": -208, "2019-03-31": -109, "2018-12-31": "-152.00000", "2018-09-30": -234, "2018-06-30": 1134, "2018-03-31": 4742, "2017-12-31": "-3261.00000", "2017-09-30": 20805, "2017-06-30": -1102, "2017-03-31": 79, "2016-12-31": "681.00000", "2016-09-30": -1259, "2016-06-30": -794, "2016-03-31": -719, "2015-12-31": "-716.00000", "2015-09-30": -1352, "2015-06-30": -1530, "2015-03-31": 1046, "2014-12-31": "-1736.00000", "2014-09-30": -87, "2014-06-30": 906, "2014-03-31": -2903, "2013-12-31": "445.00000", "2013-09-30": 4409, "2013-06-30": -2316, "2013-03-31": -2444, "2012-12-31": "-1227.00000", "2012-09-30": -2, "2012-06-30": -3302, "2012-03-31": -1505, "2011-12-31": "-2068.00000", "2011-09-30": -1926, "2011-06-30": -1938, "2011-03-31": -1179, "2010-12-31": "554.00000", "2010-09-30": 157, "2010-06-30": -569, "2010-03-31": -255, "2009-12-31": "-172.00000", "2009-09-30": -2430, "2009-06-30": -1180, "2009-03-31": -746, "2008-12-31": "-1101.00000", "2008-09-30": -2282, "2008-06-30": -976, "2008-03-31": -151, "2007-12-31": "590.00000", "2007-09-30": -1290, "2007-06-30": -732, "2007-03-31": -95, "2006-12-31": "219.00000", "2006-09-30": -62, "2006-06-30": -343, "2006-03-31": -845, "2005-12-31": "-1373.00000", "2005-09-30": -246, "2005-06-30": 1, "2005-03-31": -531}, "Net Long-Term Debt": {"2020-12-31": "", "2020-09-30": -220, "2020-06-30": -11, "2020-03-31": 0, "2019-12-31": "", "2019-09-30": 0, "2019-06-30": 0, "2019-03-31": 0, "2018-12-31": "", "2018-09-30": -3942, "2018-06-30": -1571, "2018-03-31": -2116, "2017-12-31": "2116.00000", "2017-09-30": 0, "2017-06-30": 10953, "2017-03-31": 0, "2016-12-31": "", "2016-09-30": 0, "2016-06-30": 0, "2016-03-31": 0, "2015-12-31": "", "2015-09-30": 0, "2015-06-30": 9937, "2015-03-31": 0, "2014-12-31": "", "2014-09-30": 0, "2014-06-30": 0, "2014-03-31": 0, "2013-12-31": "", "2013-09-30": 53, "2013-06-30": 42, "2013-03-31": 0, "2012-12-31": "", "2012-09-30": 0, "2012-06-30": 38, "2012-03-31": 81, "2011-12-31": "", "2011-09-30": 0, "2011-06-30": 0, "2011-03-31": 0, "2010-12-31": "", "2010-09-30": 0, "2010-06-30": 1064, "2010-03-31": 0, "2009-12-31": "", "2009-09-30": 0, "2009-06-30": 0, "2009-03-31": -26, "2008-12-31": "26.00000", "2008-09-30": 0, "2008-06-30": 0, "2008-03-31": 0, "2007-12-31": "", "2007-09-30": 0, "2007-06-30": 0, "2007-03-31": 0, "2006-12-31": "", "2006-09-30": 0, "2006-06-30": 0, "2006-03-31": 0, "2005-12-31": "", "2005-09-30": -236, "2005-06-30": 236, "2005-03-31": 0}, "Net Current Debt": {"2020-12-31": "1.00000", "2020-09-30": 1, "2020-06-30": 1, "2020-03-31": 0, "2019-12-31": "", "2019-09-30": -498, "2019-06-30": 1, "2019-03-31": 0, "2018-12-31": "-6.00000", "2018-09-30": -2183, "2018-06-30": 954, "2018-03-31": 2382, "2017-12-31": "-1149.00000", "2017-09-30": -1, "2017-06-30": -999, "2017-03-31": 249, "2016-12-31": "", "2016-09-30": 1, "2016-06-30": -200, "2016-03-31": 949, "2015-12-31": "-1.00000", "2015-09-30": 1, "2015-06-30": -95, "2015-03-31": 1094, "2014-12-31": "", "2014-09-30": 0, "2014-06-30": 0, "2014-03-31": 0, "2013-12-31": "", "2013-09-30": 0, "2013-06-30": 0, "2013-03-31": 0, "2012-12-31": "", "2012-09-30": 0, "2012-06-30": 0, "2012-03-31": 0, "2011-12-31": "", "2011-09-30": 0, "2011-06-30": 0, "2011-03-31": 0, "2010-12-31": "", "2010-09-30": 0, "2010-06-30": 0, "2010-03-31": 0, "2009-12-31": "", "2009-09-30": 173, "2009-06-30": 0, "2009-03-31": -11, "2008-12-31": "-162.00000", "2008-09-30": 95, "2008-06-30": -8, "2008-03-31": 51, "2007-12-31": "-138.00000", "2007-09-30": -153, "2007-06-30": 153, "2007-03-31": 0, "2006-12-31": "", "2006-09-30": 0, "2006-06-30": 0, "2006-03-31": 0, "2005-12-31": "", "2005-09-30": 0, "2005-06-30": 0, "2005-03-31": 0}, "Debt Issuance/Retirement Net - Total": {"2020-12-31": "1.00000", "2020-09-30": -219, "2020-06-30": -10, "2020-03-31": 0, "2019-12-31": "", "2019-09-30": -498, "2019-06-30": 1, "2019-03-31": 0, "2018-12-31": "-6.00000", "2018-09-30": -6125, "2018-06-30": -617, "2018-03-31": 266, "2017-12-31": "967.00000", "2017-09-30": -1, "2017-06-30": 9954, "2017-03-31": 249, "2016-12-31": "", "2016-09-30": 1, "2016-06-30": -200, "2016-03-31": 949, "2015-12-31": "-1.00000", "2015-09-30": 1, "2015-06-30": 9842, "2015-03-31": 1094, "2014-12-31": "", "2014-09-30": 0, "2014-06-30": 0, "2014-03-31": 0, "2013-12-31": "", "2013-09-30": 53, "2013-06-30": 42, "2013-03-31": 0, "2012-12-31": "", "2012-09-30": 0, "2012-06-30": 38, "2012-03-31": 81, "2011-12-31": "", "2011-09-30": 0, "2011-06-30": 0, "2011-03-31": 0, "2010-12-31": "", "2010-09-30": 0, "2010-06-30": 1064, "2010-03-31": 0, "2009-12-31": "", "2009-09-30": 173, "2009-06-30": 0, "2009-03-31": -37, "2008-12-31": "-136.00000", "2008-09-30": 95, "2008-06-30": -8, "2008-03-31": 51, "2007-12-31": "-138.00000", "2007-09-30": -153, "2007-06-30": 153, "2007-03-31": 0, "2006-12-31": "", "2006-09-30": 0, "2006-06-30": 0, "2006-03-31": 0, "2005-12-31": "", "2005-09-30": -236, "2005-06-30": 236, "2005-03-31": 0}, "Net Common Equity Issued/Repurchased": {"2020-12-31": "-444.00000", "2020-09-30": 153, "2020-06-30": -108, "2020-03-31": -1404, "2019-12-31": "-762.00000", "2019-09-30": -555, "2019-06-30": 18, "2019-03-31": 149, "2018-12-31": "-991.00000", "2018-09-30": -20939, "2018-06-30": -948, "2018-03-31": 1, "2017-12-31": "-91.00000", "2017-09-30": -149, "2017-06-30": -259, "2017-03-31": -124, "2016-12-31": "-313.00000", "2016-09-30": 21, "2016-06-30": 51, "2016-03-31": -1376, "2015-12-31": "-1951.00000", "2015-09-30": -2014, "2015-06-30": -5251, "2015-03-31": -1646, "2014-12-31": "-1548.00000", "2014-09-30": -903, "2014-06-30": -1156, "2014-03-31": -490, "2013-12-31": "-561.00000", "2013-09-30": -2760, "2013-06-30": -822, "2013-03-31": 407, "2012-12-31": "90.00000", "2012-09-30": -485, "2012-06-30": -150, "2012-03-31": 907, "2011-12-31": "129.00000", "2011-09-30": 51, "2011-06-30": 430, "2011-03-31": 1233, "2010-12-31": "791.00000", "2010-09-30": 47, "2010-06-30": -1143, "2010-03-31": -1383, "2009-12-31": "152.00000", "2009-09-30": 366, "2009-06-30": 175, "2009-03-31": 101, "2008-12-31": "-285.00000", "2008-09-30": 484, "2008-06-30": 464, "2008-03-31": -611, "2007-12-31": "-823.00000", "2007-09-30": -1153, "2007-06-30": 108, "2007-03-31": 118, "2006-12-31": "1.00000", "2006-09-30": -277, "2006-06-30": -999, "2006-03-31": 287, "2005-12-31": "181.00000", "2005-09-30": 423, "2005-06-30": -905, "2005-03-31": -48}, "Net Total Equity Issued/Repurchased": {"2020-12-31": "-444.00000", "2020-09-30": 153, "2020-06-30": -108, "2020-03-31": -1404, "2019-12-31": "-762.00000", "2019-09-30": -555, "2019-06-30": 18, "2019-03-31": 149, "2018-12-31": "-991.00000", "2018-09-30": -20939, "2018-06-30": -948, "2018-03-31": 1, "2017-12-31": "-91.00000", "2017-09-30": -149, "2017-06-30": -259, "2017-03-31": -124, "2016-12-31": "-313.00000", "2016-09-30": 21, "2016-06-30": 51, "2016-03-31": -1376, "2015-12-31": "-1951.00000", "2015-09-30": -2014, "2015-06-30": -5251, "2015-03-31": -1646, "2014-12-31": "-1548.00000", "2014-09-30": -903, "2014-06-30": -1156, "2014-03-31": -490, "2013-12-31": "-561.00000", "2013-09-30": -2760, "2013-06-30": -822, "2013-03-31": 407, "2012-12-31": "90.00000", "2012-09-30": -485, "2012-06-30": -150, "2012-03-31": 907, "2011-12-31": "129.00000", "2011-09-30": 51, "2011-06-30": 430, "2011-03-31": 1233, "2010-12-31": "791.00000", "2010-09-30": 47, "2010-06-30": -1143, "2010-03-31": -1383, "2009-12-31": "152.00000", "2009-09-30": 366, "2009-06-30": 175, "2009-03-31": 101, "2008-12-31": "-285.00000", "2008-09-30": 484, "2008-06-30": 464, "2008-03-31": -611, "2007-12-31": "-823.00000", "2007-09-30": -1153, "2007-06-30": 108, "2007-03-31": 118, "2006-12-31": "1.00000", "2006-09-30": -277, "2006-06-30": -999, "2006-03-31": 287, "2005-12-31": "181.00000", "2005-09-30": 423, "2005-06-30": -905, "2005-03-31": -48}, "Total Common And Preferred Stock Dividends Paid": {"2020-12-31": "-739.00000", "2020-09-30": -734, "2020-06-30": -733, "2020-03-31": -705, "2019-12-31": "-710.00000", "2019-09-30": -711, "2019-06-30": -755, "2019-03-31": -752, "2018-12-31": "-750.00000", "2018-09-30": -866, "2018-06-30": -911, "2018-03-31": -845, "2017-12-31": "-844.00000", "2017-09-30": -841, "2017-06-30": -844, "2017-03-31": -783, "2016-12-31": "-784.00000", "2016-09-30": -782, "2016-06-30": -781, "2016-03-31": -710, "2015-12-31": "-717.00000", "2015-09-30": -738, "2015-06-30": -757, "2015-03-31": -688, "2014-12-31": "-697.00000", "2014-09-30": -702, "2014-06-30": -705, "2014-03-31": -589, "2013-12-31": "-590.00000", "2013-09-30": -592, "2013-06-30": -604, "2013-03-31": -431, "2012-12-31": "-428.00000", "2012-09-30": -425, "2012-06-30": -429, "2012-03-31": -367, "2011-12-31": "-362.00000", "2011-09-30": -361, "2011-06-30": -360, "2011-03-31": -316, "2010-12-31": "-309.00000", "2010-09-30": -305, "2010-06-30": -309, "2010-03-31": -279, "2009-12-31": "-284.00000", "2009-09-30": -283, "2009-06-30": -282, "2009-03-31": -528, "2008-12-31": "", "2008-09-30": -266, "2008-06-30": -261, "2008-03-31": -455, "2007-12-31": "", "2007-09-30": -230, "2007-06-30": -234, "2007-03-31": -398, "2006-12-31": "", "2006-09-30": -198, "2006-06-30": -202, "2006-03-31": -298, "2005-12-31": "", "2005-09-30": -147, "2005-06-30": -147, "2005-03-31": -230}, "Financial Activities - Other": {"2020-12-31": "-463.00000", "2020-09-30": -36, "2020-06-30": -152, "2020-03-31": -100, "2019-12-31": "-187.00000", "2019-09-30": -1176, "2019-06-30": -179, "2019-03-31": -41, "2018-12-31": "-140.00000", "2018-09-30": -64, "2018-06-30": -156, "2018-03-31": -131, "2017-12-31": "-197.00000", "2017-09-30": -138, "2017-06-30": -169, "2017-03-31": -13, "2016-12-31": "-214.00000", "2016-09-30": -229, "2016-06-30": -13, "2016-03-31": -20, "2015-12-31": "4.00000", "2015-09-30": 2, "2015-06-30": 70, "2015-03-31": 27, "2014-12-31": "42.00000", "2014-09-30": 42, "2014-06-30": -115, "2014-03-31": 211, "2013-12-31": "78.00000", "2013-09-30": -13, "2013-06-30": 112, "2013-03-31": 38, "2012-12-31": "63.00000", "2012-09-30": -107, "2012-06-30": 354, "2012-03-31": 17, "2011-12-31": "42.00000", "2011-09-30": 156, "2011-06-30": -17, "2011-03-31": 141, "2010-12-31": "79.00000", "2010-09-30": 3, "2010-06-30": 2, "2010-03-31": 18, "2009-12-31": "12.00000", "2009-09-30": -151, "2009-06-30": 25, "2009-03-31": 14, "2008-12-31": "15.00000", "2008-09-30": -149, "2008-06-30": 209, "2008-03-31": 54, "2007-12-31": "47.00000", "2007-09-30": 478, "2007-06-30": 80, "2007-03-31": 87, "2006-12-31": "32.00000", "2006-09-30": 38, "2006-06-30": 103, "2006-03-31": 172, "2005-12-31": "101.00000", "2005-09-30": -29, "2005-06-30": 15, "2005-03-31": 14}, "Cash Flow From Financial Activities": {"2020-12-31": "-1645.00000", "2020-09-30": -836, "2020-06-30": -1003, "2020-03-31": -2209, "2019-12-31": "-1659.00000", "2019-09-30": -2940, "2019-06-30": -915, "2019-03-31": -644, "2018-12-31": "-1887.00000", "2018-09-30": -27994, "2018-06-30": -2632, "2018-03-31": -709, "2017-12-31": "-165.00000", "2017-09-30": -1129, "2017-06-30": 8682, "2017-03-31": -671, "2016-12-31": "-1311.00000", "2016-09-30": -989, "2016-06-30": -943, "2016-03-31": -1157, "2015-12-31": "-2665.00000", "2015-09-30": -2749, "2015-06-30": 3904, "2015-03-31": -1213, "2014-12-31": "-2203.00000", "2014-09-30": -1563, "2014-06-30": -1976, "2014-03-31": -868, "2013-12-31": "-1073.00000", "2013-09-30": -3312, "2013-06-30": -1272, "2013-03-31": 14, "2012-12-31": "-275.00000", "2012-09-30": -1017, "2012-06-30": -187, "2012-03-31": 638, "2011-12-31": "-191.00000", "2011-09-30": -154, "2011-06-30": 53, "2011-03-31": 1058, "2010-12-31": "561.00000", "2010-09-30": -255, "2010-06-30": -386, "2010-03-31": -1644, "2009-12-31": "-120.00000", "2009-09-30": 105, "2009-06-30": -82, "2009-03-31": -450, "2008-12-31": "-406.00000", "2008-09-30": 164, "2008-06-30": 404, "2008-03-31": -961, "2007-12-31": "-914.00000", "2007-09-30": -1058, "2007-06-30": 107, "2007-03-31": -193, "2006-12-31": "33.00000", "2006-09-30": -437, "2006-06-30": -1098, "2006-03-31": 161, "2005-12-31": "282.00000", "2005-09-30": 11, "2005-06-30": -801, "2005-03-31": -264}, "Net Cash Flow": {"2020-12-31": "369.00000", "2020-09-30": 587, "2020-06-30": -2283, "2020-03-31": -2706, "2019-12-31": "-730.00000", "2019-09-30": -2084, "2019-06-30": 3788, "2019-03-31": 69, "2018-12-31": "-1711.00000", "2018-09-30": -28673, "2018-06-30": 504, "2018-03-31": 4584, "2017-12-31": "-1667.00000", "2017-09-30": 22120, "2017-06-30": 7785, "2017-03-31": 239, "2016-12-31": "939.00000", "2016-09-30": 61, "2016-06-30": 110, "2016-03-31": -1138, "2015-12-31": "-647.00000", "2015-09-30": -2427, "2015-06-30": 4495, "2015-03-31": -833, "2014-12-31": "-1582.00000", "2014-09-30": -37, "2014-06-30": 1607, "2014-03-31": -1955, "2013-12-31": "2150.00000", "2013-09-30": 3609, "2013-06-30": -1560, "2013-03-31": -200, "2012-12-31": "486.00000", "2012-09-30": 395, "2012-06-30": -2586, "2012-03-31": 1034, "2011-12-31": "-498.00000", "2011-09-30": -284, "2011-06-30": -621, "2011-03-31": 1656, "2010-12-31": "1164.00000", "2010-09-30": 1006, "2010-06-30": -12, "2010-03-31": -1107, "2009-12-31": "943.00000", "2009-09-30": -1004, "2009-06-30": -171, "2009-03-31": 66, "2008-12-31": "1986.00000", "2008-09-30": -1130, "2008-06-30": 167, "2008-03-31": -165, "2007-12-31": "557.00000", "2007-09-30": -1305, "2007-06-30": 363, "2007-03-31": 704, "2006-12-31": "1042.00000", "2006-09-30": 452, "2006-06-30": -624, "2006-03-31": 202, "2005-12-31": "-493.00000", "2005-09-30": 710, "2005-06-30": -278, "2005-03-31": 424}, "Stock-Based Compensation": {"2020-12-31": "392.00000", "2020-09-30": 313, "2020-06-30": 296, "2020-03-31": 309, "2019-12-31": "294.00000", "2019-09-30": 339, "2019-06-30": 246, "2019-03-31": 222, "2018-12-31": "230.00000", "2018-09-30": 224, "2018-06-30": 189, "2018-03-31": 222, "2017-12-31": "248.00000", "2017-09-30": 202, "2017-06-30": 227, "2017-03-31": 246, "2016-12-31": "239.00000", "2016-09-30": 213, "2016-06-30": 236, "2016-03-31": 247, "2015-12-31": "247.00000", "2015-09-30": 233, "2015-06-30": 271, "2015-03-31": 249, "2014-12-31": "273.00000", "2014-09-30": 253, "2014-06-30": 274, "2014-03-31": 250, "2013-12-31": "282.00000", "2013-09-30": 274, "2013-06-30": 281, "2013-03-31": 267, "2012-12-31": "283.00000", "2012-09-30": 283, "2012-06-30": 264, "2012-03-31": 241, "2011-12-31": "247.00000", "2011-09-30": 256, "2011-06-30": 193, "2011-03-31": 201, "2010-12-31": "174.00000", "2010-09-30": 159, "2010-06-30": 149, "2010-03-31": 153, "2009-12-31": "151.00000", "2009-09-30": 148, "2009-06-30": 151, "2009-03-31": 140, "2008-12-31": "145.00000", "2008-09-30": 148, "2008-06-30": 138, "2008-03-31": 130, "2007-12-31": "125.00000", "2007-09-30": 117, "2007-06-30": 114, "2007-03-31": 127, "2006-12-31": "130.00000", "2006-09-30": 127, "2006-06-30": 126, "2006-03-31": 120, "2005-12-31": "122.00000", "2005-09-30": 0, "2005-06-30": 0, "2005-03-31": 0}, "Common Stock Dividends Paid": {"2020-12-31": "-739.00000", "2020-09-30": -734, "2020-06-30": -733, "2020-03-31": -705, "2019-12-31": "-710.00000", "2019-09-30": -711, "2019-06-30": -755, "2019-03-31": -752, "2018-12-31": "-750.00000", "2018-09-30": -866, "2018-06-30": -911, "2018-03-31": -845, "2017-12-31": "-844.00000", "2017-09-30": -841, "2017-06-30": -844, "2017-03-31": -783, "2016-12-31": "-784.00000", "2016-09-30": -782, "2016-06-30": -781, "2016-03-31": -710, "2015-12-31": "-717.00000", "2015-09-30": -738, "2015-06-30": -757, "2015-03-31": -688, "2014-12-31": "-697.00000", "2014-09-30": -702, "2014-06-30": -705, "2014-03-31": -589, "2013-12-31": "-590.00000", "2013-09-30": -592, "2013-06-30": -604, "2013-03-31": -431, "2012-12-31": "-428.00000", "2012-09-30": -425, "2012-06-30": -429, "2012-03-31": -367, "2011-12-31": "-362.00000", "2011-09-30": -361, "2011-06-30": -360, "2011-03-31": -316, "2010-12-31": "-309.00000", "2010-09-30": -305, "2010-06-30": -309, "2010-03-31": -279, "2009-12-31": "-284.00000", "2009-09-30": -283, "2009-06-30": -282, "2009-03-31": -528, "2008-12-31": "", "2008-09-30": -266, "2008-06-30": -261, "2008-03-31": -455, "2007-12-31": "", "2007-09-30": -230, "2007-06-30": -234, "2007-03-31": -398, "2006-12-31": "", "2006-09-30": -198, "2006-06-30": -202, "2006-03-31": -298, "2005-12-31": "", "2005-09-30": -147, "2005-06-30": -147, "2005-03-31": -230}}, "financial ratios": {"Current Ratio": {"2020-09-30": "2.13550", "2019-09-30": "1.87630", "2018-09-30": "1.52640", "2017-09-30": "3.99680", "2016-09-30": "3.14330", "2015-09-30": "3.62280", "2014-09-30": "3.72740", "2013-09-30": "3.75120", "2012-09-30": "2.95080", "2011-09-30": "2.70240", "2010-09-30": "2.21890", "2009-09-30": "4.46850", "2008-09-30": "4.86560", "2007-09-30": "3.90660", "2006-09-30": "4.95710", "2005-09-30": "7.28130"}, "Long-term Debt / Capital": {"2020-09-30": "0.71470", "2019-09-30": "0.73240", "2018-09-30": "0.95010", "2017-09-30": "0.38680", "2016-09-30": "0.23960", "2015-09-30": "0.24090", "2014-09-30": "", "2013-09-30": "", "2012-09-30": "", "2011-09-30": "", "2010-09-30": "", "2009-09-30": "", "2008-09-30": "", "2007-09-30": "", "2006-09-30": "", "2005-09-30": ""}, "Debt/Equity Ratio": {"2020-09-30": "2.58780", "2019-09-30": "3.24570", "2018-09-30": "20.28500", "2017-09-30": "0.71210", "2016-09-30": "0.37010", "2015-09-30": "0.34920", "2014-09-30": "", "2013-09-30": "", "2012-09-30": "", "2011-09-30": "0.03690", "2010-09-30": "0.05210", "2009-09-30": "", "2008-09-30": "", "2007-09-30": "", "2006-09-30": "", "2005-09-30": ""}, "Gross Margin": {"2020-09-30": "60.66890", "2019-09-30": "64.57380", "2018-09-30": "54.69460", "2017-09-30": "56.00680", "2016-09-30": "58.61000", "2015-09-30": "58.94940", "2014-09-30": "59.65570", "2013-09-30": "60.50830", "2012-09-30": "62.88900", "2011-09-30": "67.39320", "2010-09-30": "69.94170", "2009-09-30": "70.87710", "2008-09-30": "69.35920", "2007-09-30": "69.77790", "2006-09-30": "71.00720", "2005-09-30": "71.00300"}, "Operating Margin": {"2020-09-30": "26.58200", "2019-09-30": "31.58650", "2018-09-30": "2.74650", "2017-09-30": "11.59580", "2016-09-30": "27.57490", "2015-09-30": "22.84720", "2014-09-30": "28.50460", "2013-09-30": "29.07590", "2012-09-30": "29.71600", "2011-09-30": "33.60300", "2010-09-30": "33.93740", "2009-09-30": "24.47290", "2008-09-30": "33.47690", "2007-09-30": "32.49920", "2006-09-30": "35.74280", "2005-09-30": "42.05890"}, "EBIT Margin": {"2020-09-30": "26.58200", "2019-09-30": "31.58650", "2018-09-30": "2.74650", "2017-09-30": "11.59580", "2016-09-30": "27.57490", "2015-09-30": "22.84720", "2014-09-30": "28.50460", "2013-09-30": "29.07590", "2012-09-30": "29.71600", "2011-09-30": "33.60300", "2010-09-30": "33.93740", "2009-09-30": "24.47290", "2008-09-30": "33.47690", "2007-09-30": "32.49920", "2006-09-30": "35.74280", "2005-09-30": "42.05890"}, "EBITDA Margin": {"2020-09-30": "32.50180", "2019-09-30": "38.19470", "2018-09-30": "10.85760", "2017-09-30": "18.50120", "2016-09-30": "34.09190", "2015-09-30": "27.64920", "2014-09-30": "32.84630", "2013-09-30": "33.16580", "2012-09-30": "34.40720", "2011-09-30": "41.55250", "2010-09-30": "40.00180", "2009-09-30": "30.58630", "2008-09-30": "37.56960", "2007-09-30": "36.81660", "2006-09-30": "39.35690", "2005-09-30": "45.58440"}, "Pre-Tax Profit Margin": {"2020-09-30": "24.30410", "2019-09-30": "30.82030", "2018-09-30": "1.73370", "2017-09-30": "13.41990", "2016-09-30": "29.00990", "2015-09-30": "25.65960", "2014-09-30": "33.14080", "2013-09-30": "32.95260", "2012-09-30": "34.31830", "2011-09-30": "38.02230", "2010-09-30": "40.91240", "2009-09-30": "23.13470", "2008-09-30": "34.33850", "2007-09-30": "40.87480", "2006-09-30": "41.93460", "2005-09-30": "49.51530"}, "Net Profit Margin": {"2020-09-30": "22.09000", "2019-09-30": "18.06950", "2018-09-30": "-21.95390", "2017-09-30": "10.98480", "2016-09-30": "24.22090", "2015-09-30": "20.84970", "2014-09-30": "30.07890", "2013-09-30": "27.55970", "2012-09-30": "31.94920", "2011-09-30": "28.48170", "2010-09-30": "29.56660", "2009-09-30": "15.32690", "2008-09-30": "28.36120", "2007-09-30": "37.23370", "2006-09-30": "32.81960", "2005-09-30": "37.77540"}, "Asset Turnover": {"2020-09-30": "0.66110", "2019-09-30": "0.73650", "2018-09-30": "0.69110", "2017-09-30": "0.33990", "2016-09-30": "0.44990", "2015-09-30": "0.49770", "2014-09-30": "0.54530", "2013-09-30": "0.54630", "2012-09-30": "0.44460", "2011-09-30": "0.41070", "2010-09-30": "0.35920", "2009-09-30": "0.37850", "2008-09-30": "0.45090", "2007-09-30": "0.47960", "2006-09-30": "0.49490", "2005-09-30": "0.45460"}, "Inventory Turnover Ratio": {"2020-09-30": "3.56240", "2019-09-30": "6.14210", "2018-09-30": "6.05080", "2017-09-30": "4.81180", "2016-09-30": "6.26540", "2015-09-30": "6.95580", "2014-09-30": "7.32920", "2013-09-30": "7.54220", "2012-09-30": "6.88930", "2011-09-30": "6.37520", "2010-09-30": "6.25190", "2009-09-30": "6.67770", "2008-09-30": "6.55280", "2007-09-30": "5.71640", "2006-09-30": "8.72800", "2005-09-30": "9.29380"}, "Receiveable Turnover": {"2020-09-30": "5.87830", "2019-09-30": "9.82310", "2018-09-30": "7.78620", "2017-09-30": "6.12830", "2016-09-30": "10.61470", "2015-09-30": "12.87220", "2014-09-30": "10.98130", "2013-09-30": "11.60880", "2012-09-30": "13.10560", "2011-09-30": "15.06240", "2010-09-30": "15.04380", "2009-09-30": "14.83860", "2008-09-30": "2.66110", "2007-09-30": "12.40700", "2006-09-30": "10.75140", "2005-09-30": "10.42830"}, "Days Sales In Receivables": {"2020-09-30": "62.09240", "2019-09-30": "37.15710", "2018-09-30": "46.87810", "2017-09-30": "59.55970", "2016-09-30": "34.38630", "2015-09-30": "28.35570", "2014-09-30": "33.23820", "2013-09-30": "31.44170", "2012-09-30": "27.85080", "2011-09-30": "24.23250", "2010-09-30": "24.26240", "2009-09-30": "24.59810", "2008-09-30": "137.16160", "2007-09-30": "29.41890", "2006-09-30": "33.94900", "2005-09-30": "35.00090"}, "ROE - Return On Equity": {"2020-09-30": "85.53560", "2019-09-30": "89.34610", "2018-09-30": "-615.11770", "2017-09-30": "7.94900", "2016-09-30": "17.94890", "2015-09-30": "16.76960", "2014-09-30": "19.23610", "2013-09-30": "18.96810", "2012-09-30": "15.74900", "2011-09-30": "16.88790", "2010-09-30": "16.87600", "2009-09-30": "8.82060", "2008-09-30": "17.61030", "2007-09-30": "20.85890", "2006-09-30": "18.42460", "2005-09-30": "19.27330"}, "Return On Tangible Equity": {"2020-09-30": "-273.72300", "2019-09-30": "-123.72360", "2018-09-30": "57.41380", "2017-09-30": "11.98860", "2016-09-30": "25.24240", "2015-09-30": "23.73720", "2014-09-30": "23.47190", "2013-09-30": "23.15790", "2012-09-30": "19.79390", "2011-09-30": "22.28370", "2010-09-30": "21.53170", "2009-09-30": "11.37130", "2008-09-30": "23.71840", "2007-09-30": "23.85530", "2006-09-30": "20.28580", "2005-09-30": "20.31670"}, "ROA - Return On Assets": {"2020-09-30": "14.60360", "2019-09-30": "13.30830", "2018-09-30": "-15.17210", "2017-09-30": "3.73210", "2016-09-30": "10.89020", "2015-09-30": "10.37090", "2014-09-30": "15.51040", "2013-09-30": "15.03870", "2012-09-30": "12.28260", "2011-09-30": "12.50620", "2010-09-30": "11.51380", "2009-09-30": "6.52940", "2008-09-30": "12.78730", "2007-09-30": "17.85890", "2006-09-30": "16.24150", "2005-09-30": "17.17290"}, "ROI - Return On Investment": {"2020-09-30": "24.40030", "2019-09-30": "23.90710", "2018-09-30": "-30.69500", "2017-09-30": "4.87400", "2016-09-30": "13.64900", "2015-09-30": "12.72990", "2014-09-30": "19.23610", "2013-09-30": "18.96810", "2012-09-30": "15.74900", "2011-09-30": "16.88790", "2010-09-30": "16.87600", "2009-09-30": "8.82060", "2008-09-30": "17.61030", "2007-09-30": "20.85890", "2006-09-30": "18.42460", "2005-09-30": "19.27330"}, "Book Value Per Share": {"2020-09-30": "5.37310", "2019-09-30": "4.28730", "2018-09-30": "0.66200", "2017-09-30": "20.85890", "2016-09-30": "21.52300", "2015-09-30": "20.61290", "2014-09-30": "23.46680", "2013-09-30": "21.41660", "2012-09-30": "19.66300", "2011-09-30": "16.04520", "2010-09-30": "12.93920", "2009-09-30": "12.17260", "2008-09-30": "10.83580", "2007-09-30": "9.62030", "2006-09-30": "8.11500", "2005-09-30": "6.77990"}, "Operating Cash Flow Per Share": {"2020-09-30": -0.912, "2019-09-30": 3.3009, "2018-09-30": -0.6852, "2017-09-30": -1.7384, "2016-09-30": 1.7354, "2015-09-30": -1.8255, "2014-09-30": 0.1803, "2013-09-30": 1.5595, "2012-09-30": 0.5474, "2011-09-30": 0.4393, "2010-09-30": -1.8285, "2009-09-30": 2.1435, "2008-09-30": -0.1076, "2007-09-30": 0.3498, "2006-09-30": 0.3156, "2005-09-30": 1.5856}, "Free Cash Flow Per Share": {"2020-09-30": 0.516, "2019-09-30": -3.0082, "2018-09-30": 5.5223, "2017-09-30": -1.8417, "2016-09-30": 1.8198, "2015-09-30": -1.6, "2014-09-30": 0.1058, "2013-09-30": 1.7018, "2012-09-30": 0.1606, "2011-09-30": 0.3456, "2010-09-30": -1.6306, "2009-09-30": 2.5302, "2008-09-30": -0.4661, "2007-09-30": 0.267, "2006-09-30": 0.2553, "2005-09-30": 1.2456}}, "financial ratios, quarterly": {"Current Ratio": {"2020-12-31": "2.14590", "2020-09-30": "2.13550", "2020-06-30": "1.96590", "2020-03-31": "1.56670", "2019-12-31": "1.76260", "2019-09-30": "1.87630", "2019-06-30": "1.76950", "2019-03-31": "1.55220", "2018-12-31": "1.54360", "2018-09-30": "1.52640", "2018-06-30": "2.73370", "2018-03-31": "3.59750", "2017-12-31": "3.40620", "2017-09-30": "3.99680", "2017-06-30": "2.94890", "2017-03-31": "1.66660", "2016-12-31": "1.97390", "2016-09-30": "3.14330", "2016-06-30": "3.06580", "2016-03-31": "2.86890", "2015-12-31": "3.12750", "2015-09-30": "3.62280", "2015-06-30": "4.26240", "2015-03-31": "3.36200", "2014-12-31": "3.55360", "2014-09-30": "3.72740", "2014-06-30": "3.72160", "2014-03-31": "3.56010", "2013-12-31": "3.87450", "2013-09-30": "3.75120", "2013-06-30": "3.17660", "2013-03-31": "3.37560", "2012-12-31": "3.41720", "2012-09-30": "2.95080", "2012-06-30": "2.96900", "2012-03-31": "3.44940", "2011-12-31": "2.81020", "2011-09-30": "2.70240", "2011-06-30": "2.87480", "2011-03-31": "3.38650", "2010-12-31": "3.12730", "2010-09-30": "2.21890", "2010-06-30": "2.23780", "2010-03-31": "3.79940", "2009-12-31": "4.60450", "2009-09-30": "4.46850", "2009-06-30": "4.94560", "2009-03-31": "4.97650", "2008-12-31": "5.28820", "2008-09-30": "4.86560", "2008-06-30": "4.29230", "2008-03-31": "4.09760", "2007-12-31": "4.29760", "2007-09-30": "3.90660", "2007-06-30": "4.29630", "2007-03-31": "4.42390", "2006-12-31": "4.19740", "2006-09-30": "4.95710", "2006-06-30": "5.44460", "2006-03-31": "7.58490", "2005-12-31": "7.24050", "2005-09-30": "7.28130", "2005-06-30": "8.52220", "2005-03-31": "7.51540"}, "Long-term Debt / Capital": {"2020-12-31": "0.67360", "2020-09-30": "0.71470", "2020-06-30": "0.82350", "2020-03-31": "0.81540", "2019-12-31": "0.74860", "2019-09-30": "0.73240", "2019-06-30": "0.71080", "2019-03-31": "0.79940", "2018-12-31": "0.80970", "2018-09-30": "0.95010", "2018-06-30": "0.40000", "2018-03-31": "0.44840", "2017-12-31": "0.44750", "2017-09-30": "0.38680", "2017-06-30": "0.38280", "2017-03-31": "0.24080", "2016-12-31": "0.24150", "2016-09-30": "0.23960", "2016-06-30": "0.24650", "2016-03-31": "0.25220", "2015-12-31": "0.24760", "2015-09-30": "0.24090", "2015-06-30": "0.23000", "2015-03-31": "", "2014-12-31": "", "2014-09-30": "", "2014-06-30": "", "2014-03-31": "", "2013-12-31": "", "2013-09-30": "", "2013-06-30": "", "2013-03-31": "", "2012-12-31": "", "2012-09-30": "", "2012-06-30": "", "2012-03-31": "", "2011-12-31": "", "2011-09-30": "", "2011-06-30": "", "2011-03-31": "", "2010-12-31": "", "2010-09-30": "", "2010-06-30": "", "2010-03-31": "", "2009-12-31": "", "2009-09-30": "", "2009-06-30": "", "2009-03-31": "", "2008-12-31": "", "2008-09-30": "", "2008-06-30": "", "2008-03-31": "", "2007-12-31": "", "2007-09-30": "", "2007-06-30": "", "2007-03-31": "", "2006-12-31": "", "2006-09-30": "", "2006-06-30": "", "2006-03-31": "", "2005-12-31": "", "2005-09-30": "", "2005-06-30": "", "2005-03-31": ""}, "Debt/Equity Ratio": {"2020-12-31": "2.13160", "2020-09-30": "2.58780", "2020-06-30": "4.81700", "2020-03-31": "5.23740", "2019-12-31": "3.53090", "2019-09-30": "3.24570", "2019-06-30": "3.00680", "2019-03-31": "4.24290", "2018-12-31": "4.53030", "2018-09-30": "20.28500", "2018-06-30": "0.97460", "2018-03-31": "0.96960", "2017-12-31": "0.95490", "2017-09-30": "0.71210", "2017-06-30": "0.70000", "2017-03-31": "0.38100", "2016-12-31": "0.37440", "2016-09-30": "0.37010", "2016-06-30": "0.38430", "2016-03-31": "0.40290", "2015-12-31": "0.36220", "2015-09-30": "0.34920", "2015-06-30": "0.32870", "2015-03-31": "0.02900", "2014-12-31": "", "2014-09-30": "", "2014-06-30": "", "2014-03-31": "", "2013-12-31": "", "2013-09-30": "", "2013-06-30": "", "2013-03-31": "", "2012-12-31": "", "2012-09-30": "", "2012-06-30": "0.02970", "2012-03-31": "0.03260", "2011-12-31": "0.03260", "2011-09-30": "0.03690", "2011-06-30": "0.04150", "2011-03-31": "0.04400", "2010-12-31": "0.04790", "2010-09-30": "0.05210", "2010-06-30": "0.05340", "2010-03-31": "", "2009-12-31": "", "2009-09-30": "", "2009-06-30": "", "2009-03-31": "", "2008-12-31": "", "2008-09-30": "", "2008-06-30": "", "2008-03-31": "", "2007-12-31": "", "2007-09-30": "", "2007-06-30": "", "2007-03-31": "", "2006-12-31": "", "2006-09-30": "", "2006-06-30": "", "2006-03-31": "", "2005-12-31": "", "2005-09-30": "", "2005-06-30": "", "2005-03-31": ""}, "Gross Margin": {"2020-12-31": "57.63210", "2020-09-30": "66.86640", "2020-06-30": "57.49030", "2020-03-31": "55.96240", "2019-12-31": "58.38090", "2019-09-30": "56.00330", "2019-06-30": "78.05920", "2019-03-31": "56.26260", "2018-12-31": "54.81210", "2018-09-30": "50.66620", "2018-06-30": "55.33440", "2018-03-31": "57.10730", "2017-12-31": "55.87410", "2017-09-30": "54.81950", "2017-06-30": "53.67720", "2017-03-31": "55.98090", "2016-12-31": "59.27660", "2016-09-30": "58.92630", "2016-06-30": "58.07410", "2016-03-31": "61.43040", "2015-12-31": "56.12120", "2015-09-30": "58.72430", "2015-06-30": "57.97330", "2015-03-31": "61.87990", "2014-12-31": "57.07850", "2014-09-30": "58.78660", "2014-06-30": "59.74140", "2014-03-31": "61.01780", "2013-12-31": "59.13620", "2013-09-30": "58.12370", "2013-06-30": "60.00320", "2013-03-31": "61.26710", "2012-12-31": "62.82820", "2012-09-30": "62.22540", "2012-06-30": "62.84050", "2012-03-31": "63.92880", "2011-12-31": "62.52940", "2011-09-30": "63.62970", "2011-06-30": "64.72540", "2011-03-31": "72.63570", "2010-12-31": "68.84710", "2010-09-30": "72.05830", "2010-06-30": "68.44440", "2010-03-31": "69.62070", "2009-12-31": "69.43820", "2009-09-30": "74.90610", "2009-06-30": "68.61610", "2009-03-31": "69.93890", "2008-12-31": "70.00400", "2008-09-30": "72.34550", "2008-06-30": "67.81320", "2008-03-31": "68.53420", "2007-12-31": "67.90980", "2007-09-30": "68.56030", "2007-06-30": "70.40860", "2007-03-31": "71.45430", "2006-12-31": "68.59830", "2006-09-30": "70.75000", "2006-06-30": "71.34800", "2006-03-31": "71.59220", "2005-12-31": "70.30440", "2005-09-30": "71.79490", "2005-06-30": "71.35490", "2005-03-31": "71.72160"}, "Operating Margin": {"2020-12-31": "30.67400", "2020-09-30": "41.36610", "2020-06-30": "15.98200", "2020-03-31": "18.99920", "2019-12-31": "20.28760", "2019-09-30": "14.54090", "2019-06-30": "55.18420", "2019-03-31": "18.86790", "2018-12-31": "14.66340", "2018-09-30": "-11.73210", "2018-06-30": "16.19150", "2018-03-31": "7.66280", "2017-12-31": "-0.06630", "2017-09-30": "5.12600", "2017-06-30": "14.39210", "2017-03-31": "14.53350", "2016-12-31": "12.96880", "2016-09-30": "29.15590", "2016-06-30": "26.34020", "2016-03-31": "25.49090", "2015-12-31": "29.17750", "2015-09-30": "20.91280", "2015-06-30": "21.17630", "2015-03-31": "19.37920", "2014-12-31": "29.07450", "2014-09-30": "29.76690", "2014-06-30": "30.48780", "2014-03-31": "31.25490", "2013-12-31": "22.54610", "2013-09-30": "24.50240", "2013-06-30": "26.86210", "2013-03-31": "30.64990", "2012-12-31": "34.69590", "2012-09-30": "25.35410", "2012-06-30": "29.87460", "2012-03-31": "30.62920", "2011-12-31": "33.13400", "2011-09-30": "30.02920", "2011-06-30": "30.72040", "2011-03-31": "36.95090", "2010-12-31": "37.24610", "2010-09-30": "39.97970", "2010-06-30": "33.07410", "2010-03-31": "29.14010", "2009-12-31": "32.92140", "2009-09-30": "34.29750", "2009-06-30": "32.47370", "2009-03-31": "-0.40730", "2008-12-31": "29.59870", "2008-09-30": "40.07200", "2008-06-30": "29.83350", "2008-03-31": "31.19720", "2007-12-31": "31.02460", "2007-09-30": "33.69470", "2007-06-30": "33.63440", "2007-03-31": "33.67850", "2006-12-31": "28.52900", "2006-09-30": "34.05000", "2006-06-30": "36.08410", "2006-03-31": "35.98690", "2005-12-31": "37.04770", "2005-09-30": "42.94870", "2005-06-30": "41.23710", "2005-03-31": "41.90480"}, "EBIT Margin": {"2020-12-31": "30.67400", "2020-09-30": "41.36610", "2020-06-30": "15.98200", "2020-03-31": "18.99920", "2019-12-31": "20.28760", "2019-09-30": "14.54090", "2019-06-30": "55.18420", "2019-03-31": "18.86790", "2018-12-31": "14.66340", "2018-09-30": "-11.73210", "2018-06-30": "16.19150", "2018-03-31": "7.66280", "2017-12-31": "-0.06630", "2017-09-30": "5.12600", "2017-06-30": "14.39210", "2017-03-31": "14.53350", "2016-12-31": "12.96880", "2016-09-30": "29.15590", "2016-06-30": "26.34020", "2016-03-31": "25.49090", "2015-12-31": "29.17750", "2015-09-30": "20.91280", "2015-06-30": "21.17630", "2015-03-31": "19.37920", "2014-12-31": "29.07450", "2014-09-30": "29.76690", "2014-06-30": "30.48780", "2014-03-31": "31.25490", "2013-12-31": "22.54610", "2013-09-30": "24.50240", "2013-06-30": "26.86210", "2013-03-31": "30.64990", "2012-12-31": "34.69590", "2012-09-30": "25.35410", "2012-06-30": "29.87460", "2012-03-31": "30.62920", "2011-12-31": "33.13400", "2011-09-30": "30.02920", "2011-06-30": "30.72040", "2011-03-31": "36.95090", "2010-12-31": "37.24610", "2010-09-30": "39.97970", "2010-06-30": "33.07410", "2010-03-31": "29.14010", "2009-12-31": "32.92140", "2009-09-30": "34.29750", "2009-06-30": "32.47370", "2009-03-31": "-0.40730", "2008-12-31": "29.59870", "2008-09-30": "40.07200", "2008-06-30": "29.83350", "2008-03-31": "31.19720", "2007-12-31": "31.02460", "2007-09-30": "33.69470", "2007-06-30": "33.63440", "2007-03-31": "33.67850", "2006-12-31": "28.52900", "2006-09-30": "34.05000", "2006-06-30": "36.08410", "2006-03-31": "35.98690", "2005-12-31": "37.04770", "2005-09-30": "42.94870", "2005-06-30": "41.23710", "2005-03-31": "41.90480"}, "EBITDA Margin": {"2020-12-31": "", "2020-09-30": "", "2020-06-30": "", "2020-03-31": "", "2019-12-31": "", "2019-09-30": "", "2019-06-30": "", "2019-03-31": "", "2018-12-31": "", "2018-09-30": "", "2018-06-30": "", "2018-03-31": "", "2017-12-31": "", "2017-09-30": "", "2017-06-30": "", "2017-03-31": "", "2016-12-31": "", "2016-09-30": "", "2016-06-30": "", "2016-03-31": "", "2015-12-31": "", "2015-09-30": "", "2015-06-30": "", "2015-03-31": "", "2014-12-31": "", "2014-09-30": "", "2014-06-30": "", "2014-03-31": "", "2013-12-31": "", "2013-09-30": "", "2013-06-30": "", "2013-03-31": "", "2012-12-31": "", "2012-09-30": "", "2012-06-30": "", "2012-03-31": "", "2011-12-31": "", "2011-09-30": "", "2011-06-30": "", "2011-03-31": "", "2010-12-31": "", "2010-09-30": "", "2010-06-30": "", "2010-03-31": "", "2009-12-31": "", "2009-09-30": "", "2009-06-30": "", "2009-03-31": "", "2008-12-31": "", "2008-09-30": "", "2008-06-30": "", "2008-03-31": "", "2007-12-31": "", "2007-09-30": "", "2007-06-30": "", "2007-03-31": "", "2006-12-31": "", "2006-09-30": "", "2006-06-30": "", "2006-03-31": "", "2005-12-31": "", "2005-09-30": "", "2005-06-30": "", "2005-03-31": ""}, "Pre-Tax Profit Margin": {"2020-12-31": "31.62110", "2020-09-30": "39.61650", "2020-06-30": "17.73960", "2020-03-31": "11.46470", "2019-12-31": "18.65280", "2019-09-30": "12.77520", "2019-06-30": "57.09390", "2019-03-31": "16.17820", "2018-12-31": "11.54480", "2018-09-30": "-13.82590", "2018-06-30": "16.74740", "2018-03-31": "6.07280", "2017-12-31": "-0.99420", "2017-09-30": "6.84600", "2017-06-30": "15.97470", "2017-03-31": "17.08530", "2016-12-31": "14.50240", "2016-09-30": "31.69470", "2016-06-30": "28.01130", "2016-03-31": "26.48170", "2015-12-31": "29.61040", "2015-09-30": "22.94720", "2015-06-30": "23.97120", "2015-03-31": "22.32380", "2014-12-31": "32.37080", "2014-09-30": "33.65210", "2014-06-30": "36.68820", "2014-03-31": "35.68400", "2013-12-31": "26.53280", "2013-09-30": "28.09750", "2013-06-30": "30.59430", "2013-03-31": "34.87920", "2012-12-31": "38.66730", "2012-09-30": "31.32830", "2012-06-30": "34.17640", "2012-03-31": "35.07990", "2011-12-31": "36.76570", "2011-09-30": "32.16720", "2011-06-30": "35.16420", "2011-03-31": "41.83460", "2010-12-31": "43.90680", "2010-09-30": "47.47370", "2010-06-30": "39.85190", "2010-03-31": "36.23730", "2009-12-31": "39.40080", "2009-09-30": "40.15780", "2009-06-30": "35.74280", "2009-03-31": "-4.11410", "2008-12-31": "17.91820", "2008-09-30": "33.23340", "2008-06-30": "31.93340", "2008-03-31": "34.76590", "2007-12-31": "38.11480", "2007-09-30": "41.06680", "2007-06-30": "41.80650", "2007-03-31": "41.78300", "2006-12-31": "38.58350", "2006-09-30": "40.55000", "2006-06-30": "42.23480", "2006-03-31": "42.80260", "2005-12-31": "42.27460", "2005-09-30": "50.38460", "2005-06-30": "50.51550", "2005-03-31": "46.37360"}, "Net Profit Margin": {"2020-12-31": "29.81180", "2020-09-30": "35.47030", "2020-06-30": "17.26960", "2020-03-31": "8.97240", "2019-12-31": "18.21940", "2019-09-30": "10.51100", "2019-06-30": "22.30410", "2019-03-31": "13.30790", "2018-12-31": "22.05700", "2018-09-30": "-8.87700", "2018-06-30": "21.55280", "2018-03-31": "6.32180", "2017-12-31": "-99.13840", "2017-09-30": "2.52040", "2017-06-30": "16.12360", "2017-03-31": "14.93220", "2016-12-31": "11.36860", "2016-09-30": "25.85710", "2016-06-30": "23.89150", "2016-03-31": "20.96920", "2015-12-31": "25.93940", "2015-09-30": "19.46480", "2015-06-30": "20.30180", "2015-03-31": "15.27420", "2014-12-31": "27.77860", "2014-09-30": "28.31740", "2014-06-30": "32.88280", "2014-03-31": "30.76800", "2013-12-31": "28.31470", "2013-09-30": "23.16000", "2013-06-30": "25.30840", "2013-03-31": "30.47030", "2012-12-31": "31.67170", "2012-09-30": "26.09320", "2012-06-30": "26.09170", "2012-03-31": "45.11430", "2011-12-31": "29.92950", "2011-09-30": "25.65600", "2011-06-30": "28.56750", "2011-03-31": "25.81400", "2010-12-31": "34.94620", "2010-09-30": "29.33200", "2010-06-30": "28.40740", "2010-03-31": "29.06500", "2009-12-31": "31.49810", "2009-09-30": "30.16530", "2009-06-30": "26.77080", "2009-03-31": "-11.77190", "2008-12-31": "13.54790", "2008-09-30": "26.36470", "2008-06-30": "27.08180", "2008-03-31": "29.39370", "2007-12-31": "31.43440", "2007-09-30": "49.04600", "2007-06-30": "34.32260", "2007-03-31": "32.68800", "2006-12-31": "32.09510", "2006-09-30": "30.70000", "2006-06-30": "32.95750", "2006-03-31": "32.33370", "2005-12-31": "35.61170", "2005-09-30": "34.48720", "2005-06-30": "41.23710", "2005-03-31": "38.97440"}, "Asset Turnover": {"2020-12-31": "0.21970", "2020-09-30": "0.23440", "2020-06-30": "0.15140", "2020-03-31": "0.16330", "2019-12-31": "0.15330", "2019-09-30": "0.14610", "2019-06-30": "0.28230", "2019-03-31": "0.14640", "2018-12-31": "0.14140", "2018-09-30": "0.17660", "2018-06-30": "0.08980", "2018-03-31": "0.08140", "2017-12-31": "0.09380", "2017-09-30": "0.08970", "2017-06-30": "0.08340", "2017-03-31": "0.08940", "2016-12-31": "0.11460", "2016-09-30": "0.11810", "2016-06-30": "0.11900", "2016-03-31": "0.11090", "2015-12-31": "0.11500", "2015-09-30": "0.10740", "2015-06-30": "0.11150", "2015-03-31": "0.14610", "2014-12-31": "0.14650", "2014-09-30": "0.13780", "2014-06-30": "0.14080", "2014-03-31": "0.13300", "2013-12-31": "0.14310", "2013-09-30": "0.14240", "2013-06-30": "0.13340", "2013-03-31": "0.12870", "2012-12-31": "0.13420", "2012-09-30": "0.11320", "2012-06-30": "0.10900", "2012-03-31": "0.11900", "2011-12-31": "0.12450", "2011-09-30": "0.11300", "2011-06-30": "0.10320", "2011-03-31": "0.11440", "2010-12-31": "0.10700", "2010-09-30": "0.09650", "2010-06-30": "0.09180", "2010-03-31": "0.09340", "2009-12-31": "0.09240", "2009-09-30": "0.09700", "2009-06-30": "0.10710", "2009-03-31": "0.10190", "2008-12-31": "0.10730", "2008-09-30": "0.13490", "2008-06-30": "0.14090", "2008-03-31": "0.14360", "2007-12-31": "0.13300", "2007-09-30": "0.12470", "2007-06-30": "0.12600", "2007-03-31": "0.12870", "2006-12-31": "0.12360", "2006-09-30": "0.13150", "2006-06-30": "0.13260", "2006-03-31": "0.12340", "2005-12-31": "0.12960", "2005-09-30": "0.12500", "2005-06-30": "0.11730", "2005-03-31": "0.11560"}, "Inventory Turnover Ratio": {"2020-12-31": "1.36720", "2020-09-30": "1.06430", "2020-06-30": "0.88780", "2020-03-31": "1.35120", "2019-12-31": "1.48800", "2019-09-30": "1.51290", "2019-06-30": "1.19170", "2019-03-31": "1.26320", "2018-12-31": "1.28860", "2018-09-30": "1.68400", "2018-06-30": "1.39550", "2018-03-31": "1.24600", "2017-12-31": "1.42250", "2017-09-30": "1.30370", "2017-06-30": "1.24280", "2017-03-31": "1.06870", "2016-12-31": "1.27910", "2016-09-30": "1.63240", "2016-06-30": "1.89390", "2016-03-31": "1.50040", "2015-12-31": "2.08390", "2015-09-30": "1.50940", "2015-06-30": "1.54830", "2015-03-31": "1.41210", "2014-12-31": "1.73030", "2014-09-30": "1.89160", "2014-06-30": "2.31220", "2014-03-31": "2.16390", "2013-12-31": "2.54320", "2013-09-30": "2.08450", "2013-06-30": "1.44590", "2013-03-31": "1.59840", "2012-12-31": "1.75180", "2012-09-30": "1.78640", "2012-06-30": "2.09630", "2012-03-31": "2.28300", "2011-12-31": "2.45660", "2011-09-30": "1.95690", "2011-06-30": "1.69720", "2011-03-31": "1.74750", "2010-12-31": "1.81710", "2010-09-30": "1.56060", "2010-06-30": "1.91030", "2010-03-31": "2.01240", "2009-12-31": "2.33140", "2009-09-30": "1.47460", "2009-06-30": "2.30400", "2009-03-31": "1.80440", "2008-12-31": "1.64850", "2008-09-30": "1.76970", "2008-06-30": "1.43850", "2008-03-31": "1.33990", "2007-12-31": "1.50000", "2007-09-30": "1.54580", "2007-06-30": "1.73740", "2007-03-31": "1.82710", "2006-12-31": "1.92120", "2006-09-30": "2.34000", "2006-06-30": "2.15830", "2006-03-31": "2.38990", "2005-12-31": "2.65130", "2005-09-30": "2.48590", "2005-06-30": "2.08020", "2005-03-31": "2.45860"}, "Receiveable Turnover": {"2020-12-31": "1.98530", "2020-09-30": "2.08470", "2020-06-30": "2.64920", "2020-03-31": "1.69300", "2019-12-31": "1.85500", "2019-09-30": "1.94820", "2019-06-30": "4.03140", "2019-03-31": "1.36940", "2018-12-31": "1.41330", "2018-09-30": "1.99000", "2018-06-30": "1.76320", "2018-03-31": "1.47670", "2017-12-31": "1.97670", "2017-09-30": "1.61670", "2017-06-30": "1.52070", "2017-03-31": "1.19400", "2016-12-31": "2.87720", "2016-09-30": "2.78680", "2016-06-30": "3.11710", "2016-03-31": "3.19390", "2015-12-31": "4.36510", "2015-09-30": "2.77800", "2015-06-30": "2.97400", "2015-03-31": "3.34990", "2014-12-31": "3.17060", "2014-09-30": "2.77450", "2014-06-30": "3.26580", "2014-03-31": "2.87190", "2013-12-31": "4.99020", "2013-09-30": "3.02570", "2013-06-30": "3.20320", "2013-03-31": "3.24190", "2012-12-31": "3.65390", "2012-09-30": "3.33860", "2012-06-30": "3.70080", "2012-03-31": "4.15730", "2011-12-31": "4.52270", "2011-09-30": "4.14500", "2011-06-30": "4.35460", "2011-03-31": "5.41260", "2010-12-31": "5.09590", "2010-09-30": "4.03970", "2010-06-30": "3.38350", "2010-03-31": "3.91620", "2009-12-31": "4.33440", "2009-09-30": "3.80290", "2009-06-30": "2.91940", "2009-03-31": "3.05350", "2008-12-31": "2.66910", "2008-09-30": "0.79630", "2008-06-30": "3.01200", "2008-03-31": "3.57970", "2007-12-31": "3.47080", "2007-09-30": "3.22520", "2007-06-30": "3.04320", "2007-03-31": "3.11060", "2006-12-31": "2.91340", "2006-09-30": "2.85710", "2006-06-30": "2.80720", "2006-03-31": "3.22320", "2005-12-31": "2.39150", "2005-09-30": "2.86760", "2005-06-30": "2.14200", "2005-03-31": "2.68700"}, "Days Sales In Receivables": {"2020-12-31": "45.33330", "2020-09-30": "43.17200", "2020-06-30": "33.97300", "2020-03-31": "53.16140", "2019-12-31": "48.51880", "2019-09-30": "46.19650", "2019-06-30": "22.32490", "2019-03-31": "65.72060", "2018-12-31": "63.68030", "2018-09-30": "45.22580", "2018-06-30": "51.04360", "2018-03-31": "60.94830", "2017-12-31": "45.52940", "2017-09-30": "55.66760", "2017-06-30": "59.18450", "2017-03-31": "75.37680", "2016-12-31": "31.28020", "2016-09-30": "32.29460", "2016-06-30": "28.87330", "2016-03-31": "28.17870", "2015-12-31": "20.61820", "2015-09-30": "32.39740", "2015-06-30": "30.26240", "2015-03-31": "26.86680", "2014-12-31": "28.38570", "2014-09-30": "32.43870", "2014-06-30": "27.55800", "2014-03-31": "31.33820", "2013-12-31": "18.03530", "2013-09-30": "29.74540", "2013-06-30": "28.09710", "2013-03-31": "27.76130", "2012-12-31": "24.63110", "2012-09-30": "26.95750", "2012-06-30": "24.31910", "2012-03-31": "21.64880", "2011-12-31": "19.89960", "2011-09-30": "21.71280", "2011-06-30": "20.66800", "2011-03-31": "16.62790", "2010-12-31": "17.66130", "2010-09-30": "22.27870", "2010-06-30": "26.60000", "2010-03-31": "22.98160", "2009-12-31": "20.76410", "2009-09-30": "23.66640", "2009-06-30": "30.82820", "2009-03-31": "29.47450", "2008-12-31": "33.71870", "2008-09-30": "113.02640", "2008-06-30": "29.88050", "2008-03-31": "25.14200", "2007-12-31": "25.93030", "2007-09-30": "27.90550", "2007-06-30": "29.57420", "2007-03-31": "28.93290", "2006-12-31": "30.89150", "2006-09-30": "31.50000", "2006-06-30": "32.06050", "2006-03-31": "27.92260", "2005-12-31": "37.63350", "2005-09-30": "31.38460", "2005-06-30": "42.01770", "2005-03-31": "33.49450"}, "ROE - Return On Equity": {"2020-12-31": "33.26560", "2020-09-30": "48.70820", "2020-06-30": "25.55960", "2020-03-31": "15.36950", "2019-12-31": "20.49640", "2019-09-30": "10.30760", "2019-06-30": "39.33740", "2019-03-31": "17.14950", "2018-12-31": "29.52720", "2018-09-30": "-63.56880", "2018-06-30": "5.21070", "2018-03-31": "1.38540", "2017-12-31": "-25.00840", "2017-09-30": "0.48460", "2017-06-30": "2.76510", "2017-03-31": "2.39040", "2016-12-31": "2.18230", "2016-09-30": "5.03340", "2016-06-30": "4.70980", "2016-03-31": "3.92750", "2015-12-31": "4.94820", "2015-09-30": "3.38070", "2015-06-30": "3.56370", "2015-03-31": "2.78060", "2014-12-31": "5.07740", "2014-09-30": "4.83840", "2014-06-30": "5.76740", "2014-03-31": "5.11860", "2013-12-31": "3.89990", "2013-09-30": "4.15940", "2013-06-30": "4.19870", "2013-03-31": "4.95110", "2012-12-31": "5.38270", "2012-09-30": "3.69350", "2012-06-30": "3.69880", "2012-03-31": "4.51210", "2011-12-31": "4.91280", "2011-09-30": "3.90780", "2011-06-30": "3.74510", "2011-03-31": "5.05580", "2010-12-31": "5.50670", "2010-09-30": "5.14430", "2010-06-30": "4.18380", "2010-03-31": "3.73550", "2009-12-31": "3.93860", "2009-09-30": "4.93700", "2009-06-30": "3.93890", "2009-03-31": "-1.68880", "2008-12-31": "1.98980", "2008-09-30": "4.89860", "2008-06-30": "4.44550", "2008-03-31": "4.94930", "2007-12-31": "4.91350", "2007-09-30": "7.14240", "2007-06-30": "5.00880", "2007-03-31": "4.83030", "2006-12-31": "4.57140", "2006-09-30": "4.58000", "2006-06-30": "4.94690", "2006-03-31": "4.42540", "2005-12-31": "5.17880", "2005-09-30": "4.83860", "2005-06-30": "5.36040", "2005-03-31": "5.05420"}, "Return On Tangible Equity": {"2020-12-31": "-473.02500", "2020-09-30": "-155.87150", "2020-06-30": "-17.81950", "2020-03-31": "-9.10860", "2019-12-31": "-24.15770", "2019-09-30": "-14.27360", "2019-06-30": "-67.26130", "2019-03-31": "-13.41290", "2018-12-31": "-19.69030", "2018-09-30": "5.93340", "2018-06-30": "9.06210", "2018-03-31": "2.40740", "2017-12-31": "-43.55070", "2017-09-30": "0.73090", "2017-06-30": "4.14270", "2017-03-31": "3.60910", "2016-12-31": "3.07010", "2016-09-30": "7.07870", "2016-06-30": "6.77080", "2016-03-31": "5.79570", "2015-12-31": "7.29900", "2015-09-30": "4.78530", "2015-06-30": "4.45880", "2015-03-31": "3.39750", "2014-12-31": "6.17690", "2014-09-30": "5.90380", "2014-06-30": "6.99150", "2014-03-31": "6.25000", "2013-12-31": "4.76170", "2013-09-30": "5.07820", "2013-06-30": "5.10710", "2013-03-31": "6.02560", "2012-12-31": "6.65410", "2012-09-30": "4.64220", "2012-06-30": "4.84010", "2012-03-31": "5.69260", "2011-12-31": "6.42790", "2011-09-30": "5.15630", "2011-06-30": "4.92300", "2011-03-31": "5.90380", "2010-12-31": "6.86630", "2010-09-30": "6.56350", "2010-06-30": "5.41310", "2010-03-31": "4.79440", "2009-12-31": "5.02960", "2009-09-30": "6.36460", "2009-06-30": "5.24140", "2009-03-31": "-2.31420", "2008-12-31": "2.71430", "2008-09-30": "6.59760", "2008-06-30": "4.88700", "2008-03-31": "5.48830", "2007-12-31": "5.43550", "2007-09-30": "8.16840", "2007-06-30": "5.46200", "2007-03-31": "5.29540", "2006-12-31": "5.04080", "2006-09-30": "5.04270", "2006-06-30": "5.46680", "2006-03-31": "4.78920", "2005-12-31": "5.43810", "2005-09-30": "5.10050", "2005-06-30": "5.64400", "2005-03-31": "5.32110"}, "ROA - Return On Assets": {"2020-12-31": "6.55030", "2020-09-30": "8.31600", "2020-06-30": "2.61380", "2020-03-31": "1.46530", "2019-12-31": "2.79360", "2019-09-30": "1.53530", "2019-06-30": "6.29600", "2019-03-31": "1.94870", "2018-12-31": "3.11860", "2018-09-30": "-1.56790", "2018-06-30": "1.93590", "2018-03-31": "0.51460", "2017-12-31": "-9.29740", "2017-09-30": "0.22750", "2017-06-30": "1.34360", "2017-03-31": "1.33560", "2016-12-31": "1.30050", "2016-09-30": "3.05390", "2016-06-30": "2.84130", "2016-03-31": "2.32520", "2015-12-31": "2.97840", "2015-09-30": "2.09070", "2015-06-30": "2.26220", "2015-03-31": "2.23010", "2014-12-31": "4.06840", "2014-09-30": "3.90130", "2014-06-30": "4.62620", "2014-03-31": "4.08980", "2013-12-31": "3.12000", "2013-09-30": "3.29770", "2013-06-30": "3.37110", "2013-03-31": "3.91390", "2012-12-31": "4.24390", "2012-09-30": "2.88060", "2012-06-30": "2.84130", "2012-03-31": "3.46250", "2011-12-31": "3.72280", "2011-09-30": "2.89390", "2011-06-30": "2.80630", "2011-03-31": "3.73700", "2010-12-31": "4.00120", "2010-09-30": "3.50970", "2010-06-30": "2.82980", "2010-03-31": "2.71610", "2009-12-31": "2.90970", "2009-09-30": "3.65460", "2009-06-30": "2.86630", "2009-03-31": "-1.20000", "2008-12-31": "1.45380", "2008-09-30": "3.55700", "2008-06-30": "3.81690", "2008-03-31": "4.21990", "2007-12-31": "4.18030", "2007-09-30": "6.11520", "2007-06-30": "4.32610", "2007-03-31": "4.20770", "2006-12-31": "3.96620", "2006-09-30": "4.03730", "2006-06-30": "4.37030", "2006-03-31": "3.99080", "2005-12-31": "4.61690", "2005-09-30": "4.31120", "2005-06-30": "4.83680", "2005-03-31": "4.50470"}, "ROI - Return On Investment": {"2020-12-31": "10.85760", "2020-09-30": "13.89480", "2020-06-30": "4.51120", "2020-03-31": "2.83740", "2019-12-31": "5.15320", "2019-09-30": "2.75810", "2019-06-30": "11.37700", "2019-03-31": "3.44040", "2018-12-31": "5.61960", "2018-09-30": "-3.17210", "2018-06-30": "3.12650", "2018-03-31": "0.76420", "2017-12-31": "-13.81600", "2017-09-30": "0.29710", "2017-06-30": "1.70660", "2017-03-31": "1.81470", "2016-12-31": "1.65530", "2016-09-30": "3.82760", "2016-06-30": "3.54880", "2016-03-31": "2.93720", "2015-12-31": "3.72300", "2015-09-30": "2.56630", "2015-06-30": "2.74420", "2015-03-31": "2.78060", "2014-12-31": "5.07740", "2014-09-30": "4.83840", "2014-06-30": "5.76740", "2014-03-31": "5.11860", "2013-12-31": "3.89990", "2013-09-30": "4.15940", "2013-06-30": "4.19870", "2013-03-31": "4.95110", "2012-12-31": "5.38270", "2012-09-30": "3.69350", "2012-06-30": "3.69880", "2012-03-31": "4.51210", "2011-12-31": "4.91280", "2011-09-30": "3.90780", "2011-06-30": "3.74510", "2011-03-31": "5.05580", "2010-12-31": "5.50670", "2010-09-30": "5.14430", "2010-06-30": "4.18380", "2010-03-31": "3.73550", "2009-12-31": "3.93860", "2009-09-30": "4.93700", "2009-06-30": "3.93890", "2009-03-31": "-1.68880", "2008-12-31": "1.98980", "2008-09-30": "4.89860", "2008-06-30": "4.44550", "2008-03-31": "4.94930", "2007-12-31": "4.91350", "2007-09-30": "7.14240", "2007-06-30": "5.00880", "2007-03-31": "4.83030", "2006-12-31": "4.57140", "2006-09-30": "4.58000", "2006-06-30": "4.94690", "2006-03-31": "4.42540", "2005-12-31": "5.17880", "2005-09-30": "4.83860", "2005-06-30": "5.36040", "2005-03-31": "5.05420"}, "Book Value Per Share": {"2020-12-31": "6.49650", "2020-09-30": "5.37310", "2020-06-30": "2.93090", "2020-03-31": "2.70190", "2019-12-31": "3.94840", "2019-09-30": "4.28730", "2019-06-30": "4.48520", "2019-03-31": "3.18450", "2018-12-31": "2.98930", "2018-09-30": "0.66200", "2018-06-30": "15.70320", "2018-03-31": "16.07220", "2017-12-31": "16.16490", "2017-09-30": "20.85890", "2017-06-30": "21.19440", "2017-03-31": "21.21460", "2016-12-31": "21.11370", "2016-09-30": "21.52300", "2016-06-30": "20.79970", "2016-03-31": "20.20250", "2015-12-31": "20.22270", "2015-09-30": "20.61290", "2015-06-30": "21.03680", "2015-03-31": "23.16840", "2014-12-31": "23.46980", "2014-09-30": "23.46680", "2014-06-30": "23.11500", "2014-03-31": "22.68860", "2013-12-31": "21.94840", "2013-09-30": "21.41660", "2013-06-30": "21.82520", "2013-03-31": "21.80070", "2012-12-31": "20.60260", "2012-09-30": "19.66300", "2012-06-30": "19.04500", "2012-03-31": "18.62650", "2011-12-31": "16.89210", "2011-09-30": "16.04520", "2011-06-30": "15.68340", "2011-03-31": "15.00660", "2010-12-31": "13.91430", "2010-09-30": "12.93920", "2010-06-30": "12.35920", "2010-03-31": "12.63420", "2009-12-31": "12.75570", "2009-09-30": "12.17260", "2009-06-30": "11.27850", "2009-03-31": "10.35270", "2008-12-31": "10.39240", "2008-09-30": "10.83580", "2008-06-30": "10.25980", "2008-03-31": "9.57140", "2007-12-31": "9.58260", "2007-09-30": "9.62030", "2007-06-30": "9.52870", "2007-03-31": "9.02700", "2006-12-31": "8.56500", "2006-09-30": "8.11500", "2006-06-30": "7.84900", "2006-03-31": "8.00960", "2005-12-31": "7.25580", "2005-09-30": "6.77990", "2005-06-30": "6.41710", "2005-03-31": "6.41440"}, "Operating Cash Flow Per Share": {"2020-12-31": "2.74650", "2020-09-30": 1.4842, "2020-06-30": 1.6636, "2020-03-31": 0.9477, "2019-12-31": "0.96460", "2019-09-30": 1.0501, "2019-06-30": 3.9771, "2019-03-31": 0.6538, "2018-12-31": "0.29110", "2018-09-30": -0.2414, "2018-06-30": 1.3878, "2018-03-31": 0.3318, "2017-12-31": "1.19300", "2017-09-30": 1.628, "2017-06-30": 0.1125, "2017-03-31": 0.555, "2016-12-31": "1.06090", "2016-09-30": 1.5174, "2016-06-30": 1.257, "2016-03-31": 0.5149, "2015-12-31": "1.80550", "2015-09-30": 1.0132, "2015-06-30": 1.3228, "2015-03-31": -0.3787, "2014-12-31": "1.40210", "2014-09-30": 0.9445, "2014-06-30": 1.5673, "2014-03-31": 1.0581, "2013-12-31": "1.61500", "2013-09-30": 1.4533, "2013-06-30": 1.1741, "2013-03-31": 1.2493, "2012-12-31": "1.12790", "2012-09-30": 0.8347, "2012-06-30": 0.5066, "2012-03-31": 1.0701, "2011-12-31": "1.03370", "2011-09-30": 1.0955, "2011-06-30": 0.727, "2011-03-31": 1.0461, "2010-12-31": "0.02910", "2010-09-30": 0.6417, "2010-06-30": 0.6057, "2010-03-31": 0.4783, "2009-12-31": "0.73270", "2009-09-30": 0.7938, "2009-06-30": 0.6076, "2009-03-31": 0.7853, "2008-12-31": "2.10020", "2008-09-30": 0.5914, "2008-06-30": 0.44, "2008-03-31": 0.5832, "2007-12-31": "0.52880", "2007-09-30": 0.6266, "2007-06-30": 0.573, "2007-03-31": 0.5832, "2006-12-31": "0.46820", "2006-09-30": 0.5696, "2006-06-30": 0.4687, "2006-03-31": 0.5127, "2005-12-31": "0.35020", "2005-09-30": 0.5511, "2005-06-30": 0.3197, "2005-03-31": 0.7148}, "Free Cash Flow Per Share": {"2020-12-31": "2.34080", "2020-09-30": 3.2772, "2020-06-30": 1.2909, "2020-03-31": 0.6461, "2019-12-31": "0.70920", "2019-09-30": 0.9484, "2019-06-30": 3.7786, "2019-03-31": 0.5136, "2018-12-31": "0.16680", "2018-09-30": 5.9233, "2018-06-30": 1.2426, "2018-03-31": 0.2098, "2017-12-31": "1.03990", "2017-09-30": 1.452, "2017-06-30": -0.006, "2017-03-31": 0.4727, "2016-12-31": "0.97460", "2016-09-30": 1.4194, "2016-06-30": 1.1641, "2016-03-31": 0.4303, "2015-12-31": "1.72120", "2015-09-30": 0.9704, "2015-06-30": 1.1908, "2015-03-31": -0.4981, "2014-12-31": "1.25210", "2014-09-30": 0.8104, "2014-06-30": 1.4954, "2014-03-31": 0.7164, "2013-12-31": "1.49300", "2013-09-30": 1.3159, "2013-06-30": 0.9965, "2013-03-31": 1.0861, "2012-12-31": "1.01090", "2012-09-30": 0.6854, "2012-06-30": 0.2827, "2012-03-31": 0.9144, "2011-12-31": "0.82510", "2011-09-30": 0.9788, "2011-06-30": 0.6002, "2011-03-31": 1.0008, "2010-12-31": "-0.03280", "2010-09-30": 0.5753, "2010-06-30": 0.5319, "2010-03-31": 0.4135, "2009-12-31": "0.68070", "2009-09-30": 0.7072, "2009-06-30": 0.5227, "2009-03-31": 0.6423, "2008-12-31": "1.95980", "2008-09-30": 0.3441, "2008-06-30": 0.1062, "2008-03-31": 0.399, "2007-12-31": "0.45250", "2007-09-30": 0.4786, "2007-06-30": 0.4824, "2007-03-31": 0.5297, "2006-12-31": "0.27720", "2006-09-30": 0.4911, "2006-06-30": 0.3642, "2006-03-31": 0.4206, "2005-12-31": "0.22500", "2005-09-30": 0.4714, "2005-06-30": 0.2249, "2005-03-31": 0.5493}}, "revenue": {"QUALCOMM Annual Revenue (Millions of US $)": {"2020": "$23,531", "2019": "$24,273", "2018": "$22,611", "2017": "$22,258", "2016": "$23,554", "2015": "$25,281", "2014": "$26,487", "2013": "$24,866", "2012": "$19,121", "2011": "$14,957", "2010": "$10,982", "2009": "$10,387", "2008": "$11,142", "2007": "$8,871", "2006": "$7,526", "2005": "$5,673"}, "QUALCOMM Quarterly Revenue (Millions of US $)": {"2020-12-31": "$8,235", "2020-09-30": "$8,345", "2020-06-30": "$4,893", "2020-03-31": "$5,216", "2019-12-31": "$5,077", "2019-09-30": "$4,814", "2019-06-30": "$9,635", "2019-03-31": "$4,982", "2018-12-31": "$4,842", "2018-09-30": "$5,779", "2018-06-30": "$5,577", "2018-03-31": "$5,220", "2017-12-31": "$6,035", "2017-09-30": "$5,872", "2017-06-30": "$5,371", "2017-03-31": "$5,016", "2016-12-31": "$5,999", "2016-09-30": "$6,184", "2016-06-30": "$6,044", "2016-03-31": "$5,551", "2015-12-31": "$5,775", "2015-09-30": "$5,456", "2015-06-30": "$5,832", "2015-03-31": "$6,894", "2014-12-31": "$7,099", "2014-09-30": "$6,692", "2014-06-30": "$6,806", "2014-03-31": "$6,367", "2013-12-31": "$6,622", "2013-09-30": "$6,481", "2013-06-30": "$6,243", "2013-03-31": "$6,124", "2012-12-31": "$6,018", "2012-09-30": "$4,871", "2012-06-30": "$4,626", "2012-03-31": "$4,943", "2011-12-31": "$4,681", "2011-09-30": "$4,116", "2011-06-30": "$3,623", "2011-03-31": "$3,870", "2010-12-31": "$3,348", "2010-09-30": "$2,949", "2010-06-30": "$2,700", "2010-03-31": "$2,663", "2009-12-31": "$2,670", "2009-09-30": "$2,662", "2009-06-30": "$2,753", "2009-03-31": "$2,455", "2008-12-31": "$2,517", "2008-09-30": "$3,334", "2008-06-30": "$2,762", "2008-03-31": "$2,606", "2007-12-31": "$2,440", "2007-09-30": "$2,306", "2007-06-30": "$2,325", "2007-03-31": "$2,221", "2006-12-31": "$2,019", "2006-09-30": "$2,000", "2006-06-30": "$1,951", "2006-03-31": "$1,834", "2005-12-31": "$1,741", "2005-09-30": "$1,560", "2005-06-30": "$1,358", "2005-03-31": "$1,365"}}, "gross-profit": {"QUALCOMM Annual Gross Profit (Millions of US $)": {"2020": "$14,276", "2019": "$15,674", "2018": "$12,367", "2017": "$12,466", "2016": "$13,805", "2015": "$14,903", "2014": "$15,801", "2013": "$15,046", "2012": "$12,025", "2011": "$10,080", "2010": "$7,681", "2009": "$7,362", "2008": "$7,728", "2007": "$6,190", "2006": "$5,344", "2005": "$4,028"}, "QUALCOMM Quarterly Gross Profit (Millions of US $)": {"2020-12-31": "$4,746", "2020-09-30": "$5,580", "2020-06-30": "$2,813", "2020-03-31": "$2,919", "2019-12-31": "$2,964", "2019-09-30": "$2,696", "2019-06-30": "$7,521", "2019-03-31": "$2,803", "2018-12-31": "$2,654", "2018-09-30": "$2,928", "2018-06-30": "$3,086", "2018-03-31": "$2,981", "2017-12-31": "$3,372", "2017-09-30": "$3,219", "2017-06-30": "$2,883", "2017-03-31": "$2,808", "2016-12-31": "$3,556", "2016-09-30": "$3,644", "2016-06-30": "$3,510", "2016-03-31": "$3,410", "2015-12-31": "$3,241", "2015-09-30": "$3,204", "2015-06-30": "$3,381", "2015-03-31": "$4,266", "2014-12-31": "$4,052", "2014-09-30": "$3,934", "2014-06-30": "$4,066", "2014-03-31": "$3,885", "2013-12-31": "$3,916", "2013-09-30": "$3,767", "2013-06-30": "$3,746", "2013-03-31": "$3,752", "2012-12-31": "$3,781", "2012-09-30": "$3,031", "2012-06-30": "$2,907", "2012-03-31": "$3,160", "2011-12-31": "$2,927", "2011-09-30": "$2,619", "2011-06-30": "$2,345", "2011-03-31": "$2,811", "2010-12-31": "$2,305", "2010-09-30": "$2,125", "2010-06-30": "$1,848", "2010-03-31": "$1,854", "2009-12-31": "$1,854", "2009-09-30": "$1,994", "2009-06-30": "$1,889", "2009-03-31": "$1,717", "2008-12-31": "$1,762", "2008-09-30": "$2,412", "2008-06-30": "$1,873", "2008-03-31": "$1,786", "2007-12-31": "$1,657", "2007-09-30": "$1,581", "2007-06-30": "$1,637", "2007-03-31": "$1,587", "2006-12-31": "$1,385", "2006-09-30": "$1,415", "2006-06-30": "$1,392", "2006-03-31": "$1,313", "2005-12-31": "$1,224", "2005-09-30": "$1,120", "2005-06-30": "$969", "2005-03-31": "$979"}}, "operating-income": {"QUALCOMM Annual Operating Income (Millions of US $)": {"2020": "$6,255", "2019": "$7,667", "2018": "$621", "2017": "$2,581", "2016": "$6,495", "2015": "$5,776", "2014": "$7,550", "2013": "$7,230", "2012": "$5,682", "2011": "$5,026", "2010": "$3,727", "2009": "$2,542", "2008": "$3,730", "2007": "$2,883", "2006": "$2,690", "2005": "$2,386"}, "QUALCOMM Quarterly Operating Income (Millions of US $)": {"2020-12-31": "$2,526", "2020-09-30": "$3,452", "2020-06-30": "$782", "2020-03-31": "$991", "2019-12-31": "$1,030", "2019-09-30": "$700", "2019-06-30": "$5,317", "2019-03-31": "$940", "2018-12-31": "$710", "2018-09-30": "$-678", "2018-06-30": "$903", "2018-03-31": "$400", "2017-12-31": "$-4", "2017-09-30": "$301", "2017-06-30": "$773", "2017-03-31": "$729", "2016-12-31": "$778", "2016-09-30": "$1,803", "2016-06-30": "$1,592", "2016-03-31": "$1,415", "2015-12-31": "$1,685", "2015-09-30": "$1,141", "2015-06-30": "$1,235", "2015-03-31": "$1,336", "2014-12-31": "$2,064", "2014-09-30": "$1,992", "2014-06-30": "$2,075", "2014-03-31": "$1,990", "2013-12-31": "$1,493", "2013-09-30": "$1,588", "2013-06-30": "$1,677", "2013-03-31": "$1,877", "2012-12-31": "$2,088", "2012-09-30": "$1,235", "2012-06-30": "$1,382", "2012-03-31": "$1,514", "2011-12-31": "$1,551", "2011-09-30": "$1,236", "2011-06-30": "$1,113", "2011-03-31": "$1,430", "2010-12-31": "$1,247", "2010-09-30": "$1,179", "2010-06-30": "$893", "2010-03-31": "$776", "2009-12-31": "$879", "2009-09-30": "$913", "2009-06-30": "$894", "2009-03-31": "$-10", "2008-12-31": "$745", "2008-09-30": "$1,336", "2008-06-30": "$824", "2008-03-31": "$813", "2007-12-31": "$757", "2007-09-30": "$777", "2007-06-30": "$782", "2007-03-31": "$748", "2006-12-31": "$576", "2006-09-30": "$681", "2006-06-30": "$704", "2006-03-31": "$660", "2005-12-31": "$645", "2005-09-30": "$670", "2005-06-30": "$560", "2005-03-31": "$572"}}, "ebitda": {"QUALCOMM Annual EBITDA (Millions of US $)": {"2020": "$7,648", "2019": "$9,271", "2018": "$2,455", "2017": "$4,118", "2016": "$8,030", "2015": "$6,990", "2014": "$8,700", "2013": "$8,247", "2012": "$6,579", "2011": "$6,215", "2010": "$4,393", "2009": "$3,177", "2008": "$4,186", "2007": "$3,266", "2006": "$2,962", "2005": "$2,586"}, "QUALCOMM Quarterly EBITDA (Millions of US $)": {"2020-12-31": "$2,890", "2020-09-30": "$3,791", "2020-06-30": "$1,145", "2020-03-31": "$1,331", "2019-12-31": "$1,381", "2019-09-30": "$1,050", "2019-06-30": "$5,670", "2019-03-31": "$1,338", "2018-12-31": "$1,213", "2018-09-30": "$-105", "2018-06-30": "$1,413", "2018-03-31": "$788", "2017-12-31": "$359", "2017-09-30": "$774", "2017-06-30": "$1,166", "2017-03-31": "$1,039", "2016-12-31": "$1,139", "2016-09-30": "$2,246", "2016-06-30": "$1,948", "2016-03-31": "$1,785", "2015-12-31": "$2,051", "2015-09-30": "$1,467", "2015-06-30": "$1,532", "2015-03-31": "$1,565", "2014-12-31": "$2,426", "2014-09-30": "$2,289", "2014-06-30": "$2,367", "2014-03-31": "$2,279", "2013-12-31": "$1,765", "2013-09-30": "$1,861", "2013-06-30": "$1,932", "2013-03-31": "$2,125", "2012-12-31": "$2,329", "2012-09-30": "$1,492", "2012-06-30": "$1,603", "2012-03-31": "$1,725", "2011-12-31": "$1,759", "2011-09-30": "$1,491", "2011-06-30": "$1,298", "2011-03-31": "$1,978", "2010-12-31": "$1,448", "2010-09-30": "$1,350", "2010-06-30": "$1,059", "2010-03-31": "$943", "2009-12-31": "$1,041", "2009-09-30": "$1,088", "2009-06-30": "$1,048", "2009-03-31": "$144", "2008-12-31": "$897", "2008-09-30": "$1,456", "2008-06-30": "$941", "2008-03-31": "$924", "2007-12-31": "$865", "2007-09-30": "$877", "2007-06-30": "$881", "2007-03-31": "$841", "2006-12-31": "$667", "2006-09-30": "$763", "2006-06-30": "$773", "2006-03-31": "$723", "2005-12-31": "$703", "2005-09-30": "$726", "2005-06-30": "$611", "2005-03-31": "$620"}}, "net-income": {"QUALCOMM Annual Net Income (Millions of US $)": {"2020": "$5,198", "2019": "$4,386", "2018": "$-4,964", "2017": "$2,445", "2016": "$5,705", "2015": "$5,271", "2014": "$7,967", "2013": "$6,853", "2012": "$6,109", "2011": "$4,260", "2010": "$3,247", "2009": "$1,592", "2008": "$3,160", "2007": "$3,303", "2006": "$2,470", "2005": "$2,143"}, "QUALCOMM Quarterly Net Income (Millions of US $)": {"2020-12-31": "$2,455", "2020-09-30": "$2,960", "2020-06-30": "$845", "2020-03-31": "$468", "2019-12-31": "$925", "2019-09-30": "$506", "2019-06-30": "$2,149", "2019-03-31": "$663", "2018-12-31": "$1,068", "2018-09-30": "$-513", "2018-06-30": "$1,202", "2018-03-31": "$330", "2017-12-31": "$-5,983", "2017-09-30": "$148", "2017-06-30": "$866", "2017-03-31": "$749", "2016-12-31": "$682", "2016-09-30": "$1,599", "2016-06-30": "$1,444", "2016-03-31": "$1,164", "2015-12-31": "$1,498", "2015-09-30": "$1,062", "2015-06-30": "$1,184", "2015-03-31": "$1,053", "2014-12-31": "$1,972", "2014-09-30": "$1,895", "2014-06-30": "$2,238", "2014-03-31": "$1,959", "2013-12-31": "$1,875", "2013-09-30": "$1,501", "2013-06-30": "$1,580", "2013-03-31": "$1,866", "2012-12-31": "$1,906", "2012-09-30": "$1,271", "2012-06-30": "$1,207", "2012-03-31": "$2,230", "2011-12-31": "$1,401", "2011-09-30": "$1,056", "2011-06-30": "$1,035", "2011-03-31": "$999", "2010-12-31": "$1,170", "2010-09-30": "$865", "2010-06-30": "$767", "2010-03-31": "$774", "2009-12-31": "$841", "2009-09-30": "$803", "2009-06-30": "$737", "2009-03-31": "$-289", "2008-12-31": "$341", "2008-09-30": "$879", "2008-06-30": "$748", "2008-03-31": "$766", "2007-12-31": "$767", "2007-09-30": "$1,131", "2007-06-30": "$798", "2007-03-31": "$726", "2006-12-31": "$648", "2006-09-30": "$614", "2006-06-30": "$643", "2006-03-31": "$593", "2005-12-31": "$620", "2005-09-30": "$538", "2005-06-30": "$560", "2005-03-31": "$532"}}, "eps-earnings-per-share-diluted": {"QUALCOMM Annual EPS": {"2020": "$4.52", "2019": "$3.59", "2018": "$-3.39", "2017": "$1.64", "2016": "$3.81", "2015": "$3.22", "2014": "$4.65", "2013": "$3.91", "2012": "$3.51", "2011": "$2.52", "2010": "$1.96", "2009": "$0.95", "2008": "$1.90", "2007": "$1.95", "2006": "$1.44", "2005": "$1.26"}, "QUALCOMM Quarterly EPS": {"2020-12-31": "$2.12", "2020-09-30": "$2.57", "2020-06-30": "$0.74", "2020-03-31": "$0.41", "2019-12-31": "$0.80", "2019-09-30": "$0.42", "2019-06-30": "$1.75", "2019-03-31": "$0.55", "2018-12-31": "$0.87", "2018-09-30": "$-0.37", "2018-06-30": "$0.81", "2018-03-31": "$0.22", "2017-12-31": "$-4.05", "2017-09-30": "$0.10", "2017-06-30": "$0.58", "2017-03-31": "$0.50", "2016-12-31": "$0.46", "2016-09-30": "$1.07", "2016-06-30": "$0.97", "2016-03-31": "$0.78", "2015-12-31": "$0.99", "2015-09-30": "$0.69", "2015-06-30": "$0.73", "2015-03-31": "$0.63", "2014-12-31": "$1.17", "2014-09-30": "$1.11", "2014-06-30": "$1.31", "2014-03-31": "$1.14", "2013-12-31": "$1.09", "2013-09-30": "$0.86", "2013-06-30": "$0.90", "2013-03-31": "$1.06", "2012-12-31": "$1.09", "2012-09-30": "$0.73", "2012-06-30": "$0.69", "2012-03-31": "$1.28", "2011-12-31": "$0.81", "2011-09-30": "$0.61", "2011-06-30": "$0.61", "2011-03-31": "$0.59", "2010-12-31": "$0.71", "2010-09-30": "$0.53", "2010-06-30": "$0.47", "2010-03-31": "$0.46", "2009-12-31": "$0.50", "2009-09-30": "$0.49", "2009-06-30": "$0.44", "2009-03-31": "$-0.18", "2008-12-31": "$0.20", "2008-09-30": "$0.52", "2008-06-30": "$0.45", "2008-03-31": "$0.47", "2007-12-31": "$0.46", "2007-09-30": "$0.67", "2007-06-30": "$0.47", "2007-03-31": "$0.43", "2006-12-31": "$0.38", "2006-09-30": "$0.37", "2006-06-30": "$0.37", "2006-03-31": "$0.34", "2005-12-31": "$0.36", "2005-09-30": "$0.32", "2005-06-30": "$0.33", "2005-03-31": "$0.31"}}, "shares-outstanding": {"QUALCOMM Annual Shares Outstanding (Millions of Shares)": {"2020": "1,149", "2019": "1,220", "2018": "1,463", "2017": "1,490", "2016": "1,498", "2015": "1,639", "2014": "1,714", "2013": "1,754", "2012": "1,741", "2011": "1,691", "2010": "1,658", "2009": "1,673", "2008": "1,660", "2007": "1,693", "2006": "1,711", "2005": "1,694"}, "QUALCOMM Quarterly Shares Outstanding (Millions of Shares)": {"2020-12-31": "1,156", "2020-09-30": "1,149", "2020-06-30": "1,139", "2020-03-31": "1,151", "2019-12-31": "1,159", "2019-09-30": "1,220", "2019-06-30": "1,231", "2019-03-31": "1,217", "2018-12-31": "1,223", "2018-09-30": "1,463", "2018-06-30": "1,487", "2018-03-31": "1,494", "2017-12-31": "1,477", "2017-09-30": "1,490", "2017-06-30": "1,491", "2017-03-31": "1,489", "2016-12-31": "1,495", "2016-09-30": "1,498", "2016-06-30": "1,486", "2016-03-31": "1,498", "2015-12-31": "1,517", "2015-09-30": "1,639", "2015-06-30": "1,629", "2015-03-31": "1,667", "2014-12-31": "1,686", "2014-09-30": "1,714", "2014-06-30": "1,714", "2014-03-31": "1,719", "2013-12-31": "1,722", "2013-09-30": "1,754", "2013-06-30": "1,765", "2013-03-31": "1,763", "2012-12-31": "1,751", "2012-09-30": "1,741", "2012-06-30": "1,758", "2012-03-31": "1,743", "2011-12-31": "1,721", "2011-09-30": "1,691", "2011-06-30": "1,709", "2011-03-31": "1,689", "2010-12-31": "1,648", "2010-09-30": "1,658", "2010-06-30": "1,642", "2010-03-31": "1,678", "2009-12-31": "1,691", "2009-09-30": "1,673", "2009-06-30": "1,675", "2009-03-31": "1,651", "2008-12-31": "1,667", "2008-09-30": "1,660", "2008-06-30": "1,654", "2008-03-31": "1,643", "2007-12-31": "1,664", "2007-09-30": "1,693", "2007-06-30": "1,704", "2007-03-31": "1,693", "2006-12-31": "1,685", "2006-09-30": "1,711", "2006-06-30": "1,728", "2006-03-31": "1,721", "2005-12-31": "1,702", "2005-09-30": "1,694", "2005-06-30": "1,683", "2005-03-31": "1,704"}}, "total-assets": {"QUALCOMM Annual Total Assets (Millions of US $)": {"2020": "$35,594", "2019": "$32,957", "2018": "$32,718", "2017": "$65,486", "2016": "$52,359", "2015": "$50,796", "2014": "$48,574", "2013": "$45,516", "2012": "$43,012", "2011": "$36,422", "2010": "$30,572", "2009": "$27,445", "2008": "$24,712", "2007": "$18,495", "2006": "$15,208", "2005": "$12,479"}, "QUALCOMM Quarterly Total Assets (Millions of US $)": {"2020-12-31": "$37,479", "2020-09-30": "$35,594", "2020-06-30": "$32,328", "2020-03-31": "$31,938", "2019-12-31": "$33,111", "2019-09-30": "$32,957", "2019-06-30": "$34,133", "2019-03-31": "$34,023", "2018-12-31": "$34,246", "2018-09-30": "$32,718", "2018-06-30": "$62,090", "2018-03-31": "$64,126", "2017-12-31": "$64,351", "2017-09-30": "$65,486", "2017-06-30": "$64,379", "2017-03-31": "$56,079", "2016-12-31": "$52,366", "2016-09-30": "$52,359", "2016-06-30": "$50,786", "2016-03-31": "$50,060", "2015-12-31": "$50,229", "2015-09-30": "$50,796", "2015-06-30": "$52,295", "2015-03-31": "$47,173", "2014-12-31": "$48,447", "2014-09-30": "$48,574", "2014-06-30": "$48,355", "2014-03-31": "$47,875", "2013-12-31": "$46,282", "2013-09-30": "$45,516", "2013-06-30": "$46,809", "2013-03-31": "$47,599", "2012-12-31": "$44,841", "2012-09-30": "$43,012", "2012-06-30": "$42,445", "2012-03-31": "$41,531", "2011-12-31": "$37,606", "2011-09-30": "$36,422", "2011-06-30": "$35,100", "2011-03-31": "$33,824", "2010-12-31": "$31,291", "2010-09-30": "$30,572", "2010-06-30": "$29,401", "2010-03-31": "$28,497", "2009-12-31": "$28,903", "2009-09-30": "$27,445", "2009-06-30": "$25,713", "2009-03-31": "$24,084", "2008-12-31": "$23,455", "2008-09-30": "$24,712", "2008-06-30": "$19,597", "2008-03-31": "$18,152", "2007-12-31": "$18,348", "2007-09-30": "$18,495", "2007-06-30": "$18,446", "2007-03-31": "$17,254", "2006-12-31": "$16,338", "2006-09-30": "$15,208", "2006-06-30": "$14,713", "2006-03-31": "$14,859", "2005-12-31": "$13,429", "2005-09-30": "$12,479", "2005-06-30": "$11,578", "2005-03-31": "$11,810"}}, "cash-on-hand": {"QUALCOMM Annual Cash on Hand (Millions of US $)": {"2020": "$11,214", "2019": "$12,260", "2018": "$12,088", "2017": "$37,308", "2016": "$18,648", "2015": "$17,321", "2014": "$17,565", "2013": "$14,966", "2012": "$12,374", "2011": "$11,652", "2010": "$10,279", "2009": "$11,069", "2008": "$6,411", "2007": "$7,002", "2006": "$5,721", "2005": "$6,548"}, "QUALCOMM Quarterly Cash on Hand (Millions of US $)": {"2020-12-31": "$12,298", "2020-09-30": "$11,214", "2020-06-30": "$10,600", "2020-03-31": "$9,946", "2019-12-31": "$11,423", "2019-09-30": "$12,260", "2019-06-30": "$14,358", "2019-03-31": "$10,330", "2018-12-31": "$10,315", "2018-09-30": "$12,088", "2018-06-30": "$35,910", "2018-03-31": "$39,571", "2017-12-31": "$35,403", "2017-09-30": "$37,308", "2017-06-30": "$20,863", "2017-03-31": "$9,982", "2016-12-31": "$10,812", "2016-09-30": "$18,648", "2016-06-30": "$17,110", "2016-03-31": "$16,402", "2015-12-31": "$16,528", "2015-09-30": "$17,321", "2015-06-30": "$21,331", "2015-03-31": "$15,555", "2014-12-31": "$17,788", "2014-09-30": "$17,565", "2014-06-30": "$18,153", "2014-03-31": "$16,628", "2013-12-31": "$17,280", "2013-09-30": "$14,966", "2013-06-30": "$11,461", "2013-03-31": "$13,493", "2012-12-31": "$13,275", "2012-09-30": "$12,374", "2012-06-30": "$13,395", "2012-03-31": "$15,079", "2011-12-31": "$11,540", "2011-09-30": "$11,652", "2011-06-30": "$10,728", "2011-03-31": "$13,025", "2010-12-31": "$10,509", "2010-09-30": "$10,279", "2010-06-30": "$9,968", "2010-03-31": "$11,156", "2009-12-31": "$12,164", "2009-09-30": "$11,069", "2009-06-30": "$9,880", "2009-03-31": "$9,415", "2008-12-31": "$9,020", "2008-09-30": "$6,411", "2008-06-30": "$6,940", "2008-03-31": "$6,462", "2007-12-31": "$7,351", "2007-09-30": "$7,002", "2007-06-30": "$7,308", "2007-03-31": "$6,551", "2006-12-31": "$5,947", "2006-09-30": "$5,721", "2006-06-30": "$5,871", "2006-03-31": "$7,465", "2005-12-31": "$6,984", "2005-09-30": "$6,548", "2005-06-30": "$5,717", "2005-03-31": "$6,397"}}, "long-term-debt": {"QUALCOMM Annual Long Term Debt (Millions of US $)": {"2020": "$15,226", "2019": "$13,437", "2018": "$15,365", "2017": "$19,398", "2016": "$10,008", "2015": "$9,969", "2014": "$", "2013": "$", "2012": "$", "2011": "$", "2010": "$", "2009": "$", "2008": "$", "2007": "$", "2006": "$", "2005": "$"}, "QUALCOMM Quarterly Long Term Debt (Millions of US $)": {"2020-12-31": "$15,231", "2020-09-30": "$15,226", "2020-06-30": "$15,425", "2020-03-31": "$13,449", "2019-12-31": "$13,437", "2019-09-30": "$13,437", "2019-06-30": "$13,426", "2019-03-31": "$15,405", "2018-12-31": "$15,388", "2018-09-30": "$15,365", "2018-06-30": "$15,378", "2018-03-31": "$19,361", "2017-12-31": "$19,381", "2017-09-30": "$19,398", "2017-06-30": "$19,403", "2017-03-31": "$9,939", "2016-12-31": "$9,935", "2016-09-30": "$10,008", "2016-06-30": "$10,024", "2016-03-31": "$9,993", "2015-12-31": "$9,950", "2015-09-30": "$9,969", "2015-06-30": "$9,913", "2015-03-31": "", "2014-12-31": "", "2014-09-30": "", "2014-06-30": "", "2014-03-31": "", "2013-12-31": "", "2013-09-30": "", "2013-06-30": "", "2013-03-31": "", "2012-12-31": "", "2012-09-30": "", "2012-06-30": "", "2012-03-31": "", "2011-12-31": "", "2011-09-30": "", "2011-06-30": "", "2011-03-31": "", "2010-12-31": "", "2010-09-30": "", "2010-06-30": "", "2010-03-31": "", "2009-12-31": "", "2009-09-30": "", "2009-06-30": "", "2009-03-31": "", "2008-12-31": "", "2008-09-30": "", "2008-06-30": "", "2008-03-31": "", "2007-12-31": "", "2007-09-30": "", "2007-06-30": "", "2007-03-31": "", "2006-12-31": "", "2006-09-30": "", "2006-06-30": "", "2006-03-31": "", "2005-12-31": "", "2005-09-30": "", "2005-06-30": "", "2005-03-31": ""}}, "total-liabilities": {"QUALCOMM Annual Total Liabilities (Millions of US $)": {"2020": "$29,517", "2019": "$28,048", "2018": "$31,911", "2017": "$34,740", "2016": "$20,591", "2015": "$19,382", "2014": "$9,408", "2013": "$9,429", "2012": "$9,467", "2011": "$9,450", "2010": "$9,714", "2009": "$7,129", "2008": "$6,768", "2007": "$2,660", "2006": "$1,802", "2005": "$1,360"}, "QUALCOMM Quarterly Total Liabilities (Millions of US $)": {"2020-12-31": "$30,099", "2020-09-30": "$29,517", "2020-06-30": "$29,022", "2020-03-31": "$28,893", "2019-12-31": "$28,598", "2019-09-30": "$28,048", "2019-06-30": "$28,670", "2019-03-31": "$30,157", "2018-12-31": "$30,629", "2018-09-30": "$31,911", "2018-06-30": "$39,022", "2018-03-31": "$40,307", "2017-12-31": "$40,427", "2017-09-30": "$34,740", "2017-06-30": "$33,096", "2017-03-31": "$24,745", "2016-12-31": "$21,160", "2016-09-30": "$20,591", "2016-06-30": "$20,148", "2016-03-31": "$20,423", "2015-12-31": "$19,996", "2015-09-30": "$19,382", "2015-06-30": "$19,099", "2015-03-31": "$9,339", "2014-12-31": "$9,628", "2014-09-30": "$9,408", "2014-06-30": "$9,568", "2014-03-31": "$9,622", "2013-12-31": "$9,255", "2013-09-30": "$9,429", "2013-06-30": "$9,226", "2013-03-31": "$9,971", "2012-12-31": "$9,487", "2012-09-30": "$9,467", "2012-06-30": "$9,840", "2012-03-31": "$9,661", "2011-12-31": "$9,109", "2011-09-30": "$9,450", "2011-06-30": "$8,799", "2011-03-31": "$8,823", "2010-12-31": "$8,555", "2010-09-30": "$9,714", "2010-06-30": "$9,515", "2010-03-31": "$7,777", "2009-12-31": "$7,550", "2009-09-30": "$7,129", "2009-06-30": "$7,002", "2009-03-31": "$6,971", "2008-12-31": "$6,318", "2008-09-30": "$6,768", "2008-06-30": "$2,771", "2008-03-31": "$2,675", "2007-12-31": "$2,738", "2007-09-30": "$2,660", "2007-06-30": "$2,514", "2007-03-31": "$2,224", "2006-12-31": "$2,163", "2006-09-30": "$1,802", "2006-06-30": "$1,715", "2006-03-31": "$1,459", "2005-12-31": "$1,457", "2005-09-30": "$1,360", "2005-06-30": "$1,131", "2005-03-31": "$1,284"}}, "total-share-holder-equity": {"QUALCOMM Annual Share Holder Equity (Millions of US $)": {"2020": "$6,077", "2019": "$4,909", "2018": "$807", "2017": "$30,746", "2016": "$31,768", "2015": "$31,414", "2014": "$39,166", "2013": "$36,087", "2012": "$33,545", "2011": "$26,972", "2010": "$20,858", "2009": "$20,316", "2008": "$17,944", "2007": "$15,835", "2006": "$13,406", "2005": "$11,119"}, "QUALCOMM Quarterly Share Holder Equity (Millions of US $)": {"2020-12-31": "$7,380", "2020-09-30": "$6,077", "2020-06-30": "$3,306", "2020-03-31": "$3,045", "2019-12-31": "$4,513", "2019-09-30": "$4,909", "2019-06-30": "$5,463", "2019-03-31": "$3,866", "2018-12-31": "$3,617", "2018-09-30": "$807", "2018-06-30": "$23,068", "2018-03-31": "$23,819", "2017-12-31": "$23,924", "2017-09-30": "$30,746", "2017-06-30": "$31,283", "2017-03-31": "$31,334", "2016-12-31": "$31,206", "2016-09-30": "$31,768", "2016-06-30": "$30,638", "2016-03-31": "$29,637", "2015-12-31": "$30,233", "2015-09-30": "$31,414", "2015-06-30": "$33,196", "2015-03-31": "$37,834", "2014-12-31": "$38,819", "2014-09-30": "$39,166", "2014-06-30": "$38,787", "2014-03-31": "$38,253", "2013-12-31": "$37,027", "2013-09-30": "$36,087", "2013-06-30": "$37,583", "2013-03-31": "$37,628", "2012-12-31": "$35,354", "2012-09-30": "$33,545", "2012-06-30": "$32,605", "2012-03-31": "$31,870", "2011-12-31": "$28,497", "2011-09-30": "$26,972", "2011-06-30": "$26,301", "2011-03-31": "$25,001", "2010-12-31": "$22,736", "2010-09-30": "$20,858", "2010-06-30": "$19,886", "2010-03-31": "$20,720", "2009-12-31": "$21,353", "2009-09-30": "$20,316", "2009-06-30": "$18,711", "2009-03-31": "$17,113", "2008-12-31": "$17,137", "2008-09-30": "$17,944", "2008-06-30": "$16,826", "2008-03-31": "$15,477", "2007-12-31": "$15,610", "2007-09-30": "$15,835", "2007-06-30": "$15,932", "2007-03-31": "$15,030", "2006-12-31": "$14,175", "2006-09-30": "$13,406", "2006-06-30": "$12,998", "2006-03-31": "$13,400", "2005-12-31": "$11,972", "2005-09-30": "$11,119", "2005-06-30": "$10,447", "2005-03-31": "$10,526"}}, "profit-margins": {"current": "25.21%"}, "gross margin": {"2020-12-31": "60.17%", "2020-09-30": "60.67%", "2020-06-30": "56.96%", "2020-03-31": "65.07%", "2019-12-31": "65.22%", "2019-09-30": "64.57%", "2019-06-30": "63.02%", "2019-03-31": "54.16%", "2018-12-31": "54.39%", "2018-09-30": "54.69%", "2018-06-30": "55.75%", "2018-03-31": "55.36%", "2017-12-31": "55.09%", "2017-09-30": "56.01%", "2017-06-30": "57.12%", "2017-03-31": "58.16%", "2016-12-31": "59.38%", "2016-09-30": "58.61%", "2016-06-30": "58.55%", "2016-03-31": "58.53%", "2015-12-31": "58.82%", "2015-09-30": "58.95%", "2015-06-30": "58.95%", "2015-03-31": "59.36%", "2014-12-31": "59.10%", "2014-09-30": "59.66%", "2014-06-30": "59.50%", "2014-03-31": "59.56%", "2013-12-31": "59.60%", "2013-09-30": "60.51%", "2013-06-30": "61.53%", "2013-03-31": "62.25%", "2012-12-31": "62.95%", "2012-09-30": "62.89%", "2012-06-30": "63.23%", "2012-03-31": "63.65%", "2011-12-31": "65.70%", "2011-09-30": "67.39%", "2011-06-30": "69.51%", "2011-03-31": "70.64%", "2010-12-31": "69.74%", "2010-09-30": "69.94%", "2010-06-30": "70.59%", "2010-03-31": "70.63%", "2009-12-31": "70.72%", "2009-09-30": "70.88%", "2009-06-30": "70.35%", "2009-03-31": "70.15%", "2008-12-31": "69.82%", "2008-09-30": "69.36%", "2008-06-30": "68.19%", "2008-03-31": "68.83%", "2007-12-31": "69.54%", "2007-09-30": "69.78%", "2007-06-30": "70.33%", "2007-03-31": "70.55%", "2006-12-31": "70.54%", "2006-09-30": "71.01%", "2006-06-30": "71.25%", "2006-03-31": "71.25%", "2005-12-31": "71.25%"}, "operating margin": {"2020-12-31": "29.04%", "2020-09-30": "26.58%", "2020-06-30": "17.52%", "2020-03-31": "32.49%", "2019-12-31": "32.59%", "2019-09-30": "31.59%", "2019-06-30": "24.92%", "2019-03-31": "8.85%", "2018-12-31": "6.23%", "2018-09-30": "2.75%", "2018-06-30": "7.05%", "2018-03-31": "6.53%", "2017-12-31": "8.07%", "2017-09-30": "11.60%", "2017-06-30": "18.09%", "2017-03-31": "21.09%", "2016-12-31": "23.50%", "2016-09-30": "27.57%", "2016-06-30": "25.55%", "2016-03-31": "24.22%", "2015-12-31": "22.53%", "2015-09-30": "22.85%", "2015-06-30": "24.99%", "2015-03-31": "27.16%", "2014-12-31": "30.12%", "2014-09-30": "28.50%", "2014-06-30": "27.20%", "2014-03-31": "26.24%", "2013-12-31": "26.05%", "2013-09-30": "29.08%", "2013-06-30": "29.57%", "2013-03-31": "30.42%", "2012-12-31": "30.40%", "2012-09-30": "29.72%", "2012-06-30": "30.94%", "2012-03-31": "31.18%", "2011-12-31": "32.72%", "2011-09-30": "33.60%", "2011-06-30": "36.03%", "2011-03-31": "36.91%", "2010-12-31": "35.12%", "2010-09-30": "33.94%", "2010-06-30": "32.36%", "2010-03-31": "32.21%", "2009-12-31": "25.39%", "2009-09-30": "24.47%", "2009-06-30": "26.81%", "2009-03-31": "26.16%", "2008-12-31": "33.14%", "2008-09-30": "33.48%", "2008-06-30": "31.35%", "2008-03-31": "32.33%", "2007-12-31": "32.97%", "2007-09-30": "32.50%", "2007-06-30": "32.54%", "2007-03-31": "33.07%", "2006-12-31": "33.59%", "2006-09-30": "35.74%", "2006-06-30": "37.81%", "2006-03-31": "39.04%", "2005-12-31": "40.62%"}, "ebitda margin": {"2020-12-31": "34.31%", "2020-09-30": "32.50%", "2020-06-30": "24.54%", "2020-03-31": "38.12%", "2019-12-31": "38.51%", "2019-09-30": "38.19%", "2019-06-30": "32.16%", "2019-03-31": "18.22%", "2018-12-31": "15.45%", "2018-09-30": "10.86%", "2018-06-30": "14.68%", "2018-03-31": "13.72%", "2017-12-31": "14.97%", "2017-09-30": "18.50%", "2017-06-30": "24.77%", "2017-03-31": "27.41%", "2016-12-31": "29.94%", "2016-09-30": "34.09%", "2016-06-30": "31.77%", "2016-03-31": "30.22%", "2015-12-31": "27.61%", "2015-09-30": "27.65%", "2015-06-30": "29.46%", "2015-03-31": "31.45%", "2014-12-31": "34.72%", "2014-09-30": "32.85%", "2014-06-30": "31.48%", "2014-03-31": "30.48%", "2013-12-31": "30.16%", "2013-09-30": "33.17%", "2013-06-30": "33.88%", "2013-03-31": "34.89%", "2012-12-31": "34.94%", "2012-09-30": "34.41%", "2012-06-30": "35.82%", "2012-03-31": "36.13%", "2011-12-31": "40.06%", "2011-09-30": "41.55%", "2011-06-30": "44.05%", "2011-03-31": "45.35%", "2010-12-31": "41.17%", "2010-09-30": "40.00%", "2010-06-30": "38.63%", "2010-03-31": "38.33%", "2009-12-31": "31.51%", "2009-09-30": "30.59%", "2009-06-30": "32.06%", "2009-03-31": "31.06%", "2008-12-31": "37.60%", "2008-09-30": "37.57%", "2008-06-30": "35.66%", "2008-03-31": "36.65%", "2007-12-31": "37.28%", "2007-09-30": "36.82%", "2007-06-30": "36.80%", "2007-03-31": "37.16%", "2006-12-31": "37.49%", "2006-09-30": "39.36%", "2006-06-30": "41.28%", "2006-03-31": "42.55%", "2005-12-31": "44.16%"}, "pre tax profit margin": {"2020-12-31": "27.64%", "2020-09-30": "24.30%", "2020-06-30": "15.14%", "2020-03-31": "30.96%", "2019-12-31": "32.11%", "2019-09-30": "30.82%", "2019-06-30": "24.04%", "2019-03-31": "7.08%", "2018-12-31": "4.72%", "2018-09-30": "1.73%", "2018-06-30": "7.02%", "2018-03-31": "6.74%", "2017-12-31": "9.23%", "2017-09-30": "13.42%", "2017-06-30": "20.14%", "2017-03-31": "23.15%", "2016-12-31": "25.20%", "2016-09-30": "29.01%", "2016-06-30": "26.83%", "2016-03-31": "25.78%", "2015-12-31": "24.62%", "2015-09-30": "25.66%", "2015-06-30": "28.23%", "2015-03-31": "31.23%", "2014-12-31": "34.56%", "2014-09-30": "33.14%", "2014-06-30": "31.77%", "2014-03-31": "30.18%", "2013-12-31": "29.93%", "2013-09-30": "32.95%", "2013-06-30": "33.97%", "2013-03-31": "34.98%", "2012-12-31": "35.04%", "2012-09-30": "34.32%", "2012-06-30": "34.63%", "2012-03-31": "34.86%", "2011-12-31": "36.45%", "2011-09-30": "38.02%", "2011-06-30": "41.79%", "2011-03-31": "43.25%", "2010-12-31": "42.12%", "2010-09-30": "40.91%", "2010-06-30": "38.92%", "2010-03-31": "37.87%", "2009-12-31": "28.50%", "2009-09-30": "23.13%", "2009-06-30": "22.08%", "2009-03-31": "21.14%", "2008-12-31": "29.83%", "2008-09-30": "34.34%", "2008-06-30": "36.24%", "2008-03-31": "38.80%", "2007-12-31": "40.65%", "2007-09-30": "40.87%", "2007-06-30": "40.75%", "2007-03-31": "40.80%", "2006-12-31": "40.99%", "2006-09-30": "41.93%", "2006-06-30": "44.19%", "2006-03-31": "46.10%", "2005-12-31": "47.16%"}, "net profit margin": {"2020-12-31": "25.21%", "2020-09-30": "22.09%", "2020-06-30": "13.72%", "2020-03-31": "16.36%", "2019-12-31": "17.31%", "2019-09-30": "18.07%", "2019-06-30": "13.34%", "2019-03-31": "11.43%", "2018-12-31": "9.74%", "2018-09-30": "-21.95%", "2018-06-30": "-18.95%", "2018-03-31": "-20.62%", "2017-12-31": "-18.93%", "2017-09-30": "10.98%", "2017-06-30": "17.26%", "2017-03-31": "19.25%", "2016-12-31": "20.56%", "2016-09-30": "24.22%", "2016-06-30": "22.64%", "2016-03-31": "21.70%", "2015-12-31": "20.02%", "2015-09-30": "20.85%", "2015-06-30": "23.02%", "2015-03-31": "26.04%", "2014-12-31": "29.91%", "2014-09-30": "30.08%", "2014-06-30": "28.82%", "2014-03-31": "26.89%", "2013-12-31": "26.78%", "2013-09-30": "27.56%", "2013-06-30": "28.48%", "2013-03-31": "28.88%", "2012-12-31": "32.33%", "2012-09-30": "31.95%", "2012-06-30": "32.09%", "2012-03-31": "32.96%", "2011-12-31": "27.57%", "2011-09-30": "28.48%", "2011-06-30": "29.51%", "2011-03-31": "29.54%", "2010-12-31": "30.67%", "2010-09-30": "29.57%", "2010-06-30": "29.78%", "2010-03-31": "29.35%", "2009-12-31": "19.85%", "2009-09-30": "15.33%", "2009-06-30": "15.08%", "2009-03-31": "15.17%", "2008-12-31": "24.37%", "2008-09-30": "28.36%", "2008-06-30": "33.74%", "2008-03-31": "35.78%", "2007-12-31": "36.83%", "2007-09-30": "37.23%", "2007-06-30": "32.53%", "2007-03-31": "32.12%", "2006-12-31": "32.01%", "2006-09-30": "32.82%", "2006-06-30": "33.78%", "2006-03-31": "35.59%", "2005-12-31": "37.35%"}, "pe ratio": {"current": "32.34", "2021-02-05": "39.10", "2020-12-31": "40.84", "2020-09-30": "25.87", "2020-06-30": "38.12", "2020-03-31": "19.67", "2019-12-31": "24.45", "2019-09-30": "20.57", "2019-06-30": "25.92", "2019-03-31": "28.72", "2018-12-31": "33.90", "2018-09-30": "0.00", "2018-06-30": "0.00", "2018-03-31": "0.00", "2017-12-31": "0.00", "2017-09-30": "28.21", "2017-06-30": "18.79", "2017-03-31": "16.81", "2016-12-31": "17.32", "2016-09-30": "15.54", "2016-06-30": "13.47", "2016-03-31": "13.70", "2015-12-31": "13.92", "2015-09-30": "13.99", "2015-06-30": "14.21", "2015-03-31": "13.48", "2014-12-31": "12.82", "2014-09-30": "13.04", "2014-06-30": "14.52", "2014-03-31": "15.86", "2013-12-31": "15.16", "2013-09-30": "13.68", "2013-06-30": "12.78", "2013-03-31": "14.74", "2012-12-31": "12.78", "2012-09-30": "13.88", "2012-06-30": "12.72", "2012-03-31": "15.86", "2011-12-31": "16.03", "2011-09-30": "14.76", "2011-06-30": "17.79", "2011-03-31": "18.15", "2010-12-31": "17.31", "2010-09-30": "17.41", "2010-06-30": "12.93", "2010-03-31": "16.70", "2009-12-31": "27.79", "2009-09-30": "35.51", "2009-06-30": "34.11", "2009-03-31": "28.95", "2008-12-31": "16.02", "2008-09-30": "16.50", "2008-06-30": "15.74", "2008-03-31": "14.36", "2007-12-31": "14.01", "2007-09-30": "15.61", "2007-06-30": "18.99", "2007-03-31": "19.81", "2006-12-31": "18.59"}, "price sales": {"2021-02-05": "6.28", "2020-12-31": "6.56", "2020-09-30": "5.72", "2020-06-30": "5.27", "2020-03-31": "3.21", "2019-12-31": "4.25", "2019-09-30": "3.73", "2019-06-30": "3.69", "2019-03-31": "3.45", "2018-12-31": "3.53", "2018-09-30": "4.39", "2018-06-30": "3.39", "2018-03-31": "3.35", "2017-12-31": "3.87", "2017-09-30": "3.12", "2017-06-30": "3.25", "2017-03-31": "3.24", "2016-12-31": "3.57", "2016-09-30": "3.77", "2016-06-30": "3.08", "2016-03-31": "3.01", "2015-12-31": "2.83", "2015-09-30": "2.93", "2015-06-30": "3.27", "2015-03-31": "3.51", "2014-12-31": "3.84", "2014-09-30": "3.93", "2014-06-30": "4.20", "2014-03-31": "4.28", "2013-12-31": "4.07", "2013-09-30": "3.78", "2013-06-30": "3.65", "2013-03-31": "4.26", "2012-12-31": "4.14", "2012-09-30": "4.44", "2012-06-30": "4.07", "2012-03-31": "5.21", "2011-12-31": "4.41", "2011-09-30": "4.21", "2011-06-30": "5.28", "2011-03-31": "5.39", "2010-12-31": "5.33", "2010-09-30": "5.18", "2010-06-30": "3.86", "2010-03-31": "4.90", "2009-12-31": "5.47", "2009-09-30": "5.36", "2009-06-30": "5.03", "2009-03-31": "4.29", "2008-12-31": "3.88", "2008-09-30": "4.66", "2008-06-30": "5.30", "2008-03-31": "5.14", "2007-12-31": "5.17", "2007-09-30": "5.81", "2007-06-30": "6.17", "2007-03-31": "6.35", "2006-12-31": "5.91"}, "price book": {"current": "22.45", "2021-02-05": "22.45", "2020-12-31": "23.45", "2020-09-30": "21.81", "2020-06-30": "30.82", "2020-03-31": "24.61", "2019-12-31": "21.80", "2019-09-30": "17.23", "2019-06-30": "16.29", "2019-03-31": "17.05", "2018-12-31": "17.92", "2018-09-30": "101.31", "2018-06-30": "3.30", "2018-03-31": "3.15", "2017-12-31": "3.59", "2017-09-30": "2.23", "2017-06-30": "2.31", "2017-03-31": "2.38", "2016-12-31": "2.69", "2016-09-30": "2.75", "2016-06-30": "2.21", "2016-03-31": "2.15", "2015-12-31": "2.08", "2015-09-30": "2.17", "2015-06-30": "2.46", "2015-03-31": "2.46", "2014-12-31": "2.58", "2014-09-30": "2.58", "2014-06-30": "2.76", "2014-03-31": "2.79", "2013-12-31": "2.70", "2013-09-30": "2.50", "2013-06-30": "2.21", "2013-03-31": "2.41", "2012-12-31": "2.35", "2012-09-30": "2.48", "2012-06-30": "2.27", "2012-03-31": "2.83", "2011-12-31": "2.50", "2011-09-30": "2.33", "2011-06-30": "2.77", "2011-03-31": "2.78", "2010-12-31": "2.70", "2010-09-30": "2.64", "2010-06-30": "2.00", "2010-03-31": "2.48", "2009-12-31": "2.70", "2009-09-30": "2.74", "2009-06-30": "2.96", "2009-03-31": "2.77", "2008-12-31": "2.53", "2008-09-30": "2.89", "2008-06-30": "3.15", "2008-03-31": "3.11", "2007-12-31": "2.97", "2007-09-30": "3.16", "2007-06-30": "3.27", "2007-03-31": "3.38", "2006-12-31": "3.15", "2006-09-30": "3.18", "2006-06-30": "3.62", "2006-03-31": "4.47"}, "price fcf": {"2021-02-05": "", "2020-12-31": "$7.56", "2020-09-30": "$5.92", "2020-06-30": "$3.59", "2020-03-31": "$6.08", "2019-12-31": "$5.95", "2019-09-30": "$5.41", "2019-06-30": "$10.38", "2019-03-31": "$7.85", "2018-12-31": "$7.54", "2018-09-30": "$8.42", "2018-06-30": "$3.94", "2018-03-31": "$2.70", "2017-12-31": "$2.96", "2017-09-30": "$2.89", "2017-06-30": "$2.86", "2017-03-31": "$4.03", "2016-12-31": "$3.99", "2016-09-30": "$4.74", "2016-06-30": "$4.29", "2016-03-31": "$4.31", "2015-12-31": "$3.38", "2015-09-30": "$2.92", "2015-06-30": "$2.76", "2015-03-31": "$3.06", "2014-12-31": "$4.27", "2014-09-30": "$4.52", "2014-06-30": "$5.02", "2014-03-31": "$4.52", "2013-12-31": "$4.89", "2013-09-30": "$4.41", "2013-06-30": "$3.78", "2013-03-31": "$3.07", "2012-12-31": "$2.89", "2012-09-30": "$2.71", "2012-06-30": "$3.00", "2012-03-31": "$3.32", "2011-12-31": "$3.40", "2011-09-30": "$2.55", "2011-06-30": "$2.14", "2011-03-31": "$2.08", "2010-12-31": "$1.49", "2010-09-30": "$2.20", "2010-06-30": "$2.33", "2010-03-31": "$2.32", "2009-12-31": "$2.55", "2009-09-30": "$3.83", "2009-06-30": "$3.47", "2009-03-31": "$3.05", "2008-12-31": "$2.81", "2008-09-30": "$1.30", "2008-06-30": "$1.44", "2008-03-31": "$1.81", "2007-12-31": "$1.94", "2007-09-30": "$1.77", "2007-06-30": "$1.78", "2007-03-31": "$1.66", "2006-12-31": "$1.78"}, "net worth": {"value": "$165.67B"}, "current ratio": {"current": "2.15", "2020-12-31": "2.15", "2020-09-30": "2.14", "2020-06-30": "1.97", "2020-03-31": "1.57", "2019-12-31": "1.76", "2019-09-30": "1.88", "2019-06-30": "1.77", "2019-03-31": "1.55", "2018-12-31": "1.54", "2018-09-30": "1.53", "2018-06-30": "2.73", "2018-03-31": "3.60", "2017-12-31": "3.41", "2017-09-30": "4.00", "2017-06-30": "2.95", "2017-03-31": "1.67", "2016-12-31": "1.97", "2016-09-30": "3.14", "2016-06-30": "3.07", "2016-03-31": "2.87", "2015-12-31": "3.13", "2015-09-30": "3.62", "2015-06-30": "4.26", "2015-03-31": "3.36", "2014-12-31": "3.55", "2014-09-30": "3.73", "2014-06-30": "3.72", "2014-03-31": "3.56", "2013-12-31": "3.87", "2013-09-30": "3.75", "2013-06-30": "3.18", "2013-03-31": "3.38", "2012-12-31": "3.42", "2012-09-30": "2.95", "2012-06-30": "2.97", "2012-03-31": "3.45", "2011-12-31": "2.81", "2011-09-30": "2.70", "2011-06-30": "2.88", "2011-03-31": "3.39", "2010-12-31": "3.13", "2010-09-30": "2.22", "2010-06-30": "2.24", "2010-03-31": "3.80", "2009-12-31": "4.60", "2009-09-30": "4.47", "2009-06-30": "4.95", "2009-03-31": "4.98", "2008-12-31": "5.29", "2008-09-30": "4.87", "2008-06-30": "4.29", "2008-03-31": "4.10", "2007-12-31": "4.30", "2007-09-30": "3.91", "2007-06-30": "4.30", "2007-03-31": "4.42", "2006-12-31": "4.20", "2006-09-30": "4.96", "2006-06-30": "5.45", "2006-03-31": "7.59", "2005-12-31": "7.24", "2005-09-30": "7.28", "2005-06-30": "8.52", "2005-03-31": "7.52"}, "quick ratio": {"2020-12-31": "1.87", "2020-09-30": "1.84", "2020-06-30": "1.67", "2020-03-31": "1.39", "2019-12-31": "1.61", "2019-09-30": "1.72", "2019-06-30": "1.61", "2019-03-31": "1.39", "2018-12-31": "1.38", "2018-09-30": "1.38", "2018-06-30": "2.62", "2018-03-31": "3.46", "2017-12-31": "3.25", "2017-09-30": "3.81", "2017-06-30": "2.73", "2017-03-31": "1.46", "2016-12-31": "1.74", "2016-09-30": "2.93", "2016-06-30": "2.87", "2016-03-31": "2.67", "2015-12-31": "2.94", "2015-09-30": "3.38", "2015-06-30": "4.00", "2015-03-31": "3.06", "2014-12-31": "3.28", "2014-09-30": "3.49", "2014-06-30": "3.53", "2014-03-31": "3.37", "2013-12-31": "3.67", "2013-09-30": "3.50", "2013-06-30": "2.83", "2013-03-31": "3.09", "2012-12-31": "3.16", "2012-09-30": "2.76", "2012-06-30": "2.82", "2012-03-31": "3.30", "2011-12-31": "2.67", "2011-09-30": "2.56", "2011-06-30": "2.71", "2011-03-31": "3.25", "2010-12-31": "2.98", "2010-09-30": "2.12", "2010-06-30": "2.15", "2010-03-31": "3.68", "2009-12-31": "4.49", "2009-09-30": "4.31", "2009-06-30": "4.79", "2009-03-31": "4.80", "2008-12-31": "5.07", "2008-09-30": "4.65", "2008-06-30": "4.00", "2008-03-31": "3.80", "2007-12-31": "4.05", "2007-09-30": "3.70", "2007-06-30": "4.11", "2007-03-31": "4.23", "2006-12-31": "4.01", "2006-09-30": "4.78", "2006-06-30": "5.25", "2006-03-31": "7.39", "2005-12-31": "7.07", "2005-09-30": "7.12", "2005-06-30": "8.30", "2005-03-31": "7.36"}, "debt equity ratio": {"current": "2.06", "2020-12-31": "4.08", "2020-09-30": "4.86", "2020-06-30": "8.78", "2020-03-31": "9.49", "2019-12-31": "6.34", "2019-09-30": "5.71", "2019-06-30": "5.25", "2019-03-31": "7.80", "2018-12-31": "8.47", "2018-09-30": "39.54", "2018-06-30": "1.69", "2018-03-31": "1.69", "2017-12-31": "1.69", "2017-09-30": "1.13", "2017-06-30": "1.06", "2017-03-31": "0.79", "2016-12-31": "0.68", "2016-09-30": "0.65", "2016-06-30": "0.66", "2016-03-31": "0.69", "2015-12-31": "0.66", "2015-09-30": "0.62", "2015-06-30": "0.58", "2015-03-31": "0.25", "2014-12-31": "0.25", "2014-09-30": "0.24", "2014-06-30": "0.25", "2014-03-31": "0.25", "2013-12-31": "0.25", "2013-09-30": "0.26", "2013-06-30": "0.25", "2013-03-31": "0.27", "2012-12-31": "0.27", "2012-09-30": "0.28", "2012-06-30": "0.30", "2012-03-31": "0.30", "2011-12-31": "0.32", "2011-09-30": "0.35", "2011-06-30": "0.34", "2011-03-31": "0.35", "2010-12-31": "0.38", "2010-09-30": "0.47", "2010-06-30": "0.48", "2010-03-31": "0.38", "2009-12-31": "0.35", "2009-09-30": "0.35", "2009-06-30": "0.37", "2009-03-31": "0.41", "2008-12-31": "0.37", "2008-09-30": "0.38", "2008-06-30": "0.17", "2008-03-31": "0.17", "2007-12-31": "0.18", "2007-09-30": "0.17", "2007-06-30": "0.16", "2007-03-31": "0.15", "2006-12-31": "0.15", "2006-09-30": "0.13", "2006-06-30": "0.13", "2006-03-31": "0.11", "2005-12-31": "0.12", "2005-09-30": "0.12", "2005-06-30": "0.11", "2005-03-31": "0.12"}, "return on equity": {"2020-12-31": "135.86%", "2020-09-30": "122.73%", "2020-06-30": "69.59%", "2020-03-31": "90.31%", "2019-12-31": "90.51%", "2019-09-30": "98.26%", "2019-06-30": "97.93%", "2019-03-31": "30.87%", "2018-12-31": "16.27%", "2018-09-30": "-27.72%", "2018-06-30": "-16.95%", "2018-03-31": "-16.90%", "2017-12-31": "-14.39%", "2017-09-30": "7.85%", "2017-06-30": "12.41%", "2017-03-31": "14.32%", "2016-12-31": "15.87%", "2016-09-30": "18.66%", "2016-06-30": "16.96%", "2016-03-31": "15.77%", "2015-12-31": "14.46%", "2015-09-30": "14.93%", "2015-06-30": "16.38%", "2015-03-31": "18.52%", "2014-12-31": "20.81%", "2014-09-30": "20.80%", "2014-06-30": "20.17%", "2014-03-31": "18.57%", "2013-12-31": "18.40%", "2013-09-30": "18.69%", "2013-06-30": "18.38%", "2013-03-31": "17.97%", "2012-12-31": "19.84%", "2012-09-30": "19.31%", "2012-06-30": "19.66%", "2012-03-31": "20.14%", "2011-12-31": "16.82%", "2011-09-30": "16.87%", "2011-06-30": "17.15%", "2011-03-31": "17.18%", "2010-12-31": "16.99%", "2010-09-30": "15.68%", "2010-06-30": "15.48%", "2010-03-31": "15.56%", "2009-12-31": "10.80%", "2009-09-30": "8.69%", "2009-06-30": "9.41%", "2009-03-31": "9.73%", "2008-12-31": "16.23%", "2008-09-30": "19.19%", "2008-06-30": "21.41%", "2008-03-31": "22.03%", "2007-12-31": "21.93%", "2007-09-30": "21.67%", "2007-06-30": "19.04%", "2007-03-31": "18.92%", "2006-12-31": "18.51%", "2006-09-30": "19.08%", "2006-06-30": "19.35%", "2006-03-31": "19.69%", "2005-12-31": "20.42%"}, "return on assets": {"2020-12-31": "19.60%", "2020-09-30": "15.64%", "2020-06-30": "8.42%", "2020-03-31": "12.25%", "2019-12-31": "12.64%", "2019-09-30": "12.96%", "2019-06-30": "9.97%", "2019-03-31": "5.94%", "2018-12-31": "4.32%", "2018-09-30": "-8.89%", "2018-06-30": "-6.72%", "2018-03-31": "-7.18%", "2017-12-31": "-6.74%", "2017-09-30": "4.10%", "2017-06-30": "6.92%", "2017-03-31": "8.46%", "2016-12-31": "9.51%", "2016-09-30": "11.22%", "2016-06-30": "10.24%", "2016-03-31": "9.65%", "2015-12-31": "9.57%", "2015-09-30": "10.61%", "2015-06-30": "12.43%", "2015-03-31": "14.87%", "2014-12-31": "16.69%", "2014-09-30": "16.68%", "2014-06-30": "16.11%", "2014-03-31": "14.83%", "2013-12-31": "14.65%", "2013-09-30": "14.84%", "2013-06-30": "14.54%", "2013-03-31": "14.05%", "2012-12-31": "15.40%", "2012-09-30": "14.85%", "2012-06-30": "14.92%", "2012-03-31": "15.19%", "2011-12-31": "12.57%", "2011-09-30": "12.47%", "2011-06-30": "12.44%", "2011-03-31": "12.15%", "2010-12-31": "11.94%", "2010-09-30": "11.07%", "2010-06-30": "11.15%", "2010-03-31": "11.41%", "2009-12-31": "7.88%", "2009-09-30": "6.32%", "2009-06-30": "6.81%", "2009-03-31": "7.31%", "2008-12-31": "12.73%", "2008-09-30": "15.64%", "2008-06-30": "18.30%", "2008-03-31": "18.86%", "2007-12-31": "18.87%", "2007-09-30": "18.73%", "2007-06-30": "16.57%", "2007-03-31": "16.57%", "2006-12-31": "16.35%", "2006-09-30": "16.97%", "2006-06-30": "17.26%", "2006-03-31": "17.66%", "2005-12-31": "18.26%"}, "return on investments": {"2020-12-31": "39.18%", "2020-09-30": "33.59%", "2020-06-30": "19.59%", "2020-03-31": "44.86%", "2019-12-31": "42.91%", "2019-09-30": "40.61%", "2019-06-30": "34.30%", "2019-03-31": "8.07%", "2018-12-31": "4.57%", "2018-09-30": "1.76%", "2018-06-30": "3.66%", "2018-03-31": "3.14%", "2017-12-31": "3.88%", "2017-09-30": "5.63%", "2017-06-30": "9.34%", "2017-03-31": "11.89%", "2016-12-31": "13.70%", "2016-09-30": "16.01%", "2016-06-30": "14.42%", "2016-03-31": "13.33%", "2015-12-31": "17.32%", "2015-09-30": "27.34%", "2015-06-30": "61.49%", "2015-03-31": "inf%", "2014-12-31": "inf%", "2014-09-30": "inf%", "2014-06-30": "inf%", "2014-03-31": "inf%", "2013-12-31": "inf%", "2013-09-30": "inf%", "2013-06-30": "inf%", "2013-03-31": "inf%", "2012-12-31": "inf%", "2012-09-30": "inf%", "2012-06-30": "inf%", "2012-03-31": "inf%", "2011-12-31": "inf%", "2011-09-30": "inf%", "2011-06-30": "inf%", "2011-03-31": "inf%", "2010-12-31": "inf%", "2010-09-30": "inf%", "2010-06-30": "inf%", "2010-03-31": "inf%", "2009-12-31": "inf%", "2009-09-30": "inf%", "2009-06-30": "inf%", "2009-03-31": "inf%", "2008-12-31": "inf%", "2008-09-30": "inf%", "2008-06-30": "inf%", "2008-03-31": "inf%", "2007-12-31": "inf%", "2007-09-30": "inf%", "2007-06-30": "inf%", "2007-03-31": "inf%", "2006-12-31": "inf%", "2006-09-30": "inf%", "2006-06-30": "inf%", "2006-03-31": "inf%", "2005-12-31": "inf%"}, "return on tangible equity": {"2020-12-31": "-218.83%", "2020-09-30": "-133.21%", "2020-06-30": "-63.61%", "2020-03-31": "-103.09%", "2019-12-31": "-109.41%", "2019-09-30": "-102.55%", "2019-06-30": "-60.64%", "2019-03-31": "-168.38%", "2018-12-31": "64.70%", "2018-09-30": "-61.93%", "2018-06-30": "-28.17%", "2018-03-31": "-27.01%", "2017-12-31": "-22.28%", "2017-09-30": "11.62%", "2017-06-30": "18.04%", "2017-03-31": "20.61%", "2016-12-31": "22.70%", "2016-09-30": "27.01%", "2016-06-30": "24.58%", "2016-03-31": "21.98%", "2015-12-31": "19.15%", "2015-09-30": "18.89%", "2015-06-30": "20.09%", "2015-03-31": "22.55%", "2014-12-31": "25.33%", "2014-09-30": "25.34%", "2014-06-30": "24.59%", "2014-03-31": "22.65%", "2013-12-31": "22.42%", "2013-09-30": "22.85%", "2013-06-30": "22.62%", "2013-03-31": "22.50%", "2012-12-31": "25.08%", "2012-09-30": "24.77%", "2012-06-30": "25.52%", "2012-03-31": "26.16%", "2011-12-31": "21.48%", "2011-09-30": "21.28%", "2011-06-30": "21.42%", "2011-03-31": "21.31%", "2010-12-31": "21.64%", "2010-09-30": "20.11%", "2010-06-30": "19.91%", "2010-03-31": "20.13%", "2009-12-31": "14.18%", "2009-09-30": "11.61%", "2009-06-30": "12.72%", "2009-03-31": "12.51%", "2008-12-31": "19.83%", "2008-09-30": "22.29%", "2008-06-30": "23.85%", "2008-03-31": "24.50%", "2007-12-31": "24.32%", "2007-09-30": "24.01%", "2007-06-30": "20.89%", "2007-03-31": "20.84%", "2006-12-31": "20.32%", "2006-09-30": "20.70%", "2006-06-30": "20.78%", "2006-03-31": "20.89%", "2005-12-31": "21.50%"}, "dividend yield history": {"last payout": "$2.60", "last yield": "1.78%"}}