{"ticker": "PWR", "price": {"title": "Quanta Services Historical Annual Stock Price Data", "value": 75.95, "historical": {"2021": {"Average Stock Price": "74.8913", "Year Open": "68.2500", "Year High": "79.2700", "Year Low": "68.2500", "Year Close": "75.9500", "Annual % Change": "5.46%"}, "2020": {"Average Stock Price": "46.4338", "Year Open": "41.0900", "Year High": "73.1000", "Year Low": "23.8000", "Year Close": "72.0200", "Annual % Change": "76.91%"}, "2019": {"Average Stock Price": "37.4784", "Year Open": "29.9200", "Year High": "43.7500", "Year Low": "29.5500", "Year Close": "40.7100", "Annual % Change": "35.25%"}, "2018": {"Average Stock Price": "34.3953", "Year Open": "39.2400", "Year High": "39.8600", "Year Low": "27.9300", "Year Close": "30.1000", "Annual % Change": "-23.04%"}, "2017": {"Average Stock Price": "35.5985", "Year Open": "34.9100", "Year High": "39.5000", "Year Low": "30.6600", "Year Close": "39.1100", "Annual % Change": "12.22%"}, "2016": {"Average Stock Price": "24.9869", "Year Open": "20.3100", "Year High": "35.6700", "Year Low": "17.2900", "Year Close": "34.8500", "Annual % Change": "72.10%"}, "2015": {"Average Stock Price": "26.0300", "Year Open": "28.3500", "Year High": "30.4100", "Year Low": "18.7400", "Year Close": "20.2500", "Annual % Change": "-28.67%"}, "2014": {"Average Stock Price": "33.7490", "Year Open": "31.2900", "Year High": "37.2000", "Year Low": "25.5300", "Year Close": "28.3900", "Annual % Change": "-10.04%"}, "2013": {"Average Stock Price": "28.2413", "Year Open": "27.9100", "Year High": "31.5600", "Year Low": "25.7400", "Year Close": "31.5600", "Annual % Change": "15.65%"}, "2012": {"Average Stock Price": "23.3478", "Year Open": "21.5600", "Year High": "27.6000", "Year Low": "20.3400", "Year Close": "27.2900", "Annual % Change": "26.69%"}, "2011": {"Average Stock Price": "20.3436", "Year Open": "20.0400", "Year High": "24.0300", "Year Low": "15.4600", "Year Close": "21.5400", "Annual % Change": "8.13%"}, "2010": {"Average Stock Price": "19.6358", "Year Open": "21.2400", "Year High": "23.0300", "Year Low": "17.0500", "Year Close": "19.9200", "Annual % Change": "-4.41%"}, "2009": {"Average Stock Price": "21.6264", "Year Open": "20.9200", "Year High": "25.4100", "Year Low": "15.9100", "Year Close": "20.8400", "Annual % Change": "5.25%"}, "2008": {"Average Stock Price": "25.0134", "Year Open": "25.9800", "Year High": "35.2200", "Year Low": "10.7200", "Year Close": "19.8000", "Annual % Change": "-24.54%"}, "2007": {"Average Stock Price": "26.8212", "Year Open": "19.1600", "Year High": "33.0000", "Year Low": "18.8000", "Year Close": "26.2400", "Annual % Change": "33.40%"}, "2006": {"Average Stock Price": "16.3249", "Year Open": "13.3700", "Year High": "19.8300", "Year Low": "12.3100", "Year Close": "19.6700", "Annual % Change": "49.35%"}, "2005": {"Average Stock Price": "10.0371", "Year Open": "8.0600", "Year High": "14.5400", "Year Low": "7.2500", "Year Close": "13.1700", "Annual % Change": "64.63%"}, "2004": {"Average Stock Price": "6.8561", "Year Open": "7.2800", "Year High": "9.2600", "Year Low": "4.8300", "Year Close": "8.0000", "Annual % Change": "9.59%"}, "2003": {"Average Stock Price": "6.1269", "Year Open": "3.7500", "Year High": "9.7800", "Year Low": "2.9000", "Year Close": "7.3000", "Annual % Change": "108.57%"}, "2002": {"Average Stock Price": "8.7289", "Year Open": "16.0600", "Year High": "18.8000", "Year Low": "1.8200", "Year Close": "3.5000", "Annual % Change": "-77.32%"}, "2001": {"Average Stock Price": "23.1084", "Year Open": "29.4400", "Year High": "36.9000", "Year Low": "10.3000", "Year Close": "15.4300", "Annual % Change": "-52.07%"}, "2000": {"Average Stock Price": "37.9119", "Year Open": "18.7933", "Year High": "62.0600", "Year Low": "18.5867", "Year Close": "32.1900", "Annual % Change": "70.92%"}, "1999": {"Average Stock Price": "19.4133", "Year Open": "14.7067", "Year High": "29.3333", "Year Low": "14.0000", "Year Close": "18.8333", "Annual % Change": "28.06%"}}}, "market cap": {"value": "$10.55B"}, "income statement": {"Revenue": {"2019-12-31": "12112.15000", "2018-12-31": "11171.42000", "2017-12-31": "9466.47800", "2016-12-31": "7651.31900", "2015-12-31": "7572.43600", "2014-12-31": "7747.22900", "2013-12-31": "6411.57700", "2012-12-31": "5920.26900", "2011-12-31": "4193.76400", "2010-12-31": "3629.43300", "2009-12-31": "3318.12600", "2008-12-31": "3780.21300", "2007-12-31": "2656.03600", "2006-12-31": "2109.63200", "2005-12-31": "1842.25500"}, "Cost Of Goods Sold": {"2019-12-31": "10511.90000", "2018-12-31": "9691.45900", "2017-12-31": "8224.61800", "2016-12-31": "6637.51900", "2015-12-31": "6648.77100", "2014-12-31": "6578.43500", "2013-12-31": "5424.64400", "2012-12-31": "4982.56200", "2011-12-31": "3632.04800", "2010-12-31": "3039.91200", "2009-12-31": "2724.63800", "2008-12-31": "3145.34700", "2007-12-31": "2227.28900", "2006-12-31": "1796.91600", "2005-12-31": "1587.55600"}, "Gross Profit": {"2019-12-31": "1600.25200", "2018-12-31": "1479.96400", "2017-12-31": "1241.85900", "2016-12-31": "1013.80000", "2015-12-31": "923.66500", "2014-12-31": "1168.79400", "2013-12-31": "986.93310", "2012-12-31": "937.70700", "2011-12-31": "561.71610", "2010-12-31": "589.52100", "2009-12-31": "593.48800", "2008-12-31": "634.86600", "2007-12-31": "428.74680", "2006-12-31": "312.71610", "2005-12-31": "254.69900"}, "Research And Development Expenses": {"2019-12-31": "", "2018-12-31": "", "2017-12-31": "", "2016-12-31": "", "2015-12-31": "", "2014-12-31": "", "2013-12-31": "", "2012-12-31": "", "2011-12-31": "", "2010-12-31": "", "2009-12-31": "", "2008-12-31": "", "2007-12-31": "", "2006-12-31": "", "2005-12-31": ""}, "SG&A Expenses": {"2019-12-31": "955.99100", "2018-12-31": "857.57400", "2017-12-31": "777.92000", "2016-12-31": "653.33800", "2015-12-31": "592.86300", "2014-12-31": "705.47700", "2013-12-31": "485.06900", "2012-12-31": "434.89400", "2011-12-31": "337.83500", "2010-12-31": "307.87500", "2009-12-31": "312.41400", "2008-12-31": "309.39900", "2007-12-31": "240.50800", "2006-12-31": "181.47800", "2005-12-31": "186.41100"}, "Other Operating Income Or Expenses": {"2019-12-31": "-27.29600", "2018-12-31": "-38.12700", "2017-12-31": "-52.88600", "2016-12-31": "-7.96400", "2015-12-31": "-58.45100", "2014-12-31": "", "2013-12-31": "", "2012-12-31": "", "2011-12-31": "", "2010-12-31": "", "2009-12-31": "", "2008-12-31": "", "2007-12-31": "", "2006-12-31": "", "2005-12-31": ""}, "Operating Expenses": {"2019-12-31": "11557.28000", "2018-12-31": "10631.15000", "2017-12-31": "9087.62900", "2016-12-31": "7330.50600", "2015-12-31": "7334.93300", "2014-12-31": "7318.16900", "2013-12-31": "5935.57800", "2012-12-31": "5455.14700", "2011-12-31": "3998.92200", "2010-12-31": "3385.44200", "2009-12-31": "3076.00400", "2008-12-31": "3491.04600", "2007-12-31": "2486.55600", "2006-12-31": "2035.56900", "2005-12-31": "1774.33200"}, "Operating Income": {"2019-12-31": "554.87400", "2018-12-31": "540.26860", "2017-12-31": "378.84860", "2016-12-31": "320.81300", "2015-12-31": "237.50290", "2014-12-31": "429.06010", "2013-12-31": "475.99900", "2012-12-31": "465.12210", "2011-12-31": "194.84200", "2010-12-31": "243.99100", "2009-12-31": "242.12210", "2008-12-31": "289.16700", "2007-12-31": "169.47970", "2006-12-31": "74.06300", "2005-12-31": "67.92300"}, "Total Non-Operating Income/Expense": {"2019-12-31": "17.41300", "2018-12-31": "-82.60300", "2017-12-31": "-25.09200", "2016-12-31": "-13.12700", "2015-12-31": "-8.82800", "2014-12-31": "-2.46100", "2013-12-31": "112.32100", "2012-12-31": "-0.54200", "2011-12-31": "-1.33400", "2010-12-31": "-10.03300", "2009-12-31": "-8.39200", "2008-12-31": "-21.89700", "2007-12-31": "-19.93100", "2006-12-31": "-10.87500", "2005-12-31": "-16.29800"}, "Pre-Tax Income": {"2019-12-31": "572.28700", "2018-12-31": "457.66600", "2017-12-31": "353.75700", "2016-12-31": "307.68600", "2015-12-31": "228.67500", "2014-12-31": "426.59900", "2013-12-31": "588.32000", "2012-12-31": "464.58000", "2011-12-31": "193.50800", "2010-12-31": "233.95800", "2009-12-31": "233.73000", "2008-12-31": "267.27000", "2007-12-31": "149.54900", "2006-12-31": "63.18800", "2005-12-31": "51.62500"}, "Income Taxes": {"2019-12-31": "165.47200", "2018-12-31": "161.65900", "2017-12-31": "35.53200", "2016-12-31": "107.24600", "2015-12-31": "97.47200", "2014-12-31": "139.00700", "2013-12-31": "196.87500", "2012-12-31": "158.85900", "2011-12-31": "63.09600", "2010-12-31": "88.88400", "2009-12-31": "70.19500", "2008-12-31": "109.70500", "2007-12-31": "27.68400", "2006-12-31": "46.95500", "2005-12-31": "22.44600"}, "Income After Taxes": {"2019-12-31": "406.81500", "2018-12-31": "296.00700", "2017-12-31": "318.22500", "2016-12-31": "200.44000", "2015-12-31": "131.20300", "2014-12-31": "287.59200", "2013-12-31": "391.44500", "2012-12-31": "305.72100", "2011-12-31": "130.41200", "2010-12-31": "145.07400", "2009-12-31": "163.53500", "2008-12-31": "157.56500", "2007-12-31": "121.86500", "2006-12-31": "16.23300", "2005-12-31": "29.17900"}, "Other Income": {"2019-12-31": "", "2018-12-31": "", "2017-12-31": "", "2016-12-31": "", "2015-12-31": "", "2014-12-31": "", "2013-12-31": "", "2012-12-31": "", "2011-12-31": "", "2010-12-31": "", "2009-12-31": "", "2008-12-31": "", "2007-12-31": "", "2006-12-31": "", "2005-12-31": ""}, "Income From Continuous Operations": {"2019-12-31": "406.81500", "2018-12-31": "296.00700", "2017-12-31": "318.22500", "2016-12-31": "200.44000", "2015-12-31": "131.20300", "2014-12-31": "287.59200", "2013-12-31": "391.44500", "2012-12-31": "305.72100", "2011-12-31": "130.41200", "2010-12-31": "145.07400", "2009-12-31": "163.53500", "2008-12-31": "157.56500", "2007-12-31": "121.86500", "2006-12-31": "16.23300", "2005-12-31": "29.17900"}, "Income From Discontinued Operations": {"2019-12-31": "", "2018-12-31": "", "2017-12-31": "", "2016-12-31": "-0.34200", "2015-12-31": "190.62100", "2014-12-31": "27.49000", "2013-12-31": "29.86400", "2012-12-31": "16.93500", "2011-12-31": "14.00400", "2010-12-31": "10.48300", "2009-12-31": "", "2008-12-31": "", "2007-12-31": "2.83700", "2006-12-31": "1.25000", "2005-12-31": "0.37800"}, "Net Income": {"2019-12-31": "402.04400", "2018-12-31": "293.34600", "2017-12-31": "314.97800", "2016-12-31": "198.38300", "2015-12-31": "310.90700", "2014-12-31": "296.71400", "2013-12-31": "401.92100", "2012-12-31": "306.62900", "2011-12-31": "132.51500", "2010-12-31": "153.17600", "2009-12-31": "162.16200", "2008-12-31": "157.56500", "2007-12-31": "124.70200", "2006-12-31": "17.48300", "2005-12-31": "29.55700"}, "EBITDA": {"2019-12-31": "836.94200", "2018-12-31": "788.05150", "2017-12-31": "596.18260", "2016-12-31": "524.09400", "2015-12-31": "436.44690", "2014-12-31": "605.51710", "2013-12-31": "621.77500", "2012-12-31": "613.87110", "2011-12-31": "323.24100", "2010-12-31": "371.01600", "2009-12-31": "354.87010", "2008-12-31": "395.38100", "2007-12-31": "243.35770", "2006-12-31": "187.11500", "2005-12-31": "126.98300"}, "EBIT": {"2019-12-31": "554.87400", "2018-12-31": "540.26860", "2017-12-31": "378.84860", "2016-12-31": "320.81300", "2015-12-31": "237.50290", "2014-12-31": "429.06010", "2013-12-31": "475.99900", "2012-12-31": "465.12210", "2011-12-31": "194.84200", "2010-12-31": "243.99100", "2009-12-31": "242.12210", "2008-12-31": "289.16700", "2007-12-31": "169.47970", "2006-12-31": "74.06300", "2005-12-31": "67.92300"}, "Basic Shares Outstanding": {"2019-12-31": "145.71000", "2018-12-31": "152.96300", "2017-12-31": "156.12400", "2016-12-31": "157.28700", "2015-12-31": "195.11300", "2014-12-31": "219.66800", "2013-12-31": "214.92900", "2012-12-31": "212.77700", "2011-12-31": "212.64800", "2010-12-31": "210.04600", "2009-12-31": "200.73300", "2008-12-31": "178.03300", "2007-12-31": "136.89400", "2006-12-31": "117.02700", "2005-12-31": "115.75600"}, "Shares Outstanding": {"2019-12-31": "147.53400", "2018-12-31": "154.22600", "2017-12-31": "157.15500", "2016-12-31": "157.28800", "2015-12-31": "195.12000", "2014-12-31": "219.69000", "2013-12-31": "214.97800", "2012-12-31": "212.83500", "2011-12-31": "213.16800", "2010-12-31": "211.79600", "2009-12-31": "201.31100", "2008-12-31": "196.97500", "2007-12-31": "161.52000", "2006-12-31": "117.86300", "2005-12-31": "116.63400"}, "Basic EPS": {"2019-12-31": "2.76000", "2018-12-31": "1.92000", "2017-12-31": "2.02000", "2016-12-31": "1.26000", "2015-12-31": "1.59000", "2014-12-31": "1.35000", "2013-12-31": "1.87000", "2012-12-31": "1.44000", "2011-12-31": "0.62000", "2010-12-31": "0.73000", "2009-12-31": "0.81000", "2008-12-31": "0.89000", "2007-12-31": "0.91000", "2006-12-31": "0.15000", "2005-12-31": "0.26000"}, "EPS - Earnings Per Share": {"2019-12-31": "2.73000", "2018-12-31": "1.90000", "2017-12-31": "2.00000", "2016-12-31": "1.26000", "2015-12-31": "1.59000", "2014-12-31": "1.35000", "2013-12-31": "1.87000", "2012-12-31": "1.44000", "2011-12-31": "0.62000", "2010-12-31": "0.72000", "2009-12-31": "0.81000", "2008-12-31": "0.87000", "2007-12-31": "0.88000", "2006-12-31": "0.15000", "2005-12-31": "0.25000"}}, "income statement, quarterly": {"Revenue": {"2020-09-30": "3020.16100", "2020-06-30": "2506.23100", "2020-03-31": "2764.09500", "2019-12-31": "3112.80000", "2019-09-30": "3352.89500", "2019-06-30": "2839.19900", "2019-03-31": "2807.25900", "2018-12-31": "3112.21800", "2018-09-30": "2985.28100", "2018-06-30": "2656.34800", "2018-03-31": "2417.57600", "2017-12-31": "2478.62700", "2017-09-30": "2609.30700", "2017-06-30": "2200.37400", "2017-03-31": "2178.17000", "2016-12-31": "2102.96600", "2016-09-30": "2042.18600", "2016-06-30": "1792.43000", "2016-03-31": "1713.73700", "2015-12-31": "1899.27200", "2015-09-30": "1939.43800", "2015-06-30": "1872.34000", "2015-03-31": "1861.38600", "2014-12-31": "2000.48800", "2014-09-30": "2145.95800", "2014-06-30": "1838.20900", "2014-03-31": "1762.57400", "2013-12-31": "1706.35800", "2013-09-30": "1645.13200", "2013-06-30": "1474.37700", "2013-03-31": "1585.71000", "2012-12-31": "1673.34200", "2012-09-30": "1532.00100", "2012-06-30": "1386.16200", "2012-03-31": "1328.76400", "2011-12-31": "1083.07200", "2011-09-30": "1250.81900", "2011-06-30": "1010.91400", "2011-03-31": "848.95900", "2010-12-31": "804.64130", "2010-09-30": "1206.00700", "2010-06-30": "870.50200", "2010-03-31": "748.28300", "2009-12-31": "985.42300", "2009-09-30": "780.79400", "2009-06-30": "813.37900", "2009-03-31": "738.53000", "2008-12-31": "921.53380", "2008-09-30": "1053.35500", "2008-06-30": "960.88200", "2008-03-31": "844.44200", "2007-12-31": "878.99190", "2007-09-30": "655.86500", "2007-06-30": "552.22000", "2007-03-31": "568.95900", "2006-12-31": "575.48410", "2006-09-30": "523.60600", "2006-06-30": "514.04800", "2006-03-31": "496.49400", "2005-12-31": "507.12300", "2005-09-30": "523.34000", "2005-06-30": "439.28700", "2005-03-31": "372.50500"}, "Cost Of Goods Sold": {"2020-09-30": "2512.64700", "2020-06-30": "2150.96700", "2020-03-31": "2431.89900", "2019-12-31": "2669.47900", "2019-09-30": "2879.45000", "2019-06-30": "2519.69400", "2019-03-31": "2443.27800", "2018-12-31": "2692.50300", "2018-09-30": "2559.45100", "2018-06-30": "2322.97700", "2018-03-31": "2116.52800", "2017-12-31": "2155.75100", "2017-09-30": "2258.67600", "2017-06-30": "1898.20900", "2017-03-31": "1911.98200", "2016-12-31": "1795.27800", "2016-09-30": "1739.60400", "2016-06-30": "1592.21300", "2016-03-31": "1510.42400", "2015-12-31": "1676.23300", "2015-09-30": "1704.22300", "2015-06-30": "1644.83500", "2015-03-31": "1623.48000", "2014-12-31": "1704.87700", "2014-09-30": "1809.05500", "2014-06-30": "1574.00000", "2014-03-31": "1490.50300", "2013-12-31": "1472.03500", "2013-09-30": "1372.07900", "2013-06-30": "1233.09300", "2013-03-31": "1347.43700", "2012-12-31": "1386.60300", "2012-09-30": "1280.00100", "2012-06-30": "1173.25800", "2012-03-31": "1142.70000", "2011-12-31": "941.02700", "2011-09-30": "1056.12900", "2011-06-30": "856.82400", "2011-03-31": "778.06800", "2010-12-31": "690.29310", "2010-09-30": "1016.01300", "2010-06-30": "714.46500", "2010-03-31": "619.14100", "2009-12-31": "794.47600", "2009-09-30": "633.16600", "2009-06-30": "675.59700", "2009-03-31": "621.39900", "2008-12-31": "754.80080", "2008-09-30": "867.78900", "2008-06-30": "802.19200", "2008-03-31": "720.56500", "2007-12-31": "728.11710", "2007-09-30": "540.81200", "2007-06-30": "466.97300", "2007-03-31": "491.38700", "2006-12-31": "485.31300", "2006-09-30": "440.86400", "2006-06-30": "433.69300", "2006-03-31": "437.04600", "2005-12-31": "422.50500", "2005-09-30": "443.16700", "2005-06-30": "385.47100", "2005-03-31": "336.41300"}, "Gross Profit": {"2020-09-30": "507.51390", "2020-06-30": "355.26390", "2020-03-31": "332.19600", "2019-12-31": "443.32080", "2019-09-30": "473.44510", "2019-06-30": "319.50490", "2019-03-31": "363.98100", "2018-12-31": "419.71530", "2018-09-30": "425.83010", "2018-06-30": "333.37080", "2018-03-31": "301.04790", "2017-12-31": "322.87550", "2017-09-30": "350.63090", "2017-06-30": "302.16500", "2017-03-31": "266.18790", "2016-12-31": "307.68740", "2016-09-30": "302.58200", "2016-06-30": "200.21700", "2016-03-31": "203.31310", "2015-12-31": "223.03930", "2015-09-30": "235.21500", "2015-06-30": "227.50500", "2015-03-31": "237.90600", "2014-12-31": "295.61120", "2014-09-30": "336.90300", "2014-06-30": "264.20900", "2014-03-31": "272.07090", "2013-12-31": "234.32350", "2013-09-30": "273.05300", "2013-06-30": "241.28390", "2013-03-31": "238.27290", "2012-12-31": "286.73890", "2012-09-30": "252.00000", "2012-06-30": "212.90390", "2012-03-31": "186.06410", "2011-12-31": "142.04530", "2011-09-30": "194.68990", "2011-06-30": "154.09000", "2011-03-31": "70.89100", "2010-12-31": "114.34820", "2010-09-30": "189.99400", "2010-06-30": "156.03700", "2010-03-31": "129.14200", "2009-12-31": "190.94700", "2009-09-30": "147.62800", "2009-06-30": "137.78200", "2009-03-31": "117.13100", "2008-12-31": "166.73300", "2008-09-30": "185.56600", "2008-06-30": "158.69000", "2008-03-31": "123.87700", "2007-12-31": "150.87490", "2007-09-30": "115.05300", "2007-06-30": "85.24700", "2007-03-31": "77.57200", "2006-12-31": "90.17110", "2006-09-30": "82.74200", "2006-06-30": "80.35500", "2006-03-31": "59.44800", "2005-12-31": "84.61800", "2005-09-30": "80.17300", "2005-06-30": "53.81600", "2005-03-31": "36.09200"}, "Research And Development Expenses": {"2020-09-30": "", "2020-06-30": "", "2020-03-31": "", "2019-12-31": "", "2019-09-30": "", "2019-06-30": "", "2019-03-31": "", "2018-12-31": "", "2018-09-30": "", "2018-06-30": "", "2018-03-31": "", "2017-12-31": "", "2017-09-30": "", "2017-06-30": "", "2017-03-31": "", "2016-12-31": "", "2016-09-30": "", "2016-06-30": "", "2016-03-31": "", "2015-12-31": "", "2015-09-30": "", "2015-06-30": "", "2015-03-31": "", "2014-12-31": "", "2014-09-30": "", "2014-06-30": "", "2014-03-31": "", "2013-12-31": "", "2013-09-30": "", "2013-06-30": "", "2013-03-31": "", "2012-12-31": "", "2012-09-30": "", "2012-06-30": "", "2012-03-31": "", "2011-12-31": "", "2011-09-30": "", "2011-06-30": "", "2011-03-31": "", "2010-12-31": "", "2010-09-30": "", "2010-06-30": "", "2010-03-31": "", "2009-12-31": "", "2009-09-30": "", "2009-06-30": "", "2009-03-31": "", "2008-12-31": "", "2008-09-30": "", "2008-06-30": "", "2008-03-31": "", "2007-12-31": "", "2007-09-30": "", "2007-06-30": "", "2007-03-31": "", "2006-12-31": "", "2006-09-30": "", "2006-06-30": "", "2006-03-31": "", "2005-12-31": "", "2005-09-30": "", "2005-06-30": "", "2005-03-31": ""}, "SG&A Expenses": {"2020-09-30": "250.65400", "2020-06-30": "227.85200", "2020-03-31": "230.79300", "2019-12-31": "255.12900", "2019-09-30": "245.01000", "2019-06-30": "223.94400", "2019-03-31": "231.90800", "2018-12-31": "212.00800", "2018-09-30": "224.04000", "2018-06-30": "206.10400", "2018-03-31": "215.42200", "2017-12-31": "206.26400", "2017-09-30": "201.22400", "2017-06-30": "185.88000", "2017-03-31": "184.55200", "2016-12-31": "173.88200", "2016-09-30": "164.32500", "2016-06-30": "156.60700", "2016-03-31": "158.52400", "2015-12-31": "151.79000", "2015-09-30": "145.68700", "2015-06-30": "149.92300", "2015-03-31": "145.46300", "2014-12-31": "200.44200", "2014-09-30": "196.49400", "2014-06-30": "135.21000", "2014-03-31": "173.33100", "2013-12-31": "127.40800", "2013-09-30": "124.94900", "2013-06-30": "119.03100", "2013-03-31": "113.68100", "2012-12-31": "116.97600", "2012-09-30": "114.57700", "2012-06-30": "105.23300", "2012-03-31": "98.10800", "2011-12-31": "64.39100", "2011-09-30": "92.41400", "2011-06-30": "89.48900", "2011-03-31": "91.54100", "2010-12-31": "62.71200", "2010-09-30": "82.03700", "2010-06-30": "82.12200", "2010-03-31": "81.00400", "2009-12-31": "94.82300", "2009-09-30": "71.01800", "2009-06-30": "72.97000", "2009-03-31": "73.60300", "2008-12-31": "82.26500", "2008-09-30": "80.12600", "2008-06-30": "76.29200", "2008-03-31": "70.71600", "2007-12-31": "84.71600", "2007-09-30": "59.81600", "2007-06-30": "47.02100", "2007-03-31": "48.95500", "2006-12-31": "47.97600", "2006-09-30": "44.76800", "2006-06-30": "46.55000", "2006-03-31": "42.18400", "2005-12-31": "50.65500", "2005-09-30": "49.42000", "2005-06-30": "43.87400", "2005-03-31": "42.46200"}, "Other Operating Income Or Expenses": {"2020-09-30": "5.04200", "2020-06-30": "3.28300", "2020-03-31": "-2.75800", "2019-12-31": "-19.23200", "2019-09-30": "-3.77700", "2019-06-30": "-4.37100", "2019-03-31": "0.08400", "2018-12-31": "-45.80000", "2018-09-30": "1.39400", "2018-06-30": "6.27900", "2018-03-31": "", "2017-12-31": "", "2017-09-30": "", "2017-06-30": "", "2017-03-31": "", "2016-12-31": "", "2016-09-30": "", "2016-06-30": "", "2016-03-31": "", "2015-12-31": "", "2015-09-30": "", "2015-06-30": "", "2015-03-31": "", "2014-12-31": "", "2014-09-30": "", "2014-06-30": "", "2014-03-31": "", "2013-12-31": "", "2013-09-30": "", "2013-06-30": "", "2013-03-31": "", "2012-12-31": "", "2012-09-30": "", "2012-06-30": "", "2012-03-31": "", "2011-12-31": "", "2011-09-30": "", "2011-06-30": "", "2011-03-31": "", "2010-12-31": "", "2010-09-30": "", "2010-06-30": "", "2010-03-31": "", "2009-12-31": "", "2009-09-30": "", "2009-06-30": "", "2009-03-31": "", "2008-12-31": "", "2008-09-30": "", "2008-06-30": "", "2008-03-31": "", "2007-12-31": "", "2007-09-30": "", "2007-06-30": "", "2007-03-31": "", "2006-12-31": "", "2006-09-30": "", "2006-06-30": "", "2006-03-31": "", "2005-12-31": "", "2005-09-30": "", "2005-06-30": "", "2005-03-31": ""}, "Operating Expenses": {"2020-09-30": "2777.94600", "2020-06-30": "2393.31500", "2020-03-31": "2683.35800", "2019-12-31": "2965.38700", "2019-09-30": "3143.50100", "2019-06-30": "2760.61900", "2019-03-31": "2687.77200", "2018-12-31": "2962.77100", "2018-09-30": "2792.72000", "2018-06-30": "2533.30900", "2018-03-31": "2342.35500", "2017-12-31": "2425.07100", "2017-09-30": "2468.87900", "2017-06-30": "2090.58300", "2017-03-31": "2103.09600", "2016-12-31": "1985.07900", "2016-09-30": "1912.02300", "2016-06-30": "1756.96100", "2016-03-31": "1676.44300", "2015-12-31": "1895.64800", "2015-09-30": "1858.56000", "2015-06-30": "1803.48900", "2015-03-31": "1777.23600", "2014-12-31": "1914.00400", "2014-09-30": "2014.67400", "2014-06-30": "1717.41200", "2014-03-31": "1672.07900", "2013-12-31": "1607.90200", "2013-09-30": "1504.05400", "2013-06-30": "1357.20300", "2013-03-31": "1466.41900", "2012-12-31": "1512.48900", "2012-09-30": "1404.86800", "2012-06-30": "1287.81700", "2012-03-31": "1249.97300", "2011-12-31": "1013.02500", "2011-09-30": "1156.83800", "2011-06-30": "953.18400", "2011-03-31": "875.87500", "2010-12-31": "762.32600", "2010-09-30": "1111.44600", "2010-06-30": "805.67710", "2010-03-31": "705.99300", "2009-12-31": "912.99080", "2009-09-30": "709.63200", "2009-06-30": "753.47300", "2009-03-31": "699.90800", "2008-12-31": "843.90180", "2008-09-30": "956.91300", "2008-06-30": "888.36000", "2008-03-31": "801.87100", "2007-12-31": "825.26030", "2007-09-30": "605.49600", "2007-06-30": "514.68600", "2007-03-31": "541.11400", "2006-12-31": "590.19210", "2006-09-30": "485.72300", "2006-06-30": "480.33300", "2006-03-31": "479.32100", "2005-12-31": "473.52510", "2005-09-30": "492.58700", "2005-06-30": "429.34500", "2005-03-31": "378.87500"}, "Operating Income": {"2020-09-30": "242.21480", "2020-06-30": "112.91580", "2020-03-31": "80.73710", "2019-12-31": "147.41240", "2019-09-30": "209.39400", "2019-06-30": "78.57960", "2019-03-31": "119.48710", "2018-12-31": "149.44750", "2018-09-30": "192.56100", "2018-06-30": "123.03880", "2018-03-31": "75.22100", "2017-12-31": "53.55620", "2017-09-30": "140.42800", "2017-06-30": "109.79100", "2017-03-31": "75.07370", "2016-12-31": "117.88660", "2016-09-30": "130.16310", "2016-06-30": "35.46910", "2016-03-31": "37.29410", "2015-12-31": "3.62390", "2015-09-30": "80.87790", "2015-06-30": "68.85110", "2015-03-31": "84.15000", "2014-12-31": "86.48410", "2014-09-30": "131.28390", "2014-06-30": "120.79700", "2014-03-31": "90.49490", "2013-12-31": "98.45620", "2013-09-30": "141.07800", "2013-06-30": "117.17400", "2013-03-31": "119.29090", "2012-12-31": "160.85330", "2012-09-30": "127.13290", "2012-06-30": "98.34490", "2012-03-31": "78.79100", "2011-12-31": "70.04720", "2011-09-30": "93.98080", "2011-06-30": "57.73000", "2011-03-31": "-26.91600", "2010-12-31": "42.31530", "2010-09-30": "94.56090", "2010-06-30": "64.82500", "2010-03-31": "42.29000", "2009-12-31": "72.43210", "2009-09-30": "71.16200", "2009-06-30": "59.90600", "2009-03-31": "38.62210", "2008-12-31": "77.63200", "2008-09-30": "96.44200", "2008-06-30": "72.52200", "2008-03-31": "42.57100", "2007-12-31": "53.73170", "2007-09-30": "50.36900", "2007-06-30": "37.53400", "2007-03-31": "27.84500", "2006-12-31": "-14.70800", "2006-09-30": "37.88300", "2006-06-30": "33.71500", "2006-03-31": "17.17300", "2005-12-31": "33.59790", "2005-09-30": "30.75310", "2005-06-30": "9.94200", "2005-03-31": "-6.37000"}, "Total Non-Operating Income/Expense": {"2020-09-30": "-8.03800", "2020-06-30": "-5.13200", "2020-03-31": "-23.07400", "2019-12-31": "-1.48000", "2019-09-30": "-17.46600", "2019-06-30": "-9.03300", "2019-03-31": "45.39200", "2018-12-31": "-20.65700", "2018-09-30": "-24.39500", "2018-06-30": "-18.94400", "2018-03-31": "-18.60700", "2017-12-31": "-7.63100", "2017-09-30": "-8.23300", "2017-06-30": "-5.18600", "2017-03-31": "-4.04200", "2016-12-31": "-3.99000", "2016-09-30": "-2.10000", "2016-06-30": "-4.04500", "2016-03-31": "-2.99200", "2015-12-31": "-3.12000", "2015-09-30": "-2.74500", "2015-06-30": "-1.80400", "2015-03-31": "-1.15900", "2014-12-31": "-1.10600", "2014-09-30": "-0.79900", "2014-06-30": "-1.76200", "2014-03-31": "1.20600", "2013-12-31": "113.26100", "2013-09-30": "-0.16000", "2013-06-30": "-0.28700", "2013-03-31": "-0.49300", "2012-12-31": "-0.15700", "2012-09-30": "0.54900", "2012-06-30": "-0.89700", "2012-03-31": "-0.03700", "2011-12-31": "-0.45300", "2011-09-30": "-1.04000", "2011-06-30": "0.19300", "2011-03-31": "-0.03400", "2010-12-31": "0.19700", "2010-09-30": "0.62800", "2010-06-30": "-8.73400", "2010-03-31": "-2.12400", "2009-12-31": "-2.82800", "2009-09-30": "-1.88600", "2009-06-30": "-2.01700", "2009-03-31": "-1.66100", "2008-12-31": "-1.25500", "2008-09-30": "-7.89100", "2008-06-30": "-7.35600", "2008-03-31": "-5.39500", "2007-12-31": "-18.40900", "2007-09-30": "-0.48900", "2007-06-30": "0.19200", "2007-03-31": "-1.22500", "2006-12-31": "-1.75800", "2006-09-30": "-1.38000", "2006-06-30": "-4.98000", "2006-03-31": "-2.75700", "2005-12-31": "-3.79500", "2005-09-30": "-4.05800", "2005-06-30": "-4.11100", "2005-03-31": "-4.33400"}, "Pre-Tax Income": {"2020-09-30": "234.17700", "2020-06-30": "107.78400", "2020-03-31": "57.66300", "2019-12-31": "145.93300", "2019-09-30": "191.92800", "2019-06-30": "69.54700", "2019-03-31": "164.87900", "2018-12-31": "128.79100", "2018-09-30": "168.16600", "2018-06-30": "104.09500", "2018-03-31": "56.61400", "2017-12-31": "45.92500", "2017-09-30": "132.19500", "2017-06-30": "104.60500", "2017-03-31": "71.03200", "2016-12-31": "113.89700", "2016-09-30": "128.06300", "2016-06-30": "31.42400", "2016-03-31": "34.30200", "2015-12-31": "0.50400", "2015-09-30": "78.13300", "2015-06-30": "67.04700", "2015-03-31": "82.99100", "2014-12-31": "85.37800", "2014-09-30": "130.48500", "2014-06-30": "119.03500", "2014-03-31": "91.70100", "2013-12-31": "211.71700", "2013-09-30": "140.91800", "2013-06-30": "116.88700", "2013-03-31": "118.79800", "2012-12-31": "160.69600", "2012-09-30": "127.68200", "2012-06-30": "97.44800", "2012-03-31": "78.75400", "2011-12-31": "69.59400", "2011-09-30": "92.94100", "2011-06-30": "57.92300", "2011-03-31": "-26.95000", "2010-12-31": "42.51200", "2010-09-30": "95.18900", "2010-06-30": "56.09100", "2010-03-31": "40.16600", "2009-12-31": "69.60400", "2009-09-30": "69.27600", "2009-06-30": "57.88900", "2009-03-31": "36.96100", "2008-12-31": "76.37700", "2008-09-30": "88.55100", "2008-06-30": "65.16600", "2008-03-31": "37.17600", "2007-12-31": "35.32300", "2007-09-30": "49.88000", "2007-06-30": "37.72600", "2007-03-31": "26.62000", "2006-12-31": "-16.46600", "2006-09-30": "36.50300", "2006-06-30": "28.73500", "2006-03-31": "14.41600", "2005-12-31": "29.80300", "2005-09-30": "26.69500", "2005-06-30": "5.83100", "2005-03-31": "-10.70400"}, "Income Taxes": {"2020-09-30": "70.47700", "2020-06-30": "32.98900", "2020-03-31": "16.16000", "2019-12-31": "25.63400", "2019-09-30": "54.90600", "2019-06-30": "41.08800", "2019-03-31": "43.84400", "2018-12-31": "71.00000", "2018-09-30": "43.26700", "2018-06-30": "29.38900", "2018-03-31": "18.00300", "2017-12-31": "-69.65100", "2017-09-30": "42.34600", "2017-06-30": "40.24500", "2017-03-31": "22.59200", "2016-12-31": "24.59200", "2016-09-30": "54.51600", "2016-06-30": "14.69500", "2016-03-31": "13.44300", "2015-12-31": "2.89800", "2015-09-30": "32.38900", "2015-06-30": "31.58400", "2015-03-31": "30.60100", "2014-12-31": "27.53900", "2014-09-30": "37.19500", "2014-06-30": "41.22000", "2014-03-31": "33.05300", "2013-12-31": "70.26400", "2013-09-30": "42.50900", "2013-06-30": "42.16100", "2013-03-31": "41.94100", "2012-12-31": "55.32300", "2012-09-30": "39.59600", "2012-06-30": "35.27100", "2012-03-31": "28.66900", "2011-12-31": "12.79000", "2011-09-30": "37.34100", "2011-06-30": "23.61000", "2011-03-31": "-10.64500", "2010-12-31": "18.56100", "2010-09-30": "31.48900", "2010-06-30": "22.76800", "2010-03-31": "16.06600", "2009-12-31": "25.15900", "2009-09-30": "5.32000", "2009-06-30": "24.24500", "2009-03-31": "15.47100", "2008-12-31": "29.88800", "2008-09-30": "36.61400", "2008-06-30": "27.49800", "2008-03-31": "15.70500", "2007-12-31": "13.05800", "2007-09-30": "2.93000", "2007-06-30": "15.94300", "2007-03-31": "-4.24700", "2006-12-31": "15.11800", "2006-09-30": "14.20400", "2006-06-30": "11.07500", "2006-03-31": "6.55800", "2005-12-31": "11.71900", "2005-09-30": "13.81500", "2005-06-30": "2.48800", "2005-03-31": "-5.57600"}, "Income After Taxes": {"2020-09-30": "163.70000", "2020-06-30": "74.79500", "2020-03-31": "41.50300", "2019-12-31": "120.29900", "2019-09-30": "137.02200", "2019-06-30": "28.45900", "2019-03-31": "121.03500", "2018-12-31": "57.79100", "2018-09-30": "124.89900", "2018-06-30": "74.70600", "2018-03-31": "38.61100", "2017-12-31": "115.57600", "2017-09-30": "89.84900", "2017-06-30": "64.36000", "2017-03-31": "48.44000", "2016-12-31": "89.30500", "2016-09-30": "73.54700", "2016-06-30": "16.72900", "2016-03-31": "20.85900", "2015-12-31": "-2.39400", "2015-09-30": "45.74400", "2015-06-30": "35.46300", "2015-03-31": "52.39000", "2014-12-31": "57.83900", "2014-09-30": "93.29000", "2014-06-30": "77.81500", "2014-03-31": "58.64800", "2013-12-31": "141.45300", "2013-09-30": "98.40900", "2013-06-30": "74.72600", "2013-03-31": "76.85700", "2012-12-31": "105.37300", "2012-09-30": "88.08600", "2012-06-30": "62.17700", "2012-03-31": "50.08500", "2011-12-31": "56.80400", "2011-09-30": "55.60000", "2011-06-30": "34.31300", "2011-03-31": "-16.30500", "2010-12-31": "23.95100", "2010-09-30": "63.70000", "2010-06-30": "33.32300", "2010-03-31": "24.10000", "2009-12-31": "44.44500", "2009-09-30": "63.95600", "2009-06-30": "33.64400", "2009-03-31": "21.49000", "2008-12-31": "46.48900", "2008-09-30": "51.93700", "2008-06-30": "37.66800", "2008-03-31": "21.47100", "2007-12-31": "22.26500", "2007-09-30": "46.95000", "2007-06-30": "21.78300", "2007-03-31": "30.86700", "2006-12-31": "-31.58400", "2006-09-30": "22.29900", "2006-06-30": "17.66000", "2006-03-31": "7.85800", "2005-12-31": "18.08400", "2005-09-30": "12.88000", "2005-06-30": "3.34300", "2005-03-31": "-5.12800"}, "Other Income": {"2020-09-30": "", "2020-06-30": "", "2020-03-31": "", "2019-12-31": "", "2019-09-30": "", "2019-06-30": "", "2019-03-31": "", "2018-12-31": "", "2018-09-30": "", "2018-06-30": "", "2018-03-31": "", "2017-12-31": "", "2017-09-30": "", "2017-06-30": "", "2017-03-31": "", "2016-12-31": "", "2016-09-30": "", "2016-06-30": "", "2016-03-31": "", "2015-12-31": "", "2015-09-30": "", "2015-06-30": "", "2015-03-31": "", "2014-12-31": "", "2014-09-30": "", "2014-06-30": "", "2014-03-31": "", "2013-12-31": "", "2013-09-30": "", "2013-06-30": "", "2013-03-31": "", "2012-12-31": "", "2012-09-30": "", "2012-06-30": "", "2012-03-31": "", "2011-12-31": "", "2011-09-30": "", "2011-06-30": "", "2011-03-31": "", "2010-12-31": "", "2010-09-30": "", "2010-06-30": "", "2010-03-31": "", "2009-12-31": "", "2009-09-30": "", "2009-06-30": "", "2009-03-31": "", "2008-12-31": "", "2008-09-30": "", "2008-06-30": "", "2008-03-31": "", "2007-12-31": "", "2007-09-30": "", "2007-06-30": "", "2007-03-31": "", "2006-12-31": "", "2006-09-30": "", "2006-06-30": "", "2006-03-31": "", "2005-12-31": "", "2005-09-30": "", "2005-06-30": "", "2005-03-31": ""}, "Income From Continuous Operations": {"2020-09-30": "163.70000", "2020-06-30": "74.79500", "2020-03-31": "41.50300", "2019-12-31": "120.29900", "2019-09-30": "137.02200", "2019-06-30": "28.45900", "2019-03-31": "121.03500", "2018-12-31": "57.79100", "2018-09-30": "124.89900", "2018-06-30": "74.70600", "2018-03-31": "38.61100", "2017-12-31": "115.57600", "2017-09-30": "89.84900", "2017-06-30": "64.36000", "2017-03-31": "48.44000", "2016-12-31": "89.30500", "2016-09-30": "73.54700", "2016-06-30": "16.72900", "2016-03-31": "20.85900", "2015-12-31": "-2.39400", "2015-09-30": "45.74400", "2015-06-30": "35.46300", "2015-03-31": "52.39000", "2014-12-31": "57.83900", "2014-09-30": "93.29000", "2014-06-30": "77.81500", "2014-03-31": "58.64800", "2013-12-31": "141.45300", "2013-09-30": "98.40900", "2013-06-30": "74.72600", "2013-03-31": "76.85700", "2012-12-31": "105.37300", "2012-09-30": "88.08600", "2012-06-30": "62.17700", "2012-03-31": "50.08500", "2011-12-31": "56.80400", "2011-09-30": "55.60000", "2011-06-30": "34.31300", "2011-03-31": "-16.30500", "2010-12-31": "23.95100", "2010-09-30": "63.70000", "2010-06-30": "33.32300", "2010-03-31": "24.10000", "2009-12-31": "44.44500", "2009-09-30": "63.95600", "2009-06-30": "33.64400", "2009-03-31": "21.49000", "2008-12-31": "46.48900", "2008-09-30": "51.93700", "2008-06-30": "37.66800", "2008-03-31": "21.47100", "2007-12-31": "22.26500", "2007-09-30": "46.95000", "2007-06-30": "21.78300", "2007-03-31": "30.86700", "2006-12-31": "-31.58400", "2006-09-30": "22.29900", "2006-06-30": "17.66000", "2006-03-31": "7.85800", "2005-12-31": "18.08400", "2005-09-30": "12.88000", "2005-06-30": "3.34300", "2005-03-31": "-5.12800"}, "Income From Discontinued Operations": {"2020-09-30": "", "2020-06-30": "", "2020-03-31": "", "2019-12-31": "", "2019-09-30": "", "2019-06-30": "", "2019-03-31": "", "2018-12-31": "", "2018-09-30": "", "2018-06-30": "", "2018-03-31": "", "2017-12-31": "", "2017-09-30": "", "2017-06-30": "", "2017-03-31": "", "2016-12-31": "-0.94700", "2016-09-30": "0.60500", "2016-06-30": "", "2016-03-31": "", "2015-12-31": "-2.48800", "2015-09-30": "173.21200", "2015-06-30": "14.10200", "2015-03-31": "5.79500", "2014-12-31": "13.13600", "2014-09-30": "6.72500", "2014-06-30": "7.62900", "2014-03-31": "", "2013-12-31": "", "2013-09-30": "", "2013-06-30": "", "2013-03-31": "", "2012-12-31": "-3.36400", "2012-09-30": "12.77000", "2012-06-30": "7.62000", "2012-03-31": "-0.09100", "2011-12-31": "", "2011-09-30": "", "2011-06-30": "", "2011-03-31": "", "2010-12-31": "", "2010-09-30": "", "2010-06-30": "", "2010-03-31": "", "2009-12-31": "", "2009-09-30": "", "2009-06-30": "", "2009-03-31": "", "2008-12-31": "", "2008-09-30": "", "2008-06-30": "", "2008-03-31": "", "2007-12-31": "0.04600", "2007-09-30": "2.37100", "2007-06-30": "0.08300", "2007-03-31": "0.33700", "2006-12-31": "1.12600", "2006-09-30": "0.12400", "2006-06-30": "", "2006-03-31": "", "2005-12-31": "", "2005-09-30": "", "2005-06-30": "", "2005-03-31": ""}, "Net Income": {"2020-09-30": "162.91300", "2020-06-30": "73.94600", "2020-03-31": "38.68600", "2019-12-31": "118.14400", "2019-09-30": "136.06800", "2019-06-30": "27.34400", "2019-03-31": "120.48800", "2018-12-31": "56.81600", "2018-09-30": "124.55100", "2018-06-30": "74.36500", "2018-03-31": "37.61400", "2017-12-31": "113.56100", "2017-09-30": "89.31300", "2017-06-30": "63.83700", "2017-03-31": "48.26700", "2016-12-31": "87.58300", "2016-09-30": "73.74200", "2016-06-30": "16.56200", "2016-03-31": "20.49600", "2015-12-31": "-5.07400", "2015-09-30": "216.38800", "2015-06-30": "46.10900", "2015-03-31": "53.48400", "2014-12-31": "66.57600", "2014-09-30": "94.64800", "2014-06-30": "81.08200", "2014-03-31": "54.40800", "2013-12-31": "166.69700", "2013-09-30": "92.90600", "2013-06-30": "70.23700", "2013-03-31": "72.08100", "2012-12-31": "98.98600", "2012-09-30": "96.39800", "2012-06-30": "65.53800", "2012-03-31": "45.70700", "2011-12-31": "66.31400", "2011-09-30": "51.99400", "2011-06-30": "31.80100", "2011-03-31": "-17.59400", "2010-12-31": "33.66600", "2010-09-30": "62.78000", "2010-06-30": "32.98600", "2010-03-31": "23.74400", "2009-12-31": "43.94500", "2009-09-30": "63.43600", "2009-06-30": "33.42700", "2009-03-31": "21.35400", "2008-12-31": "46.48900", "2008-09-30": "51.93700", "2008-06-30": "37.66800", "2008-03-31": "21.47100", "2007-12-31": "22.31100", "2007-09-30": "49.32100", "2007-06-30": "21.86600", "2007-03-31": "31.20400", "2006-12-31": "-30.45800", "2006-09-30": "22.42300", "2006-06-30": "17.66000", "2006-03-31": "7.85800", "2005-12-31": "18.46200", "2005-09-30": "12.88000", "2005-06-30": "3.34300", "2005-03-31": "-5.12800"}, "EBITDA": {"2020-09-30": "321.21590", "2020-06-30": "185.80880", "2020-03-31": "153.64410", "2019-12-31": "226.06530", "2019-09-30": "280.68600", "2019-06-30": "145.40860", "2019-03-31": "184.78110", "2018-12-31": "214.53650", "2018-09-30": "255.01400", "2018-06-30": "183.86780", "2018-03-31": "134.63290", "2017-12-31": "112.06920", "2017-09-30": "198.17200", "2017-06-30": "161.27300", "2017-03-31": "124.66870", "2016-12-31": "169.81360", "2016-09-30": "181.27410", "2016-06-30": "86.70710", "2016-03-31": "86.29910", "2015-12-31": "54.69290", "2015-09-30": "130.75490", "2015-06-30": "118.88510", "2015-03-31": "132.11400", "2014-12-31": "133.72110", "2014-09-30": "177.16690", "2014-06-30": "161.49500", "2014-03-31": "133.13390", "2013-12-31": "135.54820", "2013-09-30": "179.54300", "2013-06-30": "152.49890", "2013-03-31": "154.18490", "2012-12-31": "198.69130", "2012-09-30": "165.84090", "2012-06-30": "134.71980", "2012-03-31": "114.61900", "2011-12-31": "98.72030", "2011-09-30": "128.81680", "2011-06-30": "90.99000", "2011-03-31": "4.71400", "2010-12-31": "69.80820", "2010-09-30": "131.84490", "2010-06-30": "95.56200", "2010-03-31": "73.80100", "2009-12-31": "119.00810", "2009-09-30": "94.01700", "2009-06-30": "80.95500", "2009-03-31": "60.89010", "2008-12-31": "101.66900", "2008-09-30": "123.14900", "2008-06-30": "100.00100", "2008-03-31": "70.56200", "2007-12-31": "81.30470", "2007-09-30": "68.99100", "2007-06-30": "51.42300", "2007-03-31": "41.63900", "2006-12-31": "54.64910", "2006-09-30": "50.84500", "2006-06-30": "50.85400", "2006-03-31": "30.76700", "2005-12-31": "47.75290", "2005-09-30": "45.60110", "2005-06-30": "25.78400", "2005-03-31": "7.84500"}, "EBIT": {"2020-09-30": "242.21480", "2020-06-30": "112.91580", "2020-03-31": "80.73710", "2019-12-31": "147.41330", "2019-09-30": "209.39400", "2019-06-30": "78.57960", "2019-03-31": "119.48710", "2018-12-31": "149.44780", "2018-09-30": "192.56100", "2018-06-30": "123.03880", "2018-03-31": "75.22100", "2017-12-31": "53.55590", "2017-09-30": "140.42800", "2017-06-30": "109.79100", "2017-03-31": "75.07370", "2016-12-31": "117.88670", "2016-09-30": "130.16310", "2016-06-30": "35.46910", "2016-03-31": "37.29410", "2015-12-31": "3.62390", "2015-09-30": "80.87790", "2015-06-30": "68.85110", "2015-03-31": "84.15000", "2014-12-31": "86.48430", "2014-09-30": "131.28390", "2014-06-30": "120.79700", "2014-03-31": "90.49490", "2013-12-31": "98.45620", "2013-09-30": "141.07800", "2013-06-30": "117.17400", "2013-03-31": "119.29090", "2012-12-31": "160.85330", "2012-09-30": "127.13290", "2012-06-30": "98.34490", "2012-03-31": "78.79100", "2011-12-31": "70.04720", "2011-09-30": "93.98080", "2011-06-30": "57.73000", "2011-03-31": "-26.91600", "2010-12-31": "42.31510", "2010-09-30": "94.56090", "2010-06-30": "64.82500", "2010-03-31": "42.29000", "2009-12-31": "72.43200", "2009-09-30": "71.16200", "2009-06-30": "59.90600", "2009-03-31": "38.62210", "2008-12-31": "77.63200", "2008-09-30": "96.44200", "2008-06-30": "72.52200", "2008-03-31": "42.57100", "2007-12-31": "53.73180", "2007-09-30": "50.36900", "2007-06-30": "37.53400", "2007-03-31": "27.84500", "2006-12-31": "-14.70800", "2006-09-30": "37.88300", "2006-06-30": "33.71500", "2006-03-31": "17.17300", "2005-12-31": "33.59790", "2005-09-30": "30.75310", "2005-06-30": "9.94200", "2005-03-31": "-6.37000"}, "Basic Shares Outstanding": {"2020-09-30": "140.54200", "2020-06-30": "139.85600", "2020-03-31": "144.45400", "2019-12-31": "145.71000", "2019-09-30": "145.91300", "2019-06-30": "145.93500", "2019-03-31": "145.11000", "2018-12-31": "152.96300", "2018-09-30": "152.56200", "2018-06-30": "153.32500", "2018-03-31": "156.54600", "2017-12-31": "156.12400", "2017-09-30": "157.48400", "2017-06-30": "155.09000", "2017-03-31": "155.16800", "2016-12-31": "157.28700", "2016-09-30": "155.02400", "2016-06-30": "156.12800", "2016-03-31": "162.80300", "2015-12-31": "195.11300", "2015-09-30": "188.95100", "2015-06-30": "213.04700", "2015-03-31": "215.47300", "2014-12-31": "219.66800", "2014-09-30": "219.49200", "2014-06-30": "219.61200", "2014-03-31": "219.03300", "2013-12-31": "214.92900", "2013-09-30": "214.86600", "2013-06-30": "214.31400", "2013-03-31": "213.45300", "2012-12-31": "212.77700", "2012-09-30": "213.15000", "2012-06-30": "212.98700", "2012-03-31": "211.48100", "2011-12-31": "212.64800", "2011-09-30": "210.58300", "2011-06-30": "214.82700", "2011-03-31": "214.16700", "2010-12-31": "210.04600", "2010-09-30": "209.42800", "2010-06-30": "209.39900", "2010-03-31": "208.67300", "2009-12-31": "200.73300", "2009-09-30": "198.60800", "2009-06-30": "198.30000", "2009-03-31": "197.70400", "2008-12-31": "178.03300", "2008-09-30": "173.00700", "2008-06-30": "172.39300", "2008-03-31": "171.13700", "2007-12-31": "136.89400", "2007-09-30": "136.27900", "2007-06-30": "118.57800", "2007-03-31": "118.03000", "2006-12-31": "117.02700", "2006-09-30": "117.20200", "2006-06-30": "117.15200", "2006-03-31": "116.52500", "2005-12-31": "115.75600", "2005-09-30": "115.97000", "2005-06-30": "115.71300", "2005-03-31": "115.22900"}, "Shares Outstanding": {"2020-09-30": "144.36300", "2020-06-30": "143.52100", "2020-03-31": "146.78700", "2019-12-31": "147.53400", "2019-09-30": "147.43800", "2019-06-30": "147.24100", "2019-03-31": "146.45800", "2018-12-31": "154.22600", "2018-09-30": "153.68700", "2018-06-30": "154.59500", "2018-03-31": "157.55600", "2017-12-31": "157.15500", "2017-09-30": "158.62000", "2017-06-30": "156.16500", "2017-03-31": "155.16800", "2016-12-31": "157.28800", "2016-09-30": "155.02400", "2016-06-30": "156.13000", "2016-03-31": "162.80600", "2015-12-31": "195.12000", "2015-09-30": "188.96100", "2015-06-30": "213.05900", "2015-03-31": "215.49000", "2014-12-31": "219.69000", "2014-09-30": "219.51700", "2014-06-30": "219.64200", "2014-03-31": "219.07500", "2013-12-31": "214.97800", "2013-09-30": "214.91600", "2013-06-30": "214.36800", "2013-03-31": "213.51200", "2012-12-31": "212.83500", "2012-09-30": "213.24200", "2012-06-30": "213.08700", "2012-03-31": "211.59200", "2011-12-31": "213.16800", "2011-09-30": "210.69200", "2011-06-30": "215.02300", "2011-03-31": "214.16700", "2010-12-31": "211.79600", "2010-09-30": "211.09600", "2010-06-30": "211.08200", "2010-03-31": "210.34200", "2009-12-31": "201.31100", "2009-09-30": "205.22400", "2009-06-30": "198.37900", "2009-03-31": "197.73300", "2008-12-31": "196.97500", "2008-09-30": "203.93000", "2008-06-30": "197.02100", "2008-03-31": "171.58700", "2007-12-31": "161.52000", "2007-09-30": "167.86900", "2007-06-30": "149.96400", "2007-03-31": "149.60800", "2006-12-31": "117.86300", "2006-09-30": "148.53400", "2006-06-30": "142.01400", "2006-03-31": "117.05800", "2005-12-31": "116.63400", "2005-09-30": "141.17700", "2005-06-30": "116.34100", "2005-03-31": "115.22900"}, "Basic EPS": {"2020-09-30": "1.16000", "2020-06-30": "0.53000", "2020-03-31": "0.27000", "2019-12-31": "0.81000", "2019-09-30": "0.93000", "2019-06-30": "0.19000", "2019-03-31": "0.83000", "2018-12-31": "0.37000", "2018-09-30": "0.82000", "2018-06-30": "0.49000", "2018-03-31": "0.24000", "2017-12-31": "0.73000", "2017-09-30": "0.57000", "2017-06-30": "0.41000", "2017-03-31": "0.31000", "2016-12-31": "0.54000", "2016-09-30": "0.48000", "2016-06-30": "0.11000", "2016-03-31": "0.13000", "2015-12-31": "-0.03000", "2015-09-30": "1.15000", "2015-06-30": "0.22000", "2015-03-31": "0.25000", "2014-12-31": "0.30000", "2014-09-30": "0.43000", "2014-06-30": "0.37000", "2014-03-31": "0.25000", "2013-12-31": "0.77000", "2013-09-30": "0.43000", "2013-06-30": "0.33000", "2013-03-31": "0.34000", "2012-12-31": "0.46000", "2012-09-30": "0.45000", "2012-06-30": "0.31000", "2012-03-31": "0.22000", "2011-12-31": "0.30000", "2011-09-30": "0.25000", "2011-06-30": "0.15000", "2011-03-31": "-0.08000", "2010-12-31": "0.16000", "2010-09-30": "0.30000", "2010-06-30": "0.16000", "2010-03-31": "0.11000", "2009-12-31": "0.21000", "2009-09-30": "0.32000", "2009-06-30": "0.17000", "2009-03-31": "0.11000", "2008-12-31": "0.24000", "2008-09-30": "0.30000", "2008-06-30": "0.22000", "2008-03-31": "0.13000", "2007-12-31": "0.11000", "2007-09-30": "0.36000", "2007-06-30": "0.18000", "2007-03-31": "0.26000", "2006-12-31": "-0.26000", "2006-09-30": "0.19000", "2006-06-30": "0.15000", "2006-03-31": "0.07000", "2005-12-31": "0.16000", "2005-09-30": "0.11000", "2005-06-30": "0.03000", "2005-03-31": "-0.04000"}, "EPS - Earnings Per Share": {"2020-09-30": "1.13000", "2020-06-30": "0.52000", "2020-03-31": "0.26000", "2019-12-31": "0.80000", "2019-09-30": "0.92000", "2019-06-30": "0.19000", "2019-03-31": "0.82000", "2018-12-31": "0.37000", "2018-09-30": "0.81000", "2018-06-30": "0.48000", "2018-03-31": "0.24000", "2017-12-31": "0.72000", "2017-09-30": "0.56000", "2017-06-30": "0.41000", "2017-03-31": "0.31000", "2016-12-31": "0.54000", "2016-09-30": "0.48000", "2016-06-30": "0.11000", "2016-03-31": "0.13000", "2015-12-31": "-0.03000", "2015-09-30": "1.15000", "2015-06-30": "0.22000", "2015-03-31": "0.25000", "2014-12-31": "0.30000", "2014-09-30": "0.43000", "2014-06-30": "0.37000", "2014-03-31": "0.25000", "2013-12-31": "0.77000", "2013-09-30": "0.43000", "2013-06-30": "0.33000", "2013-03-31": "0.34000", "2012-12-31": "0.46000", "2012-09-30": "0.45000", "2012-06-30": "0.31000", "2012-03-31": "0.22000", "2011-12-31": "0.30000", "2011-09-30": "0.25000", "2011-06-30": "0.15000", "2011-03-31": "-0.08000", "2010-12-31": "0.15000", "2010-09-30": "0.30000", "2010-06-30": "0.16000", "2010-03-31": "0.11000", "2009-12-31": "0.21000", "2009-09-30": "0.32000", "2009-06-30": "0.17000", "2009-03-31": "0.11000", "2008-12-31": "0.25000", "2008-09-30": "0.28000", "2008-06-30": "0.21000", "2008-03-31": "0.13000", "2007-12-31": "0.17000", "2007-09-30": "0.31000", "2007-06-30": "0.17000", "2007-03-31": "0.23000", "2006-12-31": "-0.23000", "2006-09-30": "0.17000", "2006-06-30": "0.14000", "2006-03-31": "0.07000", "2005-12-31": "0.15000", "2005-09-30": "0.11000", "2005-06-30": "0.03000", "2005-03-31": "-0.04000"}}, "balance sheet": {"Cash On Hand": {"2019-12-31": "164.79800", "2018-12-31": "78.68700", "2017-12-31": "138.28500", "2016-12-31": "112.18300", "2015-12-31": "128.77100", "2014-12-31": "190.51500", "2013-12-31": "488.77700", "2012-12-31": "394.70100", "2011-12-31": "315.34900", "2010-12-31": "539.22100", "2009-12-31": "699.62900", "2008-12-31": "437.90100", "2007-12-31": "407.08100", "2006-12-31": "383.68700", "2005-12-31": "304.26700"}, "Receivables": {"2019-12-31": "2747.91100", "2018-12-31": "2354.73700", "2017-12-31": "1985.07700", "2016-12-31": "1500.11500", "2015-12-31": "1621.13300", "2014-12-31": "1801.11000", "2013-12-31": "1439.11500", "2012-12-31": "1328.08100", "2011-12-31": "959.88700", "2010-12-31": "766.38700", "2009-12-31": "688.26000", "2008-12-31": "795.25100", "2007-12-31": "719.67200", "2006-12-31": "507.76100", "2005-12-31": "431.58400"}, "Inventory": {"2019-12-31": "55.71900", "2018-12-31": "107.73200", "2017-12-31": "80.89000", "2016-12-31": "88.54800", "2015-12-31": "75.28500", "2014-12-31": "38.92100", "2013-12-31": "31.87700", "2012-12-31": "38.26100", "2011-12-31": "62.51900", "2010-12-31": "51.75400", "2009-12-31": "33.45100", "2008-12-31": "25.81300", "2007-12-31": "25.92000", "2006-12-31": "28.76800", "2005-12-31": "25.71700"}, "Pre-Paid Expenses": {"2019-12-31": "261.29000", "2018-12-31": "208.05700", "2017-12-31": "168.36300", "2016-12-31": "114.59100", "2015-12-31": "134.58500", "2014-12-31": "161.02400", "2013-12-31": "140.07100", "2012-12-31": "97.90700", "2011-12-31": "105.00100", "2010-12-31": "103.52700", "2009-12-31": "100.21300", "2008-12-31": "72.06300", "2007-12-31": "79.66500", "2006-12-31": "34.30000", "2005-12-31": "31.38900"}, "Other Current Assets": {"2019-12-31": "601.26800", "2018-12-31": "576.89100", "2017-12-31": "497.29200", "2016-12-31": "473.30800", "2015-12-31": "317.74500", "2014-12-31": "290.44700", "2013-12-31": "213.47800", "2012-12-31": "342.77700", "2011-12-31": "189.16700", "2010-12-31": "135.47500", "2009-12-31": "61.23900", "2008-12-31": "54.37900", "2007-12-31": "72.42400", "2006-12-31": "36.11300", "2005-12-31": "38.05300"}, "Total Current Assets": {"2019-12-31": "3830.98600", "2018-12-31": "3326.10400", "2017-12-31": "2869.90700", "2016-12-31": "2288.74500", "2015-12-31": "2277.51900", "2014-12-31": "2495.70400", "2013-12-31": "2313.31800", "2012-12-31": "2201.72700", "2011-12-31": "1765.15400", "2010-12-31": "1596.36400", "2009-12-31": "1582.79200", "2008-12-31": "1385.40700", "2007-12-31": "1304.76200", "2006-12-31": "990.62900", "2005-12-31": "831.01000"}, "Property, Plant, And Equipment": {"2019-12-31": "1386.65400", "2018-12-31": "1276.03200", "2017-12-31": "1288.60200", "2016-12-31": "1174.09400", "2015-12-31": "1101.95900", "2014-12-31": "1099.57400", "2013-12-31": "1205.60800", "2012-12-31": "1045.98300", "2011-12-31": "938.90200", "2010-12-31": "900.76800", "2009-12-31": "854.43700", "2008-12-31": "635.45600", "2007-12-31": "532.28500", "2006-12-31": "276.78900", "2005-12-31": "286.60600"}, "Long-Term Investments": {"2019-12-31": "", "2018-12-31": "", "2017-12-31": "", "2016-12-31": "", "2015-12-31": "", "2014-12-31": "", "2013-12-31": "", "2012-12-31": "", "2011-12-31": "", "2010-12-31": "", "2009-12-31": "", "2008-12-31": "", "2007-12-31": "", "2006-12-31": "", "2005-12-31": ""}, "Goodwill And Intangible Assets": {"2019-12-31": "2436.40900", "2018-12-31": "2180.05900", "2017-12-31": "2131.77900", "2016-12-31": "1790.19200", "2015-12-31": "1757.73200", "2014-12-31": "1840.27900", "2013-12-31": "1988.59400", "2012-12-31": "1721.48100", "2011-12-31": "1671.68700", "2010-12-31": "1755.22200", "2009-12-31": "1634.38000", "2008-12-31": "1503.81700", "2007-12-31": "1507.79300", "2006-12-31": "331.94300", "2005-12-31": "388.35700"}, "Other Long-Term Assets": {"2019-12-31": "393.26400", "2018-12-31": "293.59200", "2017-12-31": "189.86600", "2016-12-31": "101.02800", "2015-12-31": "76.33300", "2014-12-31": "818.02600", "2013-12-31": "285.72500", "2012-12-31": "171.56600", "2011-12-31": "323.37100", "2010-12-31": "88.85800", "2009-12-31": "45.34500", "2008-12-31": "33.47900", "2007-12-31": "42.99200", "2006-12-31": "31.98100", "2005-12-31": "33.58300"}, "Total Long-Term Assets": {"2019-12-31": "4500.69600", "2018-12-31": "3749.68300", "2017-12-31": "3610.24700", "2016-12-31": "3065.31400", "2015-12-31": "2936.02400", "2014-12-31": "3757.87900", "2013-12-31": "3479.92700", "2012-12-31": "2939.03000", "2011-12-31": "2933.96000", "2010-12-31": "2744.84800", "2009-12-31": "2534.16200", "2008-12-31": "2172.75200", "2007-12-31": "2083.07000", "2006-12-31": "648.52800", "2005-12-31": "723.77500"}, "Total Assets": {"2019-12-31": "8331.68200", "2018-12-31": "7075.78700", "2017-12-31": "6480.15400", "2016-12-31": "5354.05900", "2015-12-31": "5213.54300", "2014-12-31": "6253.58300", "2013-12-31": "5793.24500", "2012-12-31": "5140.75700", "2011-12-31": "4699.11400", "2010-12-31": "4341.21200", "2009-12-31": "4116.95400", "2008-12-31": "3558.15900", "2007-12-31": "3387.83200", "2006-12-31": "1639.15700", "2005-12-31": "1554.78500"}, "Total Current Liabilities": {"2019-12-31": "2263.04900", "2018-12-31": "1806.12700", "2017-12-31": "1492.06700", "2016-12-31": "1205.22800", "2015-12-31": "1203.74400", "2014-12-31": "1106.31100", "2013-12-31": "1042.46700", "2012-12-31": "881.17900", "2011-12-31": "781.07600", "2010-12-31": "500.39500", "2009-12-31": "495.68800", "2008-12-31": "451.79800", "2007-12-31": "757.42900", "2006-12-31": "334.45600", "2005-12-31": "258.07100"}, "Long Term Debt": {"2019-12-31": "1292.19500", "2018-12-31": "1040.53200", "2017-12-31": "670.72100", "2016-12-31": "353.56200", "2015-12-31": "475.36400", "2014-12-31": "72.48900", "2013-12-31": "1.05300", "2012-12-31": "", "2011-12-31": "", "2010-12-31": "", "2009-12-31": "126.60800", "2008-12-31": "122.27500", "2007-12-31": "143.75000", "2006-12-31": "413.75000", "2005-12-31": "450.09100"}, "Other Non-Current Liabilities": {"2019-12-31": "311.30700", "2018-12-31": "404.56000", "2017-12-31": "342.35600", "2016-12-31": "259.73300", "2015-12-31": "260.12900", "2014-12-31": "333.26200", "2013-12-31": "264.15000", "2012-12-31": "262.61200", "2011-12-31": "295.13100", "2010-12-31": "261.69800", "2009-12-31": "216.52200", "2008-12-31": "217.85100", "2007-12-31": "200.09400", "2006-12-31": "130.72800", "2005-12-31": ""}, "Total Long Term Liabilities": {"2019-12-31": "2014.80200", "2018-12-31": "1664.20700", "2017-12-31": "1192.45800", "2016-12-31": "806.12900", "2015-12-31": "921.98400", "2014-12-31": "621.73200", "2013-12-31": "509.45900", "2012-12-31": "487.66200", "2011-12-31": "528.77500", "2010-12-31": "473.89800", "2009-12-31": "510.70500", "2008-12-31": "423.98700", "2007-12-31": "445.26000", "2006-12-31": "575.61800", "2005-12-31": "592.97600"}, "Total Liabilities": {"2019-12-31": "4277.85100", "2018-12-31": "3470.33400", "2017-12-31": "2684.52500", "2016-12-31": "2011.35700", "2015-12-31": "2125.72800", "2014-12-31": "1728.04300", "2013-12-31": "1551.92600", "2012-12-31": "1368.84100", "2011-12-31": "1309.85100", "2010-12-31": "974.29300", "2009-12-31": "1006.39300", "2008-12-31": "875.78500", "2007-12-31": "1202.68900", "2006-12-31": "910.07400", "2005-12-31": "851.04700"}, "Common Stock Net": {"2019-12-31": "0.00200", "2018-12-31": "0.00200", "2017-12-31": "0.00200", "2016-12-31": "0.00100", "2015-12-31": "0.00200", "2014-12-31": "0.00200", "2013-12-31": "0.00200", "2012-12-31": "0.00200", "2011-12-31": "0.00200", "2010-12-31": "0.00200", "2009-12-31": "0.00200", "2008-12-31": "0.00200", "2007-12-31": "0.00200", "2006-12-31": "0.00100", "2005-12-31": ""}, "Retained Earnings (Accumulated Deficit)": {"2019-12-31": "2854.27100", "2018-12-31": "2477.29100", "2017-12-31": "2191.05900", "2016-12-31": "1876.08100", "2015-12-31": "1677.69800", "2014-12-31": "1366.79100", "2013-12-31": "1070.07700", "2012-12-31": "668.15600", "2011-12-31": "361.52700", "2010-12-31": "229.01200", "2009-12-31": "75.83600", "2008-12-31": "-86.32600", "2007-12-31": "-214.19100", "2006-12-31": "-351.63900", "2005-12-31": "-369.12200"}, "Comprehensive Income": {"2019-12-31": "-241.81800", "2018-12-31": "-286.04800", "2017-12-31": "-203.39500", "2016-12-31": "-271.67300", "2015-12-31": "-294.68900", "2014-12-31": "-123.29000", "2013-12-31": "-37.23600", "2012-12-31": "14.45300", "2011-12-31": "0.71000", "2010-12-31": "14.12200", "2009-12-31": "3.50200", "2008-12-31": "-2.95600", "2007-12-31": "3.66300", "2006-12-31": "", "2005-12-31": ""}, "Other Share Holders Equity": {"2019-12-31": "", "2018-12-31": "", "2017-12-31": "", "2016-12-31": "", "2015-12-31": "", "2014-12-31": "", "2013-12-31": "", "2012-12-31": "", "2011-12-31": "", "2010-12-31": "", "2009-12-31": "", "2008-12-31": "", "2007-12-31": "", "2006-12-31": "", "2005-12-31": ""}, "Share Holder Equity": {"2019-12-31": "4053.83100", "2018-12-31": "3605.45300", "2017-12-31": "3795.62900", "2016-12-31": "3342.70200", "2015-12-31": "3087.81500", "2014-12-31": "4525.54000", "2013-12-31": "4241.31900", "2012-12-31": "3771.91600", "2011-12-31": "3389.26300", "2010-12-31": "3366.91900", "2009-12-31": "3110.56100", "2008-12-31": "2682.37400", "2007-12-31": "2185.14300", "2006-12-31": "729.08300", "2005-12-31": "703.73800"}, "Total Liabilities And Share Holders Equity": {"2019-12-31": "8331.68200", "2018-12-31": "7075.78700", "2017-12-31": "6480.15400", "2016-12-31": "5354.05900", "2015-12-31": "5213.54300", "2014-12-31": "6253.58300", "2013-12-31": "5793.24500", "2012-12-31": "5140.75700", "2011-12-31": "4699.11400", "2010-12-31": "4341.21200", "2009-12-31": "4116.95400", "2008-12-31": "3558.15900", "2007-12-31": "3387.83200", "2006-12-31": "1639.15700", "2005-12-31": "1554.78500"}}, "balance sheet, quarterly": {"Cash On Hand": {"2020-09-30": "216.93500", "2020-06-30": "530.67000", "2020-03-31": "377.20500", "2019-12-31": "164.79800", "2019-09-30": "80.04400", "2019-06-30": "73.35600", "2019-03-31": "85.42300", "2018-12-31": "78.68700", "2018-09-30": "113.52400", "2018-06-30": "120.35700", "2018-03-31": "101.73600", "2017-12-31": "138.28500", "2017-09-30": "91.53200", "2017-06-30": "99.56500", "2017-03-31": "106.51400", "2016-12-31": "112.18300", "2016-09-30": "117.36600", "2016-06-30": "162.34400", "2016-03-31": "155.31500", "2015-12-31": "128.77100", "2015-09-30": "49.19400", "2015-06-30": "65.42700", "2015-03-31": "135.53400", "2014-12-31": "190.51500", "2014-09-30": "144.15900", "2014-06-30": "188.94800", "2014-03-31": "273.34000", "2013-12-31": "488.77700", "2013-09-30": "309.15300", "2013-06-30": "363.11300", "2013-03-31": "366.61900", "2012-12-31": "394.70100", "2012-09-30": "128.21000", "2012-06-30": "172.86800", "2012-03-31": "177.36700", "2011-12-31": "315.34900", "2011-09-30": "257.83800", "2011-06-30": "380.38200", "2011-03-31": "503.01900", "2010-12-31": "539.22100", "2010-09-30": "441.24700", "2010-06-30": "519.81800", "2010-03-31": "659.82400", "2009-12-31": "699.62900", "2009-09-30": "584.03800", "2009-06-30": "524.35600", "2009-03-31": "508.80900", "2008-12-31": "437.90100", "2008-09-30": "266.42900", "2008-06-30": "304.79100", "2008-03-31": "372.19400", "2007-12-31": "407.08100", "2007-09-30": "371.47000", "2007-06-30": "405.79200", "2007-03-31": "406.43200", "2006-12-31": "383.68700", "2006-09-30": "351.71500", "2006-06-30": "309.52100", "2006-03-31": "284.76300", "2005-12-31": "304.26700", "2005-09-30": "223.63600", "2005-06-30": "240.73700", "2005-03-31": "254.00200"}, "Receivables": {"2020-09-30": "2750.26800", "2020-06-30": "2370.28600", "2020-03-31": "2593.28500", "2019-12-31": "2747.91100", "2019-09-30": "3188.32800", "2019-06-30": "2632.00300", "2019-03-31": "2580.66500", "2018-12-31": "2354.73700", "2018-09-30": "2291.60800", "2018-06-30": "2108.31700", "2018-03-31": "2088.68200", "2017-12-31": "1985.07700", "2017-09-30": "1980.24500", "2017-06-30": "1614.11300", "2017-03-31": "1589.25700", "2016-12-31": "1500.11500", "2016-09-30": "1565.08000", "2016-06-30": "1384.55400", "2016-03-31": "1493.25500", "2015-12-31": "1621.13300", "2015-09-30": "1700.31400", "2015-06-30": "1626.83300", "2015-03-31": "1642.67500", "2014-12-31": "1801.11000", "2014-09-30": "1873.24100", "2014-06-30": "1589.92700", "2014-03-31": "1501.85700", "2013-12-31": "1439.11500", "2013-09-30": "1434.70100", "2013-06-30": "1282.94900", "2013-03-31": "1283.73900", "2012-12-31": "1328.08100", "2012-09-30": "1441.02100", "2012-06-30": "1138.72000", "2012-03-31": "1114.24600", "2011-12-31": "959.88700", "2011-09-30": "1008.93600", "2011-06-30": "813.05700", "2011-03-31": "767.12600", "2010-12-31": "766.38700", "2010-09-30": "787.58000", "2010-06-30": "671.79200", "2010-03-31": "672.58600", "2009-12-31": "688.26000", "2009-09-30": "663.27700", "2009-06-30": "723.71100", "2009-03-31": "683.89300", "2008-12-31": "795.25100", "2008-09-30": "958.93100", "2008-06-30": "821.11000", "2008-03-31": "755.51600", "2007-12-31": "719.67200", "2007-09-30": "721.22400", "2007-06-30": "474.17100", "2007-03-31": "467.20900", "2006-12-31": "507.76100", "2006-09-30": "456.93800", "2006-06-30": "450.53300", "2006-03-31": "447.09600", "2005-12-31": "431.58400", "2005-09-30": "456.07500", "2005-06-30": "363.07400", "2005-03-31": "330.98000"}, "Inventory": {"2020-09-30": "39.82100", "2020-06-30": "48.27400", "2020-03-31": "50.36500", "2019-12-31": "55.71900", "2019-09-30": "67.03900", "2019-06-30": "68.40000", "2019-03-31": "81.11700", "2018-12-31": "107.73200", "2018-09-30": "94.67000", "2018-06-30": "85.85900", "2018-03-31": "94.54800", "2017-12-31": "80.89000", "2017-09-30": "86.39100", "2017-06-30": "94.15200", "2017-03-31": "89.97300", "2016-12-31": "88.54800", "2016-09-30": "89.10900", "2016-06-30": "74.97600", "2016-03-31": "72.64300", "2015-12-31": "75.28500", "2015-09-30": "64.69000", "2015-06-30": "55.81500", "2015-03-31": "45.82400", "2014-12-31": "38.92100", "2014-09-30": "39.41100", "2014-06-30": "40.77200", "2014-03-31": "35.60400", "2013-12-31": "31.87700", "2013-09-30": "35.59000", "2013-06-30": "40.85200", "2013-03-31": "37.66600", "2012-12-31": "38.26100", "2012-09-30": "55.91600", "2012-06-30": "57.64900", "2012-03-31": "72.26300", "2011-12-31": "62.51900", "2011-09-30": "74.02400", "2011-06-30": "62.21600", "2011-03-31": "53.09100", "2010-12-31": "51.75400", "2010-09-30": "46.44500", "2010-06-30": "40.69000", "2010-03-31": "33.17600", "2009-12-31": "33.45100", "2009-09-30": "31.92000", "2009-06-30": "27.96700", "2009-03-31": "25.78700", "2008-12-31": "25.81300", "2008-09-30": "26.33500", "2008-06-30": "31.03300", "2008-03-31": "24.98000", "2007-12-31": "25.92000", "2007-09-30": "26.76300", "2007-06-30": "23.39400", "2007-03-31": "25.43300", "2006-12-31": "28.76800", "2006-09-30": "27.20900", "2006-06-30": "27.52600", "2006-03-31": "28.14000", "2005-12-31": "25.71700", "2005-09-30": "23.48800", "2005-06-30": "23.75100", "2005-03-31": "22.99200"}, "Pre-Paid Expenses": {"2020-09-30": "191.50100", "2020-06-30": "205.72200", "2020-03-31": "168.56500", "2019-12-31": "261.29000", "2019-09-30": "313.60100", "2019-06-30": "294.50800", "2019-03-31": "234.09100", "2018-12-31": "208.05700", "2018-09-30": "198.31400", "2018-06-30": "208.79800", "2018-03-31": "173.91300", "2017-12-31": "168.36300", "2017-09-30": "147.29500", "2017-06-30": "178.48900", "2017-03-31": "132.64200", "2016-12-31": "114.59100", "2016-09-30": "135.95000", "2016-06-30": "156.03700", "2016-03-31": "143.94300", "2015-12-31": "134.58500", "2015-09-30": "196.44500", "2015-06-30": "210.90900", "2015-03-31": "222.41700", "2014-12-31": "161.02400", "2014-09-30": "162.87900", "2014-06-30": "184.84200", "2014-03-31": "128.69000", "2013-12-31": "140.07100", "2013-09-30": "125.65100", "2013-06-30": "84.88100", "2013-03-31": "90.56100", "2012-12-31": "97.90700", "2012-09-30": "132.32200", "2012-06-30": "102.40700", "2012-03-31": "98.09100", "2011-12-31": "105.00100", "2011-09-30": "102.73100", "2011-06-30": "111.62100", "2011-03-31": "128.14900", "2010-12-31": "103.52700", "2010-09-30": "79.95800", "2010-06-30": "65.08900", "2010-03-31": "83.22400", "2009-12-31": "100.21300", "2009-09-30": "61.37200", "2009-06-30": "60.85100", "2009-03-31": "62.73200", "2008-12-31": "72.06300", "2008-09-30": "59.59500", "2008-06-30": "78.57100", "2008-03-31": "79.46800", "2007-12-31": "79.66500", "2007-09-30": "55.74100", "2007-06-30": "33.86000", "2007-03-31": "31.22200", "2006-12-31": "34.30000", "2006-09-30": "31.25500", "2006-06-30": "29.68000", "2006-03-31": "28.73700", "2005-12-31": "31.38900", "2005-09-30": "43.52800", "2005-06-30": "23.31000", "2005-03-31": "27.93800"}, "Other Current Assets": {"2020-09-30": "478.48300", "2020-06-30": "489.80300", "2020-03-31": "569.18000", "2019-12-31": "601.26800", "2019-09-30": "652.91500", "2019-06-30": "683.66500", "2019-03-31": "573.24800", "2018-12-31": "576.89100", "2018-09-30": "680.00600", "2018-06-30": "551.50500", "2018-03-31": "498.19000", "2017-12-31": "497.29200", "2017-09-30": "642.77600", "2017-06-30": "630.88000", "2017-03-31": "556.52700", "2016-12-31": "473.30800", "2016-09-30": "497.84600", "2016-06-30": "466.47600", "2016-03-31": "383.21800", "2015-12-31": "317.74500", "2015-09-30": "352.02100", "2015-06-30": "347.51100", "2015-03-31": "341.19000", "2014-12-31": "290.44700", "2014-09-30": "316.77700", "2014-06-30": "238.43900", "2014-03-31": "274.96600", "2013-12-31": "213.47800", "2013-09-30": "232.29200", "2013-06-30": "405.03200", "2013-03-31": "407.08000", "2012-12-31": "342.77700", "2012-09-30": "378.95800", "2012-06-30": "352.85700", "2012-03-31": "308.14600", "2011-12-31": "189.16700", "2011-09-30": "133.34800", "2011-06-30": "109.30400", "2011-03-31": "110.93900", "2010-12-31": "135.47500", "2010-09-30": "266.03200", "2010-06-30": "127.98400", "2010-03-31": "56.67400", "2009-12-31": "61.23900", "2009-09-30": "62.35300", "2009-06-30": "49.00700", "2009-03-31": "60.16500", "2008-12-31": "54.37900", "2008-09-30": "71.49200", "2008-06-30": "82.11600", "2008-03-31": "74.97900", "2007-12-31": "72.42400", "2007-09-30": "63.26400", "2007-06-30": "49.78800", "2007-03-31": "40.69300", "2006-12-31": "36.11300", "2006-09-30": "48.96100", "2006-06-30": "45.25500", "2006-03-31": "47.02500", "2005-12-31": "38.05300", "2005-09-30": "51.25300", "2005-06-30": "57.75500", "2005-03-31": "50.95500"}, "Total Current Assets": {"2020-09-30": "3677.00800", "2020-06-30": "3644.75500", "2020-03-31": "3758.60000", "2019-12-31": "3830.98600", "2019-09-30": "4301.92700", "2019-06-30": "3751.93200", "2019-03-31": "3554.54400", "2018-12-31": "3326.10400", "2018-09-30": "3378.12200", "2018-06-30": "3074.83600", "2018-03-31": "2957.06900", "2017-12-31": "2869.90700", "2017-09-30": "2948.23900", "2017-06-30": "2617.19900", "2017-03-31": "2474.91300", "2016-12-31": "2288.74500", "2016-09-30": "2405.35100", "2016-06-30": "2244.38700", "2016-03-31": "2248.37400", "2015-12-31": "2277.51900", "2015-09-30": "2362.66400", "2015-06-30": "2315.56700", "2015-03-31": "2387.64000", "2014-12-31": "2495.70400", "2014-09-30": "2536.46700", "2014-06-30": "2242.92800", "2014-03-31": "2214.45700", "2013-12-31": "2313.31800", "2013-09-30": "2137.38700", "2013-06-30": "2176.82700", "2013-03-31": "2185.66500", "2012-12-31": "2201.72700", "2012-09-30": "2136.42700", "2012-06-30": "1824.50100", "2012-03-31": "1770.11300", "2011-12-31": "1765.15400", "2011-09-30": "1576.87700", "2011-06-30": "1476.58000", "2011-03-31": "1562.32400", "2010-12-31": "1596.36400", "2010-09-30": "1621.26200", "2010-06-30": "1425.37300", "2010-03-31": "1505.48400", "2009-12-31": "1582.79200", "2009-09-30": "1402.96000", "2009-06-30": "1385.89200", "2009-03-31": "1341.38600", "2008-12-31": "1385.40700", "2008-09-30": "1382.78200", "2008-06-30": "1317.62100", "2008-03-31": "1307.13700", "2007-12-31": "1304.76200", "2007-09-30": "1238.46200", "2007-06-30": "987.00500", "2007-03-31": "970.98900", "2006-12-31": "990.62900", "2006-09-30": "916.07800", "2006-06-30": "862.51500", "2006-03-31": "835.76100", "2005-12-31": "831.01000", "2005-09-30": "797.98000", "2005-06-30": "708.62700", "2005-03-31": "686.86700"}, "Property, Plant, And Equipment": {"2020-09-30": "1436.93500", "2020-06-30": "1379.68700", "2020-03-31": "1388.43600", "2019-12-31": "1386.65400", "2019-09-30": "1390.20900", "2019-06-30": "1354.46700", "2019-03-31": "1317.01400", "2018-12-31": "1276.03200", "2018-09-30": "1350.89400", "2018-06-30": "1325.12800", "2018-03-31": "1301.54500", "2017-12-31": "1288.60200", "2017-09-30": "1256.45800", "2017-06-30": "1190.33300", "2017-03-31": "1161.60300", "2016-12-31": "1174.09400", "2016-09-30": "1165.68700", "2016-06-30": "1160.87000", "2016-03-31": "1153.88400", "2015-12-31": "1101.95900", "2015-09-30": "1125.50100", "2015-06-30": "1129.59700", "2015-03-31": "1480.09700", "2014-12-31": "1099.57400", "2014-09-30": "1388.13400", "2014-06-30": "1311.85900", "2014-03-31": "1269.65600", "2013-12-31": "1205.60800", "2013-09-30": "1153.62900", "2013-06-30": "1103.21200", "2013-03-31": "1071.97200", "2012-12-31": "1045.98300", "2012-09-30": "1057.04600", "2012-06-30": "1016.73700", "2012-03-31": "985.67200", "2011-12-31": "938.90200", "2011-09-30": "956.60400", "2011-06-30": "938.56700", "2011-03-31": "910.53000", "2010-12-31": "900.76800", "2010-09-30": "864.27900", "2010-06-30": "875.98100", "2010-03-31": "870.26000", "2009-12-31": "854.43700", "2009-09-30": "692.54300", "2009-06-30": "677.34600", "2009-03-31": "654.43800", "2008-12-31": "635.45600", "2008-09-30": "640.07900", "2008-06-30": "605.53600", "2008-03-31": "561.16800", "2007-12-31": "532.28500", "2007-09-30": "503.47400", "2007-06-30": "293.71300", "2007-03-31": "292.63200", "2006-12-31": "276.78900", "2006-09-30": "279.02300", "2006-06-30": "286.59400", "2006-03-31": "286.56500", "2005-12-31": "286.60600", "2005-09-30": "307.22100", "2005-06-30": "313.22200", "2005-03-31": "312.35200"}, "Long-Term Investments": {"2020-09-30": "", "2020-06-30": "", "2020-03-31": "", "2019-12-31": "", "2019-09-30": "", "2019-06-30": "", "2019-03-31": "", "2018-12-31": "", "2018-09-30": "", "2018-06-30": "", "2018-03-31": "", "2017-12-31": "", "2017-09-30": "", "2017-06-30": "", "2017-03-31": "", "2016-12-31": "", "2016-09-30": "", "2016-06-30": "", "2016-03-31": "", "2015-12-31": "", "2015-09-30": "", "2015-06-30": "", "2015-03-31": "", "2014-12-31": "", "2014-09-30": "", "2014-06-30": "", "2014-03-31": "", "2013-12-31": "", "2013-09-30": "", "2013-06-30": "", "2013-03-31": "", "2012-12-31": "", "2012-09-30": "", "2012-06-30": "", "2012-03-31": "", "2011-12-31": "", "2011-09-30": "", "2011-06-30": "", "2011-03-31": "", "2010-12-31": "", "2010-09-30": "", "2010-06-30": "", "2010-03-31": "", "2009-12-31": "", "2009-09-30": "", "2009-06-30": "", "2009-03-31": "", "2008-12-31": "", "2008-09-30": "", "2008-06-30": "", "2008-03-31": "", "2007-12-31": "", "2007-09-30": "", "2007-06-30": "", "2007-03-31": "", "2006-12-31": "", "2006-09-30": "", "2006-06-30": "", "2006-03-31": "", "2005-12-31": "", "2005-09-30": "", "2005-06-30": "", "2005-03-31": ""}, "Goodwill And Intangible Assets": {"2020-09-30": "2532.56700", "2020-06-30": "2403.30400", "2020-03-31": "2402.10300", "2019-12-31": "2436.40900", "2019-09-30": "2434.47200", "2019-06-30": "2196.58400", "2019-03-31": "2203.09800", "2018-12-31": "2180.05900", "2018-09-30": "2196.55000", "2018-06-30": "2159.48400", "2018-03-31": "2173.69700", "2017-12-31": "2131.77900", "2017-09-30": "2212.06300", "2017-06-30": "1800.69200", "2017-03-31": "1790.31800", "2016-12-31": "1790.19200", "2016-09-30": "1809.79400", "2016-06-30": "1798.81100", "2016-03-31": "1806.70300", "2015-12-31": "1757.73200", "2015-09-30": "1822.34400", "2015-06-30": "1832.95700", "2015-03-31": "2174.54000", "2014-12-31": "1840.27900", "2014-09-30": "2109.55000", "2014-06-30": "2057.02800", "2014-03-31": "2051.62000", "2013-12-31": "1988.59400", "2013-09-30": "1840.76100", "2013-06-30": "1702.00900", "2013-03-31": "1714.31000", "2012-12-31": "1721.48100", "2012-09-30": "1869.90100", "2012-06-30": "1870.98100", "2012-03-31": "1855.76300", "2011-12-31": "1671.68700", "2011-09-30": "1785.83600", "2011-06-30": "1750.34800", "2011-03-31": "1753.47900", "2010-12-31": "1755.22200", "2010-09-30": "1606.10400", "2010-06-30": "1619.41600", "2010-03-31": "1628.65200", "2009-12-31": "1634.38000", "2009-09-30": "1506.95500", "2009-06-30": "1494.10500", "2009-03-31": "1499.01200", "2008-12-31": "1503.81700", "2008-09-30": "1503.93600", "2008-06-30": "1532.93300", "2008-03-31": "1497.40500", "2007-12-31": "1507.79300", "2007-09-30": "1490.58500", "2007-06-30": "361.51500", "2007-03-31": "358.59100", "2006-12-31": "331.94300", "2006-09-30": "388.16000", "2006-06-30": "388.22600", "2006-03-31": "388.29200", "2005-12-31": "388.35700", "2005-09-30": "388.42300", "2005-06-30": "388.48900", "2005-03-31": "388.55400"}, "Other Long-Term Assets": {"2020-09-30": "412.49000", "2020-06-30": "386.06800", "2020-03-31": "392.64800", "2019-12-31": "393.26400", "2019-09-30": "449.21800", "2019-06-30": "433.87200", "2019-03-31": "292.09200", "2018-12-31": "293.59200", "2018-09-30": "265.60800", "2018-06-30": "230.93400", "2018-03-31": "221.09100", "2017-12-31": "189.86600", "2017-09-30": "223.48600", "2017-06-30": "145.12000", "2017-03-31": "116.21900", "2016-12-31": "101.02800", "2016-09-30": "95.63600", "2016-06-30": "93.03300", "2016-03-31": "86.55800", "2015-12-31": "76.33300", "2015-09-30": "62.91500", "2015-06-30": "852.38900", "2015-03-31": "98.55700", "2014-12-31": "818.02600", "2014-09-30": "195.13800", "2014-06-30": "297.24400", "2014-03-31": "290.88700", "2013-12-31": "285.72500", "2013-09-30": "363.19100", "2013-06-30": "205.88300", "2013-03-31": "182.87100", "2012-12-31": "171.56600", "2012-09-30": "191.89600", "2012-06-30": "185.08400", "2012-03-31": "143.78600", "2011-12-31": "323.37100", "2011-09-30": "144.63800", "2011-06-30": "127.36000", "2011-03-31": "98.22900", "2010-12-31": "88.85800", "2010-09-30": "39.31700", "2010-06-30": "39.53200", "2010-03-31": "44.75600", "2009-12-31": "45.34500", "2009-09-30": "31.64700", "2009-06-30": "42.15900", "2009-03-31": "36.64400", "2008-12-31": "33.47900", "2008-09-30": "35.77200", "2008-06-30": "34.40400", "2008-03-31": "32.34900", "2007-12-31": "42.99200", "2007-09-30": "35.18300", "2007-06-30": "33.82100", "2007-03-31": "33.23200", "2006-12-31": "31.98100", "2006-09-30": "33.14600", "2006-06-30": "33.78800", "2006-03-31": "33.95200", "2005-12-31": "33.58300", "2005-09-30": "34.20700", "2005-06-30": "36.85400", "2005-03-31": "36.52800"}, "Total Long-Term Assets": {"2020-09-30": "4648.47900", "2020-06-30": "4444.87500", "2020-03-31": "4470.34400", "2019-12-31": "4500.69600", "2019-09-30": "4563.16600", "2019-06-30": "4269.88500", "2019-03-31": "4097.97200", "2018-12-31": "3749.68300", "2018-09-30": "3813.05200", "2018-06-30": "3715.54600", "2018-03-31": "3696.33300", "2017-12-31": "3610.24700", "2017-09-30": "3692.00700", "2017-06-30": "3136.14500", "2017-03-31": "3068.14000", "2016-12-31": "3065.31400", "2016-09-30": "3071.11700", "2016-06-30": "3052.71400", "2016-03-31": "3047.14500", "2015-12-31": "2936.02400", "2015-09-30": "3010.76000", "2015-06-30": "3814.94300", "2015-03-31": "3753.19400", "2014-12-31": "3757.87900", "2014-09-30": "3692.82200", "2014-06-30": "3666.13100", "2014-03-31": "3612.16300", "2013-12-31": "3479.92700", "2013-09-30": "3357.58100", "2013-06-30": "3011.10400", "2013-03-31": "2969.15300", "2012-12-31": "2939.03000", "2012-09-30": "3118.84300", "2012-06-30": "3072.80200", "2012-03-31": "2985.22100", "2011-12-31": "2933.96000", "2011-09-30": "2887.07800", "2011-06-30": "2816.27500", "2011-03-31": "2762.23800", "2010-12-31": "2744.84800", "2010-09-30": "2509.70000", "2010-06-30": "2534.92900", "2010-03-31": "2543.66800", "2009-12-31": "2534.16200", "2009-09-30": "2231.14500", "2009-06-30": "2213.61000", "2009-03-31": "2190.09400", "2008-12-31": "2172.75200", "2008-09-30": "2179.78700", "2008-06-30": "2172.87300", "2008-03-31": "2090.92200", "2007-12-31": "2083.07000", "2007-09-30": "2036.21200", "2007-06-30": "695.42500", "2007-03-31": "691.77700", "2006-12-31": "648.52800", "2006-09-30": "710.34800", "2006-06-30": "718.31500", "2006-03-31": "724.73100", "2005-12-31": "723.77500", "2005-09-30": "745.99210", "2005-06-30": "760.51400", "2005-03-31": "757.86500"}, "Total Assets": {"2020-09-30": "8325.48700", "2020-06-30": "8089.63000", "2020-03-31": "8228.94400", "2019-12-31": "8331.68200", "2019-09-30": "8865.09300", "2019-06-30": "8021.81700", "2019-03-31": "7652.51600", "2018-12-31": "7075.78700", "2018-09-30": "7191.17400", "2018-06-30": "6790.38200", "2018-03-31": "6653.40200", "2017-12-31": "6480.15400", "2017-09-30": "6640.24600", "2017-06-30": "5753.34400", "2017-03-31": "5543.05300", "2016-12-31": "5354.05900", "2016-09-30": "5476.46800", "2016-06-30": "5297.10100", "2016-03-31": "5295.51900", "2015-12-31": "5213.54300", "2015-09-30": "5373.42400", "2015-06-30": "6130.51000", "2015-03-31": "6140.83400", "2014-12-31": "6253.58300", "2014-09-30": "6229.28900", "2014-06-30": "5909.05900", "2014-03-31": "5826.62000", "2013-12-31": "5793.24500", "2013-09-30": "5494.96800", "2013-06-30": "5187.93100", "2013-03-31": "5154.81800", "2012-12-31": "5140.75700", "2012-09-30": "5255.27000", "2012-06-30": "4897.30300", "2012-03-31": "4755.33400", "2011-12-31": "4699.11400", "2011-09-30": "4463.95500", "2011-06-30": "4292.85500", "2011-03-31": "4324.56200", "2010-12-31": "4341.21200", "2010-09-30": "4130.96200", "2010-06-30": "3960.30200", "2010-03-31": "4049.15200", "2009-12-31": "4116.95400", "2009-09-30": "3634.10500", "2009-06-30": "3599.50200", "2009-03-31": "3531.48000", "2008-12-31": "3558.15900", "2008-09-30": "3562.56900", "2008-06-30": "3490.49400", "2008-03-31": "3398.05900", "2007-12-31": "3387.83200", "2007-09-30": "3274.67400", "2007-06-30": "1682.43000", "2007-03-31": "1662.76600", "2006-12-31": "1639.15700", "2006-09-30": "1626.42600", "2006-06-30": "1580.83000", "2006-03-31": "1560.49200", "2005-12-31": "1554.78500", "2005-09-30": "1543.97200", "2005-06-30": "1469.14100", "2005-03-31": "1444.73200"}, "Total Current Liabilities": {"2020-09-30": "2178.27300", "2020-06-30": "2093.35900", "2020-03-31": "2115.90900", "2019-12-31": "2263.04900", "2019-09-30": "2357.52300", "2019-06-30": "1906.23300", "2019-03-31": "1778.73700", "2018-12-31": "1806.12700", "2018-09-30": "1816.18400", "2018-06-30": "1690.56500", "2018-03-31": "1549.63900", "2017-12-31": "1492.06700", "2017-09-30": "1592.49200", "2017-06-30": "1286.01600", "2017-03-31": "1264.73800", "2016-12-31": "1205.22800", "2016-09-30": "1245.90800", "2016-06-30": "1208.08900", "2016-03-31": "1235.91100", "2015-12-31": "1203.74400", "2015-09-30": "1340.53800", "2015-06-30": "1179.14800", "2015-03-31": "1124.31000", "2014-12-31": "1106.31100", "2014-09-30": "1128.12700", "2014-06-30": "967.19600", "2014-03-31": "982.47500", "2013-12-31": "1042.46700", "2013-09-30": "964.78700", "2013-06-30": "800.41500", "2013-03-31": "829.88600", "2012-12-31": "881.17900", "2012-09-30": "925.35200", "2012-06-30": "783.97100", "2012-03-31": "762.65600", "2011-12-31": "781.07600", "2011-09-30": "651.70800", "2011-06-30": "503.96000", "2011-03-31": "482.71100", "2010-12-31": "500.39500", "2010-09-30": "504.39700", "2010-06-30": "420.35500", "2010-03-31": "402.45700", "2009-12-31": "495.68800", "2009-09-30": "390.08800", "2009-06-30": "430.72200", "2009-03-31": "404.80200", "2008-12-31": "451.79800", "2008-09-30": "780.35000", "2008-06-30": "754.51000", "2008-03-31": "740.25000", "2007-12-31": "757.42900", "2007-09-30": "437.84100", "2007-06-30": "278.20400", "2007-03-31": "296.89000", "2006-12-31": "334.45600", "2006-09-30": "298.97800", "2006-06-30": "248.57600", "2006-03-31": "255.86300", "2005-12-31": "258.07100", "2005-09-30": "260.69900", "2005-06-30": "232.89300", "2005-03-31": "223.05900"}, "Long Term Debt": {"2020-09-30": "1202.42500", "2020-06-30": "1315.55600", "2020-03-31": "1589.31800", "2019-12-31": "1292.19500", "2019-09-30": "1810.48000", "2019-06-30": "1517.27200", "2019-03-31": "1344.99900", "2018-12-31": "1040.53200", "2018-09-30": "952.88600", "2018-06-30": "840.74200", "2018-03-31": "882.79500", "2017-12-31": "670.72100", "2017-09-30": "760.20800", "2017-06-30": "483.63800", "2017-03-31": "419.31000", "2016-12-31": "353.56200", "2016-09-30": "482.39900", "2016-06-30": "401.11900", "2016-03-31": "404.05800", "2015-12-31": "475.36400", "2015-09-30": "348.20900", "2015-06-30": "214.25500", "2015-03-31": "115.00200", "2014-12-31": "72.48900", "2014-09-30": "83.18600", "2014-06-30": "4.14700", "2014-03-31": "4.55600", "2013-12-31": "1.05300", "2013-09-30": "", "2013-06-30": "", "2013-03-31": "", "2012-12-31": "", "2012-09-30": "125.00000", "2012-06-30": "39.00000", "2012-03-31": "", "2011-12-31": "", "2011-09-30": "", "2011-06-30": "", "2011-03-31": "", "2010-12-31": "", "2010-09-30": "", "2010-06-30": "", "2010-03-31": "127.74500", "2009-12-31": "126.60800", "2009-09-30": "125.49300", "2009-06-30": "124.40000", "2009-03-31": "123.32700", "2008-12-31": "122.27500", "2008-09-30": "143.75000", "2008-06-30": "143.75000", "2008-03-31": "143.75000", "2007-12-31": "143.75000", "2007-09-30": "413.74200", "2007-06-30": "413.75000", "2007-03-31": "413.75000", "2006-12-31": "413.75000", "2006-09-30": "413.75000", "2006-06-30": "447.02300", "2006-03-31": "447.04900", "2005-12-31": "450.09100", "2005-09-30": "458.97500", "2005-06-30": "459.06900", "2005-03-31": "453.83600"}, "Other Non-Current Liabilities": {"2020-09-30": "397.94000", "2020-06-30": "349.72400", "2020-03-31": "309.94400", "2019-12-31": "311.30700", "2019-09-30": "310.12900", "2019-06-30": "353.28200", "2019-03-31": "357.08400", "2018-12-31": "404.56000", "2018-09-30": "388.39500", "2018-06-30": "369.08900", "2018-03-31": "377.11100", "2017-12-31": "342.35600", "2017-09-30": "345.33200", "2017-06-30": "267.49100", "2017-03-31": "262.48200", "2016-12-31": "259.73300", "2016-09-30": "287.23500", "2016-06-30": "284.03600", "2016-03-31": "276.37600", "2015-12-31": "260.12900", "2015-09-30": "254.68500", "2015-06-30": "297.96700", "2015-03-31": "290.96000", "2014-12-31": "333.26200", "2014-09-30": "278.19400", "2014-06-30": "283.23500", "2014-03-31": "273.19600", "2013-12-31": "264.15000", "2013-09-30": "265.53300", "2013-06-30": "266.21000", "2013-03-31": "266.41900", "2012-12-31": "262.61200", "2012-09-30": "284.32300", "2012-06-30": "285.95200", "2012-03-31": "290.10000", "2011-12-31": "295.13100", "2011-09-30": "277.58800", "2011-06-30": "274.54400", "2011-03-31": "267.88600", "2010-12-31": "261.69800", "2010-09-30": "211.61100", "2010-06-30": "216.97300", "2010-03-31": "217.74400", "2009-12-31": "216.52200", "2009-09-30": "193.94600", "2009-06-30": "218.90100", "2009-03-31": "219.53200", "2008-12-31": "217.85100", "2008-09-30": "219.41700", "2008-06-30": "215.49100", "2008-03-31": "206.80100", "2007-12-31": "200.09400", "2007-09-30": "194.96400", "2007-06-30": "", "2007-03-31": "", "2006-12-31": "130.72800", "2006-09-30": "", "2006-06-30": "", "2006-03-31": "", "2005-12-31": "", "2005-09-30": "", "2005-06-30": "", "2005-03-31": ""}, "Total Long Term Liabilities": {"2020-09-30": "1991.64800", "2020-06-30": "2078.26900", "2020-03-31": "2317.85700", "2019-12-31": "2014.80200", "2019-09-30": "2598.36300", "2019-06-30": "2339.32500", "2019-03-31": "2148.72200", "2018-12-31": "1664.20700", "2018-09-30": "1550.75600", "2018-06-30": "1406.35200", "2018-03-31": "1456.79800", "2017-12-31": "1192.45800", "2017-09-30": "1317.52300", "2017-06-30": "957.99690", "2017-03-31": "879.50400", "2016-12-31": "806.12900", "2016-09-30": "953.97500", "2016-06-30": "885.83800", "2016-03-31": "886.37900", "2015-12-31": "921.98400", "2015-09-30": "828.97200", "2015-06-30": "741.64400", "2015-03-31": "705.77100", "2014-12-31": "621.73200", "2014-09-30": "612.53100", "2014-06-30": "540.77600", "2014-03-31": "527.46900", "2013-12-31": "509.45900", "2013-09-30": "505.92700", "2013-06-30": "499.67700", "2013-03-31": "494.11100", "2012-12-31": "487.66200", "2012-09-30": "659.67400", "2012-06-30": "567.17800", "2012-03-31": "521.96400", "2011-12-31": "528.77500", "2011-09-30": "509.25000", "2011-06-30": "485.61400", "2011-03-31": "482.07300", "2010-12-31": "473.89800", "2010-09-30": "388.49000", "2010-06-30": "373.22900", "2010-03-31": "508.66100", "2009-12-31": "510.70500", "2009-09-30": "420.27500", "2009-06-30": "435.30200", "2009-03-31": "434.67600", "2008-12-31": "423.98700", "2008-09-30": "442.74700", "2008-06-30": "458.14100", "2008-03-31": "447.83000", "2007-12-31": "445.26000", "2007-09-30": "702.12200", "2007-06-30": "595.41500", "2007-03-31": "590.44000", "2006-12-31": "575.61800", "2006-09-30": "568.89700", "2006-06-30": "596.93500", "2006-03-31": "591.18100", "2005-12-31": "592.97600", "2005-09-30": "601.58400", "2005-06-30": "571.77300", "2005-03-31": "561.68100"}, "Total Liabilities": {"2020-09-30": "4169.92100", "2020-06-30": "4171.62800", "2020-03-31": "4433.76600", "2019-12-31": "4277.85100", "2019-09-30": "4955.88600", "2019-06-30": "4245.55800", "2019-03-31": "3927.45900", "2018-12-31": "3470.33400", "2018-09-30": "3366.94000", "2018-06-30": "3096.91700", "2018-03-31": "3006.43700", "2017-12-31": "2684.52500", "2017-09-30": "2910.01500", "2017-06-30": "2244.01300", "2017-03-31": "2144.24200", "2016-12-31": "2011.35700", "2016-09-30": "2199.88300", "2016-06-30": "2093.92700", "2016-03-31": "2122.29000", "2015-12-31": "2125.72800", "2015-09-30": "2169.51000", "2015-06-30": "1920.79200", "2015-03-31": "1830.08100", "2014-12-31": "1728.04300", "2014-09-30": "1740.65800", "2014-06-30": "1507.97200", "2014-03-31": "1509.94400", "2013-12-31": "1551.92600", "2013-09-30": "1470.71400", "2013-06-30": "1300.09200", "2013-03-31": "1323.99700", "2012-12-31": "1368.84100", "2012-09-30": "1585.02600", "2012-06-30": "1351.14900", "2012-03-31": "1284.62000", "2011-12-31": "1309.85100", "2011-09-30": "1160.95800", "2011-06-30": "989.57400", "2011-03-31": "964.78400", "2010-12-31": "974.29300", "2010-09-30": "892.88700", "2010-06-30": "793.58400", "2010-03-31": "911.11800", "2009-12-31": "1006.39300", "2009-09-30": "810.36300", "2009-06-30": "866.02400", "2009-03-31": "839.47800", "2008-12-31": "875.78500", "2008-09-30": "1223.09700", "2008-06-30": "1212.65100", "2008-03-31": "1188.08000", "2007-12-31": "1202.68900", "2007-09-30": "1139.96300", "2007-06-30": "873.61900", "2007-03-31": "887.33000", "2006-12-31": "910.07400", "2006-09-30": "867.87500", "2006-06-30": "845.51100", "2006-03-31": "847.04400", "2005-12-31": "851.04700", "2005-09-30": "862.28300", "2005-06-30": "804.66600", "2005-03-31": "784.74000"}, "Common Stock Net": {"2020-09-30": "0.00200", "2020-06-30": "0.00200", "2020-03-31": "0.00200", "2019-12-31": "0.00200", "2019-09-30": "0.00200", "2019-06-30": "0.00200", "2019-03-31": "0.00200", "2018-12-31": "0.00200", "2018-09-30": "0.00200", "2018-06-30": "0.00200", "2018-03-31": "0.00200", "2017-12-31": "0.00200", "2017-09-30": "0.00200", "2017-06-30": "0.00100", "2017-03-31": "0.00100", "2016-12-31": "0.00100", "2016-09-30": "0.00200", "2016-06-30": "0.00200", "2016-03-31": "0.00200", "2015-12-31": "0.00200", "2015-09-30": "0.00200", "2015-06-30": "0.00200", "2015-03-31": "0.00200", "2014-12-31": "0.00200", "2014-09-30": "0.00200", "2014-06-30": "0.00200", "2014-03-31": "0.00200", "2013-12-31": "0.00200", "2013-09-30": "0.00200", "2013-06-30": "0.00200", "2013-03-31": "0.00200", "2012-12-31": "0.00200", "2012-09-30": "0.00200", "2012-06-30": "0.00200", "2012-03-31": "0.00200", "2011-12-31": "0.00200", "2011-09-30": "0.00200", "2011-06-30": "0.00200", "2011-03-31": "0.00200", "2010-12-31": "0.00200", "2010-09-30": "0.00200", "2010-06-30": "0.00200", "2010-03-31": "0.00200", "2009-12-31": "0.00200", "2009-09-30": "0.00200", "2009-06-30": "0.00200", "2009-03-31": "0.00200", "2008-12-31": "0.00200", "2008-09-30": "0.00200", "2008-06-30": "0.00200", "2008-03-31": "0.00200", "2007-12-31": "0.00200", "2007-09-30": "0.00200", "2007-06-30": "", "2007-03-31": "", "2006-12-31": "0.00100", "2006-09-30": "", "2006-06-30": "", "2006-03-31": "", "2005-12-31": "", "2005-09-30": "", "2005-06-30": "", "2005-03-31": ""}, "Retained Earnings (Accumulated Deficit)": {"2020-09-30": "3103.84900", "2020-06-30": "2948.18000", "2020-03-31": "2881.41600", "2019-12-31": "2854.27100", "2019-09-30": "2743.49800", "2019-06-30": "2612.99400", "2019-03-31": "2591.88300", "2018-12-31": "2477.29100", "2018-09-30": "2425.83200", "2018-06-30": "2301.28100", "2018-03-31": "2226.91600", "2017-12-31": "2191.05900", "2017-09-30": "2077.49800", "2017-06-30": "1988.18500", "2017-03-31": "1924.34800", "2016-12-31": "1876.08100", "2016-09-30": "1788.49800", "2016-06-30": "1714.75600", "2016-03-31": "1698.19400", "2015-12-31": "1677.69800", "2015-09-30": "1682.77200", "2015-06-30": "1466.38400", "2015-03-31": "1420.27500", "2014-12-31": "1366.79100", "2014-09-30": "1300.21500", "2014-06-30": "1205.56700", "2014-03-31": "1124.48500", "2013-12-31": "1070.07700", "2013-09-30": "903.38000", "2013-06-30": "810.47400", "2013-03-31": "740.23700", "2012-12-31": "668.15600", "2012-09-30": "569.17000", "2012-06-30": "472.77200", "2012-03-31": "407.23400", "2011-12-31": "361.52700", "2011-09-30": "295.21300", "2011-06-30": "243.21900", "2011-03-31": "211.41800", "2010-12-31": "229.01200", "2010-09-30": "195.34600", "2010-06-30": "132.56600", "2010-03-31": "99.58000", "2009-12-31": "75.83600", "2009-09-30": "20.73100", "2009-06-30": "-42.70400", "2009-03-31": "-76.13100", "2008-12-31": "-86.32600", "2008-09-30": "-94.56300", "2008-06-30": "-149.42100", "2008-03-31": "-189.93900", "2007-12-31": "-214.19100", "2007-09-30": "-247.77800", "2007-06-30": "-297.09800", "2007-03-31": "-318.96400", "2006-12-31": "-351.63900", "2006-09-30": "-321.18100", "2006-06-30": "-343.60400", "2006-03-31": "-361.26400", "2005-12-31": "-369.12200", "2005-09-30": "-387.58400", "2005-06-30": "-400.46400", "2005-03-31": "-403.80700"}, "Comprehensive Income": {"2020-09-30": "-274.34200", "2020-06-30": "-290.04900", "2020-03-31": "-324.78600", "2019-12-31": "-241.81800", "2019-09-30": "-264.11300", "2019-06-30": "-251.32900", "2019-03-31": "-267.20100", "2018-12-31": "-286.04800", "2018-09-30": "-237.69400", "2018-06-30": "-248.53200", "2018-03-31": "-228.40900", "2017-12-31": "-203.39500", "2017-09-30": "-192.18700", "2017-06-30": "-231.16700", "2017-03-31": "-257.85200", "2016-12-31": "-271.67300", "2016-09-30": "-242.82500", "2016-06-30": "-231.02000", "2016-03-31": "-234.10300", "2015-12-31": "-294.68900", "2015-09-30": "-264.84400", "2015-06-30": "-197.33900", "2015-03-31": "-212.24400", "2014-12-31": "-123.29000", "2014-09-30": "-73.94400", "2014-06-30": "-23.87500", "2014-03-31": "-55.21900", "2013-12-31": "-37.23600", "2013-09-30": "-11.31900", "2013-06-30": "-24.43900", "2013-03-31": "0.71000", "2012-12-31": "14.45300", "2012-09-30": "19.77100", "2012-06-30": "-2.52200", "2012-03-31": "12.03300", "2011-12-31": "0.71000", "2011-09-30": "-5.52800", "2011-06-30": "23.11700", "2011-03-31": "25.30000", "2010-12-31": "14.12200", "2010-09-30": "5.77500", "2010-06-30": "3.81200", "2010-03-31": "6.62400", "2009-12-31": "3.50200", "2009-09-30": "1.79300", "2009-06-30": "-0.45000", "2009-03-31": "-3.62300", "2008-12-31": "-2.95600", "2008-09-30": "1.41800", "2008-06-30": "2.64600", "2008-03-31": "2.46100", "2007-12-31": "3.66300", "2007-09-30": "1.69700", "2007-06-30": "", "2007-03-31": "", "2006-12-31": "", "2006-09-30": "", "2006-06-30": "", "2006-03-31": "", "2005-12-31": "", "2005-09-30": "", "2005-06-30": "", "2005-03-31": ""}, "Other Share Holders Equity": {"2020-09-30": "", "2020-06-30": "", "2020-03-31": "", "2019-12-31": "", "2019-09-30": "", "2019-06-30": "", "2019-03-31": "", "2018-12-31": "", "2018-09-30": "", "2018-06-30": "", "2018-03-31": "", "2017-12-31": "", "2017-09-30": "", "2017-06-30": "", "2017-03-31": "", "2016-12-31": "", "2016-09-30": "", "2016-06-30": "", "2016-03-31": "", "2015-12-31": "", "2015-09-30": "", "2015-06-30": "", "2015-03-31": "", "2014-12-31": "", "2014-09-30": "", "2014-06-30": "", "2014-03-31": "", "2013-12-31": "", "2013-09-30": "", "2013-06-30": "", "2013-03-31": "", "2012-12-31": "", "2012-09-30": "", "2012-06-30": "", "2012-03-31": "", "2011-12-31": "", "2011-09-30": "", "2011-06-30": "", "2011-03-31": "", "2010-12-31": "", "2010-09-30": "", "2010-06-30": "", "2010-03-31": "", "2009-12-31": "", "2009-09-30": "", "2009-06-30": "", "2009-03-31": "", "2008-12-31": "", "2008-09-30": "", "2008-06-30": "", "2008-03-31": "", "2007-12-31": "", "2007-09-30": "", "2007-06-30": "", "2007-03-31": "", "2006-12-31": "", "2006-09-30": "", "2006-06-30": "", "2006-03-31": "", "2005-12-31": "", "2005-09-30": "", "2005-06-30": "", "2005-03-31": ""}, "Share Holder Equity": {"2020-09-30": "4155.56600", "2020-06-30": "3918.00200", "2020-03-31": "3795.17800", "2019-12-31": "4053.83100", "2019-09-30": "3909.20700", "2019-06-30": "3776.25900", "2019-03-31": "3725.05700", "2018-12-31": "3605.45300", "2018-09-30": "3824.23400", "2018-06-30": "3693.46500", "2018-03-31": "3646.96500", "2017-12-31": "3795.62900", "2017-09-30": "3730.23100", "2017-06-30": "3509.33100", "2017-03-31": "3398.81100", "2016-12-31": "3342.70200", "2016-09-30": "3276.58500", "2016-06-30": "3203.17400", "2016-03-31": "3173.22900", "2015-12-31": "3087.81500", "2015-09-30": "3203.91400", "2015-06-30": "4209.71800", "2015-03-31": "4310.75300", "2014-12-31": "4525.54000", "2014-09-30": "4488.63100", "2014-06-30": "4401.08700", "2014-03-31": "4316.67600", "2013-12-31": "4241.31900", "2013-09-30": "4024.25400", "2013-06-30": "3887.83900", "2013-03-31": "3830.82100", "2012-12-31": "3771.91600", "2012-09-30": "3670.24400", "2012-06-30": "3546.15400", "2012-03-31": "3470.71400", "2011-12-31": "3389.26300", "2011-09-30": "3302.99700", "2011-06-30": "3303.28100", "2011-03-31": "3359.77800", "2010-12-31": "3366.91900", "2010-09-30": "3238.07500", "2010-06-30": "3166.71800", "2010-03-31": "3138.03400", "2009-12-31": "3110.56100", "2009-09-30": "2823.74200", "2009-06-30": "2733.47800", "2009-03-31": "2692.00200", "2008-12-31": "2682.37400", "2008-09-30": "2339.47200", "2008-06-30": "2277.84300", "2008-03-31": "2209.97900", "2007-12-31": "2185.14300", "2007-09-30": "2134.71100", "2007-06-30": "808.81100", "2007-03-31": "775.43600", "2006-12-31": "729.08300", "2006-09-30": "758.55100", "2006-06-30": "735.31900", "2006-03-31": "713.44800", "2005-12-31": "703.73800", "2005-09-30": "681.68900", "2005-06-30": "664.47500", "2005-03-31": "659.99200"}, "Total Liabilities And Share Holders Equity": {"2020-09-30": "8325.48700", "2020-06-30": "8089.63000", "2020-03-31": "8228.94400", "2019-12-31": "8331.68200", "2019-09-30": "8865.09300", "2019-06-30": "8021.81700", "2019-03-31": "7652.51600", "2018-12-31": "7075.78700", "2018-09-30": "7191.17400", "2018-06-30": "6790.38200", "2018-03-31": "6653.40200", "2017-12-31": "6480.15400", "2017-09-30": "6640.24600", "2017-06-30": "5753.34400", "2017-03-31": "5543.05300", "2016-12-31": "5354.05900", "2016-09-30": "5476.46800", "2016-06-30": "5297.10100", "2016-03-31": "5295.51900", "2015-12-31": "5213.54300", "2015-09-30": "5373.42400", "2015-06-30": "6130.51000", "2015-03-31": "6140.83400", "2014-12-31": "6253.58300", "2014-09-30": "6229.28900", "2014-06-30": "5909.05900", "2014-03-31": "5826.62000", "2013-12-31": "5793.24500", "2013-09-30": "5494.96800", "2013-06-30": "5187.93100", "2013-03-31": "5154.81800", "2012-12-31": "5140.75700", "2012-09-30": "5255.27000", "2012-06-30": "4897.30300", "2012-03-31": "4755.33400", "2011-12-31": "4699.11400", "2011-09-30": "4463.95500", "2011-06-30": "4292.85500", "2011-03-31": "4324.56200", "2010-12-31": "4341.21200", "2010-09-30": "4130.96200", "2010-06-30": "3960.30200", "2010-03-31": "4049.15200", "2009-12-31": "4116.95400", "2009-09-30": "3634.10500", "2009-06-30": "3599.50200", "2009-03-31": "3531.48000", "2008-12-31": "3558.15900", "2008-09-30": "3562.56900", "2008-06-30": "3490.49400", "2008-03-31": "3398.05900", "2007-12-31": "3387.83200", "2007-09-30": "3274.67400", "2007-06-30": "1682.43000", "2007-03-31": "1662.76600", "2006-12-31": "1639.15700", "2006-09-30": "1626.42600", "2006-06-30": "1580.83000", "2006-03-31": "1560.49200", "2005-12-31": "1554.78500", "2005-09-30": "1543.97200", "2005-06-30": "1469.14100", "2005-03-31": "1444.73200"}}, "cash flow statement": {"Net Income/Loss": {"2019-12-31": "406.81500", "2018-12-31": "296.00700", "2017-12-31": "318.22500", "2016-12-31": "200.09800", "2015-12-31": "321.82400", "2014-12-31": "315.08200", "2013-12-31": "421.30900", "2012-12-31": "322.65600", "2011-12-31": "144.41600", "2010-12-31": "155.55700", "2009-12-31": "163.53500", "2008-12-31": "157.56500", "2007-12-31": "124.70200", "2006-12-31": "17.48300", "2005-12-31": "29.55700"}, "Total Depreciation And Amortization - Cash Flow": {"2019-12-31": "282.06800", "2018-12-31": "247.78300", "2017-12-31": "217.33400", "2016-12-31": "203.28100", "2015-12-31": "198.94400", "2014-12-31": "176.45700", "2013-12-31": "145.77600", "2012-12-31": "148.74900", "2011-12-31": "128.39900", "2010-12-31": "127.02500", "2009-12-31": "112.74800", "2008-12-31": "106.21400", "2007-12-31": "73.87800", "2006-12-31": "113.05200", "2005-12-31": "59.06000"}, "Other Non-Cash Items": {"2019-12-31": "-5.52700", "2018-12-31": "215.53200", "2017-12-31": "78.09600", "2016-12-31": "36.03600", "2015-12-31": "-114.22700", "2014-12-31": "145.46400", "2013-12-31": "-134.71200", "2012-12-31": "32.62100", "2011-12-31": "7.92300", "2010-12-31": "51.76000", "2009-12-31": "63.80900", "2008-12-31": "45.04100", "2007-12-31": "24.69100", "2006-12-31": "-0.73700", "2005-12-31": "19.27300"}, "Total Non-Cash Items": {"2019-12-31": "276.54100", "2018-12-31": "463.31500", "2017-12-31": "295.43000", "2016-12-31": "239.31700", "2015-12-31": "84.71700", "2014-12-31": "321.92100", "2013-12-31": "11.06400", "2012-12-31": "181.37000", "2011-12-31": "136.32200", "2010-12-31": "178.78500", "2009-12-31": "176.55700", "2008-12-31": "151.25500", "2007-12-31": "98.56900", "2006-12-31": "112.31500", "2005-12-31": "78.33300"}, "Change In Accounts Receivable": {"2019-12-31": "", "2018-12-31": "", "2017-12-31": "", "2016-12-31": "", "2015-12-31": "", "2014-12-31": "", "2013-12-31": "-69.59900", "2012-12-31": "-341.82500", "2011-12-31": "-270.24800", "2010-12-31": "-17.48300", "2009-12-31": "253.07000", "2008-12-31": "-77.91900", "2007-12-31": "-1.03700", "2006-12-31": "-70.35000", "2005-12-31": "-80.05300"}, "Change In Inventories": {"2019-12-31": "", "2018-12-31": "", "2017-12-31": "", "2016-12-31": "", "2015-12-31": "", "2014-12-31": "", "2013-12-31": "5.98600", "2012-12-31": "26.43500", "2011-12-31": "-13.58100", "2010-12-31": "-16.59100", "2009-12-31": "7.53600", "2008-12-31": "0.30900", "2007-12-31": "6.71500", "2006-12-31": "-3.05100", "2005-12-31": "-6.86800"}, "Change In Accounts Payable": {"2019-12-31": "", "2018-12-31": "", "2017-12-31": "", "2016-12-31": "", "2015-12-31": "", "2014-12-31": "", "2013-12-31": "", "2012-12-31": "", "2011-12-31": "", "2010-12-31": "", "2009-12-31": "", "2008-12-31": "", "2007-12-31": "", "2006-12-31": "", "2005-12-31": ""}, "Change In Assets/Liabilities": {"2019-12-31": "-156.80500", "2018-12-31": "-400.53300", "2017-12-31": "-241.76400", "2016-12-31": "-48.66600", "2015-12-31": "222.10800", "2014-12-31": "-389.26100", "2013-12-31": "-17.45600", "2012-12-31": "-144.94000", "2011-12-31": "5.27900", "2010-12-31": "-65.20800", "2009-12-31": "-53.79000", "2008-12-31": "12.13000", "2007-12-31": "5.17000", "2006-12-31": "16.02500", "2005-12-31": "6.45300"}, "Total Change In Assets/Liabilities": {"2019-12-31": "-156.80500", "2018-12-31": "-400.53300", "2017-12-31": "-241.76400", "2016-12-31": "-48.66600", "2015-12-31": "222.10800", "2014-12-31": "-389.26100", "2013-12-31": "-61.81500", "2012-12-31": "-337.18700", "2011-12-31": "-76.66000", "2010-12-31": "-116.78400", "2009-12-31": "36.80600", "2008-12-31": "-66.32000", "2007-12-31": "-4.03100", "2006-12-31": "-9.15800", "2005-12-31": "-25.46000"}, "Cash Flow From Operating Activities": {"2019-12-31": "526.55100", "2018-12-31": "358.78900", "2017-12-31": "371.89100", "2016-12-31": "390.74900", "2015-12-31": "628.64900", "2014-12-31": "247.74200", "2013-12-31": "370.55800", "2012-12-31": "166.83900", "2011-12-31": "204.07800", "2010-12-31": "217.55800", "2009-12-31": "376.89800", "2008-12-31": "242.50000", "2007-12-31": "219.24000", "2006-12-31": "120.64000", "2005-12-31": "82.43000"}, "Net Change In Property, Plant, And Equipment": {"2019-12-31": "-230.62000", "2018-12-31": "-261.81500", "2017-12-31": "-221.30300", "2016-12-31": "-190.58000", "2015-12-31": "-183.79000", "2014-12-31": "-232.76800", "2013-12-31": "-207.15700", "2012-12-31": "-197.08300", "2011-12-31": "-153.14300", "2010-12-31": "-119.66900", "2009-12-31": "-155.91600", "2008-12-31": "-170.22700", "2007-12-31": "-100.43300", "2006-12-31": "-38.48000", "2005-12-31": "-30.55600"}, "Net Change In Intangible Assets": {"2019-12-31": "", "2018-12-31": "", "2017-12-31": "", "2016-12-31": "", "2015-12-31": "", "2014-12-31": "", "2013-12-31": "", "2012-12-31": "", "2011-12-31": "", "2010-12-31": "", "2009-12-31": "", "2008-12-31": "", "2007-12-31": "", "2006-12-31": "", "2005-12-31": ""}, "Net Acquisitions/Divestitures": {"2019-12-31": "-387.96600", "2018-12-31": "-94.91700", "2017-12-31": "-361.21700", "2016-12-31": "-68.78800", "2015-12-31": "-112.91400", "2014-12-31": "-262.21800", "2013-12-31": "-283.83700", "2012-12-31": "-68.72700", "2011-12-31": "-79.66000", "2010-12-31": "-130.25100", "2009-12-31": "36.23400", "2008-12-31": "-34.54700", "2007-12-31": "-20.13700", "2006-12-31": "", "2005-12-31": ""}, "Net Change In Short-term Investments": {"2019-12-31": "", "2018-12-31": "", "2017-12-31": "", "2016-12-31": "", "2015-12-31": "", "2014-12-31": "", "2013-12-31": "", "2012-12-31": "", "2011-12-31": "", "2010-12-31": "", "2009-12-31": "", "2008-12-31": "", "2007-12-31": "0.00000", "2006-12-31": "0.00000", "2005-12-31": ""}, "Net Change In Long-Term Investments": {"2019-12-31": "-47.05600", "2018-12-31": "-36.90900", "2017-12-31": "-56.52800", "2016-12-31": "-13.15000", "2015-12-31": "-6.07400", "2014-12-31": "-3.12700", "2013-12-31": "186.18500", "2012-12-31": "-53.75000", "2011-12-31": "-35.00000", "2010-12-31": "", "2009-12-31": "", "2008-12-31": "", "2007-12-31": "", "2006-12-31": "", "2005-12-31": ""}, "Net Change In Investments - Total": {"2019-12-31": "-47.05600", "2018-12-31": "-36.90900", "2017-12-31": "-56.52800", "2016-12-31": "-13.15000", "2015-12-31": "-6.07400", "2014-12-31": "-3.12700", "2013-12-31": "186.18500", "2012-12-31": "-53.75000", "2011-12-31": "-35.00000", "2010-12-31": "", "2009-12-31": "", "2008-12-31": "", "2007-12-31": "0.00000", "2006-12-31": "0.00000", "2005-12-31": ""}, "Investing Activities - Other": {"2019-12-31": "48.04600", "2018-12-31": "-9.02900", "2017-12-31": "66.96400", "2016-12-31": "8.13900", "2015-12-31": "-4.33500", "2014-12-31": "9.52700", "2013-12-31": "26.45000", "2012-12-31": "-1.54100", "2011-12-31": "-4.45500", "2010-12-31": "", "2009-12-31": "", "2008-12-31": "-14.57300", "2007-12-31": "", "2006-12-31": "", "2005-12-31": ""}, "Cash Flow From Investing Activities": {"2019-12-31": "-617.59600", "2018-12-31": "-402.67000", "2017-12-31": "-572.08400", "2016-12-31": "-264.37900", "2015-12-31": "-307.11300", "2014-12-31": "-488.58600", "2013-12-31": "-278.35900", "2012-12-31": "-321.10100", "2011-12-31": "-272.25800", "2010-12-31": "-249.92000", "2009-12-31": "-119.68200", "2008-12-31": "-219.34700", "2007-12-31": "-120.57000", "2006-12-31": "-38.48000", "2005-12-31": "-30.55600"}, "Net Long-Term Debt": {"2019-12-31": "270.28610", "2018-12-31": "414.02420", "2017-12-31": "302.57300", "2016-12-31": "-123.17920", "2015-12-31": "410.95000", "2014-12-31": "41.76900", "2013-12-31": "-0.53300", "2012-12-31": "-0.05600", "2011-12-31": "-1.33700", "2010-12-31": "-146.00500", "2009-12-31": "2.01500", "2008-12-31": "-0.01600", "2007-12-31": "-94.62700", "2006-12-31": "-1.66000", "2005-12-31": "-18.25600"}, "Net Current Debt": {"2019-12-31": "-28.29200", "2018-12-31": "33.79000", "2017-12-31": "-2.78300", "2016-12-31": "-1.95700", "2015-12-31": "-0.29790", "2014-12-31": "5.05600", "2013-12-31": "", "2012-12-31": "", "2011-12-31": "", "2010-12-31": "", "2009-12-31": "", "2008-12-31": "", "2007-12-31": "", "2006-12-31": "", "2005-12-31": ""}, "Debt Issuance/Retirement Net - Total": {"2019-12-31": "241.99410", "2018-12-31": "447.81420", "2017-12-31": "299.79000", "2016-12-31": "-125.13620", "2015-12-31": "410.65200", "2014-12-31": "46.82500", "2013-12-31": "-0.53300", "2012-12-31": "-0.05600", "2011-12-31": "-1.33700", "2010-12-31": "-146.00500", "2009-12-31": "2.01500", "2008-12-31": "-0.01600", "2007-12-31": "-94.62700", "2006-12-31": "-1.66000", "2005-12-31": "-18.25600"}, "Net Common Equity Issued/Repurchased": {"2019-12-31": "-20.09200", "2018-12-31": "-443.15200", "2017-12-31": "-49.97500", "2016-12-31": "0.40100", "2015-12-31": "-1605.98900", "2014-12-31": "-92.30300", "2013-12-31": "1.02800", "2012-12-31": "2.38500", "2011-12-31": "-148.68000", "2010-12-31": "0.53400", "2009-12-31": "0.97500", "2008-12-31": "5.98700", "2007-12-31": "9.41300", "2006-12-31": "1.01100", "2005-12-31": "5.13000"}, "Net Total Equity Issued/Repurchased": {"2019-12-31": "-20.09200", "2018-12-31": "-443.15200", "2017-12-31": "-49.97500", "2016-12-31": "0.40100", "2015-12-31": "-1605.98900", "2014-12-31": "-92.30300", "2013-12-31": "1.02800", "2012-12-31": "2.38500", "2011-12-31": "-148.68000", "2010-12-31": "0.53400", "2009-12-31": "0.97500", "2008-12-31": "5.98700", "2007-12-31": "9.41300", "2006-12-31": "1.01100", "2005-12-31": "5.13000"}, "Total Common And Preferred Stock Dividends Paid": {"2019-12-31": "-23.23600", "2018-12-31": "", "2017-12-31": "", "2016-12-31": "", "2015-12-31": "", "2014-12-31": "", "2013-12-31": "", "2012-12-31": "", "2011-12-31": "", "2010-12-31": "", "2009-12-31": "", "2008-12-31": "", "2007-12-31": "", "2006-12-31": "", "2005-12-31": ""}, "Financial Activities - Other": {"2019-12-31": "-20.97900", "2018-12-31": "-21.23200", "2017-12-31": "-22.05100", "2016-12-31": "-9.10100", "2015-12-31": "-32.50700", "2014-12-31": "-12.86900", "2013-12-31": "-17.14600", "2012-12-31": "-17.67300", "2011-12-31": "-8.71600", "2010-12-31": "-0.23400", "2009-12-31": "-1.50900", "2008-12-31": "2.26600", "2007-12-31": "6.27500", "2006-12-31": "-2.09100", "2005-12-31": "-0.04100"}, "Cash Flow From Financial Activities": {"2019-12-31": "177.68700", "2018-12-31": "-16.57000", "2017-12-31": "227.76400", "2016-12-31": "-133.83600", "2015-12-31": "-1227.84400", "2014-12-31": "-58.34700", "2013-12-31": "-16.65100", "2012-12-31": "-15.34400", "2011-12-31": "-158.73300", "2010-12-31": "-145.70500", "2009-12-31": "1.48100", "2008-12-31": "8.23700", "2007-12-31": "-78.93900", "2006-12-31": "-2.74000", "2005-12-31": "-13.16700"}, "Net Cash Flow": {"2019-12-31": "86.48900", "2018-12-31": "-60.51900", "2017-12-31": "29.36500", "2016-12-31": "-14.36100", "2015-12-31": "-61.74400", "2014-12-31": "-298.26200", "2013-12-31": "94.07600", "2012-12-31": "79.35200", "2011-12-31": "-223.87200", "2010-12-31": "-160.40800", "2009-12-31": "261.72800", "2008-12-31": "30.82000", "2007-12-31": "23.39400", "2006-12-31": "79.42000", "2005-12-31": "38.70700"}, "Stock-Based Compensation": {"2019-12-31": "52.01300", "2018-12-31": "52.48400", "2017-12-31": "46.44800", "2016-12-31": "42.84300", "2015-12-31": "36.93900", "2014-12-31": "37.44900", "2013-12-31": "34.38100", "2012-12-31": "25.99000", "2011-12-31": "19.48000", "2010-12-31": "20.64000", "2009-12-31": "19.87500", "2008-12-31": "16.69200", "2007-12-31": "18.31500", "2006-12-31": "6.03800", "2005-12-31": "4.97300"}, "Common Stock Dividends Paid": {"2019-12-31": "-23.23600", "2018-12-31": "", "2017-12-31": "", "2016-12-31": "", "2015-12-31": "", "2014-12-31": "", "2013-12-31": "", "2012-12-31": "", "2011-12-31": "", "2010-12-31": "", "2009-12-31": "", "2008-12-31": "", "2007-12-31": "", "2006-12-31": "", "2005-12-31": ""}}, "cash flow statement, quarterly": {"Net Income/Loss": {"2020-09-30": 163.7, "2020-06-30": 74.795, "2020-03-31": "41.50300", "2019-12-31": 120.299, "2019-09-30": 137.022, "2019-06-30": 28.459, "2019-03-31": "121.03500", "2018-12-31": 57.791, "2018-09-30": 124.899, "2018-06-30": 74.706, "2018-03-31": "38.61100", "2017-12-31": 115.576, "2017-09-30": 89.849, "2017-06-30": 64.36, "2017-03-31": "48.44000", "2016-12-31": 88.358, "2016-09-30": 74.152, "2016-06-30": 16.729, "2016-03-31": "20.85900", "2015-12-31": -4.882, "2015-09-30": 218.956, "2015-06-30": 49.565, "2015-03-31": "58.18500", "2014-12-31": 70.975, "2014-09-30": 100.015, "2014-06-30": 85.444, "2014-03-31": "58.64800", "2013-12-31": 171.317, "2013-09-30": 98.409, "2013-06-30": 74.726, "2013-03-31": "76.85700", "2012-12-31": 102.009, "2012-09-30": 100.856, "2012-06-30": 69.797, "2012-03-31": "49.99400", "2011-12-31": 70.808, "2011-09-30": 55.6, "2011-06-30": 34.313, "2011-03-31": "-16.30500", "2010-12-31": 34.434, "2010-09-30": 63.7, "2010-06-30": 33.323, "2010-03-31": "24.10000", "2009-12-31": 44.445, "2009-09-30": 63.956, "2009-06-30": 33.644, "2009-03-31": "21.49000", "2008-12-31": 46.489, "2008-09-30": 51.937, "2008-06-30": 37.668, "2008-03-31": "21.47100", "2007-12-31": 22.312, "2007-09-30": 49.32, "2007-06-30": 21.866, "2007-03-31": "31.20400", "2006-12-31": -30.458, "2006-09-30": 22.423, "2006-06-30": 17.66, "2006-03-31": "7.85800", "2005-12-31": 18.462, "2005-09-30": 12.88, "2005-06-30": 3.343, "2005-03-31": "-5.12800"}, "Total Depreciation And Amortization - Cash Flow": {"2020-09-30": 79.001, "2020-06-30": 72.893, "2020-03-31": "72.90700", "2019-12-31": 78.653, "2019-09-30": 71.292, "2019-06-30": 66.829, "2019-03-31": "65.29400", "2018-12-31": 65.089, "2018-09-30": 62.453, "2018-06-30": 60.829, "2018-03-31": "59.41200", "2017-12-31": 58.513, "2017-09-30": 57.744, "2017-06-30": 51.482, "2017-03-31": "49.59500", "2016-12-31": 51.927, "2016-09-30": 51.111, "2016-06-30": 51.238, "2016-03-31": "49.00500", "2015-12-31": 51.069, "2015-09-30": 49.877, "2015-06-30": 50.034, "2015-03-31": "47.96400", "2014-12-31": 47.237, "2014-09-30": 45.883, "2014-06-30": 40.698, "2014-03-31": "42.63900", "2013-12-31": 37.092, "2013-09-30": 38.465, "2013-06-30": 35.325, "2013-03-31": "34.89400", "2012-12-31": 37.838, "2012-09-30": 38.708, "2012-06-30": 36.375, "2012-03-31": "35.82800", "2011-12-31": 28.673, "2011-09-30": 34.836, "2011-06-30": 33.26, "2011-03-31": "31.63000", "2010-12-31": 27.493, "2010-09-30": 37.284, "2010-06-30": 30.737, "2010-03-31": "31.51100", "2009-12-31": 46.576, "2009-09-30": 22.855, "2009-06-30": 21.049, "2009-03-31": "22.26800", "2008-12-31": 24.037, "2008-09-30": 26.707, "2008-06-30": 27.479, "2008-03-31": "27.99100", "2007-12-31": 27.573, "2007-09-30": 18.622, "2007-06-30": 13.889, "2007-03-31": "13.79400", "2006-12-31": 69.357, "2006-09-30": 12.962, "2006-06-30": 17.139, "2006-03-31": "13.59400", "2005-12-31": 14.155, "2005-09-30": 14.848, "2005-06-30": 15.842, "2005-03-31": "14.21500"}, "Other Non-Cash Items": {"2020-09-30": -3.379, "2020-06-30": 24.673, "2020-03-31": "23.66900", "2019-12-31": -38.906, "2019-09-30": 20.761, "2019-06-30": 31.541, "2019-03-31": "-18.92300", "2018-12-31": 129.809, "2018-09-30": 22.324, "2018-06-30": 17.835, "2018-03-31": "45.56400", "2017-12-31": 34.388, "2017-09-30": 12.282, "2017-06-30": 16.066, "2017-03-31": "15.36000", "2016-12-31": 25.822, "2016-09-30": -8.713, "2016-06-30": 3.291, "2016-03-31": "15.63600", "2015-12-31": 56.31, "2015-09-30": -172.434, "2015-06-30": -3.155, "2015-03-31": "5.05200", "2014-12-31": 91.405, "2014-09-30": 38.316, "2014-06-30": -12.513, "2014-03-31": "28.25600", "2013-12-31": -151.722, "2013-09-30": -7.427, "2013-06-30": 15.795, "2013-03-31": "8.64200", "2012-12-31": 9.137, "2012-09-30": 5.631, "2012-06-30": 8.195, "2012-03-31": "9.65800", "2011-12-31": -31.035, "2011-09-30": 17.931, "2011-06-30": 5.337, "2011-03-31": "15.69000", "2010-12-31": -0.664, "2010-09-30": 29.954, "2010-06-30": 6.133, "2010-03-31": "16.33700", "2009-12-31": 8.045, "2009-09-30": 35.116, "2009-06-30": 7.62, "2009-03-31": "13.02800", "2008-12-31": 12.154, "2008-09-30": 17.222, "2008-06-30": 8.417, "2008-03-31": "7.24800", "2007-12-31": 20.112, "2007-09-30": 4.455, "2007-06-30": -0.332, "2007-03-31": "0.45600", "2006-12-31": -3.126, "2006-09-30": 5.809, "2006-06-30": -2.049, "2006-03-31": "-1.37100", "2005-12-31": 10.2, "2005-09-30": 14.02, "2005-06-30": 1.241, "2005-03-31": "-6.18800"}, "Total Non-Cash Items": {"2020-09-30": 75.622, "2020-06-30": 97.566, "2020-03-31": "96.57600", "2019-12-31": 39.747, "2019-09-30": 92.053, "2019-06-30": 98.37, "2019-03-31": "46.37100", "2018-12-31": 194.898, "2018-09-30": 84.777, "2018-06-30": 78.664, "2018-03-31": "104.97600", "2017-12-31": 92.901, "2017-09-30": 70.026, "2017-06-30": 67.548, "2017-03-31": "64.95500", "2016-12-31": 77.749, "2016-09-30": 42.398, "2016-06-30": 54.529, "2016-03-31": "64.64100", "2015-12-31": 107.379, "2015-09-30": -122.557, "2015-06-30": 46.879, "2015-03-31": "53.01600", "2014-12-31": 138.642, "2014-09-30": 84.199, "2014-06-30": 28.185, "2014-03-31": "70.89500", "2013-12-31": -114.63, "2013-09-30": 31.038, "2013-06-30": 51.12, "2013-03-31": "43.53600", "2012-12-31": 46.975, "2012-09-30": 44.339, "2012-06-30": 44.57, "2012-03-31": "45.48600", "2011-12-31": -2.362, "2011-09-30": 52.767, "2011-06-30": 38.597, "2011-03-31": "47.32000", "2010-12-31": 26.829, "2010-09-30": 67.238, "2010-06-30": 36.87, "2010-03-31": "47.84800", "2009-12-31": 54.621, "2009-09-30": 57.971, "2009-06-30": 28.669, "2009-03-31": "35.29600", "2008-12-31": 36.191, "2008-09-30": 43.929, "2008-06-30": 35.896, "2008-03-31": "35.23900", "2007-12-31": 47.685, "2007-09-30": 23.077, "2007-06-30": 13.557, "2007-03-31": "14.25000", "2006-12-31": 66.231, "2006-09-30": 18.771, "2006-06-30": 15.09, "2006-03-31": "12.22300", "2005-12-31": 24.355, "2005-09-30": 28.868, "2005-06-30": 17.083, "2005-03-31": "8.02700"}, "Change In Accounts Receivable": {"2020-09-30": 0, "2020-06-30": 0, "2020-03-31": "", "2019-12-31": 0, "2019-09-30": 0, "2019-06-30": 0, "2019-03-31": "", "2018-12-31": 0, "2018-09-30": 0, "2018-06-30": 0, "2018-03-31": "", "2017-12-31": 0, "2017-09-30": 0, "2017-06-30": 94.838, "2017-03-31": "-94.83800", "2016-12-31": -86.562, "2016-09-30": -177.832, "2016-06-30": 105.399, "2016-03-31": "158.99500", "2015-12-31": -77.913, "2015-09-30": -59.739, "2015-06-30": 17.779, "2015-03-31": "119.87300", "2014-12-31": 374.751, "2014-09-30": -216.792, "2014-06-30": -96.479, "2014-03-31": "-61.48000", "2013-12-31": 27.875, "2013-09-30": -126.633, "2013-06-30": -1.684, "2013-03-31": "30.84300", "2012-12-31": -32.274, "2012-09-30": -272.38, "2012-06-30": 1.42, "2012-03-31": "-38.59100", "2011-12-31": -18.366, "2011-09-30": -196.598, "2011-06-30": -45.435, "2011-03-31": "-9.84900", "2010-12-31": 76.662, "2010-09-30": -113.914, "2010-06-30": 2.972, "2010-03-31": "16.79700", "2009-12-31": 116.912, "2009-09-30": 75.205, "2009-06-30": -47.087, "2009-03-31": "108.04000", "2008-12-31": 156.397, "2008-09-30": -139.659, "2008-06-30": -61.83, "2008-03-31": "-32.82700", "2007-12-31": 1.102, "2007-09-30": -41.823, "2007-06-30": -5.589, "2007-03-31": "45.27300", "2006-12-31": -49.317, "2006-09-30": -6.751, "2006-06-30": 2.021, "2006-03-31": "-16.30300", "2005-12-31": 25.189, "2005-09-30": -88.495, "2005-06-30": -33.663, "2005-03-31": "16.91600"}, "Change In Inventories": {"2020-09-30": 0, "2020-06-30": 0, "2020-03-31": "", "2019-12-31": 0, "2019-09-30": 0, "2019-06-30": 0, "2019-03-31": "", "2018-12-31": 0, "2018-09-30": 0, "2018-06-30": 0, "2018-03-31": "", "2017-12-31": 0, "2017-09-30": 0, "2017-06-30": 1.269, "2017-03-31": "-1.26900", "2016-12-31": 10.124, "2016-09-30": -12.405, "2016-06-30": -2.256, "2016-03-31": "4.53700", "2015-12-31": 22.596, "2015-09-30": -9.605, "2015-06-30": -9.869, "2015-03-31": "-3.12200", "2014-12-31": 5.723, "2014-09-30": 1.058, "2014-06-30": -4.858, "2014-03-31": "-1.92300", "2013-12-31": 3.486, "2013-09-30": 5.396, "2013-06-30": -3.393, "2013-03-31": "0.49700", "2012-12-31": 5.114, "2012-09-30": -1.137, "2012-06-30": 19.256, "2012-03-31": "3.20200", "2011-12-31": 7.864, "2011-09-30": -11.15, "2011-06-30": -9.15, "2011-03-31": "-1.14500", "2010-12-31": -3.663, "2010-09-30": -5.693, "2010-06-30": -7.583, "2010-03-31": "0.34800", "2009-12-31": 13.081, "2009-09-30": -3.391, "2009-06-30": -2.18, "2009-03-31": "0.02600", "2008-12-31": 0.522, "2008-09-30": 4.698, "2008-06-30": -5.851, "2008-03-31": "0.94000", "2007-12-31": 0.616, "2007-09-30": 0.725, "2007-06-30": 2.039, "2007-03-31": "3.33500", "2006-12-31": -1.559, "2006-09-30": 0.317, "2006-06-30": 0.614, "2006-03-31": "-2.42300", "2005-12-31": -2.229, "2005-09-30": 0.263, "2005-06-30": -0.759, "2005-03-31": "-4.14300"}, "Change In Accounts Payable": {"2020-09-30": 0, "2020-06-30": 0, "2020-03-31": "", "2019-12-31": 0, "2019-09-30": 0, "2019-06-30": 0, "2019-03-31": "", "2018-12-31": 0, "2018-09-30": 0, "2018-06-30": 0, "2018-03-31": "", "2017-12-31": 0, "2017-09-30": 0, "2017-06-30": 0, "2017-03-31": "", "2016-12-31": 0, "2016-09-30": 0, "2016-06-30": 0, "2016-03-31": "", "2015-12-31": 0, "2015-09-30": 0, "2015-06-30": 0, "2015-03-31": "", "2014-12-31": 0, "2014-09-30": 0, "2014-06-30": 0, "2014-03-31": "", "2013-12-31": 0, "2013-09-30": 0, "2013-06-30": 0, "2013-03-31": "", "2012-12-31": 0, "2012-09-30": 0, "2012-06-30": 0, "2012-03-31": "", "2011-12-31": 0, "2011-09-30": 0, "2011-06-30": 0, "2011-03-31": "", "2010-12-31": 0, "2010-09-30": 0, "2010-06-30": 0, "2010-03-31": "", "2009-12-31": 0, "2009-09-30": 0, "2009-06-30": 0, "2009-03-31": "", "2008-12-31": 0, "2008-09-30": 0, "2008-06-30": 0, "2008-03-31": "", "2007-12-31": 0, "2007-09-30": 0, "2007-06-30": 0, "2007-03-31": "", "2006-12-31": 0, "2006-09-30": 0, "2006-06-30": 0, "2006-03-31": "", "2005-12-31": 0, "2005-09-30": 0, "2005-06-30": 0, "2005-03-31": ""}, "Change In Assets/Liabilities": {"2020-09-30": -124.463, "2020-06-30": 325.118, "2020-03-31": "89.47000", "2019-12-31": 466.752, "2019-09-30": -137.908, "2019-06-30": -235.493, "2019-03-31": "-250.15600", "2018-12-31": -115.517, "2018-09-30": -170.572, "2018-06-30": 3.15, "2018-03-31": "-117.59400", "2017-12-31": -11.282, "2017-09-30": 13.692, "2017-06-30": -154.414, "2017-03-31": "-89.76000", "2016-12-31": 211.673, "2016-09-30": -100.203, "2016-06-30": -140.559, "2016-03-31": "-19.57700", "2015-12-31": 298.598, "2015-09-30": 21.51, "2015-06-30": -20.465, "2015-03-31": "-77.53500", "2014-12-31": -295.444, "2014-09-30": -60.202, "2014-06-30": 42.059, "2014-03-31": "-75.67400", "2013-12-31": 35.626, "2013-09-30": -20.018, "2013-06-30": 26.903, "2013-03-31": "-59.96700", "2012-12-31": 57.799, "2012-09-30": -48.716, "2012-06-30": -65.986, "2012-03-31": "-88.03700", "2011-12-31": -40.576, "2011-09-30": 37.312, "2011-06-30": 15.591, "2011-03-31": "-7.04800", "2010-12-31": 143.817, "2010-09-30": -125.891, "2010-06-30": -92.425, "2010-03-31": "9.29100", "2009-12-31": -39.626, "2009-09-30": -36.99, "2009-06-30": 21.214, "2009-03-31": "1.61200", "2008-12-31": 9.533, "2008-09-30": 22.718, "2008-06-30": -11.525, "2008-03-31": "-8.59600", "2007-12-31": 4.597, "2007-09-30": 19.726, "2007-06-30": -10.634, "2007-03-31": "-8.51900", "2006-12-31": 23.501, "2006-09-30": -6.93, "2006-06-30": 6.4, "2006-03-31": "-6.94600", "2005-12-31": 12.63, "2005-09-30": 7.08, "2005-06-30": -2.923, "2005-03-31": "-10.33400"}, "Total Change In Assets/Liabilities": {"2020-09-30": -124.463, "2020-06-30": 325.118, "2020-03-31": "89.47000", "2019-12-31": 466.752, "2019-09-30": -137.908, "2019-06-30": -235.493, "2019-03-31": "-250.15600", "2018-12-31": -115.517, "2018-09-30": -170.572, "2018-06-30": 3.15, "2018-03-31": "-117.59400", "2017-12-31": -11.282, "2017-09-30": 13.692, "2017-06-30": -127.074, "2017-03-31": "-117.10000", "2016-12-31": 19.549, "2016-09-30": -185.078, "2016-06-30": -3.448, "2016-03-31": "120.31100", "2015-12-31": 131.502, "2015-09-30": 12.499, "2015-06-30": 9.68, "2015-03-31": "68.42700", "2014-12-31": 45.164, "2014-09-30": -133.866, "2014-06-30": -110.483, "2014-03-31": "-190.07600", "2013-12-31": 68.771, "2013-09-30": -46.255, "2013-06-30": -8.07, "2013-03-31": "-76.26100", "2012-12-31": 26.24, "2012-09-30": -187.734, "2012-06-30": -6.732, "2012-03-31": "-168.96100", "2011-12-31": 42.877, "2011-09-30": -67.582, "2011-06-30": -16.752, "2011-03-31": "-35.20300", "2010-12-31": 177.627, "2010-09-30": -185.645, "2010-06-30": -40.444, "2010-03-31": "-68.32200", "2009-12-31": -0.757, "2009-09-30": -13.968, "2009-06-30": -2.885, "2009-03-31": "54.41600", "2008-12-31": 109.702, "2008-09-30": -79.05, "2008-06-30": -55.448, "2008-03-31": "-41.52400", "2007-12-31": 33.985, "2007-09-30": -29.617, "2007-06-30": -26.994, "2007-03-31": "18.59500", "2006-12-31": 5.604, "2006-09-30": 5.582, "2006-06-30": 9.179, "2006-03-31": "-29.52300", "2005-12-31": 40.648, "2005-09-30": -52.618, "2005-06-30": -20.555, "2005-03-31": "7.06500"}, "Cash Flow From Operating Activities": {"2020-09-30": 114.859, "2020-06-30": 497.479, "2020-03-31": "227.54900", "2019-12-31": 626.798, "2019-09-30": 91.167, "2019-06-30": -108.664, "2019-03-31": "-82.75000", "2018-12-31": 137.172, "2018-09-30": 39.104, "2018-06-30": 156.52, "2018-03-31": "25.99300", "2017-12-31": 197.195, "2017-09-30": 173.567, "2017-06-30": 4.834, "2017-03-31": "-3.70500", "2016-12-31": 185.656, "2016-09-30": -68.528, "2016-06-30": 67.81, "2016-03-31": "205.81100", "2015-12-31": 233.999, "2015-09-30": 108.898, "2015-06-30": 106.124, "2015-03-31": "179.62800", "2014-12-31": 254.781, "2014-09-30": 50.348, "2014-06-30": 3.146, "2014-03-31": "-60.53300", "2013-12-31": 125.458, "2013-09-30": 83.192, "2013-06-30": 117.776, "2013-03-31": "44.13200", "2012-12-31": 175.224, "2012-09-30": -42.539, "2012-06-30": 107.635, "2012-03-31": "-73.48100", "2011-12-31": 111.323, "2011-09-30": 40.785, "2011-06-30": 56.158, "2011-03-31": "-4.18800", "2010-12-31": 238.89, "2010-09-30": -54.707, "2010-06-30": 29.749, "2010-03-31": "3.62600", "2009-12-31": 98.309, "2009-09-30": 107.959, "2009-06-30": 59.428, "2009-03-31": "111.20200", "2008-12-31": 192.382, "2008-09-30": 16.816, "2008-06-30": 18.116, "2008-03-31": "15.18600", "2007-12-31": 103.982, "2007-09-30": 42.78, "2007-06-30": 8.429, "2007-03-31": "64.04900", "2006-12-31": 41.377, "2006-09-30": 46.776, "2006-06-30": 41.929, "2006-03-31": "-9.44200", "2005-12-31": 83.465, "2005-09-30": -10.87, "2005-06-30": -0.129, "2005-03-31": "9.96400"}, "Net Change In Property, Plant, And Equipment": {"2020-09-30": -44.936, "2020-06-30": -40.322, "2020-03-31": "-63.31900", "2019-12-31": -47.222, "2019-09-30": -61.39, "2019-06-30": -64.225, "2019-03-31": "-57.78300", "2018-12-31": -57.715, "2018-09-30": -68.502, "2018-06-30": -74.56, "2018-03-31": "-61.03800", "2017-12-31": -69.449, "2017-09-30": -58.917, "2017-06-30": -50.714, "2017-03-31": "-42.22300", "2016-12-31": -63.259, "2016-09-30": -29.025, "2016-06-30": -55.69, "2016-03-31": "-42.60600", "2015-12-31": -32.309, "2015-09-30": -39.499, "2015-06-30": -54.76, "2015-03-31": "-57.22200", "2014-12-31": -54.664, "2014-09-30": -64.636, "2014-06-30": -44.543, "2014-03-31": "-68.92500", "2013-12-31": -2.524, "2013-09-30": -46.566, "2013-06-30": -101.974, "2013-03-31": "-56.09300", "2012-12-31": -57.416, "2012-09-30": -69.802, "2012-06-30": -38.61, "2012-03-31": "-31.25500", "2011-12-31": -29.754, "2011-09-30": -38.28, "2011-06-30": -50.814, "2011-03-31": "-34.29500", "2010-12-31": -26.879, "2010-09-30": -24.527, "2010-06-30": -25.396, "2010-03-31": "-42.86700", "2009-12-31": -39.843, "2009-09-30": -33.937, "2009-06-30": -42.697, "2009-03-31": "-39.43900", "2008-12-31": -16.424, "2008-09-30": -49.718, "2008-06-30": -53.064, "2008-03-31": "-51.02100", "2007-12-31": -54.156, "2007-09-30": -8.486, "2007-06-30": -13.252, "2007-03-31": "-24.53900", "2006-12-31": -9.152, "2006-09-30": -4.643, "2006-06-30": -12.7, "2006-03-31": "-11.98500", "2005-12-31": 3.695, "2005-09-30": -7.749, "2005-06-30": -14.844, "2005-03-31": "-11.65800"}, "Net Change In Intangible Assets": {"2020-09-30": 0, "2020-06-30": 0, "2020-03-31": "", "2019-12-31": 0.067, "2019-09-30": 0, "2019-06-30": -0.042, "2019-03-31": "-0.02500", "2018-12-31": 0, "2018-09-30": 0, "2018-06-30": 0, "2018-03-31": "", "2017-12-31": 0, "2017-09-30": 0, "2017-06-30": 0, "2017-03-31": "", "2016-12-31": 0, "2016-09-30": 0, "2016-06-30": 0, "2016-03-31": "", "2015-12-31": 0, "2015-09-30": 0, "2015-06-30": 0, "2015-03-31": "", "2014-12-31": 0, "2014-09-30": 0, "2014-06-30": 0, "2014-03-31": "", "2013-12-31": 0, "2013-09-30": 0, "2013-06-30": 0, "2013-03-31": "", "2012-12-31": 0, "2012-09-30": 0, "2012-06-30": 0, "2012-03-31": "", "2011-12-31": 0, "2011-09-30": 0, "2011-06-30": 0, "2011-03-31": "", "2010-12-31": 0, "2010-09-30": 0, "2010-06-30": 0, "2010-03-31": "", "2009-12-31": 0, "2009-09-30": 0, "2009-06-30": 0, "2009-03-31": "", "2008-12-31": 0, "2008-09-30": 0, "2008-06-30": 0, "2008-03-31": "", "2007-12-31": 0, "2007-09-30": 0, "2007-06-30": 0, "2007-03-31": "", "2006-12-31": 0, "2006-09-30": 0, "2006-06-30": 0, "2006-03-31": "", "2005-12-31": 0, "2005-09-30": 0, "2005-06-30": 0, "2005-03-31": ""}, "Net Acquisitions/Divestitures": {"2020-09-30": -187.452, "2020-06-30": 6.744, "2020-03-31": "-20.32000", "2019-12-31": -2.801, "2019-09-30": -329.832, "2019-06-30": -3.78, "2019-03-31": "-51.55300", "2018-12-31": 0, "2018-09-30": -48.683, "2018-06-30": -15.506, "2018-03-31": "-30.72800", "2017-12-31": -0.695, "2017-09-30": -352.887, "2017-06-30": -6.108, "2017-03-31": "-1.52700", "2016-12-31": -0.83, "2016-09-30": -28.248, "2016-06-30": -0.035, "2016-03-31": "-39.67500", "2015-12-31": -10.875, "2015-09-30": -29.37, "2015-06-30": -37.936, "2015-03-31": "-34.73300", "2014-12-31": -100.807, "2014-09-30": -81.828, "2014-06-30": -3.215, "2014-03-31": "-76.36800", "2013-12-31": -159.101, "2013-09-30": -123.759, "2013-06-30": 0, "2013-03-31": "-0.97700", "2012-12-31": 0, "2012-09-30": 0, "2012-06-30": -26.823, "2012-03-31": "-41.90400", "2011-12-31": -25.727, "2011-09-30": -53.933, "2011-06-30": 0, "2011-03-31": "", "2010-12-31": -130.251, "2010-09-30": 0, "2010-06-30": 0, "2010-03-31": "", "2009-12-31": 50.382, "2009-09-30": -14.148, "2009-06-30": 0, "2009-03-31": "", "2008-12-31": -6.819, "2008-09-30": -4.819, "2008-06-30": -22.722, "2008-03-31": "-0.18700", "2007-12-31": -20.999, "2007-09-30": 20.596, "2007-06-30": -1.998, "2007-03-31": "-17.73600", "2006-12-31": 0, "2006-09-30": 0, "2006-06-30": 0, "2006-03-31": "", "2005-12-31": 0, "2005-09-30": 0, "2005-06-30": 0, "2005-03-31": ""}, "Net Change In Short-term Investments": {"2020-09-30": 0, "2020-06-30": 0, "2020-03-31": "", "2019-12-31": 0, "2019-09-30": 0, "2019-06-30": 0, "2019-03-31": "", "2018-12-31": 0, "2018-09-30": 0, "2018-06-30": 0, "2018-03-31": "", "2017-12-31": 0, "2017-09-30": 0, "2017-06-30": 0, "2017-03-31": "", "2016-12-31": 0, "2016-09-30": 0, "2016-06-30": 0, "2016-03-31": "", "2015-12-31": 0, "2015-09-30": 0, "2015-06-30": 0, "2015-03-31": "", "2014-12-31": 0, "2014-09-30": 0, "2014-06-30": 0, "2014-03-31": "", "2013-12-31": 0, "2013-09-30": 0, "2013-06-30": 0, "2013-03-31": "", "2012-12-31": 0, "2012-09-30": 0, "2012-06-30": 0, "2012-03-31": "", "2011-12-31": 0, "2011-09-30": 0, "2011-06-30": 0, "2011-03-31": "", "2010-12-31": 0, "2010-09-30": 0, "2010-06-30": 0, "2010-03-31": "", "2009-12-31": 0, "2009-09-30": 0, "2009-06-30": 0, "2009-03-31": "", "2008-12-31": 0, "2008-09-30": 0, "2008-06-30": 0, "2008-03-31": "", "2007-12-31": 0, "2007-09-30": 0, "2007-06-30": 0, "2007-03-31": "", "2006-12-31": 284.44, "2006-09-30": -12.275, "2006-06-30": -211.65, "2006-03-31": "-60.51500", "2005-12-31": 0, "2005-09-30": 0, "2005-06-30": 0, "2005-03-31": ""}, "Net Change In Long-Term Investments": {"2020-09-30": -0.778, "2020-06-30": -3.068, "2020-03-31": "-5.69200", "2019-12-31": -8.061, "2019-09-30": -1.065, "2019-06-30": -0.127, "2019-03-31": "-37.80300", "2018-12-31": -15.949, "2018-09-30": -19.391, "2018-06-30": -0.731, "2018-03-31": "-0.83800", "2017-12-31": -3.017, "2017-09-30": -40.557, "2017-06-30": -9.229, "2017-03-31": "-3.72500", "2016-12-31": -5.769, "2016-09-30": -1.993, "2016-06-30": -3.163, "2016-03-31": "-2.22500", "2015-12-31": -2.43, "2015-09-30": -1.051, "2015-06-30": -1.784, "2015-03-31": "-0.80900", "2014-12-31": -0.259, "2014-09-30": 0.176, "2014-06-30": -3.044, "2014-03-31": "", "2013-12-31": 197.362, "2013-09-30": -1.707, "2013-06-30": -0.925, "2013-03-31": "-8.54500", "2012-12-31": 0, "2012-09-30": 0, "2012-06-30": -48.844, "2012-03-31": "-4.90600", "2011-12-31": 0, "2011-09-30": 0, "2011-06-30": -35, "2011-03-31": "", "2010-12-31": 0, "2010-09-30": 0, "2010-06-30": 0, "2010-03-31": "", "2009-12-31": 0, "2009-09-30": 0, "2009-06-30": 0, "2009-03-31": "", "2008-12-31": 0, "2008-09-30": 0, "2008-06-30": 0, "2008-03-31": "", "2007-12-31": 0, "2007-09-30": 0, "2007-06-30": 0, "2007-03-31": "", "2006-12-31": 0, "2006-09-30": 0, "2006-06-30": 0, "2006-03-31": "", "2005-12-31": 0, "2005-09-30": 0, "2005-06-30": 0, "2005-03-31": ""}, "Net Change In Investments - Total": {"2020-09-30": -0.778, "2020-06-30": -3.068, "2020-03-31": "-5.69200", "2019-12-31": -8.061, "2019-09-30": -1.065, "2019-06-30": -0.127, "2019-03-31": "-37.80300", "2018-12-31": -15.949, "2018-09-30": -19.391, "2018-06-30": -0.731, "2018-03-31": "-0.83800", "2017-12-31": -3.017, "2017-09-30": -40.557, "2017-06-30": -9.229, "2017-03-31": "-3.72500", "2016-12-31": -5.769, "2016-09-30": -1.993, "2016-06-30": -3.163, "2016-03-31": "-2.22500", "2015-12-31": -2.43, "2015-09-30": -1.051, "2015-06-30": -1.784, "2015-03-31": "-0.80900", "2014-12-31": -0.259, "2014-09-30": 0.176, "2014-06-30": -3.044, "2014-03-31": "", "2013-12-31": 197.362, "2013-09-30": -1.707, "2013-06-30": -0.925, "2013-03-31": "-8.54500", "2012-12-31": 0, "2012-09-30": 0, "2012-06-30": -48.844, "2012-03-31": "-4.90600", "2011-12-31": 0, "2011-09-30": 0, "2011-06-30": -35, "2011-03-31": "", "2010-12-31": 0, "2010-09-30": 0, "2010-06-30": 0, "2010-03-31": "", "2009-12-31": 0, "2009-09-30": 0, "2009-06-30": 0, "2009-03-31": "", "2008-12-31": 0, "2008-09-30": 0, "2008-06-30": 0, "2008-03-31": "", "2007-12-31": 0, "2007-09-30": 0, "2007-06-30": 0, "2007-03-31": "", "2006-12-31": 284.44, "2006-09-30": -12.275, "2006-06-30": -211.65, "2006-03-31": "-60.51500", "2005-12-31": 0, "2005-09-30": 0, "2005-06-30": 0, "2005-03-31": ""}, "Investing Activities - Other": {"2020-09-30": 2.611, "2020-06-30": 0.032, "2020-03-31": "0.19800", "2019-12-31": 47.545, "2019-09-30": 0.49, "2019-06-30": 0.003, "2019-03-31": "0.00800", "2018-12-31": -7.323, "2018-09-30": 0.145, "2018-06-30": -2.557, "2018-03-31": "0.70600", "2017-12-31": 66.641, "2017-09-30": 0.812, "2017-06-30": 0.615, "2017-03-31": "-1.10400", "2016-12-31": 7.406, "2016-09-30": -0.389, "2016-06-30": 0.545, "2016-03-31": "0.57700", "2015-12-31": -6.571, "2015-09-30": -0.96, "2015-06-30": 2.66, "2015-03-31": "0.53600", "2014-12-31": 7.871, "2014-09-30": -0.614, "2014-06-30": 2.011, "2014-03-31": "0.25900", "2013-12-31": 2.3, "2013-09-30": 37.476, "2013-06-30": -13.326, "2013-03-31": "", "2012-12-31": 0, "2012-09-30": -1.541, "2012-06-30": 0, "2012-03-31": "", "2011-12-31": 0, "2011-09-30": -4.455, "2011-06-30": 0, "2011-03-31": "", "2010-12-31": 0, "2010-09-30": 0, "2010-06-30": 0, "2010-03-31": "", "2009-12-31": 0, "2009-09-30": 0, "2009-06-30": 0, "2009-03-31": "", "2008-12-31": 0, "2008-09-30": 0, "2008-06-30": -14.573, "2008-03-31": "", "2007-12-31": 0, "2007-09-30": 0, "2007-06-30": 0, "2007-03-31": "", "2006-12-31": 0, "2006-09-30": 0, "2006-06-30": 0, "2006-03-31": "", "2005-12-31": 0, "2005-09-30": 0, "2005-06-30": 0, "2005-03-31": ""}, "Cash Flow From Investing Activities": {"2020-09-30": -230.555, "2020-06-30": -36.614, "2020-03-31": "-89.13300", "2019-12-31": -10.472, "2019-09-30": -391.797, "2019-06-30": -68.171, "2019-03-31": "-147.15600", "2018-12-31": -80.987, "2018-09-30": -136.431, "2018-06-30": -93.354, "2018-03-31": "-91.89800", "2017-12-31": -6.52, "2017-09-30": -451.549, "2017-06-30": -65.436, "2017-03-31": "-48.57900", "2016-12-31": -62.452, "2016-09-30": -59.655, "2016-06-30": -58.343, "2016-03-31": "-83.92900", "2015-12-31": -52.185, "2015-09-30": -70.88, "2015-06-30": -91.82, "2015-03-31": "-92.22800", "2014-12-31": -147.859, "2014-09-30": -146.902, "2014-06-30": -48.791, "2014-03-31": "-145.03400", "2013-12-31": 38.037, "2013-09-30": -134.556, "2013-06-30": -116.225, "2013-03-31": "-65.61500", "2012-12-31": -57.416, "2012-09-30": -71.343, "2012-06-30": -114.277, "2012-03-31": "-78.06500", "2011-12-31": -55.481, "2011-09-30": -96.668, "2011-06-30": -85.814, "2011-03-31": "-34.29500", "2010-12-31": -157.13, "2010-09-30": -24.527, "2010-06-30": -25.396, "2010-03-31": "-42.86700", "2009-12-31": 10.539, "2009-09-30": -48.085, "2009-06-30": -42.697, "2009-03-31": "-39.43900", "2008-12-31": -23.243, "2008-09-30": -54.537, "2008-06-30": -90.359, "2008-03-31": "-51.20800", "2007-12-31": -75.155, "2007-09-30": 12.11, "2007-06-30": -15.25, "2007-03-31": "-42.27500", "2006-12-31": 275.288, "2006-09-30": -16.918, "2006-06-30": -224.35, "2006-03-31": "-72.50000", "2005-12-31": 3.695, "2005-09-30": -7.749, "2005-06-30": -14.844, "2005-03-31": "-11.65800"}, "Net Long-Term Debt": {"2020-09-30": -180.3738, "2020-06-30": -282.7971, "2020-03-31": "302.94700", "2019-12-31": -523.127, "2019-09-30": 327.2212, "2019-06-30": 166.8209, "2019-03-31": "299.37100", "2018-12-31": 126.959, "2018-09-30": 112.3333, "2018-06-30": -39.5011, "2018-03-31": "214.23300", "2017-12-31": -90.1589, "2017-09-30": 270.9049, "2017-06-30": 57.586, "2017-03-31": "64.24100", "2016-12-31": -125.1731, "2016-09-30": 82.8239, "2016-06-30": -0.788, "2016-03-31": "-80.04200", "2015-12-31": 130.6249, "2015-09-30": 141.6261, "2015-06-30": 95.586, "2015-03-31": "43.11300", "2014-12-31": -5.499, "2014-09-30": 57.941, "2014-06-30": -0.38, "2014-03-31": "-10.29300", "2013-12-31": -0.306, "2013-09-30": -0.227, "2013-06-30": 0, "2013-03-31": "", "2012-12-31": -125.009, "2012-09-30": 85.986, "2012-06-30": 38.967, "2012-03-31": "", "2011-12-31": -0.034, "2011-09-30": -1.152, "2011-06-30": 0.046, "2011-03-31": "-0.19700", "2010-12-31": 1.142, "2010-09-30": -0.041, "2010-06-30": -143.812, "2010-03-31": "-3.29400", "2009-12-31": 3.173, "2009-09-30": -0.006, "2009-06-30": -1.953, "2009-03-31": "0.80100", "2008-12-31": 0.993, "2008-09-30": -0.046, "2008-06-30": -0.654, "2008-03-31": "-0.30900", "2007-12-31": 0.841, "2007-09-30": -93.812, "2007-06-30": -0.088, "2007-03-31": "-1.56800", "2006-12-31": -0.405, "2006-09-30": 1.055, "2006-06-30": 0.742, "2006-03-31": "-3.05200", "2005-12-31": -8.225, "2005-09-30": -0.338, "2005-06-30": 1.707, "2005-03-31": "-11.40000"}, "Net Current Debt": {"2020-09-30": -1.761, "2020-06-30": -1.62, "2020-03-31": "-2.79900", "2019-12-31": -1.205, "2019-09-30": -11.171, "2019-06-30": 7.304, "2019-03-31": "-23.22000", "2018-12-31": 13.724, "2018-09-30": 7.124, "2018-06-30": 12.942, "2018-03-31": "", "2017-12-31": 0, "2017-09-30": 0, "2017-06-30": 0, "2017-03-31": "-2.78300", "2016-12-31": 2.754, "2016-09-30": 0, "2016-06-30": 0, "2016-03-31": "-4.71100", "2015-12-31": 4.8721, "2015-09-30": 0, "2015-06-30": -4.248, "2015-03-31": "-0.92200", "2014-12-31": 5.056, "2014-09-30": 0, "2014-06-30": 0, "2014-03-31": "", "2013-12-31": 0, "2013-09-30": 0, "2013-06-30": 0, "2013-03-31": "", "2012-12-31": 0, "2012-09-30": 0, "2012-06-30": 0, "2012-03-31": "", "2011-12-31": 0, "2011-09-30": 0, "2011-06-30": 0, "2011-03-31": "", "2010-12-31": 0, "2010-09-30": 0, "2010-06-30": 0, "2010-03-31": "", "2009-12-31": 0, "2009-09-30": 0, "2009-06-30": 0, "2009-03-31": "", "2008-12-31": 0, "2008-09-30": 0, "2008-06-30": 0, "2008-03-31": "", "2007-12-31": 0, "2007-09-30": 0, "2007-06-30": 0, "2007-03-31": "", "2006-12-31": 0, "2006-09-30": 0, "2006-06-30": 0, "2006-03-31": "", "2005-12-31": 0, "2005-09-30": 0, "2005-06-30": 0, "2005-03-31": ""}, "Debt Issuance/Retirement Net - Total": {"2020-09-30": -182.1348, "2020-06-30": -284.4171, "2020-03-31": "300.14800", "2019-12-31": -524.332, "2019-09-30": 316.0502, "2019-06-30": 174.1249, "2019-03-31": "276.15100", "2018-12-31": 140.683, "2018-09-30": 119.4573, "2018-06-30": -26.5591, "2018-03-31": "214.23300", "2017-12-31": -90.159, "2017-09-30": 270.905, "2017-06-30": 57.586, "2017-03-31": "61.45800", "2016-12-31": -122.4191, "2016-09-30": 82.8239, "2016-06-30": -0.788, "2016-03-31": "-84.75300", "2015-12-31": 135.4969, "2015-09-30": 141.6261, "2015-06-30": 91.338, "2015-03-31": "42.19100", "2014-12-31": -0.443, "2014-09-30": 57.941, "2014-06-30": -0.38, "2014-03-31": "-10.29300", "2013-12-31": -0.306, "2013-09-30": -0.227, "2013-06-30": 0, "2013-03-31": "", "2012-12-31": -125.009, "2012-09-30": 85.986, "2012-06-30": 38.967, "2012-03-31": "", "2011-12-31": -0.034, "2011-09-30": -1.152, "2011-06-30": 0.046, "2011-03-31": "-0.19700", "2010-12-31": 1.142, "2010-09-30": -0.041, "2010-06-30": -143.812, "2010-03-31": "-3.29400", "2009-12-31": 3.173, "2009-09-30": -0.006, "2009-06-30": -1.953, "2009-03-31": "0.80100", "2008-12-31": 0.993, "2008-09-30": -0.046, "2008-06-30": -0.654, "2008-03-31": "-0.30900", "2007-12-31": 0.841, "2007-09-30": -93.812, "2007-06-30": -0.088, "2007-03-31": "-1.56800", "2006-12-31": -0.405, "2006-09-30": 1.055, "2006-06-30": 0.742, "2006-03-31": "-3.05200", "2005-12-31": -8.225, "2005-09-30": -0.338, "2005-06-30": 1.707, "2005-03-31": "-11.40000"}, "Net Common Equity Issued/Repurchased": {"2020-09-30": 0, "2020-06-30": 0, "2020-03-31": "-200.00000", "2019-12-31": 0, "2019-09-30": 0, "2019-06-30": -0.159, "2019-03-31": "-19.93300", "2018-12-31": -226.491, "2018-09-30": -26.755, "2018-06-30": -15.993, "2018-03-31": "-173.91300", "2017-12-31": -50, "2017-09-30": 0, "2017-06-30": 0, "2017-03-31": "0.02500", "2016-12-31": 0.041, "2016-09-30": 0.146, "2016-06-30": 0.163, "2016-03-31": "0.05100", "2015-12-31": -76.771, "2015-09-30": -1175.293, "2015-06-30": -172.001, "2015-03-31": "-181.92400", "2014-12-31": -48.383, "2014-09-30": 0.2, "2014-06-30": -44.544, "2014-03-31": "0.42400", "2013-12-31": 0.156, "2013-09-30": 0.049, "2013-06-30": 0.326, "2013-03-31": "0.49700", "2012-12-31": 0.812, "2012-09-30": 0.649, "2012-06-30": 0.445, "2012-03-31": "0.47900", "2011-12-31": 0.312, "2011-09-30": -55.021, "2011-06-30": -94.478, "2011-03-31": "0.50700", "2010-12-31": 0.078, "2010-09-30": 0.036, "2010-06-30": 0.23, "2010-03-31": "0.19000", "2009-12-31": 0.329, "2009-09-30": 0.504, "2009-06-30": 0.023, "2009-03-31": "0.11900", "2008-12-31": 0.024, "2008-09-30": 0.315, "2008-06-30": 4.236, "2008-03-31": "1.41200", "2007-12-31": 3.973, "2007-09-30": 2.219, "2007-06-30": 2.744, "2007-03-31": "0.47700", "2006-12-31": 0.102, "2006-09-30": 0.119, "2006-06-30": 0.173, "2006-03-31": "0.61700", "2005-12-31": 1.696, "2005-09-30": 1.856, "2005-06-30": 0.001, "2005-03-31": "1.57700"}, "Net Total Equity Issued/Repurchased": {"2020-09-30": 0, "2020-06-30": 0, "2020-03-31": "-200.00000", "2019-12-31": 0, "2019-09-30": 0, "2019-06-30": -0.159, "2019-03-31": "-19.93300", "2018-12-31": -226.491, "2018-09-30": -26.755, "2018-06-30": -15.993, "2018-03-31": "-173.91300", "2017-12-31": -50, "2017-09-30": 0, "2017-06-30": 0, "2017-03-31": "0.02500", "2016-12-31": 0.041, "2016-09-30": 0.146, "2016-06-30": 0.163, "2016-03-31": "0.05100", "2015-12-31": -76.771, "2015-09-30": -1175.293, "2015-06-30": -172.001, "2015-03-31": "-181.92400", "2014-12-31": -48.383, "2014-09-30": 0.2, "2014-06-30": -44.544, "2014-03-31": "0.42400", "2013-12-31": 0.156, "2013-09-30": 0.049, "2013-06-30": 0.326, "2013-03-31": "0.49700", "2012-12-31": 0.812, "2012-09-30": 0.649, "2012-06-30": 0.445, "2012-03-31": "0.47900", "2011-12-31": 0.312, "2011-09-30": -55.021, "2011-06-30": -94.478, "2011-03-31": "0.50700", "2010-12-31": 0.078, "2010-09-30": 0.036, "2010-06-30": 0.23, "2010-03-31": "0.19000", "2009-12-31": 0.329, "2009-09-30": 0.504, "2009-06-30": 0.023, "2009-03-31": "0.11900", "2008-12-31": 0.024, "2008-09-30": 0.315, "2008-06-30": 4.236, "2008-03-31": "1.41200", "2007-12-31": 3.973, "2007-09-30": 2.219, "2007-06-30": 2.744, "2007-03-31": "0.47700", "2006-12-31": 0.102, "2006-09-30": 0.119, "2006-06-30": 0.173, "2006-03-31": "0.61700", "2005-12-31": 1.696, "2005-09-30": 1.856, "2005-06-30": 0.001, "2005-03-31": "1.57700"}, "Total Common And Preferred Stock Dividends Paid": {"2020-09-30": -7.001, "2020-06-30": -7.16, "2020-03-31": "-7.38400", "2019-12-31": -5.851, "2019-09-30": -5.803, "2019-06-30": -5.83, "2019-03-31": "-5.75200", "2018-12-31": 0, "2018-09-30": 0, "2018-06-30": 0, "2018-03-31": "", "2017-12-31": 0, "2017-09-30": 0, "2017-06-30": 0, "2017-03-31": "", "2016-12-31": 0, "2016-09-30": 0, "2016-06-30": 0, "2016-03-31": "", "2015-12-31": 0, "2015-09-30": 0, "2015-06-30": 0, "2015-03-31": "", "2014-12-31": 0, "2014-09-30": 0, "2014-06-30": 0, "2014-03-31": "", "2013-12-31": 0, "2013-09-30": 0, "2013-06-30": 0, "2013-03-31": "", "2012-12-31": 0, "2012-09-30": 0, "2012-06-30": 0, "2012-03-31": "", "2011-12-31": 0, "2011-09-30": 0, "2011-06-30": 0, "2011-03-31": "", "2010-12-31": 0, "2010-09-30": 0, "2010-06-30": 0, "2010-03-31": "", "2009-12-31": 0, "2009-09-30": 0, "2009-06-30": 0, "2009-03-31": "", "2008-12-31": 0, "2008-09-30": 0, "2008-06-30": 0, "2008-03-31": "", "2007-12-31": 0, "2007-09-30": 0, "2007-06-30": 0, "2007-03-31": "", "2006-12-31": 0, "2006-09-30": 0, "2006-06-30": 0, "2006-03-31": "", "2005-12-31": 0, "2005-09-30": 0, "2005-06-30": 0, "2005-03-31": ""}, "Financial Activities - Other": {"2020-09-30": -9.368, "2020-06-30": -19.059, "2020-03-31": "-18.83800", "2019-12-31": -0.879, "2019-09-30": -3.136, "2019-06-30": -2.758, "2019-03-31": "-14.20600", "2018-12-31": -3.622, "2018-09-30": -1.739, "2018-06-30": -2.27, "2018-03-31": "-13.60100", "2017-12-31": -2.111, "2017-09-30": -0.772, "2017-06-30": -1.996, "2017-03-31": "-17.17200", "2016-12-31": -0.999, "2016-09-30": -0.87, "2016-06-30": -1.16, "2016-03-31": "-6.07200", "2015-12-31": -26.673, "2015-09-30": -0.835, "2015-06-30": -2.497, "2015-03-31": "-2.50200", "2014-12-31": -10.792, "2014-09-30": -1.815, "2014-06-30": 0.115, "2014-03-31": "-0.37700", "2013-12-31": -8.128, "2013-09-30": -2.274, "2013-06-30": -1.29, "2013-03-31": "-5.45400", "2012-12-31": -4.679, "2012-09-30": -6.799, "2012-06-30": -6.615, "2012-03-31": "0.42000", "2011-12-31": -5.467, "2011-09-30": -4.308, "2011-06-30": -0.955, "2011-03-31": "2.01400", "2010-12-31": -2.204, "2010-09-30": -0.017, "2010-06-30": 0.018, "2010-03-31": "1.96900", "2009-12-31": 0.084, "2009-09-30": 0.115, "2009-06-30": -0.076, "2009-03-31": "-1.63200", "2008-12-31": -0.359, "2008-09-30": 0.318, "2008-06-30": 1.073, "2008-03-31": "1.23400", "2007-12-31": 0.004, "2007-09-30": 0.684, "2007-06-30": 3.525, "2007-03-31": "2.06200", "2006-12-31": 0.05, "2006-09-30": -1.113, "2006-06-30": -5.386, "2006-03-31": "4.35800", "2005-12-31": 0, "2005-09-30": 0, "2005-06-30": 0, "2005-03-31": "-0.04100"}, "Cash Flow From Financial Activities": {"2020-09-30": -198.504, "2020-06-30": -310.636, "2020-03-31": "73.92600", "2019-12-31": -531.062, "2019-09-30": 307.111, "2019-06-30": 165.378, "2019-03-31": "236.26000", "2018-12-31": -89.43, "2018-09-30": 90.963, "2018-06-30": -44.822, "2018-03-31": "26.71900", "2017-12-31": -142.27, "2017-09-30": 270.133, "2017-06-30": 55.59, "2017-03-31": "44.31100", "2016-12-31": -123.377, "2016-09-30": 82.1, "2016-06-30": -1.785, "2016-03-31": "-90.77400", "2015-12-31": 32.053, "2015-09-30": -1034.502, "2015-06-30": -83.16, "2015-03-31": "-142.23500", "2014-12-31": -59.618, "2014-09-30": 56.326, "2014-06-30": -44.809, "2014-03-31": "-10.24600", "2013-12-31": -8.278, "2013-09-30": -2.452, "2013-06-30": -0.964, "2013-03-31": "-4.95700", "2012-12-31": -128.876, "2012-09-30": 79.836, "2012-06-30": 32.797, "2012-03-31": "0.89900", "2011-12-31": -5.189, "2011-09-30": -60.481, "2011-06-30": -95.387, "2011-03-31": "2.32400", "2010-12-31": -0.984, "2010-09-30": -0.022, "2010-06-30": -143.564, "2010-03-31": "-1.13500", "2009-12-31": 3.586, "2009-09-30": 0.613, "2009-06-30": -2.006, "2009-03-31": "-0.71200", "2008-12-31": 0.658, "2008-09-30": 0.587, "2008-06-30": 4.655, "2008-03-31": "2.33700", "2007-12-31": 4.818, "2007-09-30": -90.909, "2007-06-30": 6.181, "2007-03-31": "0.97100", "2006-12-31": -0.253, "2006-09-30": 0.061, "2006-06-30": -4.471, "2006-03-31": "1.92300", "2005-12-31": -6.529, "2005-09-30": 1.518, "2005-06-30": 1.708, "2005-03-31": "-9.86400"}, "Net Cash Flow": {"2020-09-30": -313.751, "2020-06-30": 151.215, "2020-03-31": "211.89300", "2019-12-31": 85.234, "2019-09-30": 6.394, "2019-06-30": -11.375, "2019-03-31": "6.23600", "2018-12-31": -34.918, "2018-09-30": -6.563, "2018-06-30": 19.457, "2018-03-31": "-38.49500", "2017-12-31": 48.541, "2017-09-30": -7.374, "2017-06-30": -4.924, "2017-03-31": "-6.87800", "2016-12-31": -2.956, "2016-09-30": -44.978, "2016-06-30": 7.029, "2016-03-31": "26.54400", "2015-12-31": 79.577, "2015-09-30": -16.233, "2015-06-30": -70.107, "2015-03-31": "-54.98100", "2014-12-31": 46.356, "2014-09-30": -44.789, "2014-06-30": -84.392, "2014-03-31": "-215.43700", "2013-12-31": 179.624, "2013-09-30": -53.96, "2013-06-30": -3.506, "2013-03-31": "-28.08200", "2012-12-31": 266.492, "2012-09-30": -44.659, "2012-06-30": -4.499, "2012-03-31": "-137.98200", "2011-12-31": 57.511, "2011-09-30": -122.544, "2011-06-30": -122.637, "2011-03-31": "-36.20200", "2010-12-31": 97.974, "2010-09-30": -78.571, "2010-06-30": -140.006, "2010-03-31": "-39.80500", "2009-12-31": 115.591, "2009-09-30": 59.682, "2009-06-30": 15.547, "2009-03-31": "70.90800", "2008-12-31": 171.472, "2008-09-30": -38.362, "2008-06-30": -67.403, "2008-03-31": "-34.88700", "2007-12-31": 35.611, "2007-09-30": -34.322, "2007-06-30": -0.64, "2007-03-31": "22.74500", "2006-12-31": 316.412, "2006-09-30": 29.919, "2006-06-30": -186.892, "2006-03-31": "-80.01900", "2005-12-31": 80.631, "2005-09-30": -17.101, "2005-06-30": -13.265, "2005-03-31": "-11.55800"}, "Stock-Based Compensation": {"2020-09-30": 21.431, "2020-06-30": 21.98, "2020-03-31": "14.91200", "2019-12-31": 10.933, "2019-09-30": 13.584, "2019-06-30": 14.484, "2019-03-31": "13.01200", "2018-12-31": 12.681, "2018-09-30": 11.631, "2018-06-30": 13.485, "2018-03-31": "14.68700", "2017-12-31": 12.096, "2017-09-30": 10.929, "2017-06-30": 11.557, "2017-03-31": "11.86600", "2016-12-31": 9.875, "2016-09-30": 9.746, "2016-06-30": 9.503, "2016-03-31": "13.71900", "2015-12-31": 8.231, "2015-09-30": 9.523, "2015-06-30": 9.714, "2015-03-31": "9.47100", "2014-12-31": 10.2, "2014-09-30": 7.397, "2014-06-30": 9.554, "2014-03-31": "10.29800", "2013-12-31": 6.634, "2013-09-30": 7.669, "2013-06-30": 12.042, "2013-03-31": "8.03600", "2012-12-31": 5.87, "2012-09-30": 6.634, "2012-06-30": 7.597, "2012-03-31": "5.88900", "2011-12-31": 3.27, "2011-09-30": 4.716, "2011-06-30": 5.953, "2011-03-31": "5.54100", "2010-12-31": 3.175, "2010-09-30": 5.703, "2010-06-30": 5.76, "2010-03-31": "6.00200", "2009-12-31": 5.24, "2009-09-30": 4.969, "2009-06-30": 4.964, "2009-03-31": "4.70200", "2008-12-31": 4.29, "2008-09-30": 4.043, "2008-06-30": 4.583, "2008-03-31": "3.77600", "2007-12-31": 12.23, "2007-09-30": 2.465, "2007-06-30": 1.771, "2007-03-31": "1.84900", "2006-12-31": 1.42, "2006-09-30": 1.601, "2006-06-30": 1.568, "2006-03-31": "1.44900", "2005-12-31": 1.412, "2005-09-30": 1.433, "2005-06-30": 0.89, "2005-03-31": "1.23800"}, "Common Stock Dividends Paid": {"2020-09-30": -7.001, "2020-06-30": -7.16, "2020-03-31": "-7.38400", "2019-12-31": -5.851, "2019-09-30": -5.803, "2019-06-30": -5.83, "2019-03-31": "-5.75200", "2018-12-31": 0, "2018-09-30": 0, "2018-06-30": 0, "2018-03-31": "", "2017-12-31": 0, "2017-09-30": 0, "2017-06-30": 0, "2017-03-31": "", "2016-12-31": 0, "2016-09-30": 0, "2016-06-30": 0, "2016-03-31": "", "2015-12-31": 0, "2015-09-30": 0, "2015-06-30": 0, "2015-03-31": "", "2014-12-31": 0, "2014-09-30": 0, "2014-06-30": 0, "2014-03-31": "", "2013-12-31": 0, "2013-09-30": 0, "2013-06-30": 0, "2013-03-31": "", "2012-12-31": 0, "2012-09-30": 0, "2012-06-30": 0, "2012-03-31": "", "2011-12-31": 0, "2011-09-30": 0, "2011-06-30": 0, "2011-03-31": "", "2010-12-31": 0, "2010-09-30": 0, "2010-06-30": 0, "2010-03-31": "", "2009-12-31": 0, "2009-09-30": 0, "2009-06-30": 0, "2009-03-31": "", "2008-12-31": 0, "2008-09-30": 0, "2008-06-30": 0, "2008-03-31": "", "2007-12-31": 0, "2007-09-30": 0, "2007-06-30": 0, "2007-03-31": "", "2006-12-31": 0, "2006-09-30": 0, "2006-06-30": 0, "2006-03-31": "", "2005-12-31": 0, "2005-09-30": 0, "2005-06-30": 0, "2005-03-31": ""}}, "financial ratios": {"Current Ratio": {"2019-12-31": "1.69280", "2018-12-31": "1.84160", "2017-12-31": "1.92340", "2016-12-31": "1.89900", "2015-12-31": "1.89200", "2014-12-31": "2.25590", "2013-12-31": "2.21910", "2012-12-31": "2.49860", "2011-12-31": "2.25990", "2010-12-31": "3.19020", "2009-12-31": "3.19310", "2008-12-31": "3.06640", "2007-12-31": "1.72260", "2006-12-31": "2.96190", "2005-12-31": "3.22010"}, "Long-term Debt / Capital": {"2019-12-31": "0.24170", "2018-12-31": "0.22400", "2017-12-31": "0.15020", "2016-12-31": "0.09570", "2015-12-31": "0.13340", "2014-12-31": "0.01580", "2013-12-31": "0.00020", "2012-12-31": "", "2011-12-31": "", "2010-12-31": "", "2009-12-31": "0.03910", "2008-12-31": "0.04360", "2007-12-31": "0.06170", "2006-12-31": "0.36200", "2005-12-31": "0.39010"}, "Debt/Equity Ratio": {"2019-12-31": "0.33720", "2018-12-31": "0.30680", "2017-12-31": "0.17700", "2016-12-31": "0.10800", "2015-12-31": "0.15620", "2014-12-31": "0.01800", "2013-12-31": "0.00050", "2012-12-31": "0.00000", "2011-12-31": "0.00000", "2010-12-31": "0.00040", "2009-12-31": "0.04180", "2008-12-31": "0.04600", "2007-12-31": "0.18980", "2006-12-31": "0.61530", "2005-12-31": "0.64280"}, "Gross Margin": {"2019-12-31": "13.21200", "2018-12-31": "13.24780", "2017-12-31": "13.11850", "2016-12-31": "13.25000", "2015-12-31": "12.19770", "2014-12-31": "15.08660", "2013-12-31": "15.39300", "2012-12-31": "15.83890", "2011-12-31": "13.39410", "2010-12-31": "16.24280", "2009-12-31": "17.88620", "2008-12-31": "16.79450", "2007-12-31": "16.14240", "2006-12-31": "14.82330", "2005-12-31": "13.82540"}, "Operating Margin": {"2019-12-31": "4.58110", "2018-12-31": "4.83620", "2017-12-31": "4.00200", "2016-12-31": "4.19290", "2015-12-31": "3.13640", "2014-12-31": "5.53820", "2013-12-31": "7.42410", "2012-12-31": "7.85640", "2011-12-31": "4.64600", "2010-12-31": "6.72260", "2009-12-31": "7.29700", "2008-12-31": "7.64950", "2007-12-31": "6.38090", "2006-12-31": "3.51070", "2005-12-31": "3.68690"}, "EBIT Margin": {"2019-12-31": "4.58110", "2018-12-31": "4.83620", "2017-12-31": "4.00200", "2016-12-31": "4.19290", "2015-12-31": "3.13640", "2014-12-31": "5.53820", "2013-12-31": "7.42410", "2012-12-31": "7.85640", "2011-12-31": "4.64600", "2010-12-31": "6.72260", "2009-12-31": "7.29700", "2008-12-31": "7.64950", "2007-12-31": "6.38090", "2006-12-31": "3.51070", "2005-12-31": "3.68690"}, "EBITDA Margin": {"2019-12-31": "6.90990", "2018-12-31": "7.05420", "2017-12-31": "6.29780", "2016-12-31": "6.84970", "2015-12-31": "5.76360", "2014-12-31": "7.81590", "2013-12-31": "9.69770", "2012-12-31": "10.36900", "2011-12-31": "7.70770", "2010-12-31": "10.22240", "2009-12-31": "10.69490", "2008-12-31": "10.45920", "2007-12-31": "9.16240", "2006-12-31": "8.86960", "2005-12-31": "6.89280"}, "Pre-Tax Profit Margin": {"2019-12-31": "4.72490", "2018-12-31": "4.09680", "2017-12-31": "3.73690", "2016-12-31": "4.02130", "2015-12-31": "3.01980", "2014-12-31": "5.50650", "2013-12-31": "9.17590", "2012-12-31": "7.84730", "2011-12-31": "4.61420", "2010-12-31": "6.44610", "2009-12-31": "7.04400", "2008-12-31": "7.07020", "2007-12-31": "5.63050", "2006-12-31": "2.99520", "2005-12-31": "2.80230"}, "Net Profit Margin": {"2019-12-31": "3.31930", "2018-12-31": "2.62590", "2017-12-31": "3.32730", "2016-12-31": "2.59280", "2015-12-31": "4.10580", "2014-12-31": "3.82990", "2013-12-31": "6.26870", "2012-12-31": "5.17930", "2011-12-31": "3.15980", "2010-12-31": "4.22040", "2009-12-31": "4.88720", "2008-12-31": "4.16820", "2007-12-31": "4.69500", "2006-12-31": "0.82870", "2005-12-31": "1.60440"}, "Asset Turnover": {"2019-12-31": "1.45370", "2018-12-31": "1.57880", "2017-12-31": "1.46080", "2016-12-31": "1.42910", "2015-12-31": "1.45250", "2014-12-31": "1.23880", "2013-12-31": "1.10670", "2012-12-31": "1.15160", "2011-12-31": "0.89250", "2010-12-31": "0.83600", "2009-12-31": "0.80600", "2008-12-31": "1.06240", "2007-12-31": "0.78400", "2006-12-31": "1.28700", "2005-12-31": "1.18490"}, "Inventory Turnover Ratio": {"2019-12-31": "188.65920", "2018-12-31": "89.95900", "2017-12-31": "101.67660", "2016-12-31": "74.95960", "2015-12-31": "88.31470", "2014-12-31": "169.02020", "2013-12-31": "170.17420", "2012-12-31": "130.22560", "2011-12-31": "58.09510", "2010-12-31": "58.73770", "2009-12-31": "81.45160", "2008-12-31": "121.85130", "2007-12-31": "85.92940", "2006-12-31": "62.46230", "2005-12-31": "61.73180"}, "Receiveable Turnover": {"2019-12-31": "4.40780", "2018-12-31": "4.74420", "2017-12-31": "4.76880", "2016-12-31": "5.10050", "2015-12-31": "4.67110", "2014-12-31": "4.30140", "2013-12-31": "4.45520", "2012-12-31": "4.45780", "2011-12-31": "4.36900", "2010-12-31": "4.73580", "2009-12-31": "4.82100", "2008-12-31": "4.75350", "2007-12-31": "3.69060", "2006-12-31": "4.15480", "2005-12-31": "4.26860"}, "Days Sales In Receivables": {"2019-12-31": "82.80840", "2018-12-31": "76.93550", "2017-12-31": "76.53880", "2016-12-31": "71.56180", "2015-12-31": "78.14050", "2014-12-31": "84.85680", "2013-12-31": "81.92630", "2012-12-31": "81.87970", "2011-12-31": "83.54280", "2010-12-31": "77.07300", "2009-12-31": "75.70990", "2008-12-31": "76.78580", "2007-12-31": "98.89940", "2006-12-31": "87.85080", "2005-12-31": "85.50830"}, "ROE - Return On Equity": {"2019-12-31": "10.03530", "2018-12-31": "8.21000", "2017-12-31": "8.38400", "2016-12-31": "5.99630", "2015-12-31": "4.24910", "2014-12-31": "6.35490", "2013-12-31": "9.22930", "2012-12-31": "8.10520", "2011-12-31": "3.84780", "2010-12-31": "4.30880", "2009-12-31": "5.25740", "2008-12-31": "5.87410", "2007-12-31": "5.57700", "2006-12-31": "2.22650", "2005-12-31": "4.14630"}, "Return On Tangible Equity": {"2019-12-31": "25.15210", "2018-12-31": "20.76670", "2017-12-31": "19.12580", "2016-12-31": "12.91070", "2015-12-31": "9.86430", "2014-12-31": "10.71000", "2013-12-31": "17.37650", "2012-12-31": "14.91010", "2011-12-31": "7.59280", "2010-12-31": "9.00130", "2009-12-31": "11.07830", "2008-12-31": "13.36930", "2007-12-31": "17.99140", "2006-12-31": "4.08750", "2005-12-31": "9.25200"}, "ROA - Return On Assets": {"2019-12-31": "4.88270", "2018-12-31": "4.18340", "2017-12-31": "4.91080", "2016-12-31": "3.74370", "2015-12-31": "2.51660", "2014-12-31": "4.59880", "2013-12-31": "6.75690", "2012-12-31": "5.94700", "2011-12-31": "2.77520", "2010-12-31": "3.34180", "2009-12-31": "3.97220", "2008-12-31": "4.42830", "2007-12-31": "3.59710", "2006-12-31": "0.99030", "2005-12-31": "1.87670"}, "ROI - Return On Investment": {"2019-12-31": "7.60970", "2018-12-31": "6.37120", "2017-12-31": "7.12490", "2016-12-31": "5.42280", "2015-12-31": "3.68220", "2014-12-31": "6.25470", "2013-12-31": "9.22700", "2012-12-31": "8.10520", "2011-12-31": "3.84780", "2010-12-31": "4.30880", "2009-12-31": "5.05180", "2008-12-31": "5.61800", "2007-12-31": "5.23270", "2006-12-31": "1.42040", "2005-12-31": "2.52890"}, "Book Value Per Share": {"2019-12-31": "28.47590", "2018-12-31": "25.46400", "2017-12-31": "24.67450", "2016-12-31": "22.10420", "2015-12-31": "19.32510", "2014-12-31": "20.74550", "2013-12-31": "19.59560", "2012-12-31": "17.68600", "2011-12-31": "16.12380", "2010-12-31": "15.61870", "2009-12-31": "14.80940", "2008-12-31": "13.57550", "2007-12-31": "12.77740", "2006-12-31": "6.14650", "2005-12-31": "5.95560"}, "Operating Cash Flow Per Share": {"2019-12-31": 1.2426, "2018-12-31": -0.04, "2017-12-31": -0.1179, "2016-12-31": -0.7376, "2015-12-31": 2.0942, "2014-12-31": -0.596, "2013-12-31": 0.9398, "2012-12-31": -0.1735, "2011-12-31": -0.0698, "2010-12-31": -0.845, "2009-12-31": 0.6411, "2008-12-31": -0.1263, "2007-12-31": 0.3338, "2006-12-31": 0.3169, "2005-12-31": 0.7067}, "Free Cash Flow Per Share": {"2019-12-31": 1.3771, "2018-12-31": -0.3294, "2017-12-31": -0.3144, "2016-12-31": -1.0073, "2015-12-31": 2.2117, "2014-12-31": -0.6919, "2013-12-31": 0.9022, "2012-12-31": -0.381, "2011-12-31": -0.2233, "2010-12-31": -0.6355, "2009-12-31": 0.7308, "2008-12-31": -0.3687, "2007-12-31": 0.0385, "2006-12-31": 0.2523, "2005-12-31": 0.4448}}, "financial ratios, quarterly": {"Current Ratio": {"2020-09-30": "1.68800", "2020-06-30": "1.74110", "2020-03-31": "1.77640", "2019-12-31": "1.69280", "2019-09-30": "1.82480", "2019-06-30": "1.96820", "2019-03-31": "1.99840", "2018-12-31": "1.84160", "2018-09-30": "1.86000", "2018-06-30": "1.81880", "2018-03-31": "1.90820", "2017-12-31": "1.92340", "2017-09-30": "1.85130", "2017-06-30": "2.03510", "2017-03-31": "1.95690", "2016-12-31": "1.89900", "2016-09-30": "1.93060", "2016-06-30": "1.85780", "2016-03-31": "1.81920", "2015-12-31": "1.89200", "2015-09-30": "1.76250", "2015-06-30": "1.96380", "2015-03-31": "2.12360", "2014-12-31": "2.25590", "2014-09-30": "2.24840", "2014-06-30": "2.31900", "2014-03-31": "2.25400", "2013-12-31": "2.21910", "2013-09-30": "2.21540", "2013-06-30": "2.71960", "2013-03-31": "2.63370", "2012-12-31": "2.49860", "2012-09-30": "2.30880", "2012-06-30": "2.32730", "2012-03-31": "2.32100", "2011-12-31": "2.25990", "2011-09-30": "2.41960", "2011-06-30": "2.93000", "2011-03-31": "3.23660", "2010-12-31": "3.19020", "2010-09-30": "3.21430", "2010-06-30": "3.39090", "2010-03-31": "3.74070", "2009-12-31": "3.19310", "2009-09-30": "3.59650", "2009-06-30": "3.21760", "2009-03-31": "3.31370", "2008-12-31": "3.06640", "2008-09-30": "1.77200", "2008-06-30": "1.74630", "2008-03-31": "1.76580", "2007-12-31": "1.72260", "2007-09-30": "2.82860", "2007-06-30": "3.54780", "2007-03-31": "3.27050", "2006-12-31": "2.96190", "2006-09-30": "3.06400", "2006-06-30": "3.46980", "2006-03-31": "3.26640", "2005-12-31": "3.22010", "2005-09-30": "3.06090", "2005-06-30": "3.04270", "2005-03-31": "3.07930"}, "Long-term Debt / Capital": {"2020-09-30": "0.22440", "2020-06-30": "0.25140", "2020-03-31": "0.29520", "2019-12-31": "0.24170", "2019-09-30": "0.31650", "2019-06-30": "0.28660", "2019-03-31": "0.26530", "2018-12-31": "0.22400", "2018-09-30": "0.19950", "2018-06-30": "0.18540", "2018-03-31": "0.19490", "2017-12-31": "0.15020", "2017-09-30": "0.16930", "2017-06-30": "0.12110", "2017-03-31": "0.10980", "2016-12-31": "0.09570", "2016-09-30": "0.12830", "2016-06-30": "0.11130", "2016-03-31": "0.11300", "2015-12-31": "0.13340", "2015-09-30": "0.09800", "2015-06-30": "0.04840", "2015-03-31": "0.02600", "2014-12-31": "0.01580", "2014-09-30": "0.01820", "2014-06-30": "0.00090", "2014-03-31": "0.00110", "2013-12-31": "0.00020", "2013-09-30": "", "2013-06-30": "", "2013-03-31": "", "2012-12-31": "", "2012-09-30": "0.03290", "2012-06-30": "0.01090", "2012-03-31": "", "2011-12-31": "", "2011-09-30": "", "2011-06-30": "", "2011-03-31": "", "2010-12-31": "", "2010-09-30": "", "2010-06-30": "", "2010-03-31": "0.03910", "2009-12-31": "0.03910", "2009-09-30": "0.04260", "2009-06-30": "0.04350", "2009-03-31": "0.04380", "2008-12-31": "0.04360", "2008-09-30": "0.05790", "2008-06-30": "0.05940", "2008-03-31": "0.06110", "2007-12-31": "0.06170", "2007-09-30": "0.16240", "2007-06-30": "0.33840", "2007-03-31": "0.34790", "2006-12-31": "0.36200", "2006-09-30": "0.35290", "2006-06-30": "0.37810", "2006-03-31": "0.38520", "2005-12-31": "0.39010", "2005-09-30": "0.40240", "2005-06-30": "0.40860", "2005-03-31": "0.40750"}, "Debt/Equity Ratio": {"2020-09-30": "0.29160", "2020-06-30": "0.35410", "2020-03-31": "0.43810", "2019-12-31": "0.33720", "2019-09-30": "0.48250", "2019-06-30": "0.41580", "2019-03-31": "0.37300", "2018-12-31": "0.30680", "2018-09-30": "0.25510", "2018-06-30": "0.23180", "2018-03-31": "0.24280", "2017-12-31": "0.17700", "2017-09-30": "0.20450", "2017-06-30": "0.13820", "2017-03-31": "0.12450", "2016-12-31": "0.10800", "2016-09-30": "0.14880", "2016-06-30": "0.12700", "2016-03-31": "0.12860", "2015-12-31": "0.15620", "2015-09-30": "0.10940", "2015-06-30": "0.05150", "2015-03-31": "0.02890", "2014-12-31": "0.01800", "2014-09-30": "0.01890", "2014-06-30": "0.00130", "2014-03-31": "0.00140", "2013-12-31": "0.00050", "2013-09-30": "0.00070", "2013-06-30": "", "2013-03-31": "", "2012-12-31": "0.00000", "2012-09-30": "0.03410", "2012-06-30": "0.01100", "2012-03-31": "0.00000", "2011-12-31": "0.00000", "2011-09-30": "0.00000", "2011-06-30": "0.00040", "2011-03-31": "0.00030", "2010-12-31": "0.00040", "2010-09-30": "0.00010", "2010-06-30": "0.00010", "2010-03-31": "0.04080", "2009-12-31": "0.04180", "2009-09-30": "0.04450", "2009-06-30": "0.04550", "2009-03-31": "0.04650", "2008-12-31": "0.04600", "2008-09-30": "0.17640", "2008-06-30": "0.18170", "2008-03-31": "0.18750", "2007-12-31": "0.18980", "2007-09-30": "0.19390", "2007-06-30": "0.55280", "2007-03-31": "0.57670", "2006-12-31": "0.61530", "2006-09-30": "0.59190", "2006-06-30": "0.60920", "2006-03-31": "0.62970", "2005-12-31": "0.64280", "2005-09-30": "0.67560", "2005-06-30": "0.69360", "2005-03-31": "0.69580"}, "Gross Margin": {"2020-09-30": "16.80420", "2020-06-30": "14.17520", "2020-03-31": "12.01830", "2019-12-31": "14.24190", "2019-09-30": "14.12050", "2019-06-30": "11.25340", "2019-03-31": "12.96570", "2018-12-31": "13.48600", "2018-09-30": "14.26430", "2018-06-30": "12.55000", "2018-03-31": "12.45250", "2017-12-31": "13.02640", "2017-09-30": "13.43770", "2017-06-30": "13.73240", "2017-03-31": "12.22070", "2016-12-31": "14.63120", "2016-09-30": "14.81660", "2016-06-30": "11.17010", "2016-03-31": "11.86370", "2015-12-31": "11.74340", "2015-09-30": "12.12800", "2015-06-30": "12.15080", "2015-03-31": "12.78110", "2014-12-31": "14.77690", "2014-09-30": "15.69940", "2014-06-30": "14.37320", "2014-03-31": "15.43600", "2013-12-31": "13.73230", "2013-09-30": "16.59760", "2013-06-30": "16.36520", "2013-03-31": "15.02630", "2012-12-31": "17.13570", "2012-09-30": "16.44910", "2012-06-30": "15.35920", "2012-03-31": "14.00280", "2011-12-31": "13.11500", "2011-09-30": "15.56500", "2011-06-30": "15.24260", "2011-03-31": "8.35030", "2010-12-31": "14.21110", "2010-09-30": "15.75400", "2010-06-30": "17.92500", "2010-03-31": "17.25840", "2009-12-31": "19.37720", "2009-09-30": "18.90740", "2009-06-30": "16.93950", "2009-03-31": "15.86000", "2008-12-31": "18.09300", "2008-09-30": "17.61670", "2008-06-30": "16.51500", "2008-03-31": "14.66970", "2007-12-31": "17.16460", "2007-09-30": "17.54220", "2007-06-30": "15.43720", "2007-03-31": "13.63400", "2006-12-31": "15.66870", "2006-09-30": "15.80230", "2006-06-30": "15.63180", "2006-03-31": "11.97360", "2005-12-31": "16.68590", "2005-09-30": "15.31950", "2005-06-30": "12.25080", "2005-03-31": "9.68900"}, "Operating Margin": {"2020-09-30": "8.01990", "2020-06-30": "4.50540", "2020-03-31": "2.92090", "2019-12-31": "4.73570", "2019-09-30": "6.24520", "2019-06-30": "2.76770", "2019-03-31": "4.25640", "2018-12-31": "4.80200", "2018-09-30": "6.45030", "2018-06-30": "4.63190", "2018-03-31": "3.11140", "2017-12-31": "2.16070", "2017-09-30": "5.38180", "2017-06-30": "4.98970", "2017-03-31": "3.44660", "2016-12-31": "5.60570", "2016-09-30": "6.37370", "2016-06-30": "1.97880", "2016-03-31": "2.17620", "2015-12-31": "0.19080", "2015-09-30": "4.17020", "2015-06-30": "3.67730", "2015-03-31": "4.52080", "2014-12-31": "4.32320", "2014-09-30": "6.11770", "2014-06-30": "6.57150", "2014-03-31": "5.13420", "2013-12-31": "5.77000", "2013-09-30": "8.57550", "2013-06-30": "7.94740", "2013-03-31": "7.52290", "2012-12-31": "9.61270", "2012-09-30": "8.29850", "2012-06-30": "7.09480", "2012-03-31": "5.92960", "2011-12-31": "6.46750", "2011-09-30": "7.51350", "2011-06-30": "5.71070", "2011-03-31": "-3.17050", "2010-12-31": "5.25890", "2010-09-30": "7.84080", "2010-06-30": "7.44680", "2010-03-31": "5.65160", "2009-12-31": "7.35040", "2009-09-30": "9.11410", "2009-06-30": "7.36510", "2009-03-31": "5.22960", "2008-12-31": "8.42420", "2008-09-30": "9.15570", "2008-06-30": "7.54740", "2008-03-31": "5.04130", "2007-12-31": "6.11290", "2007-09-30": "7.67980", "2007-06-30": "6.79690", "2007-03-31": "4.89400", "2006-12-31": "-2.55580", "2006-09-30": "7.23500", "2006-06-30": "6.55870", "2006-03-31": "3.45890", "2005-12-31": "6.62520", "2005-09-30": "5.87630", "2005-06-30": "2.26320", "2005-03-31": "-1.71000"}, "EBIT Margin": {"2020-09-30": "8.01990", "2020-06-30": "4.50540", "2020-03-31": "2.92090", "2019-12-31": "4.73570", "2019-09-30": "6.24520", "2019-06-30": "2.76770", "2019-03-31": "4.25640", "2018-12-31": "4.80200", "2018-09-30": "6.45030", "2018-06-30": "4.63190", "2018-03-31": "3.11140", "2017-12-31": "2.16070", "2017-09-30": "5.38180", "2017-06-30": "4.98970", "2017-03-31": "3.44660", "2016-12-31": "5.60570", "2016-09-30": "6.37370", "2016-06-30": "1.97880", "2016-03-31": "2.17620", "2015-12-31": "0.19080", "2015-09-30": "4.17020", "2015-06-30": "3.67730", "2015-03-31": "4.52080", "2014-12-31": "4.32320", "2014-09-30": "6.11770", "2014-06-30": "6.57150", "2014-03-31": "5.13420", "2013-12-31": "5.77000", "2013-09-30": "8.57550", "2013-06-30": "7.94740", "2013-03-31": "7.52290", "2012-12-31": "9.61270", "2012-09-30": "8.29850", "2012-06-30": "7.09480", "2012-03-31": "5.92960", "2011-12-31": "6.46750", "2011-09-30": "7.51350", "2011-06-30": "5.71070", "2011-03-31": "-3.17050", "2010-12-31": "5.25890", "2010-09-30": "7.84080", "2010-06-30": "7.44680", "2010-03-31": "5.65160", "2009-12-31": "7.35030", "2009-09-30": "9.11410", "2009-06-30": "7.36510", "2009-03-31": "5.22960", "2008-12-31": "8.42420", "2008-09-30": "9.15570", "2008-06-30": "7.54740", "2008-03-31": "5.04130", "2007-12-31": "6.11290", "2007-09-30": "7.67980", "2007-06-30": "6.79690", "2007-03-31": "4.89400", "2006-12-31": "-2.55580", "2006-09-30": "7.23500", "2006-06-30": "6.55870", "2006-03-31": "3.45890", "2005-12-31": "6.62520", "2005-09-30": "5.87630", "2005-06-30": "2.26320", "2005-03-31": "-1.71000"}, "EBITDA Margin": {"2020-09-30": "", "2020-06-30": "", "2020-03-31": "", "2019-12-31": "", "2019-09-30": "", "2019-06-30": "", "2019-03-31": "", "2018-12-31": "", "2018-09-30": "", "2018-06-30": "", "2018-03-31": "", "2017-12-31": "", "2017-09-30": "", "2017-06-30": "", "2017-03-31": "", "2016-12-31": "", "2016-09-30": "", "2016-06-30": "", "2016-03-31": "", "2015-12-31": "", "2015-09-30": "", "2015-06-30": "", "2015-03-31": "", "2014-12-31": "", "2014-09-30": "", "2014-06-30": "", "2014-03-31": "", "2013-12-31": "", "2013-09-30": "", "2013-06-30": "", "2013-03-31": "", "2012-12-31": "", "2012-09-30": "", "2012-06-30": "", "2012-03-31": "", "2011-12-31": "", "2011-09-30": "", "2011-06-30": "", "2011-03-31": "", "2010-12-31": "", "2010-09-30": "", "2010-06-30": "", "2010-03-31": "", "2009-12-31": "", "2009-09-30": "", "2009-06-30": "", "2009-03-31": "", "2008-12-31": "", "2008-09-30": "", "2008-06-30": "", "2008-03-31": "", "2007-12-31": "", "2007-09-30": "", "2007-06-30": "", "2007-03-31": "", "2006-12-31": "", "2006-09-30": "", "2006-06-30": "", "2006-03-31": "", "2005-12-31": "", "2005-09-30": "", "2005-06-30": "", "2005-03-31": ""}, "Pre-Tax Profit Margin": {"2020-09-30": "7.75380", "2020-06-30": "4.30060", "2020-03-31": "2.08610", "2019-12-31": "4.68820", "2019-09-30": "5.72420", "2019-06-30": "2.44950", "2019-03-31": "5.87330", "2018-12-31": "4.13820", "2018-09-30": "5.63320", "2018-06-30": "3.91870", "2018-03-31": "2.34180", "2017-12-31": "1.85280", "2017-09-30": "5.06630", "2017-06-30": "4.75400", "2017-03-31": "3.26110", "2016-12-31": "5.41600", "2016-09-30": "6.27090", "2016-06-30": "1.75320", "2016-03-31": "2.00160", "2015-12-31": "0.02650", "2015-09-30": "4.02860", "2015-06-30": "3.58090", "2015-03-31": "4.45860", "2014-12-31": "4.26790", "2014-09-30": "6.08050", "2014-06-30": "6.47560", "2014-03-31": "5.20270", "2013-12-31": "12.40750", "2013-09-30": "8.56580", "2013-06-30": "7.92790", "2013-03-31": "7.49180", "2012-12-31": "9.60330", "2012-09-30": "8.33430", "2012-06-30": "7.03010", "2012-03-31": "5.92690", "2011-12-31": "6.42560", "2011-09-30": "7.43040", "2011-06-30": "5.72980", "2011-03-31": "-3.17450", "2010-12-31": "5.28330", "2010-09-30": "7.89290", "2010-06-30": "6.44350", "2010-03-31": "5.36780", "2009-12-31": "7.06340", "2009-09-30": "8.87250", "2009-06-30": "7.11710", "2009-03-31": "5.00470", "2008-12-31": "8.28800", "2008-09-30": "8.40660", "2008-06-30": "6.78190", "2008-03-31": "4.40240", "2007-12-31": "4.01860", "2007-09-30": "7.60520", "2007-06-30": "6.83170", "2007-03-31": "4.67870", "2006-12-31": "-2.86120", "2006-09-30": "6.97150", "2006-06-30": "5.58990", "2006-03-31": "2.90360", "2005-12-31": "5.87690", "2005-09-30": "5.10090", "2005-06-30": "1.32740", "2005-03-31": "-2.87350"}, "Net Profit Margin": {"2020-09-30": "5.39420", "2020-06-30": "2.95050", "2020-03-31": "1.39960", "2019-12-31": "3.79540", "2019-09-30": "4.05820", "2019-06-30": "0.96310", "2019-03-31": "4.29200", "2018-12-31": "1.82560", "2018-09-30": "4.17220", "2018-06-30": "2.79950", "2018-03-31": "1.55590", "2017-12-31": "4.58160", "2017-09-30": "3.42290", "2017-06-30": "2.90120", "2017-03-31": "2.21590", "2016-12-31": "4.16470", "2016-09-30": "3.61090", "2016-06-30": "0.92400", "2016-03-31": "1.19600", "2015-12-31": "-0.26720", "2015-09-30": "11.15730", "2015-06-30": "2.46260", "2015-03-31": "2.87330", "2014-12-31": "3.32800", "2014-09-30": "4.41050", "2014-06-30": "4.41090", "2014-03-31": "3.08680", "2013-12-31": "9.76920", "2013-09-30": "5.64730", "2013-06-30": "4.76380", "2013-03-31": "4.54570", "2012-12-31": "5.91550", "2012-09-30": "6.29230", "2012-06-30": "4.72800", "2012-03-31": "3.43980", "2011-12-31": "6.12280", "2011-09-30": "4.15680", "2011-06-30": "3.14580", "2011-03-31": "-2.07240", "2010-12-31": "4.18400", "2010-09-30": "5.20560", "2010-06-30": "3.78930", "2010-03-31": "3.17310", "2009-12-31": "4.45950", "2009-09-30": "8.12460", "2009-06-30": "4.10960", "2009-03-31": "2.89140", "2008-12-31": "5.04470", "2008-09-30": "4.93060", "2008-06-30": "3.92010", "2008-03-31": "2.54260", "2007-12-31": "2.53820", "2007-09-30": "7.52000", "2007-06-30": "3.95970", "2007-03-31": "5.48440", "2006-12-31": "-5.29260", "2006-09-30": "4.28240", "2006-06-30": "3.43550", "2006-03-31": "1.58270", "2005-12-31": "3.64050", "2005-09-30": "2.46110", "2005-06-30": "0.76100", "2005-03-31": "-1.37660"}, "Asset Turnover": {"2020-09-30": "0.36280", "2020-06-30": "0.30980", "2020-03-31": "0.33590", "2019-12-31": "0.37360", "2019-09-30": "0.37820", "2019-06-30": "0.35390", "2019-03-31": "0.36680", "2018-12-31": "0.43980", "2018-09-30": "0.41510", "2018-06-30": "0.39120", "2018-03-31": "0.36340", "2017-12-31": "0.38250", "2017-09-30": "0.39300", "2017-06-30": "0.38250", "2017-03-31": "0.39300", "2016-12-31": "0.39280", "2016-09-30": "0.37290", "2016-06-30": "0.33840", "2016-03-31": "0.32360", "2015-12-31": "0.36430", "2015-09-30": "0.36090", "2015-06-30": "0.30540", "2015-03-31": "0.30310", "2014-12-31": "0.31990", "2014-09-30": "0.34450", "2014-06-30": "0.31110", "2014-03-31": "0.30250", "2013-12-31": "0.29450", "2013-09-30": "0.29940", "2013-06-30": "0.28420", "2013-03-31": "0.30760", "2012-12-31": "0.32550", "2012-09-30": "0.29150", "2012-06-30": "0.28300", "2012-03-31": "0.27940", "2011-12-31": "0.23050", "2011-09-30": "0.28020", "2011-06-30": "0.23550", "2011-03-31": "0.19630", "2010-12-31": "0.18530", "2010-09-30": "0.29190", "2010-06-30": "0.21980", "2010-03-31": "0.18480", "2009-12-31": "0.23940", "2009-09-30": "0.21490", "2009-06-30": "0.22600", "2009-03-31": "0.20910", "2008-12-31": "0.25900", "2008-09-30": "0.29570", "2008-06-30": "0.27530", "2008-03-31": "0.24850", "2007-12-31": "0.25950", "2007-09-30": "0.20030", "2007-06-30": "0.32820", "2007-03-31": "0.34220", "2006-12-31": "0.35110", "2006-09-30": "0.32190", "2006-06-30": "0.32520", "2006-03-31": "0.31820", "2005-12-31": "0.32620", "2005-09-30": "0.33900", "2005-06-30": "0.29900", "2005-03-31": "0.25780"}, "Inventory Turnover Ratio": {"2020-09-30": "63.09850", "2020-06-30": "44.55750", "2020-03-31": "48.28550", "2019-12-31": "47.90970", "2019-09-30": "42.95190", "2019-06-30": "36.83760", "2019-03-31": "30.12040", "2018-12-31": "24.99260", "2018-09-30": "27.03550", "2018-06-30": "27.05570", "2018-03-31": "22.38580", "2017-12-31": "26.65040", "2017-09-30": "26.14480", "2017-06-30": "20.16110", "2017-03-31": "21.25060", "2016-12-31": "20.27460", "2016-09-30": "19.52220", "2016-06-30": "21.23630", "2016-03-31": "20.79240", "2015-12-31": "22.26520", "2015-09-30": "26.34450", "2015-06-30": "29.46940", "2015-03-31": "35.42860", "2014-12-31": "43.80350", "2014-09-30": "45.90230", "2014-06-30": "38.60490", "2014-03-31": "41.86340", "2013-12-31": "46.17860", "2013-09-30": "38.55240", "2013-06-30": "30.18440", "2013-03-31": "35.77330", "2012-12-31": "36.24060", "2012-09-30": "22.89150", "2012-06-30": "20.35180", "2012-03-31": "15.81310", "2011-12-31": "15.05190", "2011-09-30": "14.26740", "2011-06-30": "13.77180", "2011-03-31": "14.65540", "2010-12-31": "13.33800", "2010-09-30": "21.87560", "2010-06-30": "17.55870", "2010-03-31": "18.66230", "2009-12-31": "23.75040", "2009-09-30": "19.83600", "2009-06-30": "24.15690", "2009-03-31": "24.09740", "2008-12-31": "29.24110", "2008-09-30": "32.95190", "2008-06-30": "25.84960", "2008-03-31": "28.84570", "2007-12-31": "28.09090", "2007-09-30": "20.20750", "2007-06-30": "19.96120", "2007-03-31": "19.32080", "2006-12-31": "16.86990", "2006-09-30": "16.20290", "2006-06-30": "15.75580", "2006-03-31": "15.53110", "2005-12-31": "16.42900", "2005-09-30": "18.86780", "2005-06-30": "16.22970", "2005-03-31": "14.63170"}, "Receiveable Turnover": {"2020-09-30": "1.09810", "2020-06-30": "1.05740", "2020-03-31": "1.06590", "2019-12-31": "1.13280", "2019-09-30": "1.05160", "2019-06-30": "1.07870", "2019-03-31": "1.08780", "2018-12-31": "1.32170", "2018-09-30": "1.30270", "2018-06-30": "1.25990", "2018-03-31": "1.15750", "2017-12-31": "1.24860", "2017-09-30": "1.31770", "2017-06-30": "1.36320", "2017-03-31": "1.37060", "2016-12-31": "1.40190", "2016-09-30": "1.30480", "2016-06-30": "1.29460", "2016-03-31": "1.14770", "2015-12-31": "1.17160", "2015-09-30": "1.14060", "2015-06-30": "1.15090", "2015-03-31": "1.13310", "2014-12-31": "1.11070", "2014-09-30": "1.14560", "2014-06-30": "1.15620", "2014-03-31": "1.17360", "2013-12-31": "1.18570", "2013-09-30": "1.14670", "2013-06-30": "1.14920", "2013-03-31": "1.23520", "2012-12-31": "1.26000", "2012-09-30": "1.06310", "2012-06-30": "1.21730", "2012-03-31": "1.19250", "2011-12-31": "1.12830", "2011-09-30": "1.23970", "2011-06-30": "1.24330", "2011-03-31": "1.10670", "2010-12-31": "1.04990", "2010-09-30": "1.53130", "2010-06-30": "1.29580", "2010-03-31": "1.11250", "2009-12-31": "1.43180", "2009-09-30": "1.17720", "2009-06-30": "1.12390", "2009-03-31": "1.07990", "2008-12-31": "1.15880", "2008-09-30": "1.09850", "2008-06-30": "1.17020", "2008-03-31": "1.11770", "2007-12-31": "1.22140", "2007-09-30": "0.90940", "2007-06-30": "1.16460", "2007-03-31": "1.21780", "2006-12-31": "1.13340", "2006-09-30": "1.14590", "2006-06-30": "1.14100", "2006-03-31": "1.11050", "2005-12-31": "1.17500", "2005-09-30": "1.14750", "2005-06-30": "1.20990", "2005-03-31": "1.12550"}, "Days Sales In Receivables": {"2020-09-30": "81.95730", "2020-06-30": "85.11820", "2020-03-31": "84.43840", "2019-12-31": "79.45000", "2019-09-30": "85.58260", "2019-06-30": "83.43210", "2019-03-31": "82.73550", "2018-12-31": "68.09500", "2018-09-30": "69.08720", "2018-06-30": "71.43210", "2018-03-31": "77.75610", "2017-12-31": "72.07900", "2017-09-30": "68.30250", "2017-06-30": "66.02070", "2017-03-31": "65.66670", "2016-12-31": "64.20000", "2016-09-30": "68.97370", "2016-06-30": "69.52010", "2016-03-31": "78.42100", "2015-12-31": "76.81990", "2015-09-30": "78.90340", "2015-06-30": "78.19890", "2015-03-31": "79.42510", "2014-12-31": "81.03020", "2014-09-30": "78.56240", "2014-06-30": "77.84390", "2014-03-31": "76.68740", "2013-12-31": "75.90450", "2013-09-30": "78.48800", "2013-06-30": "78.31470", "2013-03-31": "72.86110", "2012-12-31": "71.43030", "2012-09-30": "84.65520", "2012-06-30": "73.93420", "2012-03-31": "75.47020", "2011-12-31": "79.76370", "2011-09-30": "72.59580", "2011-06-30": "72.38510", "2011-03-31": "81.32470", "2010-12-31": "85.72120", "2010-09-30": "58.77430", "2010-06-30": "69.45560", "2010-03-31": "80.89550", "2009-12-31": "62.85970", "2009-09-30": "76.45410", "2009-06-30": "80.07830", "2009-03-31": "83.34170", "2008-12-31": "77.66680", "2008-09-30": "81.93230", "2008-06-30": "76.90840", "2008-03-31": "80.52230", "2007-12-31": "73.68720", "2007-09-30": "98.96880", "2007-06-30": "77.27970", "2007-03-31": "73.90480", "2006-12-31": "79.40880", "2006-09-30": "78.54080", "2006-06-30": "78.87970", "2006-03-31": "81.04560", "2005-12-31": "76.59400", "2005-09-30": "78.43230", "2005-06-30": "74.38570", "2005-03-31": "79.96730"}, "ROE - Return On Equity": {"2020-09-30": "3.93930", "2020-06-30": "1.90900", "2020-03-31": "1.09360", "2019-12-31": "2.96750", "2019-09-30": "3.50510", "2019-06-30": "0.75360", "2019-03-31": "3.24920", "2018-12-31": "1.60290", "2018-09-30": "3.26600", "2018-06-30": "2.02270", "2018-03-31": "1.05870", "2017-12-31": "3.04500", "2017-09-30": "2.40870", "2017-06-30": "1.83400", "2017-03-31": "1.42520", "2016-12-31": "2.67160", "2016-09-30": "2.24460", "2016-06-30": "0.52230", "2016-03-31": "0.65730", "2015-12-31": "-0.07750", "2015-09-30": "1.42780", "2015-06-30": "0.84240", "2015-03-31": "1.21530", "2014-12-31": "1.27810", "2014-09-30": "2.07840", "2014-06-30": "1.76810", "2014-03-31": "1.35860", "2013-12-31": "3.33510", "2013-09-30": "2.44540", "2013-06-30": "1.92200", "2013-03-31": "2.00630", "2012-12-31": "2.79360", "2012-09-30": "2.40000", "2012-06-30": "1.75340", "2012-03-31": "1.44310", "2011-12-31": "1.67600", "2011-09-30": "1.68330", "2011-06-30": "1.03880", "2011-03-31": "-0.48530", "2010-12-31": "0.71140", "2010-09-30": "1.96720", "2010-06-30": "1.05230", "2010-03-31": "0.76800", "2009-12-31": "1.42880", "2009-09-30": "2.26490", "2009-06-30": "1.23080", "2009-03-31": "0.79830", "2008-12-31": "1.73310", "2008-09-30": "2.22000", "2008-06-30": "1.65370", "2008-03-31": "0.97150", "2007-12-31": "1.01890", "2007-09-30": "2.19940", "2007-06-30": "2.69320", "2007-03-31": "3.98060", "2006-12-31": "-4.33200", "2006-09-30": "2.93970", "2006-06-30": "2.40170", "2006-03-31": "1.10140", "2005-12-31": "2.56970", "2005-09-30": "1.88940", "2005-06-30": "0.50310", "2005-03-31": "-0.77700"}, "Return On Tangible Equity": {"2020-09-30": "10.08630", "2020-06-30": "4.93790", "2020-03-31": "2.97920", "2019-12-31": "7.43770", "2019-09-30": "9.29130", "2019-06-30": "1.80160", "2019-03-31": "7.95260", "2018-12-31": "4.05440", "2018-09-30": "7.67340", "2018-06-30": "4.87010", "2018-03-31": "2.62080", "2017-12-31": "6.94630", "2017-09-30": "5.91830", "2017-06-30": "3.76670", "2017-03-31": "3.01150", "2016-12-31": "5.75230", "2016-09-30": "5.01410", "2016-06-30": "1.19120", "2016-03-31": "1.52640", "2015-12-31": "-0.18000", "2015-09-30": "3.31100", "2015-06-30": "1.49210", "2015-03-31": "2.45250", "2014-12-31": "2.15390", "2014-09-30": "3.92130", "2014-06-30": "3.31970", "2014-03-31": "2.58930", "2013-12-31": "6.27920", "2013-09-30": "4.50700", "2013-06-30": "3.41870", "2013-03-31": "3.63130", "2012-12-31": "5.13910", "2012-09-30": "4.89270", "2012-06-30": "3.71170", "2012-03-31": "3.10130", "2011-12-31": "3.30720", "2011-09-30": "3.66470", "2011-06-30": "2.20960", "2011-03-31": "-1.01510", "2010-12-31": "1.48610", "2010-09-30": "3.90330", "2010-06-30": "2.15360", "2010-03-31": "1.59670", "2009-12-31": "3.01080", "2009-09-30": "4.85700", "2009-06-30": "2.71460", "2009-03-31": "1.80140", "2008-12-31": "3.94460", "2008-09-30": "6.21600", "2008-06-30": "5.05670", "2008-03-31": "3.01320", "2007-12-31": "3.28710", "2007-09-30": "7.28890", "2007-06-30": "4.86990", "2007-03-31": "7.40490", "2006-12-31": "-7.95290", "2006-09-30": "6.02040", "2006-06-30": "5.08800", "2006-03-31": "2.41670", "2005-12-31": "5.73400", "2005-09-30": "4.39190", "2005-06-30": "1.21130", "2005-03-31": "-1.88920"}, "ROA - Return On Assets": {"2020-09-30": "1.96630", "2020-06-30": "0.92460", "2020-03-31": "0.50440", "2019-12-31": "1.44390", "2019-09-30": "1.54560", "2019-06-30": "0.35480", "2019-03-31": "1.58160", "2018-12-31": "0.81670", "2018-09-30": "1.73680", "2018-06-30": "1.10020", "2018-03-31": "0.58030", "2017-12-31": "1.78350", "2017-09-30": "1.35310", "2017-06-30": "1.11870", "2017-03-31": "0.87390", "2016-12-31": "1.66800", "2016-09-30": "1.34300", "2016-06-30": "0.31580", "2016-03-31": "0.39390", "2015-12-31": "-0.04590", "2015-09-30": "0.85130", "2015-06-30": "0.57850", "2015-03-31": "0.85310", "2014-12-31": "0.92490", "2014-09-30": "1.49760", "2014-06-30": "1.31690", "2014-03-31": "1.00660", "2013-12-31": "2.44170", "2013-09-30": "1.79090", "2013-06-30": "1.44040", "2013-03-31": "1.49100", "2012-12-31": "2.04980", "2012-09-30": "1.67610", "2012-06-30": "1.26960", "2012-03-31": "1.05320", "2011-12-31": "1.20880", "2011-09-30": "1.24550", "2011-06-30": "0.79930", "2011-03-31": "-0.37700", "2010-12-31": "0.55170", "2010-09-30": "1.54200", "2010-06-30": "0.84140", "2010-03-31": "0.59520", "2009-12-31": "1.07960", "2009-09-30": "1.75990", "2009-06-30": "0.93470", "2009-03-31": "0.60850", "2008-12-31": "1.30650", "2008-09-30": "1.45790", "2008-06-30": "1.07920", "2008-03-31": "0.63190", "2007-12-31": "0.65720", "2007-09-30": "1.43370", "2007-06-30": "1.29470", "2007-03-31": "1.85640", "2006-12-31": "-1.92680", "2006-09-30": "1.37100", "2006-06-30": "1.11710", "2006-03-31": "0.50360", "2005-12-31": "1.16310", "2005-09-30": "0.83420", "2005-06-30": "0.22750", "2005-03-31": "-0.35490"}, "ROI - Return On Investment": {"2020-09-30": "3.05520", "2020-06-30": "1.42910", "2020-03-31": "0.77080", "2019-12-31": "2.25030", "2019-09-30": "2.39560", "2019-06-30": "0.53760", "2019-03-31": "2.38730", "2018-12-31": "1.24390", "2018-09-30": "2.61450", "2018-06-30": "1.64760", "2018-03-31": "0.85240", "2017-12-31": "2.58770", "2017-09-30": "2.00090", "2017-06-30": "1.61180", "2017-03-31": "1.26870", "2016-12-31": "2.41610", "2016-09-30": "1.95660", "2016-06-30": "0.46410", "2016-03-31": "0.58310", "2015-12-31": "-0.06720", "2015-09-30": "1.28780", "2015-06-30": "0.80160", "2015-03-31": "1.18380", "2014-12-31": "1.25790", "2014-09-30": "2.04050", "2014-06-30": "1.76640", "2014-03-31": "1.35720", "2013-12-31": "3.33430", "2013-09-30": "2.44540", "2013-06-30": "1.92200", "2013-03-31": "2.00630", "2012-12-31": "2.79360", "2012-09-30": "2.32100", "2012-06-30": "1.73430", "2012-03-31": "1.44310", "2011-12-31": "1.67600", "2011-09-30": "1.68330", "2011-06-30": "1.03880", "2011-03-31": "-0.48530", "2010-12-31": "0.71140", "2010-09-30": "1.96720", "2010-06-30": "1.05230", "2010-03-31": "0.73800", "2009-12-31": "1.37300", "2009-09-30": "2.16860", "2009-06-30": "1.17720", "2009-03-31": "0.76330", "2008-12-31": "1.65760", "2008-09-30": "2.09150", "2008-06-30": "1.55550", "2008-03-31": "0.91220", "2007-12-31": "0.95600", "2007-09-30": "1.84230", "2007-06-30": "1.78180", "2007-03-31": "2.59560", "2006-12-31": "-2.76370", "2006-09-30": "1.90220", "2006-06-30": "1.49360", "2006-03-31": "0.67710", "2005-12-31": "1.56730", "2005-09-30": "1.12920", "2005-06-30": "0.29750", "2005-03-31": "-0.46040"}, "Book Value Per Share": {"2020-09-30": "29.93000", "2020-06-30": "28.45070", "2020-03-31": "27.57200", "2019-12-31": "28.48310", "2019-09-30": "27.46970", "2019-06-30": "26.55540", "2019-03-31": "26.21120", "2018-12-31": "25.46400", "2018-09-30": "25.71430", "2018-06-30": "24.69320", "2018-03-31": "24.29920", "2017-12-31": "24.67450", "2017-09-30": "24.03610", "2017-06-30": "23.01560", "2017-03-31": "22.34660", "2016-12-31": "22.10420", "2016-09-30": "21.67440", "2016-06-30": "21.20320", "2016-03-31": "19.77830", "2015-12-31": "19.32510", "2015-09-30": "19.61580", "2015-06-30": "20.43550", "2015-03-31": "20.35090", "2014-12-31": "20.74550", "2014-09-30": "21.12670", "2014-06-30": "20.73780", "2014-03-31": "20.22340", "2013-12-31": "19.59560", "2013-09-30": "19.14220", "2013-06-30": "18.55960", "2013-03-31": "18.29070", "2012-12-31": "17.68600", "2012-09-30": "17.53960", "2012-06-30": "16.95010", "2012-03-31": "16.65020", "2011-12-31": "16.12380", "2011-09-30": "16.06130", "2011-06-30": "15.93310", "2011-03-31": "15.86780", "2010-12-31": "15.61870", "2010-09-30": "15.34920", "2010-06-30": "15.01040", "2010-03-31": "14.87780", "2009-12-31": "14.80940", "2009-09-30": "14.25640", "2009-06-30": "13.78350", "2009-03-31": "13.62140", "2008-12-31": "13.57550", "2008-09-30": "13.51000", "2008-06-30": "13.17090", "2008-03-31": "12.87070", "2007-12-31": "12.77740", "2007-09-30": "12.54060", "2007-06-30": "6.74530", "2007-03-31": "6.48940", "2006-12-31": "6.14650", "2006-09-30": "6.39990", "2006-06-30": "6.20430", "2006-03-31": "6.02130", "2005-12-31": "5.95560", "2005-09-30": "5.77700", "2005-06-30": "5.64420", "2005-03-31": "5.60820"}, "Operating Cash Flow Per Share": {"2020-09-30": 0.7662, "2020-06-30": 3.5015, "2020-03-31": "1.55020", "2019-12-31": 4.2489, "2019-09-30": 0.6201, "2019-06-30": -0.735, "2019-03-31": "-0.56500", "2018-12-31": 0.8844, "2018-09-30": 0.2614, "2018-06-30": 1.0156, "2018-03-31": "0.16500", "2017-12-31": 1.2651, "2017-09-30": 1.0941, "2017-06-30": 0.0311, "2017-03-31": "-0.02390", "2016-12-31": 1.1613, "2016-09-30": -0.4295, "2016-06-30": 0.4884, "2016-03-31": "1.26410", "2015-12-31": 1.1334, "2015-09-30": 0.7473, "2015-06-30": 0.5076, "2015-03-31": "0.83360", "2014-12-31": 1.1598, "2014-09-30": 0.2292, "2014-06-30": 0.015, "2014-03-31": "-0.27630", "2013-12-31": 0.5833, "2013-09-30": 0.3851, "2013-06-30": 0.5486, "2013-03-31": "0.20670", "2012-12-31": 0.8232, "2012-09-30": -0.1996, "2012-06-30": 0.5076, "2012-03-31": "-0.34730", "2011-12-31": 0.5172, "2011-09-30": 0.1985, "2011-06-30": 0.2613, "2011-03-31": "-0.01960", "2010-12-31": 1.1283, "2010-09-30": -0.2592, "2010-06-30": 0.1409, "2010-03-31": "0.01720", "2009-12-31": 0.5147, "2009-09-30": 0.4974, "2009-06-30": 0.2977, "2009-03-31": "0.56240", "2008-12-31": 0.9853, "2008-09-30": 0.0768, "2008-06-30": 0.0805, "2008-03-31": "0.08850", "2007-12-31": 0.6708, "2007-09-30": 0.2033, "2007-06-30": 0.0552, "2007-03-31": "0.42810", "2006-12-31": 0.49, "2006-09-30": 0.3048, "2006-06-30": 0.3095, "2006-03-31": "-0.08070", "2005-12-31": 0.714, "2005-09-30": -0.0918, "2005-06-30": -0.002, "2005-03-31": "0.08650"}, "Free Cash Flow Per Share": {"2020-09-30": 0.4591, "2020-06-30": 3.2108, "2020-03-31": "1.11880", "2019-12-31": 3.9297, "2019-09-30": 0.2048, "2019-06-30": -1.1691, "2019-03-31": "-0.95950", "2018-12-31": 0.5148, "2018-09-30": -0.1895, "2018-06-30": 0.5259, "2018-03-31": "-0.22240", "2017-12-31": 0.8142, "2017-09-30": 0.7319, "2017-06-30": -0.2919, "2017-03-31": "-0.29600", "2016-12-31": 0.7709, "2016-09-30": -0.6212, "2016-06-30": 0.1204, "2016-03-31": "1.00250", "2015-12-31": 0.993, "2015-09-30": 0.4713, "2015-06-30": 0.2476, "2015-03-31": "0.56800", "2014-12-31": 0.9116, "2014-09-30": -0.0655, "2014-06-30": -0.187, "2014-03-31": "-0.59090", "2013-12-31": 0.5718, "2013-09-30": 0.1704, "2013-06-30": 0.0739, "2013-03-31": "-0.05600", "2012-12-31": 0.5522, "2012-09-30": -0.5267, "2012-06-30": 0.3274, "2012-03-31": "-0.49500", "2011-12-31": 0.3843, "2011-09-30": 0.0087, "2011-06-30": 0.0256, "2011-03-31": "-0.17970", "2010-12-31": 1.0028, "2010-09-30": -0.3753, "2010-06-30": 0.0213, "2010-03-31": "-0.18660", "2009-12-31": 0.3058, "2009-09-30": 0.3458, "2009-06-30": 0.0832, "2009-03-31": "0.36290", "2008-12-31": 0.8753, "2008-09-30": -0.1491, "2008-06-30": -0.1505, "2008-03-31": "-0.20880", "2007-12-31": 0.3247, "2007-09-30": 0.1796, "2007-06-30": -0.0328, "2007-03-31": "0.26410", "2006-12-31": 0.3609, "2006-09-30": 0.2813, "2006-06-30": 0.2379, "2006-03-31": "-0.18300", "2005-12-31": 0.6947, "2005-09-30": -0.1066, "2005-06-30": -0.1286, "2005-03-31": "-0.01470"}}, "revenue": {"Quanta Services Annual Revenue (Millions of US $)": {"2019": "$12,112", "2018": "$11,171", "2017": "$9,466", "2016": "$7,651", "2015": "$7,572", "2014": "$7,747", "2013": "$6,412", "2012": "$5,920", "2011": "$4,194", "2010": "$3,629", "2009": "$3,318", "2008": "$3,780", "2007": "$2,656", "2006": "$2,110", "2005": "$1,842"}, "Quanta Services Quarterly Revenue (Millions of US $)": {"2020-09-30": "$3,020", "2020-06-30": "$2,506", "2020-03-31": "$2,764", "2019-12-31": "$3,113", "2019-09-30": "$3,353", "2019-06-30": "$2,839", "2019-03-31": "$2,807", "2018-12-31": "$3,112", "2018-09-30": "$2,985", "2018-06-30": "$2,656", "2018-03-31": "$2,418", "2017-12-31": "$2,479", "2017-09-30": "$2,609", "2017-06-30": "$2,200", "2017-03-31": "$2,178", "2016-12-31": "$2,103", "2016-09-30": "$2,042", "2016-06-30": "$1,792", "2016-03-31": "$1,714", "2015-12-31": "$1,899", "2015-09-30": "$1,939", "2015-06-30": "$1,872", "2015-03-31": "$1,861", "2014-12-31": "$2,000", "2014-09-30": "$2,146", "2014-06-30": "$1,838", "2014-03-31": "$1,763", "2013-12-31": "$1,706", "2013-09-30": "$1,645", "2013-06-30": "$1,474", "2013-03-31": "$1,586", "2012-12-31": "$1,673", "2012-09-30": "$1,532", "2012-06-30": "$1,386", "2012-03-31": "$1,329", "2011-12-31": "$1,083", "2011-09-30": "$1,251", "2011-06-30": "$1,011", "2011-03-31": "$849", "2010-12-31": "$805", "2010-09-30": "$1,206", "2010-06-30": "$871", "2010-03-31": "$748", "2009-12-31": "$985", "2009-09-30": "$781", "2009-06-30": "$813", "2009-03-31": "$739", "2008-12-31": "$922", "2008-09-30": "$1,053", "2008-06-30": "$961", "2008-03-31": "$844", "2007-12-31": "$879", "2007-09-30": "$656", "2007-06-30": "$552", "2007-03-31": "$569", "2006-12-31": "$575", "2006-09-30": "$524", "2006-06-30": "$514", "2006-03-31": "$496", "2005-12-31": "$507", "2005-09-30": "$523", "2005-06-30": "$439", "2005-03-31": "$373"}}, "gross-profit": {"Quanta Services Annual Gross Profit (Millions of US $)": {"2019": "$1,600", "2018": "$1,480", "2017": "$1,242", "2016": "$1,014", "2015": "$924", "2014": "$1,169", "2013": "$987", "2012": "$938", "2011": "$562", "2010": "$590", "2009": "$593", "2008": "$635", "2007": "$429", "2006": "$313", "2005": "$255"}, "Quanta Services Quarterly Gross Profit (Millions of US $)": {"2020-09-30": "$508", "2020-06-30": "$355", "2020-03-31": "$332", "2019-12-31": "$443", "2019-09-30": "$473", "2019-06-30": "$320", "2019-03-31": "$364", "2018-12-31": "$420", "2018-09-30": "$426", "2018-06-30": "$333", "2018-03-31": "$301", "2017-12-31": "$323", "2017-09-30": "$351", "2017-06-30": "$302", "2017-03-31": "$266", "2016-12-31": "$308", "2016-09-30": "$303", "2016-06-30": "$200", "2016-03-31": "$203", "2015-12-31": "$223", "2015-09-30": "$235", "2015-06-30": "$228", "2015-03-31": "$238", "2014-12-31": "$296", "2014-09-30": "$337", "2014-06-30": "$264", "2014-03-31": "$272", "2013-12-31": "$234", "2013-09-30": "$273", "2013-06-30": "$241", "2013-03-31": "$238", "2012-12-31": "$287", "2012-09-30": "$252", "2012-06-30": "$213", "2012-03-31": "$186", "2011-12-31": "$142", "2011-09-30": "$195", "2011-06-30": "$154", "2011-03-31": "$71", "2010-12-31": "$114", "2010-09-30": "$190", "2010-06-30": "$156", "2010-03-31": "$129", "2009-12-31": "$191", "2009-09-30": "$148", "2009-06-30": "$138", "2009-03-31": "$117", "2008-12-31": "$167", "2008-09-30": "$186", "2008-06-30": "$159", "2008-03-31": "$124", "2007-12-31": "$151", "2007-09-30": "$115", "2007-06-30": "$85", "2007-03-31": "$78", "2006-12-31": "$90", "2006-09-30": "$83", "2006-06-30": "$80", "2006-03-31": "$59", "2005-12-31": "$85", "2005-09-30": "$80", "2005-06-30": "$54", "2005-03-31": "$36"}}, "operating-income": {"Quanta Services Annual Operating Income (Millions of US $)": {"2019": "$555", "2018": "$540", "2017": "$379", "2016": "$321", "2015": "$238", "2014": "$429", "2013": "$476", "2012": "$465", "2011": "$195", "2010": "$244", "2009": "$242", "2008": "$289", "2007": "$169", "2006": "$74", "2005": "$68"}, "Quanta Services Quarterly Operating Income (Millions of US $)": {"2020-09-30": "$242", "2020-06-30": "$113", "2020-03-31": "$81", "2019-12-31": "$147", "2019-09-30": "$209", "2019-06-30": "$79", "2019-03-31": "$119", "2018-12-31": "$149", "2018-09-30": "$193", "2018-06-30": "$123", "2018-03-31": "$75", "2017-12-31": "$54", "2017-09-30": "$140", "2017-06-30": "$110", "2017-03-31": "$75", "2016-12-31": "$118", "2016-09-30": "$130", "2016-06-30": "$35", "2016-03-31": "$37", "2015-12-31": "$4", "2015-09-30": "$81", "2015-06-30": "$69", "2015-03-31": "$84", "2014-12-31": "$86", "2014-09-30": "$131", "2014-06-30": "$121", "2014-03-31": "$90", "2013-12-31": "$98", "2013-09-30": "$141", "2013-06-30": "$117", "2013-03-31": "$119", "2012-12-31": "$161", "2012-09-30": "$127", "2012-06-30": "$98", "2012-03-31": "$79", "2011-12-31": "$70", "2011-09-30": "$94", "2011-06-30": "$58", "2011-03-31": "$-27", "2010-12-31": "$42", "2010-09-30": "$95", "2010-06-30": "$65", "2010-03-31": "$42", "2009-12-31": "$72", "2009-09-30": "$71", "2009-06-30": "$60", "2009-03-31": "$39", "2008-12-31": "$78", "2008-09-30": "$96", "2008-06-30": "$73", "2008-03-31": "$43", "2007-12-31": "$54", "2007-09-30": "$50", "2007-06-30": "$38", "2007-03-31": "$28", "2006-12-31": "$-15", "2006-09-30": "$38", "2006-06-30": "$34", "2006-03-31": "$17", "2005-12-31": "$34", "2005-09-30": "$31", "2005-06-30": "$10", "2005-03-31": "$-6"}}, "ebitda": {"Quanta Services Annual EBITDA (Millions of US $)": {"2019": "$837", "2018": "$788", "2017": "$596", "2016": "$524", "2015": "$436", "2014": "$606", "2013": "$622", "2012": "$614", "2011": "$323", "2010": "$371", "2009": "$355", "2008": "$395", "2007": "$243", "2006": "$187", "2005": "$127"}, "Quanta Services Quarterly EBITDA (Millions of US $)": {"2020-09-30": "$321", "2020-06-30": "$186", "2020-03-31": "$154", "2019-12-31": "$226", "2019-09-30": "$281", "2019-06-30": "$145", "2019-03-31": "$185", "2018-12-31": "$215", "2018-09-30": "$255", "2018-06-30": "$184", "2018-03-31": "$135", "2017-12-31": "$112", "2017-09-30": "$198", "2017-06-30": "$161", "2017-03-31": "$125", "2016-12-31": "$170", "2016-09-30": "$181", "2016-06-30": "$87", "2016-03-31": "$86", "2015-12-31": "$55", "2015-09-30": "$131", "2015-06-30": "$119", "2015-03-31": "$132", "2014-12-31": "$134", "2014-09-30": "$177", "2014-06-30": "$161", "2014-03-31": "$133", "2013-12-31": "$136", "2013-09-30": "$180", "2013-06-30": "$152", "2013-03-31": "$154", "2012-12-31": "$199", "2012-09-30": "$166", "2012-06-30": "$135", "2012-03-31": "$115", "2011-12-31": "$99", "2011-09-30": "$129", "2011-06-30": "$91", "2011-03-31": "$5", "2010-12-31": "$70", "2010-09-30": "$132", "2010-06-30": "$96", "2010-03-31": "$74", "2009-12-31": "$119", "2009-09-30": "$94", "2009-06-30": "$81", "2009-03-31": "$61", "2008-12-31": "$102", "2008-09-30": "$123", "2008-06-30": "$100", "2008-03-31": "$71", "2007-12-31": "$81", "2007-09-30": "$69", "2007-06-30": "$51", "2007-03-31": "$42", "2006-12-31": "$55", "2006-09-30": "$51", "2006-06-30": "$51", "2006-03-31": "$31", "2005-12-31": "$48", "2005-09-30": "$46", "2005-06-30": "$26", "2005-03-31": "$8"}}, "net-income": {"Quanta Services Annual Net Income (Millions of US $)": {"2019": "$402", "2018": "$293", "2017": "$315", "2016": "$198", "2015": "$311", "2014": "$297", "2013": "$402", "2012": "$307", "2011": "$133", "2010": "$153", "2009": "$162", "2008": "$158", "2007": "$125", "2006": "$17", "2005": "$30"}, "Quanta Services Quarterly Net Income (Millions of US $)": {"2020-09-30": "$163", "2020-06-30": "$74", "2020-03-31": "$39", "2019-12-31": "$118", "2019-09-30": "$136", "2019-06-30": "$27", "2019-03-31": "$120", "2018-12-31": "$57", "2018-09-30": "$125", "2018-06-30": "$74", "2018-03-31": "$38", "2017-12-31": "$114", "2017-09-30": "$89", "2017-06-30": "$64", "2017-03-31": "$48", "2016-12-31": "$88", "2016-09-30": "$74", "2016-06-30": "$17", "2016-03-31": "$20", "2015-12-31": "$-5", "2015-09-30": "$216", "2015-06-30": "$46", "2015-03-31": "$53", "2014-12-31": "$67", "2014-09-30": "$95", "2014-06-30": "$81", "2014-03-31": "$54", "2013-12-31": "$167", "2013-09-30": "$93", "2013-06-30": "$70", "2013-03-31": "$72", "2012-12-31": "$99", "2012-09-30": "$96", "2012-06-30": "$66", "2012-03-31": "$46", "2011-12-31": "$66", "2011-09-30": "$52", "2011-06-30": "$32", "2011-03-31": "$-18", "2010-12-31": "$34", "2010-09-30": "$63", "2010-06-30": "$33", "2010-03-31": "$24", "2009-12-31": "$44", "2009-09-30": "$63", "2009-06-30": "$33", "2009-03-31": "$21", "2008-12-31": "$46", "2008-09-30": "$52", "2008-06-30": "$38", "2008-03-31": "$21", "2007-12-31": "$22", "2007-09-30": "$49", "2007-06-30": "$22", "2007-03-31": "$31", "2006-12-31": "$-30", "2006-09-30": "$22", "2006-06-30": "$18", "2006-03-31": "$8", "2005-12-31": "$18", "2005-09-30": "$13", "2005-06-30": "$3", "2005-03-31": "$-5"}}, "eps-earnings-per-share-diluted": {"Quanta Services Annual EPS": {"2019": "$2.73", "2018": "$1.90", "2017": "$2.00", "2016": "$1.26", "2015": "$1.59", "2014": "$1.35", "2013": "$1.87", "2012": "$1.44", "2011": "$0.62", "2010": "$0.72", "2009": "$0.81", "2008": "$0.87", "2007": "$0.88", "2006": "$0.15", "2005": "$0.25"}, "Quanta Services Quarterly EPS": {"2020-09-30": "$1.13", "2020-06-30": "$0.52", "2020-03-31": "$0.26", "2019-12-31": "$0.80", "2019-09-30": "$0.92", "2019-06-30": "$0.19", "2019-03-31": "$0.82", "2018-12-31": "$0.37", "2018-09-30": "$0.81", "2018-06-30": "$0.48", "2018-03-31": "$0.24", "2017-12-31": "$0.72", "2017-09-30": "$0.56", "2017-06-30": "$0.41", "2017-03-31": "$0.31", "2016-12-31": "$0.54", "2016-09-30": "$0.48", "2016-06-30": "$0.11", "2016-03-31": "$0.13", "2015-12-31": "$-0.03", "2015-09-30": "$1.15", "2015-06-30": "$0.22", "2015-03-31": "$0.25", "2014-12-31": "$0.30", "2014-09-30": "$0.43", "2014-06-30": "$0.37", "2014-03-31": "$0.25", "2013-12-31": "$0.77", "2013-09-30": "$0.43", "2013-06-30": "$0.33", "2013-03-31": "$0.34", "2012-12-31": "$0.46", "2012-09-30": "$0.45", "2012-06-30": "$0.31", "2012-03-31": "$0.22", "2011-12-31": "$0.30", "2011-09-30": "$0.25", "2011-06-30": "$0.15", "2011-03-31": "$-0.08", "2010-12-31": "$0.15", "2010-09-30": "$0.30", "2010-06-30": "$0.16", "2010-03-31": "$0.11", "2009-12-31": "$0.21", "2009-09-30": "$0.32", "2009-06-30": "$0.17", "2009-03-31": "$0.11", "2008-12-31": "$0.25", "2008-09-30": "$0.28", "2008-06-30": "$0.21", "2008-03-31": "$0.13", "2007-12-31": "$0.17", "2007-09-30": "$0.31", "2007-06-30": "$0.17", "2007-03-31": "$0.23", "2006-12-31": "$-0.23", "2006-09-30": "$0.17", "2006-06-30": "$0.14", "2006-03-31": "$0.07", "2005-12-31": "$0.15", "2005-09-30": "$0.11", "2005-06-30": "$0.03", "2005-03-31": "$-0.04"}}, "shares-outstanding": {"Quanta Services Annual Shares Outstanding (Millions of Shares)": {"2019": "148", "2018": "154", "2017": "157", "2016": "157", "2015": "195", "2014": "220", "2013": "215", "2012": "213", "2011": "213", "2010": "212", "2009": "201", "2008": "197", "2007": "162", "2006": "118", "2005": "117"}, "Quanta Services Quarterly Shares Outstanding (Millions of Shares)": {"2020-09-30": "144", "2020-06-30": "144", "2020-03-31": "147", "2019-12-31": "148", "2019-09-30": "147", "2019-06-30": "147", "2019-03-31": "146", "2018-12-31": "154", "2018-09-30": "154", "2018-06-30": "155", "2018-03-31": "158", "2017-12-31": "157", "2017-09-30": "159", "2017-06-30": "156", "2017-03-31": "155", "2016-12-31": "157", "2016-09-30": "155", "2016-06-30": "156", "2016-03-31": "163", "2015-12-31": "195", "2015-09-30": "189", "2015-06-30": "213", "2015-03-31": "215", "2014-12-31": "220", "2014-09-30": "220", "2014-06-30": "220", "2014-03-31": "219", "2013-12-31": "215", "2013-09-30": "215", "2013-06-30": "214", "2013-03-31": "214", "2012-12-31": "213", "2012-09-30": "213", "2012-06-30": "213", "2012-03-31": "212", "2011-12-31": "213", "2011-09-30": "211", "2011-06-30": "215", "2011-03-31": "214", "2010-12-31": "212", "2010-09-30": "211", "2010-06-30": "211", "2010-03-31": "210", "2009-12-31": "201", "2009-09-30": "205", "2009-06-30": "198", "2009-03-31": "198", "2008-12-31": "197", "2008-09-30": "204", "2008-06-30": "197", "2008-03-31": "172", "2007-12-31": "162", "2007-09-30": "168", "2007-06-30": "150", "2007-03-31": "150", "2006-12-31": "118", "2006-09-30": "149", "2006-06-30": "142", "2006-03-31": "117", "2005-12-31": "117", "2005-09-30": "141", "2005-06-30": "116", "2005-03-31": "115"}}, "total-assets": {"Quanta Services Annual Total Assets (Millions of US $)": {"2019": "$8,332", "2018": "$7,076", "2017": "$6,480", "2016": "$5,354", "2015": "$5,214", "2014": "$6,254", "2013": "$5,793", "2012": "$5,141", "2011": "$4,699", "2010": "$4,341", "2009": "$4,117", "2008": "$3,558", "2007": "$3,388", "2006": "$1,639", "2005": "$1,555"}, "Quanta Services Quarterly Total Assets (Millions of US $)": {"2020-09-30": "$8,325", "2020-06-30": "$8,090", "2020-03-31": "$8,229", "2019-12-31": "$8,332", "2019-09-30": "$8,865", "2019-06-30": "$8,022", "2019-03-31": "$7,653", "2018-12-31": "$7,076", "2018-09-30": "$7,191", "2018-06-30": "$6,790", "2018-03-31": "$6,653", "2017-12-31": "$6,480", "2017-09-30": "$6,640", "2017-06-30": "$5,753", "2017-03-31": "$5,543", "2016-12-31": "$5,354", "2016-09-30": "$5,476", "2016-06-30": "$5,297", "2016-03-31": "$5,296", "2015-12-31": "$5,214", "2015-09-30": "$5,373", "2015-06-30": "$6,131", "2015-03-31": "$6,141", "2014-12-31": "$6,254", "2014-09-30": "$6,229", "2014-06-30": "$5,909", "2014-03-31": "$5,827", "2013-12-31": "$5,793", "2013-09-30": "$5,495", "2013-06-30": "$5,188", "2013-03-31": "$5,155", "2012-12-31": "$5,141", "2012-09-30": "$5,255", "2012-06-30": "$4,897", "2012-03-31": "$4,755", "2011-12-31": "$4,699", "2011-09-30": "$4,464", "2011-06-30": "$4,293", "2011-03-31": "$4,325", "2010-12-31": "$4,341", "2010-09-30": "$4,131", "2010-06-30": "$3,960", "2010-03-31": "$4,049", "2009-12-31": "$4,117", "2009-09-30": "$3,634", "2009-06-30": "$3,600", "2009-03-31": "$3,531", "2008-12-31": "$3,558", "2008-09-30": "$3,563", "2008-06-30": "$3,490", "2008-03-31": "$3,398", "2007-12-31": "$3,388", "2007-09-30": "$3,275", "2007-06-30": "$1,682", "2007-03-31": "$1,663", "2006-12-31": "$1,639", "2006-09-30": "$1,626", "2006-06-30": "$1,581", "2006-03-31": "$1,560", "2005-12-31": "$1,555", "2005-09-30": "$1,544", "2005-06-30": "$1,469", "2005-03-31": "$1,445"}}, "cash-on-hand": {"Quanta Services Annual Cash on Hand (Millions of US $)": {"2019": "$165", "2018": "$79", "2017": "$138", "2016": "$112", "2015": "$129", "2014": "$191", "2013": "$489", "2012": "$395", "2011": "$315", "2010": "$539", "2009": "$700", "2008": "$438", "2007": "$407", "2006": "$384", "2005": "$304"}, "Quanta Services Quarterly Cash on Hand (Millions of US $)": {"2020-09-30": "$217", "2020-06-30": "$531", "2020-03-31": "$377", "2019-12-31": "$165", "2019-09-30": "$80", "2019-06-30": "$73", "2019-03-31": "$85", "2018-12-31": "$79", "2018-09-30": "$114", "2018-06-30": "$120", "2018-03-31": "$102", "2017-12-31": "$138", "2017-09-30": "$92", "2017-06-30": "$100", "2017-03-31": "$107", "2016-12-31": "$112", "2016-09-30": "$117", "2016-06-30": "$162", "2016-03-31": "$155", "2015-12-31": "$129", "2015-09-30": "$49", "2015-06-30": "$65", "2015-03-31": "$136", "2014-12-31": "$191", "2014-09-30": "$144", "2014-06-30": "$189", "2014-03-31": "$273", "2013-12-31": "$489", "2013-09-30": "$309", "2013-06-30": "$363", "2013-03-31": "$367", "2012-12-31": "$395", "2012-09-30": "$128", "2012-06-30": "$173", "2012-03-31": "$177", "2011-12-31": "$315", "2011-09-30": "$258", "2011-06-30": "$380", "2011-03-31": "$503", "2010-12-31": "$539", "2010-09-30": "$441", "2010-06-30": "$520", "2010-03-31": "$660", "2009-12-31": "$700", "2009-09-30": "$584", "2009-06-30": "$524", "2009-03-31": "$509", "2008-12-31": "$438", "2008-09-30": "$266", "2008-06-30": "$305", "2008-03-31": "$372", "2007-12-31": "$407", "2007-09-30": "$371", "2007-06-30": "$406", "2007-03-31": "$406", "2006-12-31": "$384", "2006-09-30": "$352", "2006-06-30": "$310", "2006-03-31": "$285", "2005-12-31": "$304", "2005-09-30": "$224", "2005-06-30": "$241", "2005-03-31": "$254"}}, "long-term-debt": {"Quanta Services Annual Long Term Debt (Millions of US $)": {"2019": "$1,292", "2018": "$1,041", "2017": "$671", "2016": "$354", "2015": "$475", "2014": "$72", "2013": "$1", "2012": "$", "2011": "$", "2010": "$", "2009": "$127", "2008": "$122", "2007": "$144", "2006": "$414", "2005": "$450"}, "Quanta Services Quarterly Long Term Debt (Millions of US $)": {"2020-09-30": "$1,202", "2020-06-30": "$1,316", "2020-03-31": "$1,589", "2019-12-31": "$1,292", "2019-09-30": "$1,810", "2019-06-30": "$1,517", "2019-03-31": "$1,345", "2018-12-31": "$1,041", "2018-09-30": "$953", "2018-06-30": "$841", "2018-03-31": "$883", "2017-12-31": "$671", "2017-09-30": "$760", "2017-06-30": "$484", "2017-03-31": "$419", "2016-12-31": "$354", "2016-09-30": "$482", "2016-06-30": "$401", "2016-03-31": "$404", "2015-12-31": "$475", "2015-09-30": "$348", "2015-06-30": "$214", "2015-03-31": "$115", "2014-12-31": "$72", "2014-09-30": "$83", "2014-06-30": "$4", "2014-03-31": "$5", "2013-12-31": "$1", "2013-09-30": "", "2013-06-30": "", "2013-03-31": "", "2012-12-31": "", "2012-09-30": "$125", "2012-06-30": "$39", "2012-03-31": "", "2011-12-31": "", "2011-09-30": "", "2011-06-30": "", "2011-03-31": "", "2010-12-31": "", "2010-09-30": "", "2010-06-30": "", "2010-03-31": "$128", "2009-12-31": "$127", "2009-09-30": "$125", "2009-06-30": "$124", "2009-03-31": "$123", "2008-12-31": "$122", "2008-09-30": "$144", "2008-06-30": "$144", "2008-03-31": "$144", "2007-12-31": "$144", "2007-09-30": "$414", "2007-06-30": "$414", "2007-03-31": "$414", "2006-12-31": "$414", "2006-09-30": "$414", "2006-06-30": "$447", "2006-03-31": "$447", "2005-12-31": "$450", "2005-09-30": "$459", "2005-06-30": "$459", "2005-03-31": "$454"}}, "total-liabilities": {"Quanta Services Annual Total Liabilities (Millions of US $)": {"2019": "$4,278", "2018": "$3,470", "2017": "$2,685", "2016": "$2,011", "2015": "$2,126", "2014": "$1,728", "2013": "$1,552", "2012": "$1,369", "2011": "$1,310", "2010": "$974", "2009": "$1,006", "2008": "$876", "2007": "$1,203", "2006": "$910", "2005": "$851"}, "Quanta Services Quarterly Total Liabilities (Millions of US $)": {"2020-09-30": "$4,170", "2020-06-30": "$4,172", "2020-03-31": "$4,434", "2019-12-31": "$4,278", "2019-09-30": "$4,956", "2019-06-30": "$4,246", "2019-03-31": "$3,927", "2018-12-31": "$3,470", "2018-09-30": "$3,367", "2018-06-30": "$3,097", "2018-03-31": "$3,006", "2017-12-31": "$2,685", "2017-09-30": "$2,910", "2017-06-30": "$2,244", "2017-03-31": "$2,144", "2016-12-31": "$2,011", "2016-09-30": "$2,200", "2016-06-30": "$2,094", "2016-03-31": "$2,122", "2015-12-31": "$2,126", "2015-09-30": "$2,170", "2015-06-30": "$1,921", "2015-03-31": "$1,830", "2014-12-31": "$1,728", "2014-09-30": "$1,741", "2014-06-30": "$1,508", "2014-03-31": "$1,510", "2013-12-31": "$1,552", "2013-09-30": "$1,471", "2013-06-30": "$1,300", "2013-03-31": "$1,324", "2012-12-31": "$1,369", "2012-09-30": "$1,585", "2012-06-30": "$1,351", "2012-03-31": "$1,285", "2011-12-31": "$1,310", "2011-09-30": "$1,161", "2011-06-30": "$990", "2011-03-31": "$965", "2010-12-31": "$974", "2010-09-30": "$893", "2010-06-30": "$794", "2010-03-31": "$911", "2009-12-31": "$1,006", "2009-09-30": "$810", "2009-06-30": "$866", "2009-03-31": "$839", "2008-12-31": "$876", "2008-09-30": "$1,223", "2008-06-30": "$1,213", "2008-03-31": "$1,188", "2007-12-31": "$1,203", "2007-09-30": "$1,140", "2007-06-30": "$874", "2007-03-31": "$887", "2006-12-31": "$910", "2006-09-30": "$868", "2006-06-30": "$846", "2006-03-31": "$847", "2005-12-31": "$851", "2005-09-30": "$862", "2005-06-30": "$805", "2005-03-31": "$785"}}, "total-share-holder-equity": {"Quanta Services Annual Share Holder Equity (Millions of US $)": {"2019": "$4,054", "2018": "$3,605", "2017": "$3,796", "2016": "$3,343", "2015": "$3,088", "2014": "$4,526", "2013": "$4,241", "2012": "$3,772", "2011": "$3,389", "2010": "$3,367", "2009": "$3,111", "2008": "$2,682", "2007": "$2,185", "2006": "$729", "2005": "$704"}, "Quanta Services Quarterly Share Holder Equity (Millions of US $)": {"2020-09-30": "$4,156", "2020-06-30": "$3,918", "2020-03-31": "$3,795", "2019-12-31": "$4,054", "2019-09-30": "$3,909", "2019-06-30": "$3,776", "2019-03-31": "$3,725", "2018-12-31": "$3,605", "2018-09-30": "$3,824", "2018-06-30": "$3,693", "2018-03-31": "$3,647", "2017-12-31": "$3,796", "2017-09-30": "$3,730", "2017-06-30": "$3,509", "2017-03-31": "$3,399", "2016-12-31": "$3,343", "2016-09-30": "$3,277", "2016-06-30": "$3,203", "2016-03-31": "$3,173", "2015-12-31": "$3,088", "2015-09-30": "$3,204", "2015-06-30": "$4,210", "2015-03-31": "$4,311", "2014-12-31": "$4,526", "2014-09-30": "$4,489", "2014-06-30": "$4,401", "2014-03-31": "$4,317", "2013-12-31": "$4,241", "2013-09-30": "$4,024", "2013-06-30": "$3,888", "2013-03-31": "$3,831", "2012-12-31": "$3,772", "2012-09-30": "$3,670", "2012-06-30": "$3,546", "2012-03-31": "$3,471", "2011-12-31": "$3,389", "2011-09-30": "$3,303", "2011-06-30": "$3,303", "2011-03-31": "$3,360", "2010-12-31": "$3,367", "2010-09-30": "$3,238", "2010-06-30": "$3,167", "2010-03-31": "$3,138", "2009-12-31": "$3,111", "2009-09-30": "$2,824", "2009-06-30": "$2,733", "2009-03-31": "$2,692", "2008-12-31": "$2,682", "2008-09-30": "$2,339", "2008-06-30": "$2,278", "2008-03-31": "$2,210", "2007-12-31": "$2,185", "2007-09-30": "$2,135", "2007-06-30": "$809", "2007-03-31": "$775", "2006-12-31": "$729", "2006-09-30": "$759", "2006-06-30": "$735", "2006-03-31": "$713", "2005-12-31": "$704", "2005-09-30": "$682", "2005-06-30": "$664", "2005-03-31": "$660"}}, "profit-margins": {"current": "3.45%"}, "gross margin": {"2020-09-30": "14.36%", "2020-06-30": "13.66%", "2020-03-31": "12.99%", "2019-12-31": "13.21%", "2019-09-30": "13.02%", "2019-06-30": "13.03%", "2019-03-31": "13.35%", "2018-12-31": "13.25%", "2018-09-30": "13.12%", "2018-06-30": "12.87%", "2018-03-31": "13.16%", "2017-12-31": "13.12%", "2017-09-30": "13.50%", "2017-06-30": "13.83%", "2017-03-31": "13.27%", "2016-12-31": "13.25%", "2016-09-30": "12.47%", "2016-06-30": "11.72%", "2016-03-31": "11.97%", "2015-12-31": "12.20%", "2015-09-30": "13.00%", "2015-06-30": "13.95%", "2015-03-31": "14.47%", "2014-12-31": "15.09%", "2014-09-30": "14.85%", "2014-06-30": "15.00%", "2014-03-31": "15.48%", "2013-12-31": "15.38%", "2013-09-30": "16.29%", "2013-06-30": "16.25%", "2013-03-31": "16.03%", "2012-12-31": "15.84%", "2012-09-30": "14.88%", "2012-06-30": "14.58%", "2012-03-31": "14.48%", "2011-12-31": "13.40%", "2011-09-30": "13.64%", "2011-06-30": "13.67%", "2011-03-31": "14.23%", "2010-12-31": "16.23%", "2010-09-30": "17.48%", "2010-06-30": "18.43%", "2010-03-31": "18.21%", "2009-12-31": "17.90%", "2009-09-30": "17.51%", "2009-06-30": "17.24%", "2009-03-31": "17.12%", "2008-12-31": "16.83%", "2008-09-30": "16.59%", "2008-06-30": "16.44%", "2008-03-31": "16.21%", "2007-12-31": "16.15%", "2007-09-30": "15.65%", "2007-06-30": "15.14%", "2007-03-31": "15.17%", "2006-12-31": "14.79%", "2006-09-30": "15.04%", "2006-06-30": "14.90%", "2006-03-31": "14.15%", "2005-12-31": "13.84%"}, "operating margin": {"2020-09-30": "5.11%", "2020-06-30": "4.69%", "2020-03-31": "4.28%", "2019-12-31": "4.57%", "2019-09-30": "4.59%", "2019-06-30": "4.60%", "2019-03-31": "5.05%", "2018-12-31": "4.83%", "2018-09-30": "4.22%", "2018-06-30": "3.86%", "2018-03-31": "3.90%", "2017-12-31": "4.00%", "2017-09-30": "4.87%", "2017-06-30": "5.08%", "2017-03-31": "4.41%", "2016-12-31": "4.18%", "2016-09-30": "2.77%", "2016-06-30": "2.14%", "2016-03-31": "2.57%", "2015-12-31": "3.14%", "2015-09-30": "4.17%", "2015-06-30": "4.70%", "2015-03-31": "5.38%", "2014-12-31": "5.52%", "2014-09-30": "5.90%", "2014-06-30": "6.47%", "2014-03-31": "6.77%", "2013-12-31": "7.41%", "2013-09-30": "8.44%", "2013-06-30": "8.36%", "2013-03-31": "8.18%", "2012-12-31": "7.85%", "2012-09-30": "7.02%", "2012-06-30": "6.75%", "2012-03-31": "6.44%", "2011-12-31": "4.65%", "2011-09-30": "4.26%", "2011-06-30": "4.34%", "2011-03-31": "4.69%", "2010-12-31": "6.72%", "2010-09-30": "7.19%", "2010-06-30": "7.39%", "2010-03-31": "7.36%", "2009-12-31": "7.29%", "2009-09-30": "7.62%", "2009-06-30": "7.74%", "2009-03-31": "7.78%", "2008-12-31": "7.67%", "2008-09-30": "7.12%", "2008-06-30": "6.59%", "2008-03-31": "6.31%", "2007-12-31": "6.40%", "2007-09-30": "4.29%", "2007-06-30": "4.01%", "2007-03-31": "3.90%", "2006-12-31": "3.51%", "2006-09-30": "6.03%", "2006-06-30": "5.69%", "2006-03-31": "4.68%", "2005-12-31": "3.75%"}, "ebitda margin": {"2020-09-30": "7.78%", "2020-06-30": "7.22%", "2020-03-31": "6.68%", "2019-12-31": "6.91%", "2019-09-30": "6.82%", "2019-06-30": "6.81%", "2019-03-31": "7.26%", "2018-12-31": "7.06%", "2018-09-30": "6.51%", "2018-06-30": "6.19%", "2018-03-31": "6.24%", "2017-12-31": "6.30%", "2017-09-30": "7.19%", "2017-06-30": "7.47%", "2017-03-31": "6.94%", "2016-12-31": "6.85%", "2016-09-30": "5.49%", "2016-06-30": "4.89%", "2016-03-31": "5.27%", "2015-12-31": "5.77%", "2015-09-30": "6.73%", "2015-06-30": "7.13%", "2015-03-31": "7.70%", "2014-12-31": "7.81%", "2014-09-30": "8.14%", "2014-06-30": "8.77%", "2014-03-31": "9.12%", "2013-12-31": "9.70%", "2013-09-30": "10.74%", "2013-06-30": "10.71%", "2013-03-31": "10.59%", "2012-12-31": "10.39%", "2012-09-30": "9.66%", "2012-06-30": "9.47%", "2012-03-31": "9.29%", "2011-12-31": "7.73%", "2011-09-30": "7.53%", "2011-06-30": "7.70%", "2011-03-31": "8.12%", "2010-12-31": "10.25%", "2010-09-30": "11.05%", "2010-06-30": "11.31%", "2010-03-31": "11.06%", "2009-12-31": "10.70%", "2009-09-30": "10.38%", "2009-06-30": "10.41%", "2009-03-31": "10.50%", "2008-12-31": "10.48%", "2008-09-30": "10.03%", "2008-06-30": "9.61%", "2008-03-31": "9.28%", "2007-12-31": "9.15%", "2007-09-30": "9.23%", "2007-06-30": "8.96%", "2007-03-31": "9.12%", "2006-12-31": "8.91%", "2006-09-30": "8.87%", "2006-06-30": "8.63%", "2006-03-31": "7.68%", "2005-12-31": "6.95%"}, "pre tax profit margin": {"2020-09-30": "4.79%", "2020-06-30": "4.29%", "2020-03-31": "3.86%", "2019-12-31": "4.73%", "2019-09-30": "4.59%", "2019-06-30": "4.53%", "2019-03-31": "4.90%", "2018-12-31": "4.10%", "2018-09-30": "3.56%", "2018-06-30": "3.34%", "2018-03-31": "3.50%", "2017-12-31": "3.74%", "2017-09-30": "4.64%", "2017-06-30": "4.90%", "2017-03-31": "4.24%", "2016-12-31": "4.01%", "2016-09-30": "2.61%", "2016-06-30": "1.96%", "2016-03-31": "2.42%", "2015-12-31": "3.02%", "2015-09-30": "4.08%", "2015-06-30": "4.63%", "2015-03-31": "5.32%", "2014-12-31": "5.50%", "2014-09-30": "7.42%", "2014-06-30": "8.11%", "2014-03-31": "8.53%", "2013-12-31": "9.19%", "2013-09-30": "8.44%", "2013-06-30": "8.38%", "2013-03-31": "8.18%", "2012-12-31": "7.85%", "2012-09-30": "7.02%", "2012-06-30": "6.71%", "2012-03-31": "6.42%", "2011-12-31": "4.63%", "2011-09-30": "4.26%", "2011-06-30": "4.37%", "2011-03-31": "4.48%", "2010-12-31": "6.45%", "2010-09-30": "6.85%", "2010-06-30": "6.94%", "2010-03-31": "7.12%", "2009-12-31": "7.05%", "2009-09-30": "7.37%", "2009-06-30": "7.37%", "2009-03-31": "7.27%", "2008-12-31": "7.06%", "2008-09-30": "6.05%", "2008-06-30": "5.60%", "2008-03-31": "5.46%", "2007-12-31": "5.65%", "2007-09-30": "4.21%", "2007-06-30": "3.87%", "2007-03-31": "3.53%", "2006-12-31": "3.03%", "2006-09-30": "5.39%", "2006-06-30": "4.90%", "2006-03-31": "3.92%", "2005-12-31": "2.82%"}, "net profit margin": {"2020-09-30": "3.46%", "2020-06-30": "3.13%", "2020-03-31": "2.65%", "2019-12-31": "3.31%", "2019-09-30": "2.81%", "2019-06-30": "2.80%", "2019-03-31": "3.25%", "2018-12-31": "2.63%", "2018-09-30": "3.33%", "2018-06-30": "3.10%", "2018-03-31": "3.14%", "2017-12-31": "3.33%", "2017-09-30": "3.18%", "2017-06-30": "3.21%", "2017-03-31": "2.80%", "2016-12-31": "2.60%", "2016-09-30": "1.42%", "2016-06-30": "3.38%", "2016-03-31": "3.73%", "2015-12-31": "4.09%", "2015-09-30": "4.98%", "2015-06-30": "3.31%", "2015-03-31": "3.77%", "2014-12-31": "3.83%", "2014-09-30": "5.33%", "2014-06-30": "5.68%", "2014-03-31": "5.83%", "2013-12-31": "6.27%", "2013-09-30": "5.24%", "2013-06-30": "5.38%", "2013-03-31": "5.39%", "2012-12-31": "5.19%", "2012-09-30": "5.14%", "2012-06-30": "4.56%", "2012-03-31": "4.19%", "2011-12-31": "3.15%", "2011-09-30": "2.55%", "2011-06-30": "2.87%", "2011-03-31": "3.00%", "2010-12-31": "4.24%", "2010-09-30": "4.30%", "2010-06-30": "4.84%", "2010-03-31": "4.93%", "2009-12-31": "4.85%", "2009-09-30": "5.01%", "2009-06-30": "4.31%", "2009-03-31": "4.27%", "2008-12-31": "4.15%", "2008-09-30": "3.56%", "2008-06-30": "3.89%", "2008-03-31": "3.89%", "2007-12-31": "4.67%", "2007-09-30": "3.06%", "2007-06-30": "2.03%", "2007-03-31": "1.88%", "2006-12-31": "0.85%", "2006-09-30": "3.23%", "2006-06-30": "2.79%", "2006-03-31": "2.14%", "2005-12-31": "1.57%"}, "pe ratio": {"current": "23.88", "2021-02-05": "28.03", "2020-09-30": "19.49", "2020-06-30": "15.66", "2020-03-31": "14.55", "2019-12-31": "14.84", "2019-09-30": "16.27", "2019-06-30": "17.24", "2019-03-31": "15.02", "2018-12-31": "15.62", "2018-09-30": "14.70", "2018-06-30": "16.55", "2018-03-31": "17.64", "2017-12-31": "19.38", "2017-09-30": "20.02", "2017-06-30": "18.43", "2017-03-31": "25.02", "2016-12-31": "26.77", "2016-09-30": "40.20", "2016-06-30": "16.85", "2016-03-31": "15.21", "2015-12-31": "12.62", "2015-09-30": "12.50", "2015-06-30": "23.80", "2015-03-31": "20.94", "2014-12-31": "20.84", "2014-09-30": "19.76", "2014-06-30": "18.83", "2014-03-31": "20.54", "2013-12-31": "16.73", "2013-09-30": "17.48", "2013-06-30": "16.60", "2013-03-31": "18.16", "2012-12-31": "18.78", "2012-09-30": "18.83", "2012-06-30": "21.68", "2012-03-31": "22.03", "2011-12-31": "33.35", "2011-09-30": "38.79", "2011-06-30": "37.77", "2011-03-31": "41.16", "2010-12-31": "27.04", "2010-09-30": "24.24", "2010-06-30": "25.58", "2010-03-31": "23.44", "2009-12-31": "25.50", "2009-09-30": "26.11", "2009-06-30": "29.01", "2009-03-31": "25.31", "2008-12-31": "23.08", "2008-09-30": "33.88", "2008-06-30": "39.72", "2008-03-31": "29.44", "2007-12-31": "29.22", "2007-09-30": "58.25", "2007-06-30": "98.05", "2007-03-31": "89.26", "2006-12-31": "162.44"}, "price sales": {"2021-02-05": "0.97", "2020-09-30": "0.67", "2020-06-30": "0.49", "2020-03-31": "0.39", "2019-12-31": "0.49", "2019-09-30": "0.46", "2019-06-30": "0.49", "2019-03-31": "0.49", "2018-12-31": "0.41", "2018-09-30": "0.49", "2018-06-30": "0.51", "2018-03-31": "0.55", "2017-12-31": "0.64", "2017-09-30": "0.64", "2017-06-30": "0.60", "2017-03-31": "0.71", "2016-12-31": "0.71", "2016-09-30": "0.62", "2016-06-30": "0.55", "2016-03-31": "0.57", "2015-12-31": "0.54", "2015-09-30": "0.65", "2015-06-30": "0.79", "2015-03-31": "0.79", "2014-12-31": "0.80", "2014-09-30": "1.05", "2014-06-30": "1.07", "2014-03-31": "1.20", "2013-12-31": "1.05", "2013-09-30": "0.91", "2013-06-30": "0.89", "2013-03-31": "0.98", "2012-12-31": "0.97", "2012-09-30": "0.98", "2012-06-30": "1.00", "2012-03-31": "0.94", "2011-12-31": "1.08", "2011-09-30": "1.01", "2011-06-30": "1.10", "2011-03-31": "1.26", "2010-12-31": "1.15", "2010-09-30": "1.03", "2010-06-30": "1.25", "2010-03-31": "1.16", "2009-12-31": "1.25", "2009-09-30": "1.34", "2009-06-30": "1.30", "2009-03-31": "1.15", "2008-12-31": "1.00", "2008-09-30": "1.31", "2008-06-30": "1.72", "2008-03-31": "1.28", "2007-12-31": "1.54", "2007-09-30": "1.61", "2007-06-30": "1.91", "2007-03-31": "1.58", "2006-12-31": "1.20"}, "price book": {"current": "2.54", "2021-02-05": "2.54", "2020-09-30": "1.76", "2020-06-30": "1.38", "2020-03-31": "1.15", "2019-12-31": "1.42", "2019-09-30": "1.37", "2019-06-30": "1.43", "2019-03-31": "1.43", "2018-12-31": "1.17", "2018-09-30": "1.29", "2018-06-30": "1.34", "2018-03-31": "1.40", "2017-12-31": "1.57", "2017-09-30": "1.54", "2017-06-30": "1.42", "2017-03-31": "1.65", "2016-12-31": "1.56", "2016-09-30": "1.28", "2016-06-30": "1.08", "2016-03-31": "1.13", "2015-12-31": "1.04", "2015-09-30": "1.22", "2015-06-30": "1.40", "2015-03-31": "1.39", "2014-12-31": "1.36", "2014-09-30": "1.70", "2014-06-30": "1.65", "2014-03-31": "1.81", "2013-12-31": "1.60", "2013-09-30": "1.42", "2013-06-30": "1.41", "2013-03-31": "1.55", "2012-12-31": "1.53", "2012-09-30": "1.40", "2012-06-30": "1.41", "2012-03-31": "1.24", "2011-12-31": "1.32", "2011-09-30": "1.16", "2011-06-30": "1.26", "2011-03-31": "1.40", "2010-12-31": "1.26", "2010-09-30": "1.23", "2010-06-30": "1.36", "2010-03-31": "1.28", "2009-12-31": "1.39", "2009-09-30": "1.54", "2009-06-30": "1.66", "2009-03-31": "1.56", "2008-12-31": "1.45", "2008-09-30": "1.98", "2008-06-30": "2.50", "2008-03-31": "1.78", "2007-12-31": "2.04", "2007-09-30": "2.09", "2007-06-30": "4.51", "2007-03-31": "3.85", "2006-12-31": "3.17", "2006-09-30": "2.61", "2006-06-30": "2.77", "2006-03-31": "2.64"}, "price fcf": {"2021-02-05": "", "2020-09-30": "$8.72", "2020-06-30": "$8.46", "2020-03-31": "$4.08", "2019-12-31": "$2.01", "2019-09-30": "$-1.41", "2019-06-30": "$-1.80", "2019-03-31": "$-0.11", "2018-12-31": "$0.63", "2018-09-30": "$0.93", "2018-06-30": "$1.85", "2018-03-31": "$1.03", "2017-12-31": "$0.96", "2017-09-30": "$0.91", "2017-06-30": "$-0.44", "2017-03-31": "$-0.03", "2016-12-31": "$1.27", "2016-09-30": "$1.49", "2016-06-30": "$2.59", "2016-03-31": "$2.71", "2015-12-31": "$2.28", "2015-09-30": "$2.20", "2015-06-30": "$1.66", "2015-03-31": "$1.23", "2014-12-31": "$0.07", "2014-09-30": "$-0.27", "2014-06-30": "$-0.04", "2014-03-31": "$0.23", "2013-12-31": "$0.76", "2013-09-30": "$0.74", "2013-06-30": "$0.04", "2013-03-31": "$0.30", "2012-12-31": "$-0.14", "2012-09-30": "$-0.31", "2012-06-30": "$0.23", "2012-03-31": "$-0.08", "2011-12-31": "$0.24", "2011-09-30": "$0.86", "2011-06-30": "$0.47", "2011-03-31": "$0.47", "2010-12-31": "$0.46", "2010-09-30": "$-0.23", "2010-06-30": "$0.49", "2010-03-31": "$0.55", "2009-12-31": "$1.10", "2009-09-30": "$1.67", "2009-06-30": "$1.17", "2009-03-31": "$0.94", "2008-12-31": "$0.37", "2008-09-30": "$-0.18", "2008-06-30": "$0.15", "2008-03-31": "$0.26", "2007-12-31": "$0.74", "2007-09-30": "$0.77", "2007-06-30": "$0.87", "2007-03-31": "$1.14", "2006-12-31": "$0.70"}, "net worth": {"value": "$10.55B"}, "current ratio": {"current": "1.69", "2020-09-30": "1.69", "2020-06-30": "1.74", "2020-03-31": "1.78", "2019-12-31": "1.69", "2019-09-30": "1.83", "2019-06-30": "1.97", "2019-03-31": "2.00", "2018-12-31": "1.84", "2018-09-30": "1.86", "2018-06-30": "1.82", "2018-03-31": "1.91", "2017-12-31": "1.92", "2017-09-30": "1.85", "2017-06-30": "2.04", "2017-03-31": "1.96", "2016-12-31": "1.90", "2016-09-30": "1.93", "2016-06-30": "1.86", "2016-03-31": "1.82", "2015-12-31": "1.89", "2015-09-30": "1.76", "2015-06-30": "1.96", "2015-03-31": "2.12", "2014-12-31": "2.26", "2014-09-30": "2.25", "2014-06-30": "2.32", "2014-03-31": "2.25", "2013-12-31": "2.22", "2013-09-30": "2.22", "2013-06-30": "2.72", "2013-03-31": "2.63", "2012-12-31": "2.50", "2012-09-30": "2.31", "2012-06-30": "2.33", "2012-03-31": "2.32", "2011-12-31": "2.26", "2011-09-30": "2.42", "2011-06-30": "2.93", "2011-03-31": "3.24", "2010-12-31": "3.19", "2010-09-30": "3.21", "2010-06-30": "3.39", "2010-03-31": "3.74", "2009-12-31": "3.19", "2009-09-30": "3.60", "2009-06-30": "3.22", "2009-03-31": "3.31", "2008-12-31": "3.07", "2008-09-30": "1.77", "2008-06-30": "1.75", "2008-03-31": "1.77", "2007-12-31": "1.72", "2007-09-30": "2.83", "2007-06-30": "3.55", "2007-03-31": "3.27", "2006-12-31": "2.96", "2006-09-30": "3.06", "2006-06-30": "3.47", "2006-03-31": "3.27", "2005-12-31": "3.22", "2005-09-30": "3.06", "2005-06-30": "3.04", "2005-03-31": "3.08"}, "quick ratio": {"2020-09-30": "1.67", "2020-06-30": "1.72", "2020-03-31": "1.75", "2019-12-31": "1.67", "2019-09-30": "1.80", "2019-06-30": "1.93", "2019-03-31": "1.95", "2018-12-31": "1.78", "2018-09-30": "1.81", "2018-06-30": "1.77", "2018-03-31": "1.85", "2017-12-31": "1.87", "2017-09-30": "1.80", "2017-06-30": "1.96", "2017-03-31": "1.89", "2016-12-31": "1.83", "2016-09-30": "1.86", "2016-06-30": "1.80", "2016-03-31": "1.76", "2015-12-31": "1.83", "2015-09-30": "1.71", "2015-06-30": "1.92", "2015-03-31": "2.08", "2014-12-31": "2.22", "2014-09-30": "2.21", "2014-06-30": "2.28", "2014-03-31": "2.22", "2013-12-31": "2.19", "2013-09-30": "2.18", "2013-06-30": "2.67", "2013-03-31": "2.59", "2012-12-31": "2.46", "2012-09-30": "2.25", "2012-06-30": "2.25", "2012-03-31": "2.23", "2011-12-31": "2.18", "2011-09-30": "2.31", "2011-06-30": "2.81", "2011-03-31": "3.13", "2010-12-31": "3.09", "2010-09-30": "3.12", "2010-06-30": "3.29", "2010-03-31": "3.66", "2009-12-31": "3.13", "2009-09-30": "3.52", "2009-06-30": "3.15", "2009-03-31": "3.25", "2008-12-31": "3.01", "2008-09-30": "1.74", "2008-06-30": "1.71", "2008-03-31": "1.73", "2007-12-31": "1.69", "2007-09-30": "2.77", "2007-06-30": "3.46", "2007-03-31": "3.19", "2006-12-31": "2.88", "2006-09-30": "2.97", "2006-06-30": "3.36", "2006-03-31": "3.16", "2005-12-31": "3.12", "2005-09-30": "2.97", "2005-06-30": "2.94", "2005-03-31": "2.98"}, "debt equity ratio": {"current": "0.29", "2020-09-30": "1.00", "2020-06-30": "1.07", "2020-03-31": "1.17", "2019-12-31": "1.06", "2019-09-30": "1.27", "2019-06-30": "1.12", "2019-03-31": "1.05", "2018-12-31": "0.96", "2018-09-30": "0.88", "2018-06-30": "0.84", "2018-03-31": "0.82", "2017-12-31": "0.71", "2017-09-30": "0.78", "2017-06-30": "0.64", "2017-03-31": "0.63", "2016-12-31": "0.60", "2016-09-30": "0.67", "2016-06-30": "0.65", "2016-03-31": "0.67", "2015-12-31": "0.69", "2015-09-30": "0.68", "2015-06-30": "0.46", "2015-03-31": "0.43", "2014-12-31": "0.38", "2014-09-30": "0.39", "2014-06-30": "0.34", "2014-03-31": "0.35", "2013-12-31": "0.37", "2013-09-30": "0.37", "2013-06-30": "0.33", "2013-03-31": "0.35", "2012-12-31": "0.36", "2012-09-30": "0.43", "2012-06-30": "0.38", "2012-03-31": "0.37", "2011-12-31": "0.39", "2011-09-30": "0.35", "2011-06-30": "0.30", "2011-03-31": "0.29", "2010-12-31": "0.29", "2010-09-30": "0.28", "2010-06-30": "0.25", "2010-03-31": "0.29", "2009-12-31": "0.32", "2009-09-30": "0.29", "2009-06-30": "0.32", "2009-03-31": "0.31", "2008-12-31": "0.33", "2008-09-30": "0.52", "2008-06-30": "0.53", "2008-03-31": "0.54", "2007-12-31": "0.55", "2007-09-30": "0.53", "2007-06-30": "1.08", "2007-03-31": "1.14", "2006-12-31": "1.25", "2006-09-30": "1.14", "2006-06-30": "1.15", "2006-03-31": "1.19", "2005-12-31": "1.21", "2005-09-30": "1.27", "2005-06-30": "1.21", "2005-03-31": "1.19"}, "return on equity": {"2020-09-30": "9.90%", "2020-06-30": "9.36%", "2020-03-31": "8.24%", "2019-12-31": "10.37%", "2019-09-30": "9.06%", "2019-06-30": "8.81%", "2019-03-31": "10.13%", "2018-12-31": "7.96%", "2018-09-30": "9.39%", "2018-06-30": "8.48%", "2018-03-31": "8.31%", "2017-12-31": "8.73%", "2017-09-30": "8.27%", "2017-06-30": "8.10%", "2017-03-31": "6.87%", "2016-12-31": "6.12%", "2016-09-30": "3.33%", "2016-06-30": "7.83%", "2016-03-31": "8.10%", "2015-12-31": "8.37%", "2015-09-30": "9.40%", "2015-06-30": "5.95%", "2015-03-31": "6.68%", "2014-12-31": "6.70%", "2014-09-30": "9.10%", "2014-06-30": "9.30%", "2014-03-31": "9.33%", "2013-12-31": "10.06%", "2013-09-30": "8.61%", "2013-06-30": "8.89%", "2013-03-31": "8.99%", "2012-12-31": "8.49%", "2012-09-30": "7.79%", "2012-06-30": "6.71%", "2012-03-31": "5.82%", "2011-12-31": "3.95%", "2011-09-30": "3.00%", "2011-06-30": "3.35%", "2011-03-31": "3.41%", "2010-12-31": "4.77%", "2010-09-30": "5.18%", "2010-06-30": "5.36%", "2010-03-31": "5.56%", "2009-12-31": "5.67%", "2009-09-30": "5.96%", "2009-06-30": "5.82%", "2009-03-31": "6.29%", "2008-12-31": "6.60%", "2008-09-30": "5.90%", "2008-06-30": "5.90%", "2008-03-31": "6.21%", "2007-12-31": "8.40%", "2007-09-30": "6.47%", "2007-06-30": "5.86%", "2007-03-31": "5.47%", "2006-12-31": "2.45%", "2006-09-30": "9.07%", "2006-06-30": "8.05%", "2006-03-31": "6.08%", "2005-12-31": "4.28%"}, "return on assets": {"2020-09-30": "4.78%", "2020-06-30": "4.38%", "2020-03-31": "3.83%", "2019-12-31": "4.88%", "2019-09-30": "4.30%", "2019-06-30": "4.40%", "2019-03-31": "5.24%", "2018-12-31": "4.24%", "2018-09-30": "5.18%", "2018-06-30": "4.74%", "2018-03-31": "4.78%", "2017-12-31": "5.16%", "2017-09-30": "4.96%", "2017-06-30": "4.95%", "2017-03-31": "4.19%", "2016-12-31": "3.72%", "2016-09-30": "1.99%", "2016-06-30": "4.68%", "2016-03-31": "5.03%", "2015-12-31": "5.42%", "2015-09-30": "6.39%", "2015-06-30": "4.22%", "2015-03-31": "4.83%", "2014-12-31": "4.91%", "2014-09-30": "6.68%", "2014-06-30": "6.86%", "2014-03-31": "6.89%", "2013-12-31": "7.43%", "2013-09-30": "6.37%", "2013-06-30": "6.50%", "2013-03-31": "6.51%", "2012-12-31": "6.13%", "2012-09-30": "5.59%", "2012-06-30": "4.89%", "2012-03-31": "4.31%", "2011-12-31": "2.97%", "2011-09-30": "2.30%", "2011-06-30": "2.60%", "2011-03-31": "2.67%", "2010-12-31": "3.74%", "2010-09-30": "4.04%", "2010-06-30": "4.16%", "2010-03-31": "4.26%", "2009-12-31": "4.33%", "2009-09-30": "4.55%", "2009-06-30": "4.27%", "2009-03-31": "4.44%", "2008-12-31": "4.48%", "2008-09-30": "3.84%", "2008-06-30": "3.84%", "2008-03-31": "3.88%", "2007-12-31": "4.96%", "2007-09-30": "3.49%", "2007-06-30": "2.72%", "2007-03-31": "2.52%", "2006-12-31": "1.12%", "2006-09-30": "4.18%", "2006-06-30": "3.65%", "2006-03-31": "2.74%", "2005-12-31": "1.93%"}, "return on investments": {"2020-09-30": "10.94%", "2020-06-30": "10.15%", "2020-03-31": "9.49%", "2019-12-31": "10.34%", "2019-09-30": "10.73%", "2019-06-30": "10.92%", "2019-03-31": "12.28%", "2018-12-31": "11.68%", "2018-09-30": "9.72%", "2018-06-30": "8.70%", "2018-03-31": "8.67%", "2017-12-31": "9.04%", "2017-09-30": "11.08%", "2017-06-30": "11.35%", "2017-03-31": "9.63%", "2016-12-31": "8.75%", "2016-09-30": "5.68%", "2016-06-30": "4.39%", "2016-03-31": "5.05%", "2015-12-31": "5.96%", "2015-09-30": "7.53%", "2015-06-30": "8.21%", "2015-03-31": "9.38%", "2014-12-31": "9.57%", "2014-09-30": "10.03%", "2014-06-30": "13.88%", "2014-03-31": "20.83%", "2013-12-31": "44.79%", "2013-09-30": "inf%", "2013-06-30": "55.23%", "2013-03-31": "27.37%", "2012-12-31": "25.20%", "2012-09-30": "20.27%", "2012-06-30": "38.05%", "2012-03-31": "inf%", "2011-12-31": "inf%", "2011-09-30": "inf%", "2011-06-30": "inf%", "2011-03-31": "inf%", "2010-12-31": "29.88%", "2010-09-30": "16.85%", "2010-06-30": "10.58%", "2010-03-31": "7.96%", "2009-12-31": "8.16%", "2009-09-30": "8.68%", "2009-06-30": "9.96%", "2009-03-31": "10.87%", "2008-12-31": "11.53%", "2008-09-30": "11.10%", "2008-06-30": "9.12%", "2008-03-31": "8.75%", "2007-12-31": "9.33%", "2007-09-30": "6.62%", "2007-06-30": "7.53%", "2007-03-31": "7.26%", "2006-12-31": "6.36%", "2006-09-30": "10.54%", "2006-06-30": "10.01%", "2006-03-31": "8.04%", "2005-12-31": "6.09%"}, "return on tangible equity": {"2020-09-30": "25.63%", "2020-06-30": "24.47%", "2020-03-31": "21.10%", "2019-12-31": "25.90%", "2019-09-30": "22.66%", "2019-06-30": "21.38%", "2019-03-31": "24.62%", "2018-12-31": "19.41%", "2018-09-30": "22.29%", "2018-06-30": "20.36%", "2018-03-31": "19.17%", "2017-12-31": "19.39%", "2017-09-30": "18.10%", "2017-06-30": "17.30%", "2017-03-31": "15.05%", "2016-12-31": "13.75%", "2016-09-30": "7.61%", "2016-06-30": "18.09%", "2016-03-31": "17.16%", "2015-12-31": "17.16%", "2015-09-30": "17.81%", "2015-06-30": "10.90%", "2015-03-31": "12.41%", "2014-12-31": "12.28%", "2014-09-30": "17.18%", "2014-06-30": "17.47%", "2014-03-31": "17.28%", "2013-12-31": "18.40%", "2013-09-30": "15.65%", "2013-06-30": "16.53%", "2013-03-31": "17.43%", "2012-12-31": "17.20%", "2012-09-30": "16.10%", "2012-06-30": "14.10%", "2012-03-31": "12.24%", "2011-12-31": "8.26%", "2011-09-30": "6.36%", "2011-06-30": "6.93%", "2011-03-31": "7.00%", "2010-12-31": "9.78%", "2010-09-30": "10.64%", "2010-06-30": "11.22%", "2010-03-31": "11.84%", "2009-12-31": "12.33%", "2009-09-30": "13.23%", "2009-06-30": "13.67%", "2009-03-31": "15.89%", "2008-12-31": "18.08%", "2008-09-30": "17.91%", "2008-06-30": "18.71%", "2008-03-31": "18.38%", "2007-12-31": "22.70%", "2007-09-30": "15.12%", "2007-06-30": "11.04%", "2007-03-31": "10.71%", "2006-12-31": "5.00%", "2006-09-30": "19.45%", "2006-06-30": "17.81%", "2006-03-31": "13.90%", "2005-12-31": "10.04%"}, "dividend yield history": {"last payout": "$0.24", "last yield": "0.32%"}}