{"ticker": "DGX", "price": {"title": "Quest Diagnostics Historical Annual Stock Price Data", "value": 121.79, "historical": {"2021": {"Average Stock Price": "125.2954", "Year Open": "121.1200", "Year High": "133.3400", "Year Low": "121.1200", "Year Close": "121.7900", "Annual % Change": "2.20%"}, "2020": {"Average Stock Price": "112.5014", "Year Open": "105.7300", "Year High": "130.0100", "Year Low": "73.3400", "Year Close": "119.1700", "Annual % Change": "11.59%"}, "2019": {"Average Stock Price": "97.5563", "Year Open": "82.1700", "Year High": "107.9900", "Year Low": "80.6800", "Year Close": "106.7900", "Annual % Change": "28.25%"}, "2018": {"Average Stock Price": "102.5133", "Year Open": "98.9000", "Year High": "114.9900", "Year Low": "79.7500", "Year Close": "83.2700", "Annual % Change": "-15.45%"}, "2017": {"Average Stock Price": "100.5255", "Year Open": "92.4500", "Year High": "111.1600", "Year Low": "90.5400", "Year Close": "98.4900", "Annual % Change": "7.17%"}, "2016": {"Average Stock Price": "78.4483", "Year Open": "70.7600", "Year High": "92.6000", "Year Low": "60.5400", "Year Close": "91.9000", "Annual % Change": "29.18%"}, "2015": {"Average Stock Price": "70.6196", "Year Open": "68.9700", "Year High": "79.6000", "Year Low": "60.5100", "Year Close": "71.1400", "Annual % Change": "6.08%"}, "2014": {"Average Stock Price": "59.2892", "Year Open": "52.8500", "Year High": "68.1000", "Year Low": "50.8000", "Year Close": "67.0600", "Annual % Change": "25.25%"}, "2013": {"Average Stock Price": "59.0798", "Year Open": "58.6600", "Year High": "63.7000", "Year Low": "52.7900", "Year Close": "53.5400", "Annual % Change": "-8.12%"}, "2012": {"Average Stock Price": "59.0197", "Year Open": "57.7900", "Year High": "64.6800", "Year Low": "54.6200", "Year Close": "58.2700", "Annual % Change": "0.36%"}, "2011": {"Average Stock Price": "55.0591", "Year Open": "54.6800", "Year High": "60.8300", "Year Low": "46.0200", "Year Close": "58.0600", "Annual % Change": "7.58%"}, "2010": {"Average Stock Price": "52.6554", "Year Open": "61.1600", "Year High": "61.6100", "Year Low": "43.5000", "Year Close": "53.9700", "Annual % Change": "-10.62%"}, "2009": {"Average Stock Price": "52.9740", "Year Open": "52.8600", "Year High": "62.0700", "Year Low": "43.4600", "Year Close": "60.3800", "Annual % Change": "16.32%"}, "2008": {"Average Stock Price": "49.1818", "Year Open": "51.9600", "Year High": "56.5400", "Year Low": "40.2700", "Year Close": "51.9100", "Annual % Change": "-1.87%"}, "2007": {"Average Stock Price": "52.7858", "Year Open": "51.4900", "Year High": "58.3300", "Year Low": "48.1700", "Year Close": "52.9000", "Annual % Change": "-0.19%"}, "2006": {"Average Stock Price": "55.2063", "Year Open": "51.3300", "Year High": "64.2800", "Year Low": "48.7000", "Year Close": "53.0000", "Annual % Change": "2.95%"}, "2005": {"Average Stock Price": "50.5651", "Year Open": "47.3650", "Year High": "54.5000", "Year Low": "44.5050", "Year Close": "51.4800", "Annual % Change": "7.76%"}, "2004": {"Average Stock Price": "42.5838", "Year Open": "36.1250", "Year High": "48.2950", "Year Low": "36.1250", "Year Close": "47.7750", "Annual % Change": "30.69%"}, "2003": {"Average Stock Price": "30.6447", "Year Open": "29.5000", "Year High": "37.0600", "Year Low": "23.9850", "Year Close": "36.5550", "Annual % Change": "28.49%"}, "2002": {"Average Stock Price": "35.2570", "Year Open": "34.7300", "Year High": "47.4550", "Year Low": "25.3550", "Year Close": "28.4500", "Annual % Change": "-20.65%"}, "2001": {"Average Stock Price": "29.8638", "Year Open": "33.7250", "Year High": "37.4250", "Year Low": "19.7600", "Year Close": "35.8550", "Annual % Change": "1.00%"}, "2000": {"Average Stock Price": "19.9173", "Year Open": "7.5000", "Year High": "35.7750", "Year Low": "7.4225", "Year Close": "35.5000", "Annual % Change": "364.66%"}, "1999": {"Average Stock Price": "6.2313", "Year Open": "4.5475", "Year High": "7.8275", "Year Low": "4.5000", "Year Close": "7.6400", "Annual % Change": "71.59%"}, "1998": {"Average Stock Price": "4.5433", "Year Open": "4.2825", "Year High": "5.7350", "Year Low": "3.6575", "Year Close": "4.4525", "Annual % Change": "5.51%"}, "1997": {"Average Stock Price": "4.3086", "Year Open": "3.6575", "Year High": "5.1400", "Year Low": "3.5950", "Year Close": "4.2200", "Annual % Change": "11.57%"}}}, "market cap": {"value": "$16.41B"}, "income statement": {"Revenue": {"2020-12-31": "9437.00000", "2019-12-31": "7726.00000", "2018-12-31": "7531.00000", "2017-12-31": "7402.00000", "2016-12-31": "7214.00000", "2015-12-31": "7493.00000", "2014-12-31": "7435.00000", "2013-12-31": "7146.00000", "2012-12-31": "7383.00000", "2011-12-31": "7392.00000", "2010-12-31": "7260.12000", "2009-12-31": "7455.24300", "2008-12-31": "7249.44700", "2007-12-31": "6704.90700", "2006-12-31": "6268.65900", "2005-12-31": "5456.72600"}, "Cost Of Goods Sold": {"2020-12-31": "5804.00000", "2019-12-31": "5037.00000", "2018-12-31": "4926.00000", "2017-12-31": "4719.00000", "2016-12-31": "4616.00000", "2015-12-31": "4657.00000", "2014-12-31": "4637.00000", "2013-12-31": "4326.00000", "2012-12-31": "4365.00000", "2011-12-31": "4363.00000", "2010-12-31": "4275.53500", "2009-12-31": "4321.47500", "2008-12-31": "4256.15600", "2007-12-31": "3969.84800", "2006-12-31": "3696.00600", "2005-12-31": "3220.71300"}, "Gross Profit": {"2020-12-31": "3633.00000", "2019-12-31": "2689.00000", "2018-12-31": "2605.00000", "2017-12-31": "2683.00000", "2016-12-31": "2598.00000", "2015-12-31": "2836.00000", "2014-12-31": "2798.00000", "2013-12-31": "2820.00000", "2012-12-31": "3018.00000", "2011-12-31": "3029.00000", "2010-12-31": "2984.58500", "2009-12-31": "3133.76800", "2008-12-31": "2993.29100", "2007-12-31": "2735.05900", "2006-12-31": "2572.65300", "2005-12-31": "2236.01300"}, "Research And Development Expenses": {"2020-12-31": "", "2019-12-31": "", "2018-12-31": "", "2017-12-31": "", "2016-12-31": "", "2015-12-31": "", "2014-12-31": "", "2013-12-31": "", "2012-12-31": "", "2011-12-31": "", "2010-12-31": "", "2009-12-31": "", "2008-12-31": "", "2007-12-31": "", "2006-12-31": "", "2005-12-31": ""}, "SG&A Expenses": {"2020-12-31": "1550.00000", "2019-12-31": "1457.00000", "2018-12-31": "1424.00000", "2017-12-31": "1443.00000", "2016-12-31": "1380.00000", "2015-12-31": "1679.00000", "2014-12-31": "1728.00000", "2013-12-31": "1704.00000", "2012-12-31": "1745.00000", "2011-12-31": "1743.00000", "2010-12-31": "1658.84200", "2009-12-31": "1747.61800", "2008-12-31": "1736.93400", "2007-12-31": "1612.85800", "2006-12-31": "1410.71600", "2005-12-31": "1215.86200"}, "Other Operating Income Or Expenses": {"2020-12-31": "-9.00000", "2019-12-31": "95.00000", "2018-12-31": "10.00000", "2017-12-31": "-1.00000", "2016-12-31": "131.00000", "2015-12-31": "323.00000", "2014-12-31": "7.00000", "2013-12-31": "438.00000", "2012-12-31": "3.00000", "2011-12-31": "-238.00000", "2010-12-31": "-9.04700", "2009-12-31": "10.02300", "2008-12-31": "3.31200", "2007-12-31": "-2.96100", "2006-12-31": "-23.01700", "2005-12-31": "-7.96600"}, "Operating Expenses": {"2020-12-31": "7466.00000", "2019-12-31": "6495.00000", "2018-12-31": "6430.00000", "2017-12-31": "6237.00000", "2016-12-31": "5937.00000", "2015-12-31": "6094.00000", "2014-12-31": "6452.00000", "2013-12-31": "5671.00000", "2012-12-31": "6182.00000", "2011-12-31": "6405.00000", "2010-12-31": "5976.53700", "2009-12-31": "6096.13200", "2008-12-31": "6027.07100", "2007-12-31": "5613.57100", "2006-12-31": "5140.58200", "2005-12-31": "4449.17800"}, "Operating Income": {"2020-12-31": "1971.00000", "2019-12-31": "1231.00000", "2018-12-31": "1101.00000", "2017-12-31": "1165.00000", "2016-12-31": "1277.00000", "2015-12-31": "1399.00000", "2014-12-31": "983.00000", "2013-12-31": "1475.00000", "2012-12-31": "1201.00000", "2011-12-31": "987.00000", "2010-12-31": "1283.58300", "2009-12-31": "1359.11100", "2008-12-31": "1222.37600", "2007-12-31": "1091.33600", "2006-12-31": "1128.07700", "2005-12-31": "1007.54800"}, "Total Non-Operating Income/Expense": {"2020-12-31": "-87.00000", "2019-12-31": "-155.00000", "2018-12-31": "-175.00000", "2017-12-31": "-135.00000", "2016-12-31": "-191.00000", "2015-12-31": "-296.00000", "2014-12-31": "-160.00000", "2013-12-31": "-151.00000", "2012-12-31": "-133.00000", "2011-12-31": "-138.00000", "2010-12-31": "-108.59900", "2009-12-31": "-131.17900", "2008-12-31": "-171.71900", "2007-12-31": "-152.42400", "2006-12-31": "-94.80400", "2005-12-31": "-57.54000"}, "Pre-Tax Income": {"2020-12-31": "1884.00000", "2019-12-31": "1076.00000", "2018-12-31": "926.00000", "2017-12-31": "1030.00000", "2016-12-31": "1086.00000", "2015-12-31": "1103.00000", "2014-12-31": "823.00000", "2013-12-31": "1324.00000", "2012-12-31": "1068.00000", "2011-12-31": "849.00000", "2010-12-31": "1174.98400", "2009-12-31": "1227.93200", "2008-12-31": "1050.65700", "2007-12-31": "938.91200", "2006-12-31": "1033.27300", "2005-12-31": "950.00800"}, "Income Taxes": {"2020-12-31": "460.00000", "2019-12-31": "247.00000", "2018-12-31": "182.00000", "2017-12-31": "241.00000", "2016-12-31": "429.00000", "2015-12-31": "373.00000", "2014-12-31": "262.00000", "2013-12-31": "500.00000", "2012-12-31": "402.00000", "2011-12-31": "355.00000", "2010-12-31": "430.12700", "2009-12-31": "460.47400", "2008-12-31": "386.76800", "2007-12-31": "358.57400", "2006-12-31": "407.58100", "2005-12-31": "376.81200"}, "Income After Taxes": {"2020-12-31": "1424.00000", "2019-12-31": "829.00000", "2018-12-31": "744.00000", "2017-12-31": "789.00000", "2016-12-31": "657.00000", "2015-12-31": "730.00000", "2014-12-31": "561.00000", "2013-12-31": "824.00000", "2012-12-31": "666.00000", "2011-12-31": "494.00000", "2010-12-31": "744.85700", "2009-12-31": "767.45800", "2008-12-31": "663.88900", "2007-12-31": "580.33800", "2006-12-31": "625.69200", "2005-12-31": "573.19600"}, "Other Income": {"2020-12-31": "", "2019-12-31": "", "2018-12-31": "", "2017-12-31": "", "2016-12-31": "", "2015-12-31": "", "2014-12-31": "", "2013-12-31": "", "2012-12-31": "", "2011-12-31": "", "2010-12-31": "", "2009-12-31": "", "2008-12-31": "", "2007-12-31": "", "2006-12-31": "", "2005-12-31": ""}, "Income From Continuous Operations": {"2020-12-31": "1499.00000", "2019-12-31": "886.00000", "2018-12-31": "788.00000", "2017-12-31": "824.00000", "2016-12-31": "696.00000", "2015-12-31": "753.00000", "2014-12-31": "587.00000", "2013-12-31": "848.00000", "2012-12-31": "666.00000", "2011-12-31": "494.00000", "2010-12-31": "744.85700", "2009-12-31": "767.45800", "2008-12-31": "663.88900", "2007-12-31": "580.33800", "2006-12-31": "625.69200", "2005-12-31": "573.19600"}, "Income From Discontinued Operations": {"2020-12-31": "", "2019-12-31": "20.00000", "2018-12-31": "", "2017-12-31": "", "2016-12-31": "", "2015-12-31": "", "2014-12-31": "5.00000", "2013-12-31": "35.00000", "2012-12-31": "-74.00000", "2011-12-31": "12.00000", "2010-12-31": "12.16000", "2009-12-31": "-1.23600", "2008-12-31": "-50.69400", "2007-12-31": "-213.88900", "2006-12-31": "-39.27100", "2005-12-31": "-26.91900"}, "Net Income": {"2020-12-31": "1431.00000", "2019-12-31": "858.00000", "2018-12-31": "736.00000", "2017-12-31": "772.00000", "2016-12-31": "642.00000", "2015-12-31": "706.00000", "2014-12-31": "556.00000", "2013-12-31": "849.00000", "2012-12-31": "556.00000", "2011-12-31": "471.00000", "2010-12-31": "720.89400", "2009-12-31": "729.11100", "2008-12-31": "581.49000", "2007-12-31": "339.93900", "2006-12-31": "586.42100", "2005-12-31": "546.27700"}, "EBITDA": {"2020-12-31": "2332.00000", "2019-12-31": "1560.00000", "2018-12-31": "1410.00000", "2017-12-31": "1435.00000", "2016-12-31": "1526.00000", "2015-12-31": "1703.00000", "2014-12-31": "1297.00000", "2013-12-31": "1758.00000", "2012-12-31": "1488.00000", "2011-12-31": "1268.00000", "2010-12-31": "1537.54700", "2009-12-31": "1615.79800", "2008-12-31": "1486.96900", "2007-12-31": "1329.21500", "2006-12-31": "1325.47500", "2005-12-31": "1183.67200"}, "EBIT": {"2020-12-31": "1971.00000", "2019-12-31": "1231.00000", "2018-12-31": "1101.00000", "2017-12-31": "1165.00000", "2016-12-31": "1277.00000", "2015-12-31": "1399.00000", "2014-12-31": "983.00000", "2013-12-31": "1475.00000", "2012-12-31": "1201.00000", "2011-12-31": "987.00000", "2010-12-31": "1283.58300", "2009-12-31": "1359.11100", "2008-12-31": "1222.37600", "2007-12-31": "1091.33600", "2006-12-31": "1128.07700", "2005-12-31": "1007.54800"}, "Basic Shares Outstanding": {"2020-12-31": "134.00000", "2019-12-31": "134.00000", "2018-12-31": "136.00000", "2017-12-31": "137.00000", "2016-12-31": "140.00000", "2015-12-31": "144.00000", "2014-12-31": "145.00000", "2013-12-31": "152.00000", "2012-12-31": "159.00000", "2011-12-31": "159.00000", "2010-12-31": "175.68400", "2009-12-31": "185.94800", "2008-12-31": "194.28300", "2007-12-31": "193.24100", "2006-12-31": "196.98500", "2005-12-31": "201.83300"}, "Shares Outstanding": {"2020-12-31": "136.00000", "2019-12-31": "136.00000", "2018-12-31": "139.00000", "2017-12-31": "140.00000", "2016-12-31": "142.00000", "2015-12-31": "145.00000", "2014-12-31": "145.00000", "2013-12-31": "153.00000", "2012-12-31": "160.00000", "2011-12-31": "160.00000", "2010-12-31": "177.32000", "2009-12-31": "187.79800", "2008-12-31": "195.95900", "2007-12-31": "195.26200", "2006-12-31": "199.54200", "2005-12-31": "205.53000"}, "Basic EPS": {"2020-12-31": "10.62000", "2019-12-31": "6.36000", "2018-12-31": "5.39000", "2017-12-31": "5.63000", "2016-12-31": "4.58000", "2015-12-31": "4.92000", "2014-12-31": "3.83000", "2013-12-31": "5.58000", "2012-12-31": "3.49000", "2011-12-31": "2.95000", "2010-12-31": "4.08000", "2009-12-31": "3.91000", "2008-12-31": "2.99000", "2007-12-31": "1.76000", "2006-12-31": "2.98000", "2005-12-31": "2.71000"}, "EPS - Earnings Per Share": {"2020-12-31": "10.47000", "2019-12-31": "6.28000", "2018-12-31": "5.29000", "2017-12-31": "5.50000", "2016-12-31": "4.51000", "2015-12-31": "4.87000", "2014-12-31": "3.81000", "2013-12-31": "5.54000", "2012-12-31": "3.46000", "2011-12-31": "2.92000", "2010-12-31": "4.05000", "2009-12-31": "3.87000", "2008-12-31": "2.96000", "2007-12-31": "1.74000", "2006-12-31": "2.94000", "2005-12-31": "2.66000"}}, "income statement, quarterly": {"Revenue": {"2020-12-31": "3002.00000", "2020-09-30": "2786.00000", "2020-06-30": "1827.00000", "2020-03-31": "1822.00000", "2019-12-31": "1926.00000", "2019-09-30": "1956.00000", "2019-06-30": "1953.00000", "2019-03-31": "1891.00000", "2018-12-31": "1839.00000", "2018-09-30": "1889.00000", "2018-06-30": "1919.00000", "2018-03-31": "1884.00000", "2017-12-31": "1865.00000", "2017-09-30": "1856.00000", "2017-06-30": "1864.00000", "2017-03-31": "1817.00000", "2016-12-31": "1560.00000", "2016-09-30": "1885.00000", "2016-06-30": "1906.00000", "2016-03-31": "1863.00000", "2015-12-31": "1849.00000", "2015-09-30": "1880.00000", "2015-06-30": "1925.00000", "2015-03-31": "1839.00000", "2014-12-31": "1883.00000", "2014-09-30": "1904.00000", "2014-06-30": "1902.00000", "2014-03-31": "1746.00000", "2013-12-31": "1756.00000", "2013-09-30": "1788.00000", "2013-06-30": "1815.00000", "2013-03-31": "1787.00000", "2012-12-31": "1774.20300", "2012-09-30": "1821.74800", "2012-06-30": "1878.35200", "2012-03-31": "1908.69700", "2011-12-31": "1760.81700", "2011-09-30": "1906.40500", "2011-06-30": "1903.20100", "2011-03-31": "1821.57700", "2010-12-31": "1715.23500", "2010-09-30": "1864.65500", "2010-06-30": "1874.72700", "2010-03-31": "1805.50300", "2009-12-31": "1848.27300", "2009-09-30": "1897.14600", "2009-06-30": "1901.81800", "2009-03-31": "1808.00600", "2008-12-31": "1800.30600", "2008-09-30": "1826.60300", "2008-06-30": "1837.90100", "2008-03-31": "1784.63700", "2007-12-31": "1770.47300", "2007-09-30": "1767.07000", "2007-06-30": "1641.15600", "2007-03-31": "1526.20800", "2006-12-31": "1549.27000", "2006-09-30": "1583.20200", "2006-06-30": "1583.08200", "2006-03-31": "1553.10500", "2005-12-31": "1398.59600", "2005-09-30": "1361.11600", "2005-06-30": "1377.52900", "2005-03-31": "1319.48500"}, "Cost Of Goods Sold": {"2020-12-31": "1733.00000", "2020-09-30": "1580.00000", "2020-06-30": "1221.00000", "2020-03-31": "1270.00000", "2019-12-31": "1264.00000", "2019-09-30": "1264.00000", "2019-06-30": "1265.00000", "2019-03-31": "1244.00000", "2018-12-31": "1235.00000", "2018-09-30": "1222.00000", "2018-06-30": "1243.00000", "2018-03-31": "1226.00000", "2017-12-31": "1194.00000", "2017-09-30": "1190.00000", "2017-06-30": "1170.00000", "2017-03-31": "1165.00000", "2016-12-31": "1160.00000", "2016-09-30": "1157.00000", "2016-06-30": "1155.00000", "2016-03-31": "1144.00000", "2015-12-31": "1150.00000", "2015-09-30": "1162.00000", "2015-06-30": "1182.00000", "2015-03-31": "1163.00000", "2014-12-31": "1184.00000", "2014-09-30": "1178.00000", "2014-06-30": "1174.00000", "2014-03-31": "1101.00000", "2013-12-31": "1051.00000", "2013-09-30": "1089.00000", "2013-06-30": "1094.00000", "2013-03-31": "1092.00000", "2012-12-31": "1072.89500", "2012-09-30": "1081.01700", "2012-06-30": "1101.92400", "2012-03-31": "1109.16400", "2011-12-31": "1045.03400", "2011-09-30": "1116.57400", "2011-06-30": "1104.39400", "2011-03-31": "1096.99800", "2010-12-31": "1038.72600", "2010-09-30": "1091.46500", "2010-06-30": "1078.97100", "2010-03-31": "1066.37300", "2009-12-31": "1070.23900", "2009-09-30": "1097.53500", "2009-06-30": "1100.21200", "2009-03-31": "1053.48900", "2008-12-31": "1040.92500", "2008-09-30": "1073.12300", "2008-06-30": "1083.48100", "2008-03-31": "1058.62700", "2007-12-31": "1042.72300", "2007-09-30": "1026.59800", "2007-06-30": "968.74200", "2007-03-31": "931.78500", "2006-12-31": "919.41400", "2006-09-30": "933.73500", "2006-06-30": "926.69700", "2006-03-31": "916.16000", "2005-12-31": "842.87900", "2005-09-30": "799.07400", "2005-06-30": "798.67800", "2005-03-31": "780.08200"}, "Gross Profit": {"2020-12-31": "1269.00000", "2020-09-30": "1206.00000", "2020-06-30": "606.00000", "2020-03-31": "552.00000", "2019-12-31": "662.00000", "2019-09-30": "692.00000", "2019-06-30": "688.00000", "2019-03-31": "647.00000", "2018-12-31": "604.00000", "2018-09-30": "667.00000", "2018-06-30": "676.00000", "2018-03-31": "658.00000", "2017-12-31": "671.00000", "2017-09-30": "666.00000", "2017-06-30": "694.00000", "2017-03-31": "652.00000", "2016-12-31": "400.00000", "2016-09-30": "728.00000", "2016-06-30": "751.00000", "2016-03-31": "719.00000", "2015-12-31": "699.00000", "2015-09-30": "718.00000", "2015-06-30": "743.00000", "2015-03-31": "676.00000", "2014-12-31": "699.00000", "2014-09-30": "726.00000", "2014-06-30": "728.00000", "2014-03-31": "645.00000", "2013-12-31": "705.00000", "2013-09-30": "699.00000", "2013-06-30": "721.00000", "2013-03-31": "695.00000", "2012-12-31": "701.30770", "2012-09-30": "740.73110", "2012-06-30": "776.42810", "2012-03-31": "799.53310", "2011-12-31": "715.78260", "2011-09-30": "789.83110", "2011-06-30": "798.80700", "2011-03-31": "724.57900", "2010-12-31": "676.50840", "2010-09-30": "773.19010", "2010-06-30": "795.75610", "2010-03-31": "739.13000", "2009-12-31": "778.03430", "2009-09-30": "799.61100", "2009-06-30": "801.60600", "2009-03-31": "754.51700", "2008-12-31": "759.38110", "2008-09-30": "753.48000", "2008-06-30": "754.42000", "2008-03-31": "726.01000", "2007-12-31": "727.75020", "2007-09-30": "740.47190", "2007-06-30": "672.41400", "2007-03-31": "594.42300", "2006-12-31": "629.85600", "2006-09-30": "649.46700", "2006-06-30": "656.38500", "2006-03-31": "636.94500", "2005-12-31": "555.71710", "2005-09-30": "562.04200", "2005-06-30": "578.85110", "2005-03-31": "539.40300"}, "Research And Development Expenses": {"2020-12-31": "", "2020-09-30": "", "2020-06-30": "", "2020-03-31": "", "2019-12-31": "", "2019-09-30": "", "2019-06-30": "", "2019-03-31": "", "2018-12-31": "", "2018-09-30": "", "2018-06-30": "", "2018-03-31": "", "2017-12-31": "", "2017-09-30": "", "2017-06-30": "", "2017-03-31": "", "2016-12-31": "", "2016-09-30": "", "2016-06-30": "", "2016-03-31": "", "2015-12-31": "", "2015-09-30": "", "2015-06-30": "", "2015-03-31": "", "2014-12-31": "", "2014-09-30": "", "2014-06-30": "", "2014-03-31": "", "2013-12-31": "", "2013-09-30": "", "2013-06-30": "", "2013-03-31": "", "2012-12-31": "", "2012-09-30": "", "2012-06-30": "", "2012-03-31": "", "2011-12-31": "", "2011-09-30": "", "2011-06-30": "", "2011-03-31": "", "2010-12-31": "", "2010-09-30": "", "2010-06-30": "", "2010-03-31": "", "2009-12-31": "", "2009-09-30": "", "2009-06-30": "", "2009-03-31": "", "2008-12-31": "", "2008-09-30": "", "2008-06-30": "", "2008-03-31": "", "2007-12-31": "", "2007-09-30": "", "2007-06-30": "", "2007-03-31": "", "2006-12-31": "", "2006-09-30": "", "2006-06-30": "", "2006-03-31": "", "2005-12-31": "", "2005-09-30": "", "2005-06-30": "", "2005-03-31": ""}, "SG&A Expenses": {"2020-12-31": "447.00000", "2020-09-30": "396.00000", "2020-06-30": "360.00000", "2020-03-31": "347.00000", "2019-12-31": "349.00000", "2019-09-30": "362.00000", "2019-06-30": "362.00000", "2019-03-31": "384.00000", "2018-12-31": "356.00000", "2018-09-30": "354.00000", "2018-06-30": "351.00000", "2018-03-31": "363.00000", "2017-12-31": "382.00000", "2017-09-30": "348.00000", "2017-06-30": "358.00000", "2017-03-31": "355.00000", "2016-12-31": "99.00000", "2016-09-30": "409.00000", "2016-06-30": "430.00000", "2016-03-31": "442.00000", "2015-12-31": "429.00000", "2015-09-30": "402.00000", "2015-06-30": "429.00000", "2015-03-31": "419.00000", "2014-12-31": "427.00000", "2014-09-30": "446.00000", "2014-06-30": "440.00000", "2014-03-31": "415.00000", "2013-12-31": "415.00000", "2013-09-30": "423.00000", "2013-06-30": "418.00000", "2013-03-31": "448.00000", "2012-12-31": "420.80900", "2012-09-30": "416.85400", "2012-06-30": "424.08500", "2012-03-31": "483.25200", "2011-12-31": "385.75800", "2011-09-30": "446.59500", "2011-06-30": "462.78900", "2011-03-31": "447.85800", "2010-12-31": "382.13500", "2010-09-30": "426.56200", "2010-06-30": "419.41200", "2010-03-31": "430.73300", "2009-12-31": "432.99210", "2009-09-30": "441.56900", "2009-06-30": "448.75600", "2009-03-31": "424.30100", "2008-12-31": "435.64000", "2008-09-30": "428.17900", "2008-06-30": "438.03700", "2008-03-31": "435.07800", "2007-12-31": "408.62610", "2007-09-30": "424.33400", "2007-06-30": "395.10500", "2007-03-31": "384.79300", "2006-12-31": "349.70900", "2006-09-30": "354.63100", "2006-06-30": "357.86200", "2006-03-31": "348.51400", "2005-12-31": "288.26900", "2005-09-30": "303.57100", "2005-06-30": "315.67400", "2005-03-31": "308.34800"}, "Other Operating Income Or Expenses": {"2020-12-31": "-1.00000", "2020-09-30": "-65.00000", "2020-06-30": "62.00000", "2020-03-31": "-5.00000", "2019-12-31": "74.00000", "2019-09-30": "6.00000", "2019-06-30": "6.00000", "2019-03-31": "9.00000", "2018-12-31": "-4.00000", "2018-09-30": "13.00000", "2018-06-30": "2.00000", "2018-03-31": "-1.00000", "2017-12-31": "", "2017-09-30": "-1.00000", "2017-06-30": "1.00000", "2017-03-31": "-1.00000", "2016-12-31": "-7.00000", "2016-09-30": "21.00000", "2016-06-30": "118.00000", "2016-03-31": "-1.00000", "2015-12-31": "-11.00000", "2015-09-30": "335.00000", "2015-06-30": "7.00000", "2015-03-31": "-8.00000", "2014-12-31": "8.00000", "2014-09-30": "", "2014-06-30": "-1.00000", "2014-03-31": "", "2013-12-31": "", "2013-09-30": "433.00000", "2013-06-30": "6.00000", "2013-03-31": "-1.00000", "2012-12-31": "3.50000", "2012-09-30": "-0.68000", "2012-06-30": "-0.18300", "2012-03-31": "0.36300", "2011-12-31": "0.26500", "2011-09-30": "-1.78100", "2011-06-30": "-0.57200", "2011-03-31": "-235.91200", "2010-12-31": "-7.54500", "2010-09-30": "0.15400", "2010-06-30": "-1.18000", "2010-03-31": "-0.47600", "2009-12-31": "-5.12300", "2009-09-30": "-0.60800", "2009-06-30": "15.90200", "2009-03-31": "-0.14800", "2008-12-31": "2.63900", "2008-09-30": "0.42400", "2008-06-30": "1.65600", "2008-03-31": "-1.40700", "2007-12-31": "2.10300", "2007-09-30": "-1.21400", "2007-06-30": "0.45000", "2007-03-31": "-4.30000", "2006-12-31": "2.22800", "2006-09-30": "1.07000", "2006-06-30": "1.06000", "2006-03-31": "-27.37500", "2005-12-31": "0.56400", "2005-09-30": "-7.22800", "2005-06-30": "-1.09100", "2005-03-31": "-0.21100"}, "Operating Expenses": {"2020-12-31": "2207.00000", "2020-09-30": "2068.00000", "2020-06-30": "1544.00000", "2020-03-31": "1647.00000", "2019-12-31": "1563.00000", "2019-09-30": "1643.00000", "2019-06-30": "1646.00000", "2019-03-31": "1643.00000", "2018-12-31": "1619.00000", "2018-09-30": "1585.00000", "2018-06-30": "1614.00000", "2018-03-31": "1612.00000", "2017-12-31": "1596.00000", "2017-09-30": "1558.00000", "2017-06-30": "1545.00000", "2017-03-31": "1538.00000", "2016-12-31": "1284.00000", "2016-09-30": "1563.00000", "2016-06-30": "1484.00000", "2016-03-31": "1606.00000", "2015-12-31": "1610.00000", "2015-09-30": "1249.00000", "2015-06-30": "1624.00000", "2015-03-31": "1611.00000", "2014-12-31": "1626.00000", "2014-09-30": "1648.00000", "2014-06-30": "1640.00000", "2014-03-31": "1538.00000", "2013-12-31": "1486.00000", "2013-09-30": "1099.00000", "2013-06-30": "1526.00000", "2013-03-31": "1560.00000", "2012-12-31": "1508.99400", "2012-09-30": "1517.12800", "2012-06-30": "1545.00000", "2012-03-31": "1610.87800", "2011-12-31": "1443.68400", "2011-09-30": "1584.35200", "2011-06-30": "1586.34700", "2011-03-31": "1790.61700", "2010-12-31": "1432.97500", "2010-09-30": "1527.78800", "2010-06-30": "1508.83300", "2010-03-31": "1506.94100", "2009-12-31": "1517.88000", "2009-09-30": "1548.86600", "2009-06-30": "1542.44300", "2009-03-31": "1486.94300", "2008-12-31": "1483.24900", "2008-09-30": "1509.66800", "2008-06-30": "1529.77800", "2008-03-31": "1504.37600", "2007-12-31": "1458.40800", "2007-09-30": "1461.07800", "2007-06-30": "1368.74700", "2007-03-31": "1325.33800", "2006-12-31": "1270.09800", "2006-09-30": "1290.34100", "2006-06-30": "1285.75600", "2006-03-31": "1294.38700", "2005-12-31": "1132.46900", "2005-09-30": "1110.76100", "2005-06-30": "1116.37600", "2005-03-31": "1089.57200"}, "Operating Income": {"2020-12-31": "795.00000", "2020-09-30": "718.00000", "2020-06-30": "283.00000", "2020-03-31": "175.00000", "2019-12-31": "363.00000", "2019-09-30": "313.00000", "2019-06-30": "307.00000", "2019-03-31": "248.00000", "2018-12-31": "220.00000", "2018-09-30": "304.00000", "2018-06-30": "305.00000", "2018-03-31": "272.00000", "2017-12-31": "269.00000", "2017-09-30": "298.00000", "2017-06-30": "319.00000", "2017-03-31": "279.00000", "2016-12-31": "276.00000", "2016-09-30": "322.00000", "2016-06-30": "422.00000", "2016-03-31": "257.00000", "2015-12-31": "239.00000", "2015-09-30": "631.00000", "2015-06-30": "301.00000", "2015-03-31": "228.00000", "2014-12-31": "257.00000", "2014-09-30": "256.00000", "2014-06-30": "262.00000", "2014-03-31": "208.00000", "2013-12-31": "270.00000", "2013-09-30": "689.00000", "2013-06-30": "289.00000", "2013-03-31": "227.00000", "2012-12-31": "265.20870", "2012-09-30": "304.62000", "2012-06-30": "333.35220", "2012-03-31": "297.81910", "2011-12-31": "317.13280", "2011-09-30": "322.05310", "2011-06-30": "316.85390", "2011-03-31": "30.96000", "2010-12-31": "282.25980", "2010-09-30": "336.86710", "2010-06-30": "365.89400", "2010-03-31": "298.56200", "2009-12-31": "330.39310", "2009-09-30": "348.27990", "2009-06-30": "359.37500", "2009-03-31": "321.06300", "2008-12-31": "317.05690", "2008-09-30": "316.93490", "2008-06-30": "308.12300", "2008-03-31": "280.26100", "2007-12-31": "312.06580", "2007-09-30": "305.99190", "2007-06-30": "272.40890", "2007-03-31": "200.87000", "2006-12-31": "279.17210", "2006-09-30": "292.86100", "2006-06-30": "297.32600", "2006-03-31": "258.71800", "2005-12-31": "266.12710", "2005-09-30": "250.35500", "2005-06-30": "261.15320", "2005-03-31": "229.91300"}, "Total Non-Operating Income/Expense": {"2020-12-31": "-37.00000", "2020-09-30": "35.00000", "2020-06-30": "-28.00000", "2020-03-31": "-57.00000", "2019-12-31": "-35.00000", "2019-09-30": "-43.00000", "2019-06-30": "-42.00000", "2019-03-31": "-35.00000", "2018-12-31": "-53.00000", "2018-09-30": "-38.00000", "2018-06-30": "-41.00000", "2018-03-31": "-43.00000", "2017-12-31": "-35.00000", "2017-09-30": "-40.00000", "2017-06-30": "-27.00000", "2017-03-31": "-33.00000", "2016-12-31": "-34.00000", "2016-09-30": "-33.00000", "2016-06-30": "-39.00000", "2016-03-31": "-85.00000", "2015-12-31": "-33.00000", "2015-09-30": "-39.00000", "2015-06-30": "-101.00000", "2015-03-31": "-123.00000", "2014-12-31": "-53.00000", "2014-09-30": "-42.00000", "2014-06-30": "-33.00000", "2014-03-31": "-32.00000", "2013-12-31": "-56.00000", "2013-09-30": "-32.00000", "2013-06-30": "-33.00000", "2013-03-31": "-30.00000", "2012-12-31": "-33.98500", "2012-09-30": "-33.64500", "2012-06-30": "-35.63300", "2012-03-31": "-29.73700", "2011-12-31": "-32.13600", "2011-09-30": "-38.78400", "2011-06-30": "-39.05800", "2011-03-31": "-28.02200", "2010-12-31": "-24.67000", "2010-09-30": "-25.84900", "2010-06-30": "-36.10100", "2010-03-31": "-21.97900", "2009-12-31": "-38.03000", "2009-09-30": "-22.04300", "2009-06-30": "-37.55900", "2009-03-31": "-33.54700", "2008-12-31": "-45.75900", "2008-09-30": "-48.01300", "2008-06-30": "-37.29200", "2008-03-31": "-40.65500", "2007-12-31": "-31.83500", "2007-09-30": "-58.26700", "2007-06-30": "-38.57700", "2007-03-31": "-23.74500", "2006-12-31": "-31.22300", "2006-09-30": "-25.59500", "2006-06-30": "-34.53700", "2006-03-31": "-3.44900", "2005-12-31": "-18.76900", "2005-09-30": "-17.12800", "2005-06-30": "-11.81600", "2005-03-31": "-9.82700"}, "Pre-Tax Income": {"2020-12-31": "758.00000", "2020-09-30": "753.00000", "2020-06-30": "255.00000", "2020-03-31": "118.00000", "2019-12-31": "328.00000", "2019-09-30": "270.00000", "2019-06-30": "265.00000", "2019-03-31": "213.00000", "2018-12-31": "167.00000", "2018-09-30": "266.00000", "2018-06-30": "264.00000", "2018-03-31": "229.00000", "2017-12-31": "234.00000", "2017-09-30": "258.00000", "2017-06-30": "292.00000", "2017-03-31": "246.00000", "2016-12-31": "242.00000", "2016-09-30": "289.00000", "2016-06-30": "383.00000", "2016-03-31": "172.00000", "2015-12-31": "206.00000", "2015-09-30": "592.00000", "2015-06-30": "200.00000", "2015-03-31": "105.00000", "2014-12-31": "204.00000", "2014-09-30": "214.00000", "2014-06-30": "229.00000", "2014-03-31": "176.00000", "2013-12-31": "214.00000", "2013-09-30": "657.00000", "2013-06-30": "256.00000", "2013-03-31": "197.00000", "2012-12-31": "231.22400", "2012-09-30": "270.97500", "2012-06-30": "297.71900", "2012-03-31": "268.08200", "2011-12-31": "284.99700", "2011-09-30": "283.26900", "2011-06-30": "277.79600", "2011-03-31": "2.93800", "2010-12-31": "257.59000", "2010-09-30": "311.01800", "2010-06-30": "329.79300", "2010-03-31": "276.58300", "2009-12-31": "292.36300", "2009-09-30": "326.23700", "2009-06-30": "321.81600", "2009-03-31": "287.51600", "2008-12-31": "271.29800", "2008-09-30": "268.92200", "2008-06-30": "270.83100", "2008-03-31": "239.60600", "2007-12-31": "280.23000", "2007-09-30": "247.72500", "2007-06-30": "233.83200", "2007-03-31": "177.12500", "2006-12-31": "247.94900", "2006-09-30": "267.26600", "2006-06-30": "262.78900", "2006-03-31": "255.26900", "2005-12-31": "247.35800", "2005-09-30": "233.22700", "2005-06-30": "249.33700", "2005-03-31": "220.08600"}, "Income Taxes": {"2020-12-31": "191.00000", "2020-09-30": "177.00000", "2020-06-30": "66.00000", "2020-03-31": "26.00000", "2019-12-31": "72.00000", "2019-09-30": "62.00000", "2019-06-30": "63.00000", "2019-03-31": "50.00000", "2018-12-31": "40.00000", "2018-09-30": "48.00000", "2018-06-30": "42.00000", "2018-03-31": "52.00000", "2017-12-31": "-23.00000", "2017-09-30": "92.00000", "2017-06-30": "94.00000", "2017-03-31": "78.00000", "2016-12-31": "84.00000", "2016-09-30": "95.00000", "2016-06-30": "183.00000", "2016-03-31": "67.00000", "2015-12-31": "14.00000", "2015-09-30": "239.00000", "2015-06-30": "78.00000", "2015-03-31": "42.00000", "2014-12-31": "28.00000", "2014-09-30": "82.00000", "2014-06-30": "87.00000", "2014-03-31": "65.00000", "2013-12-31": "87.00000", "2013-09-30": "245.00000", "2013-06-30": "95.00000", "2013-03-31": "73.00000", "2012-12-31": "81.73400", "2012-09-30": "103.97800", "2012-06-30": "113.72600", "2012-03-31": "102.56200", "2011-12-31": "98.88600", "2011-09-30": "101.12600", "2011-06-30": "105.76200", "2011-03-31": "49.22600", "2010-12-31": "96.19600", "2010-09-30": "102.90200", "2010-06-30": "125.65100", "2010-03-31": "105.37800", "2009-12-31": "101.60500", "2009-09-30": "125.14500", "2009-06-30": "123.53500", "2009-03-31": "110.18900", "2008-12-31": "93.48100", "2008-09-30": "100.64200", "2008-06-30": "100.78700", "2008-03-31": "91.85800", "2007-12-31": "99.71100", "2007-09-30": "97.40000", "2007-06-30": "91.85300", "2007-03-31": "69.61000", "2006-12-31": "96.67400", "2006-09-30": "103.41300", "2006-06-30": "106.82800", "2006-03-31": "100.66600", "2005-12-31": "94.69600", "2005-09-30": "93.39300", "2005-06-30": "100.24800", "2005-03-31": "88.47500"}, "Income After Taxes": {"2020-12-31": "567.00000", "2020-09-30": "576.00000", "2020-06-30": "189.00000", "2020-03-31": "92.00000", "2019-12-31": "256.00000", "2019-09-30": "208.00000", "2019-06-30": "202.00000", "2019-03-31": "163.00000", "2018-12-31": "127.00000", "2018-09-30": "218.00000", "2018-06-30": "222.00000", "2018-03-31": "177.00000", "2017-12-31": "257.00000", "2017-09-30": "166.00000", "2017-06-30": "198.00000", "2017-03-31": "168.00000", "2016-12-31": "158.00000", "2016-09-30": "194.00000", "2016-06-30": "200.00000", "2016-03-31": "105.00000", "2015-12-31": "192.00000", "2015-09-30": "353.00000", "2015-06-30": "122.00000", "2015-03-31": "63.00000", "2014-12-31": "176.00000", "2014-09-30": "132.00000", "2014-06-30": "142.00000", "2014-03-31": "111.00000", "2013-12-31": "127.00000", "2013-09-30": "412.00000", "2013-06-30": "161.00000", "2013-03-31": "124.00000", "2012-12-31": "149.49000", "2012-09-30": "166.99700", "2012-06-30": "183.99300", "2012-03-31": "165.52000", "2011-12-31": "186.11100", "2011-09-30": "182.14300", "2011-06-30": "172.03400", "2011-03-31": "-46.28800", "2010-12-31": "161.39400", "2010-09-30": "208.11600", "2010-06-30": "204.14200", "2010-03-31": "171.20500", "2009-12-31": "190.75800", "2009-09-30": "201.09200", "2009-06-30": "198.28100", "2009-03-31": "177.32700", "2008-12-31": "177.81700", "2008-09-30": "168.28000", "2008-06-30": "170.04400", "2008-03-31": "147.74800", "2007-12-31": "180.51900", "2007-09-30": "150.32500", "2007-06-30": "141.97900", "2007-03-31": "107.51500", "2006-12-31": "151.27500", "2006-09-30": "163.85300", "2006-06-30": "155.96100", "2006-03-31": "154.60300", "2005-12-31": "152.66200", "2005-09-30": "139.83400", "2005-06-30": "149.08900", "2005-03-31": "131.61100"}, "Other Income": {"2020-12-31": "", "2020-09-30": "", "2020-06-30": "", "2020-03-31": "", "2019-12-31": "", "2019-09-30": "", "2019-06-30": "", "2019-03-31": "", "2018-12-31": "", "2018-09-30": "", "2018-06-30": "", "2018-03-31": "", "2017-12-31": "", "2017-09-30": "", "2017-06-30": "", "2017-03-31": "", "2016-12-31": "", "2016-09-30": "", "2016-06-30": "", "2016-03-31": "", "2015-12-31": "", "2015-09-30": "", "2015-06-30": "", "2015-03-31": "", "2014-12-31": "", "2014-09-30": "", "2014-06-30": "", "2014-03-31": "", "2013-12-31": "", "2013-09-30": "", "2013-06-30": "", "2013-03-31": "", "2012-12-31": "", "2012-09-30": "", "2012-06-30": "", "2012-03-31": "", "2011-12-31": "", "2011-09-30": "", "2011-06-30": "", "2011-03-31": "", "2010-12-31": "", "2010-09-30": "", "2010-06-30": "", "2010-03-31": "", "2009-12-31": "", "2009-09-30": "", "2009-06-30": "", "2009-03-31": "", "2008-12-31": "", "2008-09-30": "", "2008-06-30": "", "2008-03-31": "", "2007-12-31": "", "2007-09-30": "", "2007-06-30": "", "2007-03-31": "", "2006-12-31": "", "2006-09-30": "", "2006-06-30": "", "2006-03-31": "", "2005-12-31": "", "2005-09-30": "", "2005-06-30": "", "2005-03-31": ""}, "Income From Continuous Operations": {"2020-12-31": "609.00000", "2020-09-30": "591.00000", "2020-06-30": "193.00000", "2020-03-31": "106.00000", "2019-12-31": "265.00000", "2019-09-30": "226.00000", "2019-06-30": "219.00000", "2019-03-31": "176.00000", "2018-12-31": "139.00000", "2018-09-30": "227.00000", "2018-06-30": "233.00000", "2018-03-31": "189.00000", "2017-12-31": "267.00000", "2017-09-30": "175.00000", "2017-06-30": "207.00000", "2017-03-31": "175.00000", "2016-12-31": "167.00000", "2016-09-30": "205.00000", "2016-06-30": "209.00000", "2016-03-31": "115.00000", "2015-12-31": "200.00000", "2015-09-30": "354.00000", "2015-06-30": "129.00000", "2015-03-31": "70.00000", "2014-12-31": "195.00000", "2014-09-30": "139.00000", "2014-06-30": "142.00000", "2014-03-31": "111.00000", "2013-12-31": "151.00000", "2013-09-30": "412.00000", "2013-06-30": "161.00000", "2013-03-31": "124.00000", "2012-12-31": "149.49000", "2012-09-30": "166.99700", "2012-06-30": "183.99300", "2012-03-31": "165.52000", "2011-12-31": "186.11100", "2011-09-30": "182.14300", "2011-06-30": "172.03400", "2011-03-31": "-46.28800", "2010-12-31": "161.39400", "2010-09-30": "208.11600", "2010-06-30": "204.14200", "2010-03-31": "171.20500", "2009-12-31": "190.75800", "2009-09-30": "201.09200", "2009-06-30": "198.28100", "2009-03-31": "177.32700", "2008-12-31": "177.81700", "2008-09-30": "168.28000", "2008-06-30": "170.04400", "2008-03-31": "147.74800", "2007-12-31": "180.51900", "2007-09-30": "150.32500", "2007-06-30": "141.97900", "2007-03-31": "107.51500", "2006-12-31": "151.27500", "2006-09-30": "163.85300", "2006-06-30": "155.96100", "2006-03-31": "154.60300", "2005-12-31": "152.66200", "2005-09-30": "139.83400", "2005-06-30": "149.08900", "2005-03-31": "131.61100"}, "Income From Discontinued Operations": {"2020-12-31": "", "2020-09-30": "", "2020-06-30": "", "2020-03-31": "", "2019-12-31": "", "2019-09-30": "", "2019-06-30": "20.00000", "2019-03-31": "", "2018-12-31": "", "2018-09-30": "", "2018-06-30": "", "2018-03-31": "", "2017-12-31": "", "2017-09-30": "", "2017-06-30": "", "2017-03-31": "", "2016-12-31": "", "2016-09-30": "", "2016-06-30": "", "2016-03-31": "", "2015-12-31": "", "2015-09-30": "", "2015-06-30": "", "2015-03-31": "", "2014-12-31": "", "2014-09-30": "", "2014-06-30": "", "2014-03-31": "", "2013-12-31": "", "2013-09-30": "2.00000", "2013-06-30": "13.00000", "2013-03-31": "20.00000", "2012-12-31": "-84.01600", "2012-09-30": "4.54100", "2012-06-30": "2.48000", "2012-03-31": "2.99500", "2011-12-31": "13.13100", "2011-09-30": "-0.25000", "2011-06-30": "-0.50700", "2011-03-31": "-0.37400", "2010-12-31": "12.83800", "2010-09-30": "-0.36000", "2010-06-30": "-0.26600", "2010-03-31": "-0.05200", "2009-12-31": "-0.19600", "2009-09-30": "0.54300", "2009-06-30": "0.08800", "2009-03-31": "-1.67100", "2008-12-31": "0.21700", "2008-09-30": "-48.93400", "2008-06-30": "-0.89000", "2008-03-31": "-1.08700", "2007-12-31": "-159.26000", "2007-09-30": "-52.36000", "2007-06-30": "-0.64700", "2007-03-31": "-1.62200", "2006-12-31": "-1.98900", "2006-09-30": "-3.33100", "2006-06-30": "-23.98400", "2006-03-31": "-9.96700", "2005-12-31": "-22.33300", "2005-09-30": "-4.58600", "2005-06-30": "", "2005-03-31": ""}, "Net Income": {"2020-12-31": "579.00000", "2020-09-30": "568.00000", "2020-06-30": "185.00000", "2020-03-31": "99.00000", "2019-12-31": "253.00000", "2019-09-30": "215.00000", "2019-06-30": "226.00000", "2019-03-31": "164.00000", "2018-12-31": "127.00000", "2018-09-30": "213.00000", "2018-06-30": "219.00000", "2018-03-31": "177.00000", "2017-12-31": "254.00000", "2017-09-30": "161.00000", "2017-06-30": "193.00000", "2017-03-31": "164.00000", "2016-12-31": "152.00000", "2016-09-30": "192.00000", "2016-06-30": "195.00000", "2016-03-31": "103.00000", "2015-12-31": "185.00000", "2015-09-30": "342.00000", "2015-06-30": "118.00000", "2015-03-31": "61.00000", "2014-12-31": "190.00000", "2014-09-30": "129.00000", "2014-06-30": "133.00000", "2014-03-31": "104.00000", "2013-12-31": "143.00000", "2013-09-30": "405.00000", "2013-06-30": "165.00000", "2013-03-31": "136.00000", "2012-12-31": "56.09500", "2012-09-30": "163.08200", "2012-06-30": "177.70500", "2012-03-31": "159.11800", "2011-12-31": "189.87000", "2011-09-30": "171.84800", "2011-06-30": "163.14300", "2011-03-31": "-53.86100", "2010-12-31": "165.75600", "2010-09-30": "198.07500", "2010-06-30": "194.61500", "2010-03-31": "162.44800", "2009-12-31": "181.59000", "2009-09-30": "192.21900", "2009-06-30": "188.20000", "2009-03-31": "167.10200", "2008-12-31": "169.81300", "2008-09-30": "110.74200", "2008-06-30": "161.32800", "2008-03-31": "139.60700", "2007-12-31": "-5.25100", "2007-09-30": "97.96500", "2007-06-30": "141.33200", "2007-03-31": "105.89300", "2006-12-31": "149.28600", "2006-09-30": "160.52200", "2006-06-30": "131.97700", "2006-03-31": "144.63600", "2005-12-31": "130.32900", "2005-09-30": "135.24800", "2005-06-30": "149.08900", "2005-03-31": "131.61100"}, "EBITDA": {"2020-12-31": "", "2020-09-30": "807.00000", "2020-06-30": "372.00000", "2020-03-31": "260.00000", "2019-12-31": "445.00000", "2019-09-30": "395.00000", "2019-06-30": "388.00000", "2019-03-31": "332.00000", "2018-12-31": "301.00000", "2018-09-30": "381.00000", "2018-06-30": "382.00000", "2018-03-31": "346.00000", "2017-12-31": "342.00000", "2017-09-30": "367.00000", "2017-06-30": "385.00000", "2017-03-31": "341.00000", "2016-12-31": "339.00000", "2016-09-30": "385.00000", "2016-06-30": "483.00000", "2016-03-31": "319.00000", "2015-12-31": "313.00000", "2015-09-30": "708.00000", "2015-06-30": "376.00000", "2015-03-31": "306.00000", "2014-12-31": "336.00000", "2014-09-30": "335.00000", "2014-06-30": "343.00000", "2014-03-31": "283.00000", "2013-12-31": "342.00000", "2013-09-30": "758.00000", "2013-06-30": "361.00000", "2013-03-31": "297.00000", "2012-12-31": "336.90880", "2012-09-30": "375.89100", "2012-06-30": "405.20720", "2012-03-31": "369.99310", "2011-12-31": "388.70180", "2011-09-30": "395.40010", "2011-06-30": "389.57290", "2011-03-31": "94.32500", "2010-12-31": "345.77980", "2010-09-30": "401.00410", "2010-06-30": "428.86800", "2010-03-31": "361.89500", "2009-12-31": "393.41810", "2009-09-30": "411.89490", "2009-06-30": "424.56200", "2009-03-31": "385.92300", "2008-12-31": "382.82190", "2008-09-30": "383.07890", "2008-06-30": "375.54800", "2008-03-31": "345.52000", "2007-12-31": "380.68780", "2007-09-30": "370.01590", "2007-06-30": "327.30690", "2007-03-31": "251.20500", "2006-12-31": "328.56210", "2006-09-30": "342.24900", "2006-06-30": "346.88600", "2006-03-31": "307.77800", "2005-12-31": "313.26510", "2005-09-30": "293.81000", "2005-06-30": "304.15620", "2005-03-31": "272.44100"}, "EBIT": {"2020-12-31": "795.00000", "2020-09-30": "718.00000", "2020-06-30": "283.00000", "2020-03-31": "175.00000", "2019-12-31": "363.00000", "2019-09-30": "313.00000", "2019-06-30": "307.00000", "2019-03-31": "248.00000", "2018-12-31": "220.00000", "2018-09-30": "304.00000", "2018-06-30": "305.00000", "2018-03-31": "272.00000", "2017-12-31": "269.00000", "2017-09-30": "298.00000", "2017-06-30": "319.00000", "2017-03-31": "279.00000", "2016-12-31": "276.00000", "2016-09-30": "322.00000", "2016-06-30": "422.00000", "2016-03-31": "257.00000", "2015-12-31": "239.00000", "2015-09-30": "631.00000", "2015-06-30": "301.00000", "2015-03-31": "228.00000", "2014-12-31": "257.00000", "2014-09-30": "256.00000", "2014-06-30": "262.00000", "2014-03-31": "208.00000", "2013-12-31": "270.00000", "2013-09-30": "689.00000", "2013-06-30": "289.00000", "2013-03-31": "227.00000", "2012-12-31": "265.20870", "2012-09-30": "304.62000", "2012-06-30": "333.35220", "2012-03-31": "297.81910", "2011-12-31": "317.13310", "2011-09-30": "322.05310", "2011-06-30": "316.85390", "2011-03-31": "30.96000", "2010-12-31": "282.25990", "2010-09-30": "336.86710", "2010-06-30": "365.89400", "2010-03-31": "298.56200", "2009-12-31": "330.39290", "2009-09-30": "348.27990", "2009-06-30": "359.37500", "2009-03-31": "321.06300", "2008-12-31": "317.05700", "2008-09-30": "316.93490", "2008-06-30": "308.12300", "2008-03-31": "280.26100", "2007-12-31": "312.06560", "2007-09-30": "305.99190", "2007-06-30": "272.40890", "2007-03-31": "200.87000", "2006-12-31": "279.17210", "2006-09-30": "292.86100", "2006-06-30": "297.32600", "2006-03-31": "258.71800", "2005-12-31": "266.12720", "2005-09-30": "250.35500", "2005-06-30": "261.15320", "2005-03-31": "229.91300"}, "Basic Shares Outstanding": {"2020-12-31": "135.00000", "2020-09-30": "135.00000", "2020-06-30": "134.00000", "2020-03-31": "134.00000", "2019-12-31": "134.00000", "2019-09-30": "135.00000", "2019-06-30": "135.00000", "2019-03-31": "134.00000", "2018-12-31": "136.00000", "2018-09-30": "136.00000", "2018-06-30": "136.00000", "2018-03-31": "136.00000", "2017-12-31": "137.00000", "2017-09-30": "137.00000", "2017-06-30": "137.00000", "2017-03-31": "137.00000", "2016-12-31": "140.00000", "2016-09-30": "139.00000", "2016-06-30": "140.00000", "2016-03-31": "143.00000", "2015-12-31": "144.00000", "2015-09-30": "144.00000", "2015-06-30": "144.00000", "2015-03-31": "144.00000", "2014-12-31": "145.00000", "2014-09-30": "145.00000", "2014-06-30": "144.00000", "2014-03-31": "144.00000", "2013-12-31": "152.00000", "2013-09-30": "150.00000", "2013-06-30": "153.00000", "2013-03-31": "158.00000", "2012-12-31": "159.00000", "2012-09-30": "158.78300", "2012-06-30": "158.47700", "2012-03-31": "158.29300", "2011-12-31": "159.00000", "2011-09-30": "157.81600", "2011-06-30": "157.60700", "2011-03-31": "161.48900", "2010-12-31": "175.68400", "2010-09-30": "173.22900", "2010-06-30": "178.92000", "2010-03-31": "180.21900", "2009-12-31": "185.94800", "2009-09-30": "185.12400", "2009-06-30": "185.26600", "2009-03-31": "189.37000", "2008-12-31": "194.28300", "2008-09-30": "194.97100", "2008-06-30": "194.52700", "2008-03-31": "194.14300", "2007-12-31": "193.24100", "2007-09-30": "193.37700", "2007-06-30": "192.65100", "2007-03-31": "193.37900", "2006-12-31": "196.98500", "2006-09-30": "197.16400", "2006-06-30": "198.01300", "2006-03-31": "198.39500", "2005-12-31": "201.83300", "2005-09-30": "202.68100", "2005-06-30": "202.59700", "2005-03-31": "201.71900"}, "Shares Outstanding": {"2020-12-31": "137.00000", "2020-09-30": "137.00000", "2020-06-30": "136.00000", "2020-03-31": "135.00000", "2019-12-31": "136.00000", "2019-09-30": "137.00000", "2019-06-30": "136.00000", "2019-03-31": "136.00000", "2018-12-31": "139.00000", "2018-09-30": "139.00000", "2018-06-30": "139.00000", "2018-03-31": "139.00000", "2017-12-31": "140.00000", "2017-09-30": "140.00000", "2017-06-30": "140.00000", "2017-03-31": "141.00000", "2016-12-31": "142.00000", "2016-09-30": "142.00000", "2016-06-30": "142.00000", "2016-03-31": "144.00000", "2015-12-31": "145.00000", "2015-09-30": "145.00000", "2015-06-30": "145.00000", "2015-03-31": "146.00000", "2014-12-31": "145.00000", "2014-09-30": "145.00000", "2014-06-30": "145.00000", "2014-03-31": "145.00000", "2013-12-31": "153.00000", "2013-09-30": "151.00000", "2013-06-30": "154.00000", "2013-03-31": "159.00000", "2012-12-31": "160.00000", "2012-09-30": "160.70200", "2012-06-30": "159.78400", "2012-03-31": "159.70600", "2011-12-31": "160.00000", "2011-09-30": "159.00200", "2011-06-30": "159.35200", "2011-03-31": "161.48900", "2010-12-31": "177.32000", "2010-09-30": "174.31500", "2010-06-30": "180.76000", "2010-03-31": "182.38300", "2009-12-31": "187.79800", "2009-09-30": "187.16400", "2009-06-30": "187.00300", "2009-03-31": "190.69800", "2008-12-31": "195.95900", "2008-09-30": "197.19000", "2008-06-30": "196.11900", "2008-03-31": "195.78300", "2007-12-31": "195.26200", "2007-09-30": "195.58900", "2007-06-30": "194.47600", "2007-03-31": "195.26300", "2006-12-31": "199.54200", "2006-09-30": "200.12900", "2006-06-30": "200.58600", "2006-03-31": "201.03400", "2005-12-31": "205.53000", "2005-09-30": "206.12600", "2005-06-30": "206.55400", "2005-03-31": "206.14200"}, "Basic EPS": {"2020-12-31": "4.28000", "2020-09-30": "4.20000", "2020-06-30": "1.38000", "2020-03-31": "0.74000", "2019-12-31": "1.88000", "2019-09-30": "1.59000", "2019-06-30": "1.67000", "2019-03-31": "1.22000", "2018-12-31": "0.93000", "2018-09-30": "1.56000", "2018-06-30": "1.60000", "2018-03-31": "1.30000", "2017-12-31": "1.86000", "2017-09-30": "1.18000", "2017-06-30": "1.40000", "2017-03-31": "1.19000", "2016-12-31": "1.11000", "2016-09-30": "1.37000", "2016-06-30": "1.38000", "2016-03-31": "0.72000", "2015-12-31": "1.31000", "2015-09-30": "2.37000", "2015-06-30": "0.82000", "2015-03-31": "0.42000", "2014-12-31": "1.30000", "2014-09-30": "0.89000", "2014-06-30": "0.92000", "2014-03-31": "0.72000", "2013-12-31": "0.95000", "2013-09-30": "2.70000", "2013-06-30": "1.07000", "2013-03-31": "0.86000", "2012-12-31": "0.35000", "2012-09-30": "1.02000", "2012-06-30": "1.12000", "2012-03-31": "1.00000", "2011-12-31": "1.17000", "2011-09-30": "1.08000", "2011-06-30": "1.03000", "2011-03-31": "-0.33000", "2010-12-31": "0.96000", "2010-09-30": "1.14000", "2010-06-30": "1.08000", "2010-03-31": "0.90000", "2009-12-31": "0.99000", "2009-09-30": "1.03000", "2009-06-30": "1.01000", "2009-03-31": "0.88000", "2008-12-31": "0.87000", "2008-09-30": "0.57000", "2008-06-30": "0.83000", "2008-03-31": "0.72000", "2007-12-31": "-0.04000", "2007-09-30": "0.51000", "2007-06-30": "0.74000", "2007-03-31": "0.55000", "2006-12-31": "0.77000", "2006-09-30": "0.81000", "2006-06-30": "0.67000", "2006-03-31": "0.73000", "2005-12-31": "0.65000", "2005-09-30": "0.67000", "2005-06-30": "0.74000", "2005-03-31": "0.65000"}, "EPS - Earnings Per Share": {"2020-12-31": "4.21000", "2020-09-30": "4.14000", "2020-06-30": "1.36000", "2020-03-31": "0.73000", "2019-12-31": "1.86000", "2019-09-30": "1.56000", "2019-06-30": "1.66000", "2019-03-31": "1.20000", "2018-12-31": "0.92000", "2018-09-30": "1.53000", "2018-06-30": "1.57000", "2018-03-31": "1.27000", "2017-12-31": "1.82000", "2017-09-30": "1.15000", "2017-06-30": "1.37000", "2017-03-31": "1.16000", "2016-12-31": "1.09000", "2016-09-30": "1.34000", "2016-06-30": "1.37000", "2016-03-31": "0.71000", "2015-12-31": "1.29000", "2015-09-30": "2.35000", "2015-06-30": "0.81000", "2015-03-31": "0.42000", "2014-12-31": "1.30000", "2014-09-30": "0.88000", "2014-06-30": "0.92000", "2014-03-31": "0.71000", "2013-12-31": "0.94000", "2013-09-30": "2.68000", "2013-06-30": "1.07000", "2013-03-31": "0.85000", "2012-12-31": "0.35000", "2012-09-30": "1.01000", "2012-06-30": "1.11000", "2012-03-31": "0.99000", "2011-12-31": "1.16000", "2011-09-30": "1.07000", "2011-06-30": "1.02000", "2011-03-31": "-0.33000", "2010-12-31": "0.96000", "2010-09-30": "1.13000", "2010-06-30": "1.07000", "2010-03-31": "0.89000", "2009-12-31": "0.97000", "2009-09-30": "1.02000", "2009-06-30": "1.00000", "2009-03-31": "0.88000", "2008-12-31": "0.87000", "2008-09-30": "0.56000", "2008-06-30": "0.82000", "2008-03-31": "0.71000", "2007-12-31": "-0.03000", "2007-09-30": "0.50000", "2007-06-30": "0.73000", "2007-03-31": "0.54000", "2006-12-31": "0.76000", "2006-09-30": "0.80000", "2006-06-30": "0.66000", "2006-03-31": "0.72000", "2005-12-31": "0.64000", "2005-09-30": "0.66000", "2005-06-30": "0.72000", "2005-03-31": "0.64000"}}, "balance sheet": {"Cash On Hand": {"2020-12-31": "1158.00000", "2019-12-31": "1192.00000", "2018-12-31": "135.00000", "2017-12-31": "137.00000", "2016-12-31": "359.00000", "2015-12-31": "133.00000", "2014-12-31": "192.00000", "2013-12-31": "187.00000", "2012-12-31": "296.00000", "2011-12-31": "164.88600", "2010-12-31": "449.30100", "2009-12-31": "534.25600", "2008-12-31": "253.94600", "2007-12-31": "167.59400", "2006-12-31": "149.64000", "2005-12-31": "92.13000"}, "Receivables": {"2020-12-31": "1520.00000", "2019-12-31": "1063.00000", "2018-12-31": "1012.00000", "2017-12-31": "924.00000", "2016-12-31": "926.00000", "2015-12-31": "901.00000", "2014-12-31": "932.00000", "2013-12-31": "852.00000", "2012-12-31": "867.00000", "2011-12-31": "906.45500", "2010-12-31": "845.29900", "2009-12-31": "827.34300", "2008-12-31": "832.87300", "2007-12-31": "881.96700", "2006-12-31": "774.41400", "2005-12-31": "732.90700"}, "Inventory": {"2020-12-31": "223.00000", "2019-12-31": "123.00000", "2018-12-31": "99.00000", "2017-12-31": "95.00000", "2016-12-31": "82.00000", "2015-12-31": "84.00000", "2014-12-31": "110.00000", "2013-12-31": "91.00000", "2012-12-31": "93.00000", "2011-12-31": "89.13200", "2010-12-31": "76.57200", "2009-12-31": "91.38600", "2008-12-31": "102.12500", "2007-12-31": "95.23400", "2006-12-31": "78.56400", "2005-12-31": "77.93900"}, "Pre-Paid Expenses": {"2020-12-31": "157.00000", "2019-12-31": "112.00000", "2018-12-31": "144.00000", "2017-12-31": "150.00000", "2016-12-31": "155.00000", "2015-12-31": "207.00000", "2014-12-31": "186.00000", "2013-12-31": "105.00000", "2012-12-31": "91.00000", "2011-12-31": "87.45900", "2010-12-31": "91.77500", "2009-12-31": "94.64000", "2008-12-31": "89.45600", "2007-12-31": "79.72100", "2006-12-31": "67.86000", "2005-12-31": "59.07900"}, "Other Current Assets": {"2020-12-31": "", "2019-12-31": "", "2018-12-31": "", "2017-12-31": "", "2016-12-31": "9.00000", "2015-12-31": "176.00000", "2014-12-31": "14.00000", "2013-12-31": "", "2012-12-31": "40.00000", "2011-12-31": "", "2010-12-31": "", "2009-12-31": "", "2008-12-31": "", "2007-12-31": "", "2006-12-31": "", "2005-12-31": ""}, "Total Current Assets": {"2020-12-31": "3058.00000", "2019-12-31": "2490.00000", "2018-12-31": "1390.00000", "2017-12-31": "1306.00000", "2016-12-31": "1531.00000", "2015-12-31": "1501.00000", "2014-12-31": "1603.00000", "2013-12-31": "1383.00000", "2012-12-31": "1561.00000", "2011-12-31": "1401.26000", "2010-12-31": "1605.41700", "2009-12-31": "1679.42500", "2008-12-31": "1496.81900", "2007-12-31": "1374.35700", "2006-12-31": "1191.01800", "2005-12-31": "1069.49700"}, "Property, Plant, And Equipment": {"2020-12-31": "1627.00000", "2019-12-31": "1453.00000", "2018-12-31": "1288.00000", "2017-12-31": "1145.00000", "2016-12-31": "1029.00000", "2015-12-31": "925.00000", "2014-12-31": "933.00000", "2013-12-31": "805.00000", "2012-12-31": "756.00000", "2011-12-31": "799.77100", "2010-12-31": "834.37600", "2009-12-31": "825.94600", "2008-12-31": "879.68700", "2007-12-31": "911.99800", "2006-12-31": "752.35700", "2005-12-31": "753.66300"}, "Long-Term Investments": {"2020-12-31": "521.00000", "2019-12-31": "482.00000", "2018-12-31": "436.00000", "2017-12-31": "462.00000", "2016-12-31": "443.00000", "2015-12-31": "473.00000", "2014-12-31": "46.00000", "2013-12-31": "", "2012-12-31": "", "2011-12-31": "", "2010-12-31": "", "2009-12-31": "", "2008-12-31": "", "2007-12-31": "", "2006-12-31": "", "2005-12-31": ""}, "Goodwill And Intangible Assets": {"2020-12-31": "8040.00000", "2019-12-31": "7740.00000", "2018-12-31": "7770.00000", "2017-12-31": "7454.00000", "2016-12-31": "6949.00000", "2015-12-31": "6889.00000", "2014-12-31": "7103.00000", "2013-12-31": "6545.00000", "2012-12-31": "6408.00000", "2011-12-31": "6831.37700", "2010-12-31": "5898.34300", "2009-12-31": "5907.60900", "2008-12-31": "5882.32900", "2007-12-31": "6106.83700", "2006-12-31": "3584.39200", "2005-12-31": "3344.61000"}, "Other Long-Term Assets": {"2020-12-31": "176.00000", "2019-12-31": "160.00000", "2018-12-31": "119.00000", "2017-12-31": "136.00000", "2016-12-31": "148.00000", "2015-12-31": "174.00000", "2014-12-31": "172.00000", "2013-12-31": "215.00000", "2012-12-31": "559.00000", "2011-12-31": "280.97100", "2010-12-31": "189.49400", "2009-12-31": "150.66300", "2008-12-31": "144.99500", "2007-12-31": "172.50100", "2006-12-31": "133.71500", "2005-12-31": "138.34500"}, "Total Long-Term Assets": {"2020-12-31": "10968.00000", "2019-12-31": "10353.00000", "2018-12-31": "9613.00000", "2017-12-31": "9197.00000", "2016-12-31": "8569.00000", "2015-12-31": "8461.00000", "2014-12-31": "8254.00000", "2013-12-31": "7565.00000", "2012-12-31": "7723.00000", "2011-12-31": "7912.11900", "2010-12-31": "6922.21300", "2009-12-31": "6884.21800", "2008-12-31": "6907.01100", "2007-12-31": "7191.33600", "2006-12-31": "4470.46400", "2005-12-31": "4236.61800"}, "Total Assets": {"2020-12-31": "14026.00000", "2019-12-31": "12843.00000", "2018-12-31": "11003.00000", "2017-12-31": "10503.00000", "2016-12-31": "10100.00000", "2015-12-31": "9962.00000", "2014-12-31": "9857.00000", "2013-12-31": "8948.00000", "2012-12-31": "9284.00000", "2011-12-31": "9313.37900", "2010-12-31": "8527.63000", "2009-12-31": "8563.64300", "2008-12-31": "8403.83000", "2007-12-31": "8565.69300", "2006-12-31": "5661.48200", "2005-12-31": "5306.11500"}, "Total Current Liabilities": {"2020-12-31": "1776.00000", "2019-12-31": "1990.00000", "2018-12-31": "1485.00000", "2017-12-31": "1057.00000", "2016-12-31": "981.00000", "2015-12-31": "1173.00000", "2014-12-31": "1709.00000", "2013-12-31": "1132.00000", "2012-12-31": "1048.00000", "2011-12-31": "1561.15900", "2010-12-31": "1214.26800", "2009-12-31": "1059.21200", "2008-12-31": "1224.76100", "2007-12-31": "1288.29700", "2006-12-31": "1150.87000", "2005-12-31": "1101.29200"}, "Long Term Debt": {"2020-12-31": "4013.00000", "2019-12-31": "3966.00000", "2018-12-31": "3429.00000", "2017-12-31": "3748.00000", "2016-12-31": "3728.00000", "2015-12-31": "3492.00000", "2014-12-31": "3224.00000", "2013-12-31": "3120.00000", "2012-12-31": "3354.00000", "2011-12-31": "3370.52200", "2010-12-31": "2641.16000", "2009-12-31": "2936.79200", "2008-12-31": "3078.08900", "2007-12-31": "3377.21200", "2006-12-31": "1239.10500", "2005-12-31": "1255.38600"}, "Other Non-Current Liabilities": {"2020-12-31": "847.00000", "2019-12-31": "711.00000", "2018-12-31": "745.00000", "2017-12-31": "663.00000", "2016-12-31": "654.00000", "2015-12-31": "514.00000", "2014-12-31": "594.00000", "2013-12-31": "723.00000", "2012-12-31": "696.00000", "2011-12-31": "666.69900", "2010-12-31": "618.07700", "2009-12-31": "556.17500", "2008-12-31": "475.84600", "2007-12-31": "575.94200", "2006-12-31": "252.33600", "2005-12-31": "186.45300"}, "Total Long Term Liabilities": {"2020-12-31": "5441.00000", "2019-12-31": "5166.00000", "2018-12-31": "4251.00000", "2017-12-31": "4491.00000", "2016-12-31": "4459.00000", "2015-12-31": "4076.00000", "2014-12-31": "3818.00000", "2013-12-31": "3843.00000", "2012-12-31": "4050.00000", "2011-12-31": "4037.22100", "2010-12-31": "3259.23700", "2009-12-31": "3492.96700", "2008-12-31": "3553.93500", "2007-12-31": "3953.15400", "2006-12-31": "1491.44100", "2005-12-31": "1441.83900"}, "Total Liabilities": {"2020-12-31": "7217.00000", "2019-12-31": "7156.00000", "2018-12-31": "5736.00000", "2017-12-31": "5548.00000", "2016-12-31": "5440.00000", "2015-12-31": "5249.00000", "2014-12-31": "5527.00000", "2013-12-31": "4975.00000", "2012-12-31": "5098.00000", "2011-12-31": "5598.38000", "2010-12-31": "4473.50500", "2009-12-31": "4552.17900", "2008-12-31": "4778.69600", "2007-12-31": "5241.45100", "2006-12-31": "2642.31100", "2005-12-31": "2543.13100"}, "Common Stock Net": {"2020-12-31": "2.00000", "2019-12-31": "2.00000", "2018-12-31": "2.00000", "2017-12-31": "2.00000", "2016-12-31": "2.00000", "2015-12-31": "2.00000", "2014-12-31": "2.00000", "2013-12-31": "2.00000", "2012-12-31": "2.00000", "2011-12-31": "2.14600", "2010-12-31": "2.14200", "2009-12-31": "2.14100", "2008-12-31": "2.14100", "2007-12-31": "2.13700", "2006-12-31": "2.13800", "2005-12-31": "2.13700"}, "Retained Earnings (Accumulated Deficit)": {"2020-12-31": "9303.00000", "2019-12-31": "8174.00000", "2018-12-31": "7602.00000", "2017-12-31": "7138.00000", "2016-12-31": "6613.00000", "2015-12-31": "6199.00000", "2014-12-31": "5723.00000", "2013-12-31": "5358.00000", "2012-12-31": "4690.00000", "2011-12-31": "4263.59900", "2010-12-31": "3867.42000", "2009-12-31": "3216.63900", "2008-12-31": "2561.67900", "2007-12-31": "2057.74400", "2006-12-31": "1800.25500", "2005-12-31": "1292.51000"}, "Comprehensive Income": {"2020-12-31": "-21.00000", "2019-12-31": "-39.00000", "2018-12-31": "-59.00000", "2017-12-31": "-48.00000", "2016-12-31": "-72.00000", "2015-12-31": "-38.00000", "2014-12-31": "-27.00000", "2013-12-31": "-8.00000", "2012-12-31": "14.00000", "2011-12-31": "-8.06700", "2010-12-31": "10.62600", "2009-12-31": "-20.96100", "2008-12-31": "-68.06800", "2007-12-31": "25.27900", "2006-12-31": "-0.06500", "2005-12-31": "-6.20500"}, "Other Share Holders Equity": {"2020-12-31": "", "2019-12-31": "", "2018-12-31": "", "2017-12-31": "", "2016-12-31": "", "2015-12-31": "", "2014-12-31": "", "2013-12-31": "", "2012-12-31": "", "2011-12-31": "", "2010-12-31": "", "2009-12-31": "", "2008-12-31": "", "2007-12-31": "", "2006-12-31": "", "2005-12-31": ""}, "Share Holder Equity": {"2020-12-31": "6809.00000", "2019-12-31": "5687.00000", "2018-12-31": "5267.00000", "2017-12-31": "4955.00000", "2016-12-31": "4660.00000", "2015-12-31": "4713.00000", "2014-12-31": "4330.00000", "2013-12-31": "3973.00000", "2012-12-31": "4186.00000", "2011-12-31": "3714.99900", "2010-12-31": "4054.12500", "2009-12-31": "4011.46400", "2008-12-31": "3625.13400", "2007-12-31": "3324.24200", "2006-12-31": "3019.17100", "2005-12-31": "2762.98400"}, "Total Liabilities And Share Holders Equity": {"2020-12-31": "14026.00000", "2019-12-31": "12843.00000", "2018-12-31": "11003.00000", "2017-12-31": "10503.00000", "2016-12-31": "10100.00000", "2015-12-31": "9962.00000", "2014-12-31": "9857.00000", "2013-12-31": "8948.00000", "2012-12-31": "9284.00000", "2011-12-31": "9313.37900", "2010-12-31": "8527.63000", "2009-12-31": "8563.64300", "2008-12-31": "8403.83000", "2007-12-31": "8565.69300", "2006-12-31": "5661.48200", "2005-12-31": "5306.11500"}}, "balance sheet, quarterly": {"Cash On Hand": {"2020-12-31": "1158.00000", "2020-09-30": "1605.00000", "2020-06-30": "988.00000", "2020-03-31": "342.00000", "2019-12-31": "1192.00000", "2019-09-30": "434.00000", "2019-06-30": "273.00000", "2019-03-31": "464.00000", "2018-12-31": "135.00000", "2018-09-30": "263.00000", "2018-06-30": "132.00000", "2018-03-31": "124.00000", "2017-12-31": "137.00000", "2017-09-30": "350.00000", "2017-06-30": "314.00000", "2017-03-31": "367.00000", "2016-12-31": "359.00000", "2016-09-30": "406.00000", "2016-06-30": "283.00000", "2016-03-31": "128.00000", "2015-12-31": "133.00000", "2015-09-30": "123.00000", "2015-06-30": "150.00000", "2015-03-31": "974.00000", "2014-12-31": "192.00000", "2014-09-30": "170.00000", "2014-06-30": "144.00000", "2014-03-31": "144.00000", "2013-12-31": "187.00000", "2013-09-30": "158.28000", "2013-06-30": "148.34200", "2013-03-31": "133.60300", "2012-12-31": "296.00000", "2012-09-30": "191.77000", "2012-06-30": "173.74200", "2012-03-31": "145.43900", "2011-12-31": "164.88600", "2011-09-30": "110.82500", "2011-06-30": "184.21800", "2011-03-31": "994.24200", "2010-12-31": "449.30100", "2010-09-30": "369.26100", "2010-06-30": "447.88800", "2010-03-31": "463.23900", "2009-12-31": "534.25600", "2009-09-30": "247.03300", "2009-06-30": "119.29400", "2009-03-31": "204.22100", "2008-12-31": "253.94600", "2008-09-30": "286.67900", "2008-06-30": "143.39800", "2008-03-31": "170.02200", "2007-12-31": "167.59400", "2007-09-30": "164.62300", "2007-06-30": "122.29800", "2007-03-31": "158.39700", "2006-12-31": "149.64000", "2006-09-30": "105.11500", "2006-06-30": "150.67900", "2006-03-31": "156.46100", "2005-12-31": "92.13000", "2005-09-30": "210.08900", "2005-06-30": "204.10700", "2005-03-31": "86.16200"}, "Receivables": {"2020-12-31": "1520.00000", "2020-09-30": "1421.00000", "2020-06-30": "1126.00000", "2020-03-31": "972.00000", "2019-12-31": "1063.00000", "2019-09-30": "1117.00000", "2019-06-30": "1088.00000", "2019-03-31": "1079.00000", "2018-12-31": "1012.00000", "2018-09-30": "1097.00000", "2018-06-30": "1055.00000", "2018-03-31": "1026.00000", "2017-12-31": "924.00000", "2017-09-30": "960.00000", "2017-06-30": "947.00000", "2017-03-31": "960.00000", "2016-12-31": "926.00000", "2016-09-30": "966.00000", "2016-06-30": "975.00000", "2016-03-31": "952.00000", "2015-12-31": "901.00000", "2015-09-30": "914.00000", "2015-06-30": "937.00000", "2015-03-31": "949.00000", "2014-12-31": "932.00000", "2014-09-30": "953.00000", "2014-06-30": "963.00000", "2014-03-31": "977.00000", "2013-12-31": "852.00000", "2013-09-30": "920.83300", "2013-06-30": "946.75300", "2013-03-31": "929.96600", "2012-12-31": "867.00000", "2012-09-30": "930.73200", "2012-06-30": "941.46900", "2012-03-31": "973.88800", "2011-12-31": "906.45500", "2011-09-30": "936.25900", "2011-06-30": "929.37200", "2011-03-31": "940.35800", "2010-12-31": "845.29900", "2010-09-30": "884.09400", "2010-06-30": "869.64300", "2010-03-31": "865.16000", "2009-12-31": "827.34300", "2009-09-30": "888.28800", "2009-06-30": "896.53500", "2009-03-31": "888.25300", "2008-12-31": "832.87300", "2008-09-30": "888.11500", "2008-06-30": "922.51300", "2008-03-31": "947.73800", "2007-12-31": "881.96700", "2007-09-30": "962.86400", "2007-06-30": "973.06800", "2007-03-31": "810.57600", "2006-12-31": "774.41400", "2006-09-30": "857.03000", "2006-06-30": "800.27900", "2006-03-31": "775.72400", "2005-12-31": "732.90700", "2005-09-30": "693.79200", "2005-06-30": "693.37800", "2005-03-31": "702.41900"}, "Inventory": {"2020-12-31": "223.00000", "2020-09-30": "205.00000", "2020-06-30": "154.00000", "2020-03-31": "126.00000", "2019-12-31": "123.00000", "2019-09-30": "112.00000", "2019-06-30": "105.00000", "2019-03-31": "98.00000", "2018-12-31": "99.00000", "2018-09-30": "95.00000", "2018-06-30": "91.00000", "2018-03-31": "94.00000", "2017-12-31": "95.00000", "2017-09-30": "100.00000", "2017-06-30": "83.00000", "2017-03-31": "77.00000", "2016-12-31": "82.00000", "2016-09-30": "82.00000", "2016-06-30": "80.00000", "2016-03-31": "82.00000", "2015-12-31": "84.00000", "2015-09-30": "86.00000", "2015-06-30": "109.00000", "2015-03-31": "106.00000", "2014-12-31": "110.00000", "2014-09-30": "111.00000", "2014-06-30": "109.00000", "2014-03-31": "99.00000", "2013-12-31": "91.00000", "2013-09-30": "85.18700", "2013-06-30": "89.44200", "2013-03-31": "89.81700", "2012-12-31": "93.00000", "2012-09-30": "94.51100", "2012-06-30": "90.09800", "2012-03-31": "88.26200", "2011-12-31": "89.13200", "2011-09-30": "84.95400", "2011-06-30": "87.96700", "2011-03-31": "71.74100", "2010-12-31": "76.57200", "2010-09-30": "73.18800", "2010-06-30": "78.43200", "2010-03-31": "79.46200", "2009-12-31": "91.38600", "2009-09-30": "80.85700", "2009-06-30": "79.71500", "2009-03-31": "86.50100", "2008-12-31": "102.12500", "2008-09-30": "98.81800", "2008-06-30": "98.33100", "2008-03-31": "97.36300", "2007-12-31": "95.23400", "2007-09-30": "92.44700", "2007-06-30": "96.83900", "2007-03-31": "87.71700", "2006-12-31": "78.56400", "2006-09-30": "77.31500", "2006-06-30": "71.46300", "2006-03-31": "77.91700", "2005-12-31": "77.93900", "2005-09-30": "78.17300", "2005-06-30": "76.26400", "2005-03-31": "76.26000"}, "Pre-Paid Expenses": {"2020-12-31": "157.00000", "2020-09-30": "117.00000", "2020-06-30": "112.00000", "2020-03-31": "120.00000", "2019-12-31": "112.00000", "2019-09-30": "116.00000", "2019-06-30": "100.00000", "2019-03-31": "137.00000", "2018-12-31": "144.00000", "2018-09-30": "148.00000", "2018-06-30": "137.00000", "2018-03-31": "127.00000", "2017-12-31": "150.00000", "2017-09-30": "134.00000", "2017-06-30": "156.00000", "2017-03-31": "154.00000", "2016-12-31": "155.00000", "2016-09-30": "179.00000", "2016-06-30": "163.00000", "2016-03-31": "138.00000", "2015-12-31": "207.00000", "2015-09-30": "194.00000", "2015-06-30": "173.00000", "2015-03-31": "188.00000", "2014-12-31": "186.00000", "2014-09-30": "164.00000", "2014-06-30": "125.00000", "2014-03-31": "115.00000", "2013-12-31": "105.00000", "2013-09-30": "108.51700", "2013-06-30": "126.37600", "2013-03-31": "97.81000", "2012-12-31": "91.00000", "2012-09-30": "86.24600", "2012-06-30": "108.40900", "2012-03-31": "139.20000", "2011-12-31": "87.45900", "2011-09-30": "97.33200", "2011-06-30": "109.65900", "2011-03-31": "111.38900", "2010-12-31": "91.77500", "2010-09-30": "95.10200", "2010-06-30": "101.97800", "2010-03-31": "106.42900", "2009-12-31": "94.64000", "2009-09-30": "99.52100", "2009-06-30": "89.53700", "2009-03-31": "98.60200", "2008-12-31": "89.45600", "2008-09-30": "95.89900", "2008-06-30": "91.66400", "2008-03-31": "95.88200", "2007-12-31": "79.72100", "2007-09-30": "87.75800", "2007-06-30": "87.19000", "2007-03-31": "82.75800", "2006-12-31": "67.86000", "2006-09-30": "80.22700", "2006-06-30": "75.60800", "2006-03-31": "77.21800", "2005-12-31": "59.07900", "2005-09-30": "67.83000", "2005-06-30": "66.61800", "2005-03-31": "68.09400"}, "Other Current Assets": {"2020-12-31": "", "2020-09-30": "", "2020-06-30": "", "2020-03-31": "", "2019-12-31": "", "2019-09-30": "", "2019-06-30": "", "2019-03-31": "", "2018-12-31": "", "2018-09-30": "", "2018-06-30": "", "2018-03-31": "", "2017-12-31": "", "2017-09-30": "", "2017-06-30": "", "2017-03-31": "", "2016-12-31": "9.00000", "2016-09-30": "9.00000", "2016-06-30": "9.00000", "2016-03-31": "193.00000", "2015-12-31": "176.00000", "2015-09-30": "166.00000", "2015-06-30": "", "2015-03-31": "", "2014-12-31": "14.00000", "2014-09-30": "", "2014-06-30": "", "2014-03-31": "", "2013-12-31": "", "2013-09-30": "", "2013-06-30": "", "2013-03-31": "47.29400", "2012-12-31": "40.00000", "2012-09-30": "", "2012-06-30": "", "2012-03-31": "", "2011-12-31": "", "2011-09-30": "", "2011-06-30": "", "2011-03-31": "", "2010-12-31": "", "2010-09-30": "", "2010-06-30": "", "2010-03-31": "", "2009-12-31": "", "2009-09-30": "", "2009-06-30": "", "2009-03-31": "", "2008-12-31": "", "2008-09-30": "", "2008-06-30": "", "2008-03-31": "", "2007-12-31": "", "2007-09-30": "", "2007-06-30": "", "2007-03-31": "", "2006-12-31": "", "2006-09-30": "", "2006-06-30": "", "2006-03-31": "", "2005-12-31": "", "2005-09-30": "", "2005-06-30": "", "2005-03-31": ""}, "Total Current Assets": {"2020-12-31": "3058.00000", "2020-09-30": "3348.00000", "2020-06-30": "2380.00000", "2020-03-31": "1560.00000", "2019-12-31": "2490.00000", "2019-09-30": "1779.00000", "2019-06-30": "1566.00000", "2019-03-31": "1778.00000", "2018-12-31": "1390.00000", "2018-09-30": "1603.00000", "2018-06-30": "1415.00000", "2018-03-31": "1371.00000", "2017-12-31": "1306.00000", "2017-09-30": "1544.00000", "2017-06-30": "1500.00000", "2017-03-31": "1558.00000", "2016-12-31": "1531.00000", "2016-09-30": "1642.00000", "2016-06-30": "1510.00000", "2016-03-31": "1493.00000", "2015-12-31": "1501.00000", "2015-09-30": "1648.00000", "2015-06-30": "1530.00000", "2015-03-31": "2375.00000", "2014-12-31": "1603.00000", "2014-09-30": "1563.00000", "2014-06-30": "1505.00000", "2014-03-31": "1488.00000", "2013-12-31": "1383.00000", "2013-09-30": "1425.64800", "2013-06-30": "1469.69900", "2013-03-31": "1457.16600", "2012-12-31": "1561.00000", "2012-09-30": "1472.26500", "2012-06-30": "1477.17500", "2012-03-31": "1518.60400", "2011-12-31": "1401.26000", "2011-09-30": "1396.27700", "2011-06-30": "1477.95500", "2011-03-31": "2299.98500", "2010-12-31": "1605.41700", "2010-09-30": "1552.71400", "2010-06-30": "1631.34400", "2010-03-31": "1645.24800", "2009-12-31": "1679.42500", "2009-09-30": "1470.68200", "2009-06-30": "1339.09800", "2009-03-31": "1484.55700", "2008-12-31": "1496.81900", "2008-09-30": "1551.56700", "2008-06-30": "1417.08800", "2008-03-31": "1464.63500", "2007-12-31": "1374.35700", "2007-09-30": "1449.24600", "2007-06-30": "1415.20100", "2007-03-31": "1246.94900", "2006-12-31": "1191.01800", "2006-09-30": "1241.94700", "2006-06-30": "1219.31100", "2006-03-31": "1199.98400", "2005-12-31": "1069.49700", "2005-09-30": "1151.34200", "2005-06-30": "1144.58400", "2005-03-31": "1039.26500"}, "Property, Plant, And Equipment": {"2020-12-31": "1627.00000", "2020-09-30": "1544.00000", "2020-06-30": "1505.00000", "2020-03-31": "1461.00000", "2019-12-31": "1453.00000", "2019-09-30": "1351.00000", "2019-06-30": "1307.00000", "2019-03-31": "1277.00000", "2018-12-31": "1288.00000", "2018-09-30": "1194.00000", "2018-06-30": "1168.00000", "2018-03-31": "1156.00000", "2017-12-31": "1145.00000", "2017-09-30": "1097.00000", "2017-06-30": "1045.00000", "2017-03-31": "1027.00000", "2016-12-31": "1029.00000", "2016-09-30": "952.00000", "2016-06-30": "937.00000", "2016-03-31": "925.00000", "2015-12-31": "925.00000", "2015-09-30": "886.00000", "2015-06-30": "906.00000", "2015-03-31": "902.00000", "2014-12-31": "933.00000", "2014-09-30": "888.00000", "2014-06-30": "884.00000", "2014-03-31": "851.00000", "2013-12-31": "805.00000", "2013-09-30": "749.35500", "2013-06-30": "751.81400", "2013-03-31": "753.93600", "2012-12-31": "756.00000", "2012-09-30": "782.81200", "2012-06-30": "788.62600", "2012-03-31": "781.42700", "2011-12-31": "799.77100", "2011-09-30": "806.04300", "2011-06-30": "820.59300", "2011-03-31": "821.52600", "2010-12-31": "834.37600", "2010-09-30": "812.37100", "2010-06-30": "804.19000", "2010-03-31": "811.87500", "2009-12-31": "825.94600", "2009-09-30": "831.94600", "2009-06-30": "843.75700", "2009-03-31": "861.89800", "2008-12-31": "879.68700", "2008-09-30": "873.43400", "2008-06-30": "893.07300", "2008-03-31": "906.09700", "2007-12-31": "911.99800", "2007-09-30": "891.54000", "2007-06-30": "888.87400", "2007-03-31": "760.85700", "2006-12-31": "752.35700", "2006-09-30": "741.67700", "2006-06-30": "742.03000", "2006-03-31": "746.32800", "2005-12-31": "753.66300", "2005-09-30": "670.86200", "2005-06-30": "658.97200", "2005-03-31": "633.76200"}, "Long-Term Investments": {"2020-12-31": "521.00000", "2020-09-30": "480.00000", "2020-06-30": "495.00000", "2020-03-31": "496.00000", "2019-12-31": "482.00000", "2019-09-30": "474.00000", "2019-06-30": "458.00000", "2019-03-31": "454.00000", "2018-12-31": "436.00000", "2018-09-30": "456.00000", "2018-06-30": "456.00000", "2018-03-31": "474.00000", "2017-12-31": "462.00000", "2017-09-30": "459.00000", "2017-06-30": "451.00000", "2017-03-31": "443.00000", "2016-12-31": "443.00000", "2016-09-30": "452.00000", "2016-06-30": "453.00000", "2016-03-31": "471.00000", "2015-12-31": "473.00000", "2015-09-30": "478.00000", "2015-06-30": "", "2015-03-31": "", "2014-12-31": "46.00000", "2014-09-30": "", "2014-06-30": "", "2014-03-31": "", "2013-12-31": "", "2013-09-30": "", "2013-06-30": "", "2013-03-31": "", "2012-12-31": "", "2012-09-30": "", "2012-06-30": "", "2012-03-31": "", "2011-12-31": "", "2011-09-30": "", "2011-06-30": "", "2011-03-31": "", "2010-12-31": "", "2010-09-30": "", "2010-06-30": "", "2010-03-31": "", "2009-12-31": "", "2009-09-30": "", "2009-06-30": "", "2009-03-31": "", "2008-12-31": "", "2008-09-30": "", "2008-06-30": "", "2008-03-31": "", "2007-12-31": "", "2007-09-30": "", "2007-06-30": "", "2007-03-31": "", "2006-12-31": "", "2006-09-30": "", "2006-06-30": "", "2006-03-31": "", "2005-12-31": "", "2005-09-30": "", "2005-06-30": "", "2005-03-31": ""}, "Goodwill And Intangible Assets": {"2020-12-31": "8040.00000", "2020-09-30": "8072.00000", "2020-06-30": "7930.00000", "2020-03-31": "7832.00000", "2019-12-31": "7740.00000", "2019-09-30": "7755.00000", "2019-06-30": "7777.00000", "2019-03-31": "7805.00000", "2018-12-31": "7770.00000", "2018-09-30": "7615.00000", "2018-06-30": "7580.00000", "2018-03-31": "7566.00000", "2017-12-31": "7454.00000", "2017-09-30": "7193.00000", "2017-06-30": "7029.00000", "2017-03-31": "6934.00000", "2016-12-31": "6949.00000", "2016-09-30": "6972.00000", "2016-06-30": "6986.00000", "2016-03-31": "7004.00000", "2015-12-31": "6889.00000", "2015-09-30": "6899.00000", "2015-06-30": "7009.00000", "2015-03-31": "7027.00000", "2014-12-31": "7103.00000", "2014-09-30": "7121.00000", "2014-06-30": "7141.00000", "2014-03-31": "6998.00000", "2013-12-31": "6545.00000", "2013-09-30": "6532.70700", "2013-06-30": "6595.26600", "2013-03-31": "6529.52500", "2012-12-31": "6408.00000", "2012-09-30": "6839.69800", "2012-06-30": "6838.84400", "2012-03-31": "6876.58800", "2011-12-31": "6831.37700", "2011-09-30": "6850.79900", "2011-06-30": "6899.14000", "2011-03-31": "5914.28600", "2010-12-31": "5898.34300", "2010-09-30": "5906.46600", "2010-06-30": "5862.98500", "2010-03-31": "5899.70700", "2009-12-31": "5907.60900", "2009-09-30": "5920.42900", "2009-06-30": "5886.58700", "2009-03-31": "5856.48600", "2008-12-31": "5882.32900", "2008-09-30": "5979.76000", "2008-06-30": "6093.40300", "2008-03-31": "6113.75100", "2007-12-31": "6106.83700", "2007-09-30": "6072.57700", "2007-06-30": "6029.49200", "2007-03-31": "4036.80500", "2006-12-31": "3584.39200", "2006-09-30": "3584.33800", "2006-06-30": "3341.44800", "2006-03-31": "3342.26900", "2005-12-31": "3344.61000", "2005-09-30": "2534.42000", "2005-06-30": "2535.14200", "2005-03-31": "2535.87700"}, "Other Long-Term Assets": {"2020-12-31": "176.00000", "2020-09-30": "164.00000", "2020-06-30": "158.00000", "2020-03-31": "188.00000", "2019-12-31": "160.00000", "2019-09-30": "152.00000", "2019-06-30": "141.00000", "2019-03-31": "126.00000", "2018-12-31": "119.00000", "2018-09-30": "118.00000", "2018-06-30": "128.00000", "2018-03-31": "128.00000", "2017-12-31": "136.00000", "2017-09-30": "146.00000", "2017-06-30": "146.00000", "2017-03-31": "147.00000", "2016-12-31": "148.00000", "2016-09-30": "155.00000", "2016-06-30": "223.00000", "2016-03-31": "204.00000", "2015-12-31": "174.00000", "2015-09-30": "163.00000", "2015-06-30": "275.00000", "2015-03-31": "309.00000", "2014-12-31": "172.00000", "2014-09-30": "229.00000", "2014-06-30": "227.00000", "2014-03-31": "213.00000", "2013-12-31": "215.00000", "2013-09-30": "219.82900", "2013-06-30": "219.40600", "2013-03-31": "565.53700", "2012-12-31": "559.00000", "2012-09-30": "223.94600", "2012-06-30": "288.20200", "2012-03-31": "274.82500", "2011-12-31": "280.97100", "2011-09-30": "273.35200", "2011-06-30": "233.50300", "2011-03-31": "188.93200", "2010-12-31": "189.49400", "2010-09-30": "187.78700", "2010-06-30": "183.27300", "2010-03-31": "159.37900", "2009-12-31": "150.66300", "2009-09-30": "142.66800", "2009-06-30": "141.99300", "2009-03-31": "143.69200", "2008-12-31": "144.99500", "2008-09-30": "163.99500", "2008-06-30": "163.46900", "2008-03-31": "161.85100", "2007-12-31": "172.50100", "2007-09-30": "169.26800", "2007-06-30": "160.46600", "2007-03-31": "141.93100", "2006-12-31": "133.71500", "2006-09-30": "136.84800", "2006-06-30": "144.80500", "2006-03-31": "145.98700", "2005-12-31": "138.34500", "2005-09-30": "147.52700", "2005-06-30": "144.63000", "2005-03-31": "104.73700"}, "Total Long-Term Assets": {"2020-12-31": "10968.00000", "2020-09-30": "10795.00000", "2020-06-30": "10610.00000", "2020-03-31": "10489.00000", "2019-12-31": "10353.00000", "2019-09-30": "10240.00000", "2019-06-30": "10194.00000", "2019-03-31": "10159.00000", "2018-12-31": "9613.00000", "2018-09-30": "9383.00000", "2018-06-30": "9332.00000", "2018-03-31": "9324.00000", "2017-12-31": "9197.00000", "2017-09-30": "8895.00000", "2017-06-30": "8671.00000", "2017-03-31": "8551.00000", "2016-12-31": "8569.00000", "2016-09-30": "8531.00000", "2016-06-30": "8599.00000", "2016-03-31": "8604.00000", "2015-12-31": "8461.00000", "2015-09-30": "8426.00000", "2015-06-30": "8190.00000", "2015-03-31": "8238.00000", "2014-12-31": "8254.00000", "2014-09-30": "8238.00000", "2014-06-30": "8252.00000", "2014-03-31": "8062.00000", "2013-12-31": "7565.00000", "2013-09-30": "7501.89100", "2013-06-30": "7566.48600", "2013-03-31": "7848.99800", "2012-12-31": "7723.00000", "2012-09-30": "7846.45600", "2012-06-30": "7915.67200", "2012-03-31": "7932.84000", "2011-12-31": "7912.11900", "2011-09-30": "7930.19400", "2011-06-30": "7953.23600", "2011-03-31": "6924.74400", "2010-12-31": "6922.21300", "2010-09-30": "6906.62500", "2010-06-30": "6850.44800", "2010-03-31": "6870.96100", "2009-12-31": "6884.21800", "2009-09-30": "6895.04200", "2009-06-30": "6872.33700", "2009-03-31": "6862.07600", "2008-12-31": "6907.01100", "2008-09-30": "7017.18900", "2008-06-30": "7149.94400", "2008-03-31": "7181.69900", "2007-12-31": "7191.33600", "2007-09-30": "7133.38500", "2007-06-30": "7078.83200", "2007-03-31": "4939.59300", "2006-12-31": "4470.46400", "2006-09-30": "4462.86300", "2006-06-30": "4228.28300", "2006-03-31": "4234.58400", "2005-12-31": "4236.61800", "2005-09-30": "3383.39200", "2005-06-30": "3363.02000", "2005-03-31": "3302.70200"}, "Total Assets": {"2020-12-31": "14026.00000", "2020-09-30": "14143.00000", "2020-06-30": "12990.00000", "2020-03-31": "12049.00000", "2019-12-31": "12843.00000", "2019-09-30": "12019.00000", "2019-06-30": "11760.00000", "2019-03-31": "11937.00000", "2018-12-31": "11003.00000", "2018-09-30": "10986.00000", "2018-06-30": "10747.00000", "2018-03-31": "10695.00000", "2017-12-31": "10503.00000", "2017-09-30": "10439.00000", "2017-06-30": "10171.00000", "2017-03-31": "10109.00000", "2016-12-31": "10100.00000", "2016-09-30": "10173.00000", "2016-06-30": "10109.00000", "2016-03-31": "10097.00000", "2015-12-31": "9962.00000", "2015-09-30": "10074.00000", "2015-06-30": "9720.00000", "2015-03-31": "10613.00000", "2014-12-31": "9857.00000", "2014-09-30": "9801.00000", "2014-06-30": "9757.00000", "2014-03-31": "9550.00000", "2013-12-31": "8948.00000", "2013-09-30": "8927.53900", "2013-06-30": "9036.18500", "2013-03-31": "9306.16400", "2012-12-31": "9284.00000", "2012-09-30": "9318.72100", "2012-06-30": "9392.84700", "2012-03-31": "9451.44400", "2011-12-31": "9313.37900", "2011-09-30": "9326.47100", "2011-06-30": "9431.19100", "2011-03-31": "9224.72900", "2010-12-31": "8527.63000", "2010-09-30": "8459.33800", "2010-06-30": "8481.79200", "2010-03-31": "8516.20900", "2009-12-31": "8563.64300", "2009-09-30": "8365.72500", "2009-06-30": "8211.43500", "2009-03-31": "8346.63300", "2008-12-31": "8403.83000", "2008-09-30": "8568.75600", "2008-06-30": "8567.03300", "2008-03-31": "8646.33400", "2007-12-31": "8565.69300", "2007-09-30": "8582.63100", "2007-06-30": "8494.03300", "2007-03-31": "6186.54200", "2006-12-31": "5661.48200", "2006-09-30": "5704.81000", "2006-06-30": "5447.59400", "2006-03-31": "5434.56800", "2005-12-31": "5306.11500", "2005-09-30": "4534.73400", "2005-06-30": "4507.60400", "2005-03-31": "4341.96700"}, "Total Current Liabilities": {"2020-12-31": "1776.00000", "2020-09-30": "2389.00000", "2020-06-30": "1843.00000", "2020-03-31": "1129.00000", "2019-12-31": "1990.00000", "2019-09-30": "2011.00000", "2019-06-30": "1904.00000", "2019-03-31": "2282.00000", "2018-12-31": "1485.00000", "2018-09-30": "1389.00000", "2018-06-30": "1262.00000", "2018-03-31": "1117.00000", "2017-12-31": "1057.00000", "2017-09-30": "1052.00000", "2017-06-30": "917.00000", "2017-03-31": "985.00000", "2016-12-31": "981.00000", "2016-09-30": "1046.00000", "2016-06-30": "1111.00000", "2016-03-31": "1090.00000", "2015-12-31": "1173.00000", "2015-09-30": "1133.00000", "2015-06-30": "1242.00000", "2015-03-31": "2089.00000", "2014-12-31": "1709.00000", "2014-09-30": "1190.00000", "2014-06-30": "1258.00000", "2014-03-31": "1192.00000", "2013-12-31": "1132.00000", "2013-09-30": "1238.99500", "2013-06-30": "1290.69100", "2013-03-31": "1208.21600", "2012-12-31": "1048.00000", "2012-09-30": "1070.64000", "2012-06-30": "1324.71800", "2012-03-31": "1525.44800", "2011-12-31": "1561.15900", "2011-09-30": "1764.07200", "2011-06-30": "1993.35700", "2011-03-31": "1766.56400", "2010-12-31": "1214.26800", "2010-09-30": "1148.33200", "2010-06-30": "995.50300", "2010-03-31": "1076.49800", "2009-12-31": "1059.21200", "2009-09-30": "990.84500", "2009-06-30": "1023.87600", "2009-03-31": "1266.35000", "2008-12-31": "1224.76100", "2008-09-30": "1240.83300", "2008-06-30": "1130.60000", "2008-03-31": "1192.72900", "2007-12-31": "1288.29700", "2007-09-30": "1202.97500", "2007-06-30": "1159.55200", "2007-03-31": "1567.73900", "2006-12-31": "1150.87000", "2006-09-30": "1177.61900", "2006-06-30": "1106.51000", "2006-03-31": "1127.41800", "2005-12-31": "1101.29200", "2005-09-30": "1191.50700", "2005-06-30": "940.16700", "2005-03-31": "932.25600"}, "Long Term Debt": {"2020-12-31": "4013.00000", "2020-09-30": "4018.00000", "2020-06-30": "4020.00000", "2020-03-31": "4033.00000", "2019-12-31": "3966.00000", "2019-09-30": "3188.00000", "2019-06-30": "3169.00000", "2019-03-31": "3131.00000", "2018-12-31": "3429.00000", "2018-09-30": "3394.00000", "2018-06-30": "3408.00000", "2018-03-31": "3718.00000", "2017-12-31": "3748.00000", "2017-09-30": "3759.00000", "2017-06-30": "3732.00000", "2017-03-31": "3725.00000", "2016-12-31": "3728.00000", "2016-09-30": "3815.00000", "2016-06-30": "3835.00000", "2016-03-31": "3740.00000", "2015-12-31": "3492.00000", "2015-09-30": "3571.00000", "2015-06-30": "3568.00000", "2015-03-31": "3688.00000", "2014-12-31": "3224.00000", "2014-09-30": "3732.00000", "2014-06-30": "3738.00000", "2014-03-31": "3724.00000", "2013-12-31": "3120.00000", "2013-09-30": "3122.20800", "2013-06-30": "3121.60100", "2013-03-31": "3146.78300", "2012-12-31": "3354.00000", "2012-09-30": "3375.72700", "2012-06-30": "3378.19000", "2012-03-31": "3365.25700", "2011-12-31": "3370.52200", "2011-09-30": "3367.84700", "2011-06-30": "3332.93100", "2011-03-31": "3594.64300", "2010-12-31": "2641.16000", "2010-09-30": "2835.93700", "2010-06-30": "2973.83900", "2010-03-31": "2944.78900", "2009-12-31": "2936.79200", "2009-09-30": "2877.73400", "2009-06-30": "2877.76700", "2009-03-31": "3077.17100", "2008-12-31": "3078.08900", "2008-09-30": "3078.42100", "2008-06-30": "3209.29800", "2008-03-31": "3378.71500", "2007-12-31": "3377.21200", "2007-09-30": "3471.75500", "2007-06-30": "3545.04300", "2007-03-31": "1238.26500", "2006-12-31": "1239.10500", "2006-09-30": "1239.00200", "2006-06-30": "1240.61300", "2006-03-31": "1240.50100", "2005-12-31": "1255.38600", "2005-09-30": "349.39900", "2005-06-30": "624.15000", "2005-03-31": "624.08600"}, "Other Non-Current Liabilities": {"2020-12-31": "847.00000", "2020-09-30": "782.00000", "2020-06-30": "753.00000", "2020-03-31": "699.00000", "2019-12-31": "711.00000", "2019-09-30": "685.00000", "2019-06-30": "689.00000", "2019-03-31": "713.00000", "2018-12-31": "745.00000", "2018-09-30": "761.00000", "2018-06-30": "738.00000", "2018-03-31": "717.00000", "2017-12-31": "663.00000", "2017-09-30": "722.00000", "2017-06-30": "709.00000", "2017-03-31": "658.00000", "2016-12-31": "654.00000", "2016-09-30": "542.00000", "2016-06-30": "520.00000", "2016-03-31": "529.00000", "2015-12-31": "514.00000", "2015-09-30": "680.00000", "2015-06-30": "566.00000", "2015-03-31": "565.00000", "2014-12-31": "594.00000", "2014-09-30": "669.00000", "2014-06-30": "642.00000", "2014-03-31": "614.00000", "2013-12-31": "723.00000", "2013-09-30": "694.74100", "2013-06-30": "685.32700", "2013-03-31": "723.81200", "2012-12-31": "696.00000", "2012-09-30": "674.77300", "2012-06-30": "668.80400", "2012-03-31": "664.68200", "2011-12-31": "666.69900", "2011-09-30": "649.58800", "2011-06-30": "654.30700", "2011-03-31": "625.51800", "2010-12-31": "618.07700", "2010-09-30": "594.36400", "2010-06-30": "565.56200", "2010-03-31": "565.70700", "2009-12-31": "556.17500", "2009-09-30": "559.03900", "2009-06-30": "544.15000", "2009-03-31": "470.78100", "2008-12-31": "475.84600", "2008-09-30": "517.51800", "2008-06-30": "559.48100", "2008-03-31": "572.86300", "2007-12-31": "575.94200", "2007-09-30": "579.83100", "2007-06-30": "600.11100", "2007-03-31": "351.30600", "2006-12-31": "252.33600", "2006-09-30": "219.63800", "2006-06-30": "197.47100", "2006-03-31": "201.35300", "2005-12-31": "186.45300", "2005-09-30": "166.08700", "2005-06-30": "162.95200", "2005-03-31": "147.66400"}, "Total Long Term Liabilities": {"2020-12-31": "5441.00000", "2020-09-30": "5308.00000", "2020-06-30": "5266.00000", "2020-03-31": "5217.00000", "2019-12-31": "5166.00000", "2019-09-30": "4354.00000", "2019-06-30": "4347.00000", "2019-03-31": "4314.00000", "2018-12-31": "4251.00000", "2018-09-30": "4232.00000", "2018-06-30": "4222.00000", "2018-03-31": "4512.00000", "2017-12-31": "4491.00000", "2017-09-30": "4559.00000", "2017-06-30": "4521.00000", "2017-03-31": "4461.00000", "2016-12-31": "4459.00000", "2016-09-30": "4433.00000", "2016-06-30": "4429.00000", "2016-03-31": "4341.00000", "2015-12-31": "4076.00000", "2015-09-30": "4320.00000", "2015-06-30": "4134.00000", "2015-03-31": "4253.00000", "2014-12-31": "3818.00000", "2014-09-30": "4401.00000", "2014-06-30": "4380.00000", "2014-03-31": "4338.00000", "2013-12-31": "3843.00000", "2013-09-30": "3816.94900", "2013-06-30": "3806.92800", "2013-03-31": "3870.59500", "2012-12-31": "4050.00000", "2012-09-30": "4050.50000", "2012-06-30": "4046.99400", "2012-03-31": "4029.93900", "2011-12-31": "4037.22100", "2011-09-30": "4017.43500", "2011-06-30": "3987.23800", "2011-03-31": "4220.16100", "2010-12-31": "3259.23700", "2010-09-30": "3430.30100", "2010-06-30": "3539.40100", "2010-03-31": "3510.49600", "2009-12-31": "3492.96700", "2009-09-30": "3436.77300", "2009-06-30": "3421.91700", "2009-03-31": "3547.95200", "2008-12-31": "3553.93500", "2008-09-30": "3595.93900", "2008-06-30": "3768.77900", "2008-03-31": "3951.57800", "2007-12-31": "3953.15400", "2007-09-30": "4051.58600", "2007-06-30": "4145.15400", "2007-03-31": "1589.57100", "2006-12-31": "1491.44100", "2006-09-30": "1458.64000", "2006-06-30": "1438.08400", "2006-03-31": "1441.85400", "2005-12-31": "1441.83900", "2005-09-30": "515.48600", "2005-06-30": "787.10210", "2005-03-31": "771.75000"}, "Total Liabilities": {"2020-12-31": "7217.00000", "2020-09-30": "7697.00000", "2020-06-30": "7109.00000", "2020-03-31": "6346.00000", "2019-12-31": "7156.00000", "2019-09-30": "6365.00000", "2019-06-30": "6251.00000", "2019-03-31": "6596.00000", "2018-12-31": "5736.00000", "2018-09-30": "5621.00000", "2018-06-30": "5484.00000", "2018-03-31": "5629.00000", "2017-12-31": "5548.00000", "2017-09-30": "5611.00000", "2017-06-30": "5438.00000", "2017-03-31": "5446.00000", "2016-12-31": "5440.00000", "2016-09-30": "5479.00000", "2016-06-30": "5540.00000", "2016-03-31": "5431.00000", "2015-12-31": "5249.00000", "2015-09-30": "5453.00000", "2015-06-30": "5376.00000", "2015-03-31": "6342.00000", "2014-12-31": "5527.00000", "2014-09-30": "5591.00000", "2014-06-30": "5638.00000", "2014-03-31": "5530.00000", "2013-12-31": "4975.00000", "2013-09-30": "5055.94400", "2013-06-30": "5097.61900", "2013-03-31": "5078.81100", "2012-12-31": "5098.00000", "2012-09-30": "5121.14000", "2012-06-30": "5371.71200", "2012-03-31": "5555.38700", "2011-12-31": "5598.38000", "2011-09-30": "5781.50700", "2011-06-30": "5980.59500", "2011-03-31": "5986.72500", "2010-12-31": "4473.50500", "2010-09-30": "4578.63300", "2010-06-30": "4534.90400", "2010-03-31": "4586.99400", "2009-12-31": "4552.17900", "2009-09-30": "4427.61800", "2009-06-30": "4445.79300", "2009-03-31": "4814.30200", "2008-12-31": "4778.69600", "2008-09-30": "4836.77200", "2008-06-30": "4899.37900", "2008-03-31": "5144.30700", "2007-12-31": "5241.45100", "2007-09-30": "5254.56100", "2007-06-30": "5304.70600", "2007-03-31": "3157.31000", "2006-12-31": "2642.31100", "2006-09-30": "2636.25900", "2006-06-30": "2544.59400", "2006-03-31": "2569.27200", "2005-12-31": "2543.13100", "2005-09-30": "1706.99300", "2005-06-30": "1727.26900", "2005-03-31": "1704.00600"}, "Common Stock Net": {"2020-12-31": "2.00000", "2020-09-30": "2.00000", "2020-06-30": "2.00000", "2020-03-31": "2.00000", "2019-12-31": "2.00000", "2019-09-30": "2.00000", "2019-06-30": "2.00000", "2019-03-31": "2.00000", "2018-12-31": "2.00000", "2018-09-30": "2.00000", "2018-06-30": "2.00000", "2018-03-31": "2.00000", "2017-12-31": "2.00000", "2017-09-30": "2.00000", "2017-06-30": "2.00000", "2017-03-31": "2.00000", "2016-12-31": "2.00000", "2016-09-30": "2.00000", "2016-06-30": "2.00000", "2016-03-31": "2.00000", "2015-12-31": "2.00000", "2015-09-30": "2.00000", "2015-06-30": "2.00000", "2015-03-31": "2.00000", "2014-12-31": "2.00000", "2014-09-30": "2.00000", "2014-06-30": "2.00000", "2014-03-31": "2.00000", "2013-12-31": "2.00000", "2013-09-30": "2.15400", "2013-06-30": "2.15400", "2013-03-31": "2.15300", "2012-12-31": "2.00000", "2012-09-30": "2.15100", "2012-06-30": "2.15100", "2012-03-31": "2.15100", "2011-12-31": "2.14600", "2011-09-30": "2.14600", "2011-06-30": "2.14600", "2011-03-31": "2.14600", "2010-12-31": "2.14200", "2010-09-30": "2.14200", "2010-06-30": "2.14200", "2010-03-31": "2.14200", "2009-12-31": "2.14100", "2009-09-30": "2.14100", "2009-06-30": "2.14100", "2009-03-31": "2.14100", "2008-12-31": "2.14100", "2008-09-30": "2.14100", "2008-06-30": "2.14100", "2008-03-31": "2.14100", "2007-12-31": "2.13700", "2007-09-30": "2.13800", "2007-06-30": "2.13700", "2007-03-31": "2.13700", "2006-12-31": "2.13800", "2006-09-30": "2.13700", "2006-06-30": "2.13700", "2006-03-31": "2.13700", "2005-12-31": "2.13700", "2005-09-30": "2.13600", "2005-06-30": "2.13600", "2005-03-31": "1.06800"}, "Retained Earnings (Accumulated Deficit)": {"2020-12-31": "9303.00000", "2020-09-30": "8800.00000", "2020-06-30": "8307.00000", "2020-03-31": "8197.00000", "2019-12-31": "8174.00000", "2019-09-30": "7992.00000", "2019-06-30": "7849.00000", "2019-03-31": "7694.00000", "2018-12-31": "7602.00000", "2018-09-30": "7546.00000", "2018-06-30": "7401.00000", "2018-03-31": "7249.00000", "2017-12-31": "7138.00000", "2017-09-30": "6946.00000", "2017-06-30": "6847.00000", "2017-03-31": "6715.00000", "2016-12-31": "6613.00000", "2016-09-30": "6520.00000", "2016-06-30": "6384.00000", "2016-03-31": "6244.00000", "2015-12-31": "6199.00000", "2015-09-30": "6066.00000", "2015-06-30": "5793.00000", "2015-03-31": "5729.00000", "2014-12-31": "5723.00000", "2014-09-30": "5581.00000", "2014-06-30": "5500.00000", "2014-03-31": "5415.00000", "2013-12-31": "5358.00000", "2013-09-30": "5259.66500", "2013-06-30": "4898.33100", "2013-03-31": "4778.60200", "2012-12-31": "4690.00000", "2012-09-30": "4682.26500", "2012-06-30": "4546.30700", "2012-03-31": "4395.64700", "2011-12-31": "4263.59900", "2011-09-30": "4101.06600", "2011-06-30": "3945.03700", "2011-03-31": "3797.79600", "2010-12-31": "3867.42000", "2010-09-30": "3718.82900", "2010-06-30": "3537.85800", "2010-03-31": "3361.02900", "2009-12-31": "3216.63900", "2009-09-30": "3053.42100", "2009-06-30": "2879.72200", "2009-03-31": "2710.17000", "2008-12-31": "2561.67900", "2008-09-30": "2410.90700", "2008-06-30": "2319.73000", "2008-03-31": "2177.90800", "2007-12-31": "2057.74400", "2007-09-30": "2082.40100", "2007-06-30": "2003.79500", "2007-03-31": "1881.74900", "2006-12-31": "1800.25500", "2006-09-30": "1670.36400", "2006-06-30": "1529.46700", "2006-03-31": "1417.32900", "2005-12-31": "1292.51000", "2005-09-30": "1180.04700", "2005-06-30": "1062.95700", "2005-03-31": "932.13500"}, "Comprehensive Income": {"2020-12-31": "-21.00000", "2020-09-30": "-42.00000", "2020-06-30": "-55.00000", "2020-03-31": "-58.00000", "2019-12-31": "-39.00000", "2019-09-30": "-55.00000", "2019-06-30": "-58.00000", "2019-03-31": "-55.00000", "2018-12-31": "-59.00000", "2018-09-30": "-58.00000", "2018-06-30": "-57.00000", "2018-03-31": "-41.00000", "2017-12-31": "-48.00000", "2017-09-30": "-48.00000", "2017-06-30": "-60.00000", "2017-03-31": "-68.00000", "2016-12-31": "-72.00000", "2016-09-30": "-61.00000", "2016-06-30": "-56.00000", "2016-03-31": "-40.00000", "2015-12-31": "-38.00000", "2015-09-30": "-31.00000", "2015-06-30": "-25.00000", "2015-03-31": "-30.00000", "2014-12-31": "-27.00000", "2014-09-30": "-15.00000", "2014-06-30": "-8.00000", "2014-03-31": "-11.00000", "2013-12-31": "-8.00000", "2013-09-30": "-7.98800", "2013-06-30": "-12.76900", "2013-03-31": "10.09500", "2012-12-31": "14.00000", "2012-09-30": "13.96800", "2012-06-30": "-8.36900", "2012-03-31": "10.56000", "2011-12-31": "-8.06700", "2011-09-30": "-5.44400", "2011-06-30": "34.04300", "2011-03-31": "32.20900", "2010-12-31": "10.62600", "2010-09-30": "6.27600", "2010-06-30": "-48.23000", "2010-03-31": "-22.63400", "2009-12-31": "-20.96100", "2009-09-30": "-13.93200", "2009-06-30": "-55.58900", "2009-03-31": "-87.54200", "2008-12-31": "-68.06800", "2008-09-30": "-14.50300", "2008-06-30": "46.95100", "2008-03-31": "51.63800", "2007-12-31": "25.27900", "2007-09-30": "34.33200", "2007-06-30": "5.11400", "2007-03-31": "0.59300", "2006-12-31": "-0.06500", "2006-09-30": "2.41800", "2006-06-30": "-1.16700", "2006-03-31": "-4.27400", "2005-12-31": "-6.20500", "2005-09-30": "-4.24100", "2005-06-30": "0.68400", "2005-03-31": "1.16600"}, "Other Share Holders Equity": {"2020-12-31": "", "2020-09-30": "", "2020-06-30": "", "2020-03-31": "", "2019-12-31": "", "2019-09-30": "", "2019-06-30": "", "2019-03-31": "", "2018-12-31": "", "2018-09-30": "", "2018-06-30": "", "2018-03-31": "", "2017-12-31": "", "2017-09-30": "", "2017-06-30": "", "2017-03-31": "", "2016-12-31": "", "2016-09-30": "", "2016-06-30": "", "2016-03-31": "", "2015-12-31": "", "2015-09-30": "", "2015-06-30": "", "2015-03-31": "", "2014-12-31": "", "2014-09-30": "", "2014-06-30": "", "2014-03-31": "", "2013-12-31": "", "2013-09-30": "", "2013-06-30": "", "2013-03-31": "", "2012-12-31": "", "2012-09-30": "", "2012-06-30": "", "2012-03-31": "", "2011-12-31": "", "2011-09-30": "", "2011-06-30": "", "2011-03-31": "", "2010-12-31": "", "2010-09-30": "", "2010-06-30": "", "2010-03-31": "", "2009-12-31": "", "2009-09-30": "", "2009-06-30": "", "2009-03-31": "", "2008-12-31": "", "2008-09-30": "", "2008-06-30": "", "2008-03-31": "", "2007-12-31": "", "2007-09-30": "", "2007-06-30": "", "2007-03-31": "", "2006-12-31": "", "2006-09-30": "", "2006-06-30": "", "2006-03-31": "", "2005-12-31": "", "2005-09-30": "", "2005-06-30": "", "2005-03-31": ""}, "Share Holder Equity": {"2020-12-31": "6809.00000", "2020-09-30": "6446.00000", "2020-06-30": "5881.00000", "2020-03-31": "5703.00000", "2019-12-31": "5687.00000", "2019-09-30": "5654.00000", "2019-06-30": "5509.00000", "2019-03-31": "5341.00000", "2018-12-31": "5267.00000", "2018-09-30": "5365.00000", "2018-06-30": "5263.00000", "2018-03-31": "5066.00000", "2017-12-31": "4955.00000", "2017-09-30": "4828.00000", "2017-06-30": "4733.00000", "2017-03-31": "4663.00000", "2016-12-31": "4660.00000", "2016-09-30": "4694.00000", "2016-06-30": "4569.00000", "2016-03-31": "4666.00000", "2015-12-31": "4713.00000", "2015-09-30": "4621.00000", "2015-06-30": "4344.00000", "2015-03-31": "4271.00000", "2014-12-31": "4330.00000", "2014-09-30": "4210.00000", "2014-06-30": "4119.00000", "2014-03-31": "4020.00000", "2013-12-31": "3973.00000", "2013-09-30": "3871.59500", "2013-06-30": "3938.56600", "2013-03-31": "4227.35300", "2012-12-31": "4186.00000", "2012-09-30": "4197.58100", "2012-06-30": "4021.13500", "2012-03-31": "3896.05700", "2011-12-31": "3714.99900", "2011-09-30": "3544.96400", "2011-06-30": "3450.59600", "2011-03-31": "3238.00400", "2010-12-31": "4054.12500", "2010-09-30": "3880.70500", "2010-06-30": "3946.88800", "2010-03-31": "3929.21500", "2009-12-31": "4011.46400", "2009-09-30": "3938.10700", "2009-06-30": "3765.64200", "2009-03-31": "3532.33100", "2008-12-31": "3625.13400", "2008-09-30": "3731.98400", "2008-06-30": "3667.65400", "2008-03-31": "3502.02700", "2007-12-31": "3324.24200", "2007-09-30": "3328.07000", "2007-06-30": "3189.32700", "2007-03-31": "3029.23200", "2006-12-31": "3019.17100", "2006-09-30": "3068.55100", "2006-06-30": "2903.00000", "2006-03-31": "2865.29600", "2005-12-31": "2762.98400", "2005-09-30": "2827.74100", "2005-06-30": "2780.33500", "2005-03-31": "2637.96100"}, "Total Liabilities And Share Holders Equity": {"2020-12-31": "14026.00000", "2020-09-30": "14143.00000", "2020-06-30": "12990.00000", "2020-03-31": "12049.00000", "2019-12-31": "12843.00000", "2019-09-30": "12019.00000", "2019-06-30": "11760.00000", "2019-03-31": "11937.00000", "2018-12-31": "11003.00000", "2018-09-30": "10986.00000", "2018-06-30": "10747.00000", "2018-03-31": "10695.00000", "2017-12-31": "10503.00000", "2017-09-30": "10439.00000", "2017-06-30": "10171.00000", "2017-03-31": "10109.00000", "2016-12-31": "10100.00000", "2016-09-30": "10173.00000", "2016-06-30": "10109.00000", "2016-03-31": "10097.00000", "2015-12-31": "9962.00000", "2015-09-30": "10074.00000", "2015-06-30": "9720.00000", "2015-03-31": "10613.00000", "2014-12-31": "9857.00000", "2014-09-30": "9801.00000", "2014-06-30": "9757.00000", "2014-03-31": "9550.00000", "2013-12-31": "8948.00000", "2013-09-30": "8927.53900", "2013-06-30": "9036.18500", "2013-03-31": "9306.16400", "2012-12-31": "9284.00000", "2012-09-30": "9318.72100", "2012-06-30": "9392.84700", "2012-03-31": "9451.44400", "2011-12-31": "9313.37900", "2011-09-30": "9326.47100", "2011-06-30": "9431.19100", "2011-03-31": "9224.72900", "2010-12-31": "8527.63000", "2010-09-30": "8459.33800", "2010-06-30": "8481.79200", "2010-03-31": "8516.20900", "2009-12-31": "8563.64300", "2009-09-30": "8365.72500", "2009-06-30": "8211.43500", "2009-03-31": "8346.63300", "2008-12-31": "8403.83000", "2008-09-30": "8568.75600", "2008-06-30": "8567.03300", "2008-03-31": "8646.33400", "2007-12-31": "8565.69300", "2007-09-30": "8582.63100", "2007-06-30": "8494.03300", "2007-03-31": "6186.54200", "2006-12-31": "5661.48200", "2006-09-30": "5704.81000", "2006-06-30": "5447.59400", "2006-03-31": "5434.56800", "2005-12-31": "5306.11500", "2005-09-30": "4534.73400", "2005-06-30": "4507.60400", "2005-03-31": "4341.96700"}}, "cash flow statement": {"Net Income/Loss": {"2020-12-31": "1499.00000", "2019-12-31": "906.00000", "2018-12-31": "788.00000", "2017-12-31": "824.00000", "2016-12-31": "696.00000", "2015-12-31": "753.00000", "2014-12-31": "592.00000", "2013-12-31": "883.00000", "2012-12-31": "592.00000", "2011-12-31": "506.00000", "2010-12-31": "757.01700", "2009-12-31": "766.22200", "2008-12-31": "613.19500", "2007-12-31": "366.44900", "2006-12-31": "586.42100", "2005-12-31": "546.27700"}, "Total Depreciation And Amortization - Cash Flow": {"2020-12-31": "361.00000", "2019-12-31": "329.00000", "2018-12-31": "309.00000", "2017-12-31": "270.00000", "2016-12-31": "249.00000", "2015-12-31": "304.00000", "2014-12-31": "314.00000", "2013-12-31": "283.00000", "2012-12-31": "287.00000", "2011-12-31": "281.00000", "2010-12-31": "253.96400", "2009-12-31": "256.68700", "2008-12-31": "264.59300", "2007-12-31": "237.87900", "2006-12-31": "197.39800", "2005-12-31": "176.12400"}, "Other Non-Cash Items": {"2020-12-31": "123.00000", "2019-12-31": "12.00000", "2018-12-31": "146.00000", "2017-12-31": "98.00000", "2016-12-31": "38.00000", "2015-12-31": "133.00000", "2014-12-31": "370.00000", "2013-12-31": "-161.00000", "2012-12-31": "408.00000", "2011-12-31": "613.00000", "2010-12-31": "325.90200", "2009-12-31": "473.61300", "2008-12-31": "467.58800", "2007-12-31": "580.30410", "2006-12-31": "299.63600", "2005-12-31": "289.64400"}, "Total Non-Cash Items": {"2020-12-31": "484.00000", "2019-12-31": "341.00000", "2018-12-31": "455.00000", "2017-12-31": "368.00000", "2016-12-31": "287.00000", "2015-12-31": "437.00000", "2014-12-31": "684.00000", "2013-12-31": "122.00000", "2012-12-31": "695.00000", "2011-12-31": "894.00000", "2010-12-31": "579.86600", "2009-12-31": "730.30000", "2008-12-31": "732.18100", "2007-12-31": "818.18300", "2006-12-31": "497.03400", "2005-12-31": "465.76800"}, "Change In Accounts Receivable": {"2020-12-31": "-455.00000", "2019-12-31": "-63.00000", "2018-12-31": "-65.00000", "2017-12-31": "9.00000", "2016-12-31": "-42.00000", "2015-12-31": "-262.00000", "2014-12-31": "-312.00000", "2013-12-31": "-247.00000", "2012-12-31": "-243.00000", "2011-12-31": "-307.00000", "2010-12-31": "-309.93200", "2009-12-31": "-314.10200", "2008-12-31": "-282.63400", "2007-12-31": "-265.34700", "2006-12-31": "-273.23200", "2005-12-31": "-238.42100"}, "Change In Inventories": {"2020-12-31": "", "2019-12-31": "", "2018-12-31": "", "2017-12-31": "", "2016-12-31": "", "2015-12-31": "", "2014-12-31": "", "2013-12-31": "", "2012-12-31": "", "2011-12-31": "", "2010-12-31": "", "2009-12-31": "", "2008-12-31": "", "2007-12-31": "", "2006-12-31": "", "2005-12-31": ""}, "Change In Accounts Payable": {"2020-12-31": "", "2019-12-31": "", "2018-12-31": "", "2017-12-31": "", "2016-12-31": "", "2015-12-31": "", "2014-12-31": "", "2013-12-31": "", "2012-12-31": "", "2011-12-31": "", "2010-12-31": "", "2009-12-31": "", "2008-12-31": "", "2007-12-31": "", "2006-12-31": "", "2005-12-31": ""}, "Change In Assets/Liabilities": {"2020-12-31": "3.00000", "2019-12-31": "-4.00000", "2018-12-31": "31.00000", "2017-12-31": "-26.00000", "2016-12-31": "79.00000", "2015-12-31": "-42.00000", "2014-12-31": "2.00000", "2013-12-31": "-11.00000", "2012-12-31": "64.00000", "2011-12-31": "-227.00000", "2010-12-31": "16.16200", "2009-12-31": "-292.42400", "2008-12-31": "-25.55300", "2007-12-31": "1.54700", "2006-12-31": "-5.17600", "2005-12-31": "4.86600"}, "Total Change In Assets/Liabilities": {"2020-12-31": "22.00000", "2019-12-31": "35.00000", "2018-12-31": "-49.00000", "2017-12-31": "-9.00000", "2016-12-31": "135.00000", "2015-12-31": "-369.00000", "2014-12-31": "-320.00000", "2013-12-31": "-372.00000", "2012-12-31": "-92.00000", "2011-12-31": "-513.00000", "2010-12-31": "-241.80300", "2009-12-31": "-528.80300", "2008-12-31": "-296.09900", "2007-12-31": "-266.01800", "2006-12-31": "-151.73100", "2005-12-31": "-182.13500"}, "Cash Flow From Operating Activities": {"2020-12-31": "2005.00000", "2019-12-31": "1243.00000", "2018-12-31": "1200.00000", "2017-12-31": "1175.00000", "2016-12-31": "1116.00000", "2015-12-31": "821.00000", "2014-12-31": "944.00000", "2013-12-31": "652.00000", "2012-12-31": "1187.00000", "2011-12-31": "895.00000", "2010-12-31": "1118.04700", "2009-12-31": "997.41800", "2008-12-31": "1063.04900", "2007-12-31": "926.92400", "2006-12-31": "951.89600", "2005-12-31": "851.58300"}, "Net Change In Property, Plant, And Equipment": {"2020-12-31": "-418.00000", "2019-12-31": "-400.00000", "2018-12-31": "-383.00000", "2017-12-31": "-252.00000", "2016-12-31": "-293.00000", "2015-12-31": "-263.00000", "2014-12-31": "-308.00000", "2013-12-31": "-231.00000", "2012-12-31": "-182.00000", "2011-12-31": "-161.00000", "2010-12-31": "-205.40000", "2009-12-31": "-166.92800", "2008-12-31": "-212.68100", "2007-12-31": "-219.10100", "2006-12-31": "-193.42200", "2005-12-31": "-224.27000"}, "Net Change In Intangible Assets": {"2020-12-31": "", "2019-12-31": "", "2018-12-31": "", "2017-12-31": "", "2016-12-31": "", "2015-12-31": "", "2014-12-31": "", "2013-12-31": "474.00000", "2012-12-31": "0.00000", "2011-12-31": "", "2010-12-31": "", "2009-12-31": "", "2008-12-31": "", "2007-12-31": "", "2006-12-31": "", "2005-12-31": ""}, "Net Acquisitions/Divestitures": {"2020-12-31": "-327.00000", "2019-12-31": "-58.00000", "2018-12-31": "-419.00000", "2017-12-31": "-580.00000", "2016-12-31": "-139.00000", "2015-12-31": "-67.00000", "2014-12-31": "-728.00000", "2013-12-31": "83.00000", "2012-12-31": "-51.00000", "2011-12-31": "-1299.00000", "2010-12-31": "", "2009-12-31": "-18.29500", "2008-12-31": "8.06600", "2007-12-31": "-1535.82600", "2006-12-31": "-236.54300", "2005-12-31": "-814.21900"}, "Net Change In Short-term Investments": {"2020-12-31": "", "2019-12-31": "", "2018-12-31": "", "2017-12-31": "", "2016-12-31": "", "2015-12-31": "", "2014-12-31": "", "2013-12-31": "", "2012-12-31": "", "2011-12-31": "", "2010-12-31": "", "2009-12-31": "", "2008-12-31": "", "2007-12-31": "", "2006-12-31": "", "2005-12-31": ""}, "Net Change In Long-Term Investments": {"2020-12-31": "-27.00000", "2019-12-31": "-44.00000", "2018-12-31": "-1.00000", "2017-12-31": "1.00000", "2016-12-31": "10.00000", "2015-12-31": "-32.00000", "2014-12-31": "11.00000", "2013-12-31": "2.00000", "2012-12-31": "16.00000", "2011-12-31": "217.00000", "2010-12-31": "-11.11000", "2009-12-31": "-10.68100", "2008-12-31": "5.73200", "2007-12-31": "-4.26600", "2006-12-31": "15.56300", "2005-12-31": "-41.30400"}, "Net Change In Investments - Total": {"2020-12-31": "-27.00000", "2019-12-31": "-44.00000", "2018-12-31": "-1.00000", "2017-12-31": "1.00000", "2016-12-31": "10.00000", "2015-12-31": "-32.00000", "2014-12-31": "11.00000", "2013-12-31": "2.00000", "2012-12-31": "16.00000", "2011-12-31": "217.00000", "2010-12-31": "-11.11000", "2009-12-31": "-10.68100", "2008-12-31": "5.73200", "2007-12-31": "-4.26600", "2006-12-31": "15.56300", "2005-12-31": "-41.30400"}, "Investing Activities - Other": {"2020-12-31": "", "2019-12-31": "91.00000", "2018-12-31": "2.00000", "2017-12-31": "1.00000", "2016-12-31": "295.00000", "2015-12-31": "", "2014-12-31": "", "2013-12-31": "", "2012-12-31": "", "2011-12-31": "", "2010-12-31": "", "2009-12-31": "", "2008-12-31": "", "2007-12-31": "", "2006-12-31": "", "2005-12-31": ""}, "Cash Flow From Investing Activities": {"2020-12-31": "-772.00000", "2019-12-31": "-411.00000", "2018-12-31": "-801.00000", "2017-12-31": "-830.00000", "2016-12-31": "-127.00000", "2015-12-31": "-362.00000", "2014-12-31": "-1025.00000", "2013-12-31": "328.00000", "2012-12-31": "-217.00000", "2011-12-31": "-1243.00000", "2010-12-31": "-216.51000", "2009-12-31": "-195.90400", "2008-12-31": "-198.88300", "2007-12-31": "-1759.19300", "2006-12-31": "-414.40200", "2005-12-31": "-1079.79300"}, "Net Long-Term Debt": {"2020-12-31": "-805.00000", "2019-12-31": "832.00000", "2018-12-31": "124.00000", "2017-12-31": "23.00000", "2016-12-31": "141.00000", "2015-12-31": "-84.00000", "2014-12-31": "371.00000", "2013-12-31": "-4.00000", "2012-12-31": "-654.00000", "2011-12-31": "979.00000", "2010-12-31": "-169.49100", "2009-12-31": "26.98710", "2008-12-31": "-458.94100", "2007-12-31": "1049.12100", "2006-12-31": "-41.20800", "2005-12-31": "602.91000"}, "Net Current Debt": {"2020-12-31": "", "2019-12-31": "", "2018-12-31": "", "2017-12-31": "", "2016-12-31": "", "2015-12-31": "", "2014-12-31": "", "2013-12-31": "", "2012-12-31": "", "2011-12-31": "", "2010-12-31": "", "2009-12-31": "", "2008-12-31": "", "2007-12-31": "-24.95000", "2006-12-31": "-1.70500", "2005-12-31": "33.38400"}, "Debt Issuance/Retirement Net - Total": {"2020-12-31": "-805.00000", "2019-12-31": "832.00000", "2018-12-31": "124.00000", "2017-12-31": "23.00000", "2016-12-31": "141.00000", "2015-12-31": "-84.00000", "2014-12-31": "371.00000", "2013-12-31": "-4.00000", "2012-12-31": "-654.00000", "2011-12-31": "979.00000", "2010-12-31": "-169.49100", "2009-12-31": "26.98710", "2008-12-31": "-458.94100", "2007-12-31": "1024.17100", "2006-12-31": "-42.91300", "2005-12-31": "636.29400"}, "Net Common Equity Issued/Repurchased": {"2020-12-31": "-136.00000", "2019-12-31": "-234.00000", "2018-12-31": "-223.00000", "2017-12-31": "-335.00000", "2016-12-31": "-517.00000", "2015-12-31": "-164.00000", "2014-12-31": "-54.00000", "2013-12-31": "-899.00000", "2012-12-31": "-38.00000", "2011-12-31": "-798.00000", "2010-12-31": "-701.46500", "2009-12-31": "-412.87100", "2008-12-31": "-223.48600", "2007-12-31": "-64.73200", "2006-12-31": "-370.00100", "2005-12-31": "-291.82800"}, "Net Total Equity Issued/Repurchased": {"2020-12-31": "-136.00000", "2019-12-31": "-234.00000", "2018-12-31": "-223.00000", "2017-12-31": "-335.00000", "2016-12-31": "-517.00000", "2015-12-31": "-164.00000", "2014-12-31": "-54.00000", "2013-12-31": "-899.00000", "2012-12-31": "-38.00000", "2011-12-31": "-798.00000", "2010-12-31": "-701.46500", "2009-12-31": "-412.87100", "2008-12-31": "-223.48600", "2007-12-31": "-64.73200", "2006-12-31": "-370.00100", "2005-12-31": "-291.82800"}, "Total Common And Preferred Stock Dividends Paid": {"2020-12-31": "-297.00000", "2019-12-31": "-286.00000", "2018-12-31": "-266.00000", "2017-12-31": "-247.00000", "2016-12-31": "-223.00000", "2015-12-31": "-212.00000", "2014-12-31": "-187.00000", "2013-12-31": "-185.00000", "2012-12-31": "-108.00000", "2011-12-31": "-65.00000", "2010-12-31": "-71.32100", "2009-12-31": "-74.74800", "2008-12-31": "-77.96400", "2007-12-31": "-77.32700", "2006-12-31": "-77.13500", "2005-12-31": "-69.67300"}, "Financial Activities - Other": {"2020-12-31": "-29.00000", "2019-12-31": "-87.00000", "2018-12-31": "-36.00000", "2017-12-31": "-33.00000", "2016-12-31": "-139.00000", "2015-12-31": "-58.00000", "2014-12-31": "-44.00000", "2013-12-31": "-18.00000", "2012-12-31": "-22.00000", "2011-12-31": "-52.00000", "2010-12-31": "-44.21500", "2009-12-31": "-60.57200", "2008-12-31": "-17.42300", "2007-12-31": "-31.88900", "2006-12-31": "10.06500", "2005-12-31": "-27.75500"}, "Cash Flow From Financial Activities": {"2020-12-31": "-1267.00000", "2019-12-31": "225.00000", "2018-12-31": "-401.00000", "2017-12-31": "-592.00000", "2016-12-31": "-738.00000", "2015-12-31": "-518.00000", "2014-12-31": "86.00000", "2013-12-31": "-1106.00000", "2012-12-31": "-822.00000", "2011-12-31": "64.00000", "2010-12-31": "-986.49200", "2009-12-31": "-521.20400", "2008-12-31": "-777.81400", "2007-12-31": "850.22300", "2006-12-31": "-479.98400", "2005-12-31": "247.03800"}, "Net Cash Flow": {"2020-12-31": "-34.00000", "2019-12-31": "1057.00000", "2018-12-31": "-2.00000", "2017-12-31": "-247.00000", "2016-12-31": "251.00000", "2015-12-31": "-59.00000", "2014-12-31": "5.00000", "2013-12-31": "-109.00000", "2012-12-31": "131.00000", "2011-12-31": "-284.00000", "2010-12-31": "-84.95500", "2009-12-31": "280.31000", "2008-12-31": "86.35200", "2007-12-31": "17.95400", "2006-12-31": "57.51000", "2005-12-31": "18.82800"}, "Stock-Based Compensation": {"2020-12-31": "97.00000", "2019-12-31": "56.00000", "2018-12-31": "61.00000", "2017-12-31": "79.00000", "2016-12-31": "69.00000", "2015-12-31": "52.00000", "2014-12-31": "51.00000", "2013-12-31": "28.00000", "2012-12-31": "50.00000", "2011-12-31": "72.00000", "2010-12-31": "53.92700", "2009-12-31": "75.05900", "2008-12-31": "70.58100", "2007-12-31": "56.85300", "2006-12-31": "55.47800", "2005-12-31": "2.03700"}, "Common Stock Dividends Paid": {"2020-12-31": "-297.00000", "2019-12-31": "-286.00000", "2018-12-31": "-266.00000", "2017-12-31": "-247.00000", "2016-12-31": "-223.00000", "2015-12-31": "-212.00000", "2014-12-31": "-187.00000", "2013-12-31": "-185.00000", "2012-12-31": "-108.00000", "2011-12-31": "-65.00000", "2010-12-31": "-71.32100", "2009-12-31": "-74.74800", "2008-12-31": "-77.96400", "2007-12-31": "-77.32700", "2006-12-31": "-77.13500", "2005-12-31": "-69.67300"}}, "cash flow statement, quarterly": {"Net Income/Loss": {"2020-12-31": 609, "2020-09-30": 591, "2020-06-30": 193, "2020-03-31": "106.00000", "2019-12-31": 265, "2019-09-30": 226, "2019-06-30": 239, "2019-03-31": "176.00000", "2018-12-31": 139, "2018-09-30": 227, "2018-06-30": 233, "2018-03-31": "189.00000", "2017-12-31": 267, "2017-09-30": 175, "2017-06-30": 207, "2017-03-31": "175.00000", "2016-12-31": 167, "2016-09-30": 205, "2016-06-30": 209, "2016-03-31": "115.00000", "2015-12-31": 200, "2015-09-30": 354, "2015-06-30": 129, "2015-03-31": "70.00000", "2014-12-31": 200, "2014-09-30": 139, "2014-06-30": 142, "2014-03-31": "111.00000", "2013-12-31": 151, "2013-09-30": 414, "2013-06-30": 174, "2013-03-31": "144.00000", "2012-12-31": 65.474, "2012-09-30": 171.538, "2012-06-30": 186.473, "2012-03-31": "168.51500", "2011-12-31": 199.242, "2011-09-30": 181.893, "2011-06-30": 171.527, "2011-03-31": "-46.66200", "2010-12-31": 174.232, "2010-09-30": 207.756, "2010-06-30": 203.876, "2010-03-31": "171.15300", "2009-12-31": 190.562, "2009-09-30": 201.635, "2009-06-30": 198.369, "2009-03-31": "175.65600", "2008-12-31": 178.034, "2008-09-30": 119.346, "2008-06-30": 169.154, "2008-03-31": "146.66100", "2007-12-31": 21.259, "2007-09-30": 97.965, "2007-06-30": 141.332, "2007-03-31": "105.89300", "2006-12-31": 149.286, "2006-09-30": 160.522, "2006-06-30": 131.977, "2006-03-31": "144.63600", "2005-12-31": 130.329, "2005-09-30": 135.248, "2005-06-30": 149.089, "2005-03-31": "131.61100"}, "Total Depreciation And Amortization - Cash Flow": {"2020-12-31": 98, "2020-09-30": 89, "2020-06-30": 89, "2020-03-31": "85.00000", "2019-12-31": 82, "2019-09-30": 82, "2019-06-30": 81, "2019-03-31": "84.00000", "2018-12-31": 81, "2018-09-30": 77, "2018-06-30": 77, "2018-03-31": "74.00000", "2017-12-31": 73, "2017-09-30": 69, "2017-06-30": 66, "2017-03-31": "62.00000", "2016-12-31": 63, "2016-09-30": 63, "2016-06-30": 61, "2016-03-31": "62.00000", "2015-12-31": 74, "2015-09-30": 77, "2015-06-30": 75, "2015-03-31": "78.00000", "2014-12-31": 79, "2014-09-30": 79, "2014-06-30": 81, "2014-03-31": "75.00000", "2013-12-31": 72, "2013-09-30": 69, "2013-06-30": 72, "2013-03-31": "70.00000", "2012-12-31": 71.7, "2012-09-30": 71.271, "2012-06-30": 71.855, "2012-03-31": "72.17400", "2011-12-31": 71.569, "2011-09-30": 73.347, "2011-06-30": 72.719, "2011-03-31": "63.36500", "2010-12-31": 63.52, "2010-09-30": 64.137, "2010-06-30": 62.974, "2010-03-31": "63.33300", "2009-12-31": 63.025, "2009-09-30": 63.615, "2009-06-30": 65.187, "2009-03-31": "64.86000", "2008-12-31": 65.765, "2008-09-30": 66.144, "2008-06-30": 67.425, "2008-03-31": "65.25900", "2007-12-31": 68.622, "2007-09-30": 64.024, "2007-06-30": 54.898, "2007-03-31": "50.33500", "2006-12-31": 49.39, "2006-09-30": 49.388, "2006-06-30": 49.56, "2006-03-31": "49.06000", "2005-12-31": 47.138, "2005-09-30": 43.455, "2005-06-30": 43.003, "2005-03-31": "42.52800"}, "Other Non-Cash Items": {"2020-12-31": 30, "2020-09-30": 26, "2020-06-30": 32, "2020-03-31": "35.00000", "2019-12-31": -56, "2019-09-30": 18, "2019-06-30": 26, "2019-03-31": "24.00000", "2018-12-31": 32, "2018-09-30": 41, "2018-06-30": 27, "2018-03-31": "46.00000", "2017-12-31": -46, "2017-09-30": 24, "2017-06-30": 90, "2017-03-31": "30.00000", "2016-12-31": -157, "2016-09-30": 114, "2016-06-30": -32, "2016-03-31": "113.00000", "2015-12-31": 62, "2015-09-30": -104, "2015-06-30": 65, "2015-03-31": "110.00000", "2014-12-31": 129, "2014-09-30": 94, "2014-06-30": 70, "2014-03-31": "77.00000", "2013-12-31": 74, "2013-09-30": -355, "2013-06-30": 44, "2013-03-31": "76.00000", "2012-12-31": 160.224, "2012-09-30": 81.649, "2012-06-30": 84.076, "2012-03-31": "82.05100", "2011-12-31": 113.158, "2011-09-30": 78.561, "2011-06-30": 132.406, "2011-03-31": "288.87500", "2010-12-31": 62.675, "2010-09-30": 89.955, "2010-06-30": 81.83, "2010-03-31": "91.44200", "2009-12-31": 115.193, "2009-09-30": 104.599, "2009-06-30": 146.303, "2009-03-31": "107.51800", "2008-12-31": 120.602, "2008-09-30": 149.861, "2008-06-30": 93.057, "2008-03-31": "104.06800", "2007-12-31": 248.6041, "2007-09-30": 146.78, "2007-06-30": 108.157, "2007-03-31": "76.76300", "2006-12-31": 60.487, "2006-09-30": 77.286, "2006-06-30": 73.189, "2006-03-31": "88.67400", "2005-12-31": 77.899, "2005-09-30": 72.123, "2005-06-30": 79.721, "2005-03-31": "59.90100"}, "Total Non-Cash Items": {"2020-12-31": 128, "2020-09-30": 115, "2020-06-30": 121, "2020-03-31": "120.00000", "2019-12-31": 26, "2019-09-30": 100, "2019-06-30": 107, "2019-03-31": "108.00000", "2018-12-31": 113, "2018-09-30": 118, "2018-06-30": 104, "2018-03-31": "120.00000", "2017-12-31": 27, "2017-09-30": 93, "2017-06-30": 156, "2017-03-31": "92.00000", "2016-12-31": -94, "2016-09-30": 177, "2016-06-30": 29, "2016-03-31": "175.00000", "2015-12-31": 136, "2015-09-30": -27, "2015-06-30": 140, "2015-03-31": "188.00000", "2014-12-31": 208, "2014-09-30": 173, "2014-06-30": 151, "2014-03-31": "152.00000", "2013-12-31": 146, "2013-09-30": -286, "2013-06-30": 116, "2013-03-31": "146.00000", "2012-12-31": 231.924, "2012-09-30": 152.92, "2012-06-30": 155.931, "2012-03-31": "154.22500", "2011-12-31": 184.7271, "2011-09-30": 151.9079, "2011-06-30": 205.125, "2011-03-31": "352.24000", "2010-12-31": 126.195, "2010-09-30": 154.092, "2010-06-30": 144.804, "2010-03-31": "154.77500", "2009-12-31": 178.218, "2009-09-30": 168.214, "2009-06-30": 211.49, "2009-03-31": "172.37800", "2008-12-31": 186.367, "2008-09-30": 216.005, "2008-06-30": 160.482, "2008-03-31": "169.32700", "2007-12-31": 317.226, "2007-09-30": 210.804, "2007-06-30": 163.055, "2007-03-31": "127.09800", "2006-12-31": 109.877, "2006-09-30": 126.674, "2006-06-30": 122.749, "2006-03-31": "137.73400", "2005-12-31": 125.037, "2005-09-30": 115.578, "2005-06-30": 122.724, "2005-03-31": "102.42900"}, "Change In Accounts Receivable": {"2020-12-31": -100, "2020-09-30": -280, "2020-06-30": -160, "2020-03-31": "85.00000", "2019-12-31": 50, "2019-09-30": -32, "2019-06-30": -10, "2019-03-31": "-71.00000", "2018-12-31": 101, "2018-09-30": -39, "2018-06-30": -30, "2018-03-31": "-97.00000", "2017-12-31": 38, "2017-09-30": -5, "2017-06-30": 11, "2017-03-31": "-35.00000", "2016-12-31": 274, "2016-09-30": -67, "2016-06-30": -104, "2016-03-31": "-145.00000", "2015-12-31": -48, "2015-09-30": -51, "2015-06-30": -66, "2015-03-31": "-97.00000", "2014-12-31": -52, "2014-09-30": -69, "2014-06-30": -39, "2014-03-31": "-152.00000", "2013-12-31": 5, "2013-09-30": -39, "2013-06-30": -81, "2013-03-31": "-132.00000", "2012-12-31": -11.625, "2012-09-30": -49.457, "2012-06-30": -34.744, "2012-03-31": "-147.17400", "2011-12-31": -35.887, "2011-09-30": -77.056, "2011-06-30": -22.782, "2011-03-31": "-171.27500", "2010-12-31": -30.053, "2010-09-30": -86.711, "2010-06-30": -77.881, "2010-03-31": "-115.28700", "2009-12-31": -10.056, "2009-09-30": -75.661, "2009-06-30": -92.279, "2009-03-31": "-136.10600", "2008-12-31": -22.985, "2008-09-30": -46.034, "2008-06-30": -61.822, "2008-03-31": "-151.79300", "2007-12-31": -0.915, "2007-09-30": -78.97, "2007-06-30": -91.431, "2007-03-31": "-94.03100", "2006-12-31": 23.8, "2006-09-30": -105.888, "2006-06-30": -84.905, "2006-03-31": "-106.23900", "2005-12-31": -15.956, "2005-09-30": -59.102, "2005-06-30": -50.808, "2005-03-31": "-112.55500"}, "Change In Inventories": {"2020-12-31": 0, "2020-09-30": 0, "2020-06-30": 0, "2020-03-31": "", "2019-12-31": 0, "2019-09-30": 0, "2019-06-30": 0, "2019-03-31": "", "2018-12-31": 0, "2018-09-30": 0, "2018-06-30": 0, "2018-03-31": "", "2017-12-31": 0, "2017-09-30": 0, "2017-06-30": 0, "2017-03-31": "", "2016-12-31": 0, "2016-09-30": 0, "2016-06-30": 0, "2016-03-31": "", "2015-12-31": 0, "2015-09-30": 0, "2015-06-30": 0, "2015-03-31": "", "2014-12-31": 0, "2014-09-30": 0, "2014-06-30": 0, "2014-03-31": "", "2013-12-31": 0, "2013-09-30": 0, "2013-06-30": 0, "2013-03-31": "", "2012-12-31": 0, "2012-09-30": 0, "2012-06-30": 0, "2012-03-31": "", "2011-12-31": 0, "2011-09-30": 0, "2011-06-30": 0, "2011-03-31": "", "2010-12-31": 0, "2010-09-30": 0, "2010-06-30": 0, "2010-03-31": "", "2009-12-31": 0, "2009-09-30": 0, "2009-06-30": 0, "2009-03-31": "", "2008-12-31": 0, "2008-09-30": 0, "2008-06-30": 0, "2008-03-31": "", "2007-12-31": 0, "2007-09-30": 0, "2007-06-30": 0, "2007-03-31": "", "2006-12-31": 0, "2006-09-30": 0, "2006-06-30": 0, "2006-03-31": "", "2005-12-31": 0, "2005-09-30": 0, "2005-06-30": 0, "2005-03-31": ""}, "Change In Accounts Payable": {"2020-12-31": 0, "2020-09-30": 0, "2020-06-30": 0, "2020-03-31": "", "2019-12-31": 0, "2019-09-30": 0, "2019-06-30": 0, "2019-03-31": "", "2018-12-31": 0, "2018-09-30": 0, "2018-06-30": 0, "2018-03-31": "", "2017-12-31": 0, "2017-09-30": 0, "2017-06-30": 0, "2017-03-31": "", "2016-12-31": 0, "2016-09-30": 0, "2016-06-30": 0, "2016-03-31": "", "2015-12-31": 0, "2015-09-30": 0, "2015-06-30": 0, "2015-03-31": "", "2014-12-31": 0, "2014-09-30": 0, "2014-06-30": 0, "2014-03-31": "", "2013-12-31": 0, "2013-09-30": 0, "2013-06-30": 0, "2013-03-31": "", "2012-12-31": 0, "2012-09-30": 0, "2012-06-30": 0, "2012-03-31": "", "2011-12-31": 0, "2011-09-30": 0, "2011-06-30": 0, "2011-03-31": "", "2010-12-31": 0, "2010-09-30": 0, "2010-06-30": 0, "2010-03-31": "", "2009-12-31": 0, "2009-09-30": 0, "2009-06-30": 0, "2009-03-31": "", "2008-12-31": 0, "2008-09-30": 0, "2008-06-30": 0, "2008-03-31": "", "2007-12-31": 0, "2007-09-30": 0, "2007-06-30": 0, "2007-03-31": "", "2006-12-31": 0, "2006-09-30": 0, "2006-06-30": 0, "2006-03-31": "", "2005-12-31": 0, "2005-09-30": 0, "2005-06-30": 0, "2005-03-31": ""}, "Change In Assets/Liabilities": {"2020-12-31": -21, "2020-09-30": -17, "2020-06-30": 53, "2020-03-31": "-12.00000", "2019-12-31": -11, "2019-09-30": -31, "2019-06-30": 33, "2019-03-31": "5.00000", "2018-12-31": 1, "2018-09-30": -7, "2018-06-30": 5, "2018-03-31": "32.00000", "2017-12-31": -12, "2017-09-30": -2, "2017-06-30": -7, "2017-03-31": "-5.00000", "2016-12-31": 10, "2016-09-30": 57, "2016-06-30": -3, "2016-03-31": "15.00000", "2015-12-31": -1, "2015-09-30": -39, "2015-06-30": -3, "2015-03-31": "1.00000", "2014-12-31": 12, "2014-09-30": -6, "2014-06-30": 5, "2014-03-31": "-9.00000", "2013-12-31": 2, "2013-09-30": -5, "2013-06-30": -4, "2013-03-31": "-4.00000", "2012-12-31": -13.701, "2012-09-30": 90.007, "2012-06-30": -2.374, "2012-03-31": "-9.93200", "2011-12-31": 3.575, "2011-09-30": 8.722, "2011-06-30": -230.55, "2011-03-31": "-8.74700", "2010-12-31": 1.052, "2010-09-30": 16.622, "2010-06-30": -4.9, "2010-03-31": "3.38800", "2009-12-31": -12.793, "2009-09-30": -3.851, "2009-06-30": -281.985, "2009-03-31": "6.20500", "2008-12-31": 5.891, "2008-09-30": -13.334, "2008-06-30": 5.332, "2008-03-31": "-23.44200", "2007-12-31": 7.6, "2007-09-30": 3.539, "2007-06-30": 1.66, "2007-03-31": "-11.25200", "2006-12-31": 9.083, "2006-09-30": -3.273, "2006-06-30": 3.861, "2006-03-31": "-14.84700", "2005-12-31": 23.545, "2005-09-30": -2.897, "2005-06-30": 4.136, "2005-03-31": "-19.91800"}, "Total Change In Assets/Liabilities": {"2020-12-31": -256, "2020-09-30": 219, "2020-06-30": 36, "2020-03-31": "23.00000", "2019-12-31": 52, "2019-09-30": -16, "2019-06-30": -10, "2019-03-31": "9.00000", "2018-12-31": 37, "2018-09-30": 75, "2018-06-30": -33, "2018-03-31": "-128.00000", "2017-12-31": 37, "2017-09-30": 86, "2017-06-30": -60, "2017-03-31": "-72.00000", "2016-12-31": 265, "2016-09-30": -57, "2016-06-30": 64, "2016-03-31": "-137.00000", "2015-12-31": -64, "2015-09-30": -115, "2015-06-30": 16, "2015-03-31": "-206.00000", "2014-12-31": -92, "2014-09-30": -38, "2014-06-30": -13, "2014-03-31": "-177.00000", "2013-12-31": -107, "2013-09-30": 59, "2013-06-30": -82, "2013-03-31": "-242.00000", "2012-12-31": 85.497, "2012-09-30": 75.777, "2012-06-30": -91.998, "2012-03-31": "-161.27600", "2011-12-31": -48.965, "2011-09-30": 4.542, "2011-06-30": -320.105, "2011-03-31": "-148.47200", "2010-12-31": 30.517, "2010-09-30": -34.83, "2010-06-30": -142.069, "2010-03-31": "-95.42100", "2009-12-31": -27.261, "2009-09-30": 2.32, "2009-06-30": -430.995, "2009-03-31": "-72.86700", "2008-12-31": -13.205, "2008-09-30": -13.291, "2008-06-30": -114.923, "2008-03-31": "-154.68000", "2007-12-31": 5.565, "2007-09-30": -14.012, "2007-06-30": -174.785, "2007-03-31": "-82.78600", "2006-12-31": 32.18, "2006-09-30": -59.792, "2006-06-30": -99.999, "2006-03-31": "-24.12000", "2005-12-31": 34.842, "2005-09-30": -82.768, "2005-06-30": -36.983, "2005-03-31": "-97.22600"}, "Cash Flow From Operating Activities": {"2020-12-31": 541, "2020-09-30": 862, "2020-06-30": 355, "2020-03-31": "247.00000", "2019-12-31": 348, "2019-09-30": 299, "2019-06-30": 321, "2019-03-31": "275.00000", "2018-12-31": 295, "2018-09-30": 402, "2018-06-30": 323, "2018-03-31": "180.00000", "2017-12-31": 323, "2017-09-30": 362, "2017-06-30": 294, "2017-03-31": "196.00000", "2016-12-31": 351, "2016-09-30": 301, "2016-06-30": 311, "2016-03-31": "153.00000", "2015-12-31": 272, "2015-09-30": 212, "2015-06-30": 285, "2015-03-31": "52.00000", "2014-12-31": 309, "2014-09-30": 271, "2014-06-30": 280, "2014-03-31": "84.00000", "2013-12-31": 210, "2013-09-30": 187, "2013-06-30": 208, "2013-03-31": "47.00000", "2012-12-31": 380.245, "2012-09-30": 394.621, "2012-06-30": 250.867, "2012-03-31": "161.26700", "2011-12-31": 337.272, "2011-09-30": 337.645, "2011-06-30": 59.503, "2011-03-31": "160.58000", "2010-12-31": 339.589, "2010-09-30": 330.074, "2010-06-30": 209.169, "2010-03-31": "239.21500", "2009-12-31": 360.319, "2009-09-30": 373.543, "2009-06-30": -9.207, "2009-03-31": "272.76300", "2008-12-31": 362.922, "2008-09-30": 328.917, "2008-06-30": 213.303, "2008-03-31": "157.90700", "2007-12-31": 355.376, "2007-09-30": 291.202, "2007-06-30": 128.793, "2007-03-31": "151.55300", "2006-12-31": 306.09, "2006-09-30": 234.695, "2006-06-30": 170.452, "2006-03-31": "240.65900", "2005-12-31": 303.409, "2005-09-30": 177.665, "2005-06-30": 234.48, "2005-03-31": "136.02900"}, "Net Change In Property, Plant, And Equipment": {"2020-12-31": -162, "2020-09-30": -91, "2020-06-30": -82, "2020-03-31": "-83.00000", "2019-12-31": -172, "2019-09-30": -96, "2019-06-30": -85, "2019-03-31": "-47.00000", "2018-12-31": -151, "2018-09-30": -81, "2018-06-30": -78, "2018-03-31": "-73.00000", "2017-12-31": -82, "2017-09-30": -63, "2017-06-30": -65, "2017-03-31": "-42.00000", "2016-12-31": -128, "2016-09-30": -61, "2016-06-30": -57, "2016-03-31": "-47.00000", "2015-12-31": -94, "2015-09-30": -52, "2015-06-30": -61, "2015-03-31": "-56.00000", "2014-12-31": -89, "2014-09-30": -102, "2014-06-30": -49, "2014-03-31": "-68.00000", "2013-12-31": -76, "2013-09-30": -50, "2013-06-30": -56, "2013-03-31": "-49.00000", "2012-12-31": -59.682, "2012-09-30": -44.91, "2012-06-30": -47.41, "2012-03-31": "-29.99800", "2011-12-31": -43.121, "2011-09-30": -39.255, "2011-06-30": -39.633, "2011-03-31": "-38.99100", "2010-12-31": -69.109, "2010-09-30": -47.443, "2010-06-30": -49.085, "2010-03-31": "-39.76300", "2009-12-31": -49.895, "2009-09-30": -41.037, "2009-06-30": -36.386, "2009-03-31": "-39.61000", "2008-12-31": -72.52, "2008-09-30": -45.34, "2008-06-30": -47.898, "2008-03-31": "-46.92300", "2007-12-31": -76.176, "2007-09-30": -53.593, "2007-06-30": -49.206, "2007-03-31": "-40.12600", "2006-12-31": -59.901, "2006-09-30": -45.377, "2006-06-30": -45.958, "2006-03-31": "-42.18600", "2005-12-31": -45.938, "2005-09-30": -54.462, "2005-06-30": -68.489, "2005-03-31": "-55.38100"}, "Net Change In Intangible Assets": {"2020-12-31": 0, "2020-09-30": 0, "2020-06-30": 0, "2020-03-31": "", "2019-12-31": 0, "2019-09-30": 0, "2019-06-30": 0, "2019-03-31": "", "2018-12-31": 0, "2018-09-30": 0, "2018-06-30": 0, "2018-03-31": "", "2017-12-31": 0, "2017-09-30": 0, "2017-06-30": 0, "2017-03-31": "", "2016-12-31": 0, "2016-09-30": 0, "2016-06-30": 0, "2016-03-31": "", "2015-12-31": 0, "2015-09-30": 0, "2015-06-30": 0, "2015-03-31": "", "2014-12-31": 0, "2014-09-30": 0, "2014-06-30": 0, "2014-03-31": "", "2013-12-31": 0, "2013-09-30": 474, "2013-06-30": 0, "2013-03-31": "", "2012-12-31": 0, "2012-09-30": 0, "2012-06-30": 0, "2012-03-31": "", "2011-12-31": 0, "2011-09-30": 0, "2011-06-30": 0, "2011-03-31": "", "2010-12-31": 0, "2010-09-30": 0, "2010-06-30": 0, "2010-03-31": "", "2009-12-31": 0, "2009-09-30": 0, "2009-06-30": 0, "2009-03-31": "", "2008-12-31": 0, "2008-09-30": 0, "2008-06-30": 0, "2008-03-31": "", "2007-12-31": 0, "2007-09-30": 0, "2007-06-30": 0, "2007-03-31": "", "2006-12-31": 0, "2006-09-30": 0, "2006-06-30": 0, "2006-03-31": "", "2005-12-31": 0, "2005-09-30": 0, "2005-06-30": 0, "2005-03-31": ""}, "Net Acquisitions/Divestitures": {"2020-12-31": 2, "2020-09-30": -101, "2020-06-30": -120, "2020-03-31": "-108.00000", "2019-12-31": -2, "2019-09-30": 0, "2019-06-30": 0, "2019-03-31": "-56.00000", "2018-12-31": -200, "2018-09-30": -54, "2018-06-30": -35, "2018-03-31": "-130.00000", "2017-12-31": -281, "2017-09-30": -187, "2017-06-30": -111, "2017-03-31": "-1.00000", "2016-12-31": 0, "2016-09-30": -279, "2016-06-30": 275, "2016-03-31": "-135.00000", "2015-12-31": -26, "2015-09-30": -35, "2015-06-30": -6, "2015-03-31": "", "2014-12-31": -3, "2014-09-30": -2, "2014-06-30": -156, "2014-03-31": "-567.00000", "2013-12-31": -33, "2013-09-30": 30, "2013-06-30": 176, "2013-03-31": "-90.00000", "2012-12-31": -0.426, "2012-09-30": -0.006, "2012-06-30": -0.012, "2012-03-31": "-50.55600", "2011-12-31": -0.482, "2011-09-30": -162.138, "2011-06-30": -1136.38, "2011-03-31": "", "2010-12-31": 0, "2010-09-30": 0, "2010-06-30": 0, "2010-03-31": "", "2009-12-31": -1.692, "2009-09-30": -4.551, "2009-06-30": -10.623, "2009-03-31": "-1.42900", "2008-12-31": -11.267, "2008-09-30": -0.554, "2008-06-30": -2.93, "2008-03-31": "22.81700", "2007-12-31": -32.427, "2007-09-30": -23.96, "2007-06-30": -1172.812, "2007-03-31": "-306.62700", "2006-12-31": -5.159, "2006-09-30": -230.342, "2006-06-30": -1.042, "2006-03-31": "", "2005-12-31": -793.632, "2005-09-30": -1.264, "2005-06-30": 0, "2005-03-31": "-19.32300"}, "Net Change In Short-term Investments": {"2020-12-31": 0, "2020-09-30": 0, "2020-06-30": 0, "2020-03-31": "", "2019-12-31": 0, "2019-09-30": 0, "2019-06-30": 0, "2019-03-31": "", "2018-12-31": 0, "2018-09-30": 0, "2018-06-30": 0, "2018-03-31": "", "2017-12-31": 0, "2017-09-30": 0, "2017-06-30": 0, "2017-03-31": "", "2016-12-31": 0, "2016-09-30": 0, "2016-06-30": 0, "2016-03-31": "", "2015-12-31": 0, "2015-09-30": 0, "2015-06-30": 0, "2015-03-31": "", "2014-12-31": 0, "2014-09-30": 0, "2014-06-30": 0, "2014-03-31": "", "2013-12-31": 0, "2013-09-30": 0, "2013-06-30": 0, "2013-03-31": "", "2012-12-31": 0, "2012-09-30": 0, "2012-06-30": 0, "2012-03-31": "", "2011-12-31": 0, "2011-09-30": 0, "2011-06-30": 0, "2011-03-31": "", "2010-12-31": 0, "2010-09-30": 0, "2010-06-30": 0, "2010-03-31": "", "2009-12-31": 0, "2009-09-30": 0, "2009-06-30": 0, "2009-03-31": "", "2008-12-31": 0, "2008-09-30": 0, "2008-06-30": 0, "2008-03-31": "", "2007-12-31": 0, "2007-09-30": 0, "2007-06-30": 0, "2007-03-31": "", "2006-12-31": 0, "2006-09-30": 0, "2006-06-30": 0, "2006-03-31": "", "2005-12-31": 0, "2005-09-30": 0, "2005-06-30": 0, "2005-03-31": ""}, "Net Change In Long-Term Investments": {"2020-12-31": -8, "2020-09-30": -1, "2020-06-30": -3, "2020-03-31": "-15.00000", "2019-12-31": -17, "2019-09-30": -13, "2019-06-30": -7, "2019-03-31": "-7.00000", "2018-12-31": 3, "2018-09-30": 10, "2018-06-30": -13, "2018-03-31": "-1.00000", "2017-12-31": -4, "2017-09-30": 3, "2017-06-30": 6, "2017-03-31": "-4.00000", "2016-12-31": 21, "2016-09-30": -2, "2016-06-30": -1, "2016-03-31": "-8.00000", "2015-12-31": -5, "2015-09-30": -27, "2015-06-30": -1, "2015-03-31": "1.00000", "2014-12-31": 1, "2014-09-30": 11, "2014-06-30": 0, "2014-03-31": "-1.00000", "2013-12-31": 4, "2013-09-30": -2, "2013-06-30": 1, "2013-03-31": "-1.00000", "2012-12-31": 18.098, "2012-09-30": 0.467, "2012-06-30": 0.124, "2012-03-31": "-2.68900", "2011-12-31": 2.661, "2011-09-30": 7.301, "2011-06-30": 208.8, "2011-03-31": "-1.76200", "2010-12-31": -7.567, "2010-09-30": -0.347, "2010-06-30": -0.365, "2010-03-31": "-2.83100", "2009-12-31": -4.124, "2009-09-30": -0.529, "2009-06-30": -5.702, "2009-03-31": "-0.32600", "2008-12-31": 1.387, "2008-09-30": -1.62, "2008-06-30": -0.921, "2008-03-31": "6.88600", "2007-12-31": -0.503, "2007-09-30": 2.725, "2007-06-30": -5.369, "2007-03-31": "-1.11900", "2006-12-31": 1.919, "2006-09-30": 0.152, "2006-06-30": -0.7, "2006-03-31": "14.19200", "2005-12-31": -1.24, "2005-09-30": -16.4, "2005-06-30": -23.164, "2005-03-31": "-0.50000"}, "Net Change In Investments - Total": {"2020-12-31": -8, "2020-09-30": -1, "2020-06-30": -3, "2020-03-31": "-15.00000", "2019-12-31": -17, "2019-09-30": -13, "2019-06-30": -7, "2019-03-31": "-7.00000", "2018-12-31": 3, "2018-09-30": 10, "2018-06-30": -13, "2018-03-31": "-1.00000", "2017-12-31": -4, "2017-09-30": 3, "2017-06-30": 6, "2017-03-31": "-4.00000", "2016-12-31": 21, "2016-09-30": -2, "2016-06-30": -1, "2016-03-31": "-8.00000", "2015-12-31": -5, "2015-09-30": -27, "2015-06-30": -1, "2015-03-31": "1.00000", "2014-12-31": 1, "2014-09-30": 11, "2014-06-30": 0, "2014-03-31": "-1.00000", "2013-12-31": 4, "2013-09-30": -2, "2013-06-30": 1, "2013-03-31": "-1.00000", "2012-12-31": 18.098, "2012-09-30": 0.467, "2012-06-30": 0.124, "2012-03-31": "-2.68900", "2011-12-31": 2.661, "2011-09-30": 7.301, "2011-06-30": 208.8, "2011-03-31": "-1.76200", "2010-12-31": -7.567, "2010-09-30": -0.347, "2010-06-30": -0.365, "2010-03-31": "-2.83100", "2009-12-31": -4.124, "2009-09-30": -0.529, "2009-06-30": -5.702, "2009-03-31": "-0.32600", "2008-12-31": 1.387, "2008-09-30": -1.62, "2008-06-30": -0.921, "2008-03-31": "6.88600", "2007-12-31": -0.503, "2007-09-30": 2.725, "2007-06-30": -5.369, "2007-03-31": "-1.11900", "2006-12-31": 1.919, "2006-09-30": 0.152, "2006-06-30": -0.7, "2006-03-31": "14.19200", "2005-12-31": -1.24, "2005-09-30": -16.4, "2005-06-30": -23.164, "2005-03-31": "-0.50000"}, "Investing Activities - Other": {"2020-12-31": 0, "2020-09-30": 0, "2020-06-30": 0, "2020-03-31": "", "2019-12-31": 91, "2019-09-30": 0, "2019-06-30": 0, "2019-03-31": "", "2018-12-31": 2, "2018-09-30": 0, "2018-06-30": 0, "2018-03-31": "", "2017-12-31": 1, "2017-09-30": 0, "2017-06-30": 0, "2017-03-31": "", "2016-12-31": 25, "2016-09-30": 270, "2016-06-30": 0, "2016-03-31": "", "2015-12-31": 0, "2015-09-30": 0, "2015-06-30": 0, "2015-03-31": "", "2014-12-31": 0, "2014-09-30": 0, "2014-06-30": 0, "2014-03-31": "", "2013-12-31": 0, "2013-09-30": 0, "2013-06-30": 0, "2013-03-31": "", "2012-12-31": 0, "2012-09-30": 0, "2012-06-30": 0, "2012-03-31": "", "2011-12-31": 0, "2011-09-30": 0, "2011-06-30": 0, "2011-03-31": "", "2010-12-31": 0, "2010-09-30": 0, "2010-06-30": 0, "2010-03-31": "", "2009-12-31": 0, "2009-09-30": 0, "2009-06-30": 0, "2009-03-31": "", "2008-12-31": 0, "2008-09-30": 0, "2008-06-30": 0, "2008-03-31": "", "2007-12-31": 0, "2007-09-30": 0, "2007-06-30": -1.925, "2007-03-31": "1.92500", "2006-12-31": 0, "2006-09-30": 0, "2006-06-30": -0.003, "2006-03-31": "0.00300", "2005-12-31": 0, "2005-09-30": 0, "2005-06-30": -0.011, "2005-03-31": "0.01100"}, "Cash Flow From Investing Activities": {"2020-12-31": -168, "2020-09-30": -193, "2020-06-30": -205, "2020-03-31": "-206.00000", "2019-12-31": -100, "2019-09-30": -109, "2019-06-30": -92, "2019-03-31": "-110.00000", "2018-12-31": -346, "2018-09-30": -125, "2018-06-30": -126, "2018-03-31": "-204.00000", "2017-12-31": -366, "2017-09-30": -247, "2017-06-30": -170, "2017-03-31": "-47.00000", "2016-12-31": -82, "2016-09-30": -72, "2016-06-30": 217, "2016-03-31": "-190.00000", "2015-12-31": -125, "2015-09-30": -114, "2015-06-30": -68, "2015-03-31": "-55.00000", "2014-12-31": -91, "2014-09-30": -93, "2014-06-30": -205, "2014-03-31": "-636.00000", "2013-12-31": -105, "2013-09-30": 452, "2013-06-30": 121, "2013-03-31": "-140.00000", "2012-12-31": -42.01, "2012-09-30": -44.449, "2012-06-30": -47.298, "2012-03-31": "-83.24300", "2011-12-31": -40.942, "2011-09-30": -194.092, "2011-06-30": -967.213, "2011-03-31": "-40.75300", "2010-12-31": -76.676, "2010-09-30": -47.79, "2010-06-30": -49.45, "2010-03-31": "-42.59400", "2009-12-31": -55.711, "2009-09-30": -46.117, "2009-06-30": -52.711, "2009-03-31": "-41.36500", "2008-12-31": -82.4, "2008-09-30": -47.514, "2008-06-30": -51.749, "2008-03-31": "-17.22000", "2007-12-31": -109.106, "2007-09-30": -74.828, "2007-06-30": -1229.312, "2007-03-31": "-345.94700", "2006-12-31": -63.141, "2006-09-30": -275.567, "2006-06-30": -47.703, "2006-03-31": "-27.99100", "2005-12-31": -840.81, "2005-09-30": -72.126, "2005-06-30": -91.664, "2005-03-31": "-75.19300"}, "Net Long-Term Debt": {"2020-12-31": -552, "2020-09-30": -1, "2020-06-30": 549, "2020-03-31": "-801.00000", "2019-12-31": 796, "2019-09-30": 0, "2019-06-30": -301, "2019-03-31": "337.00000", "2018-12-31": 159, "2018-09-30": -2, "2018-06-30": -136, "2018-03-31": "103.00000", "2017-12-31": 28, "2017-09-30": -2, "2017-06-30": -1, "2017-03-31": "-2.00000", "2016-12-31": -6, "2016-09-30": -2, "2016-06-30": -63, "2016-03-31": "212.00000", "2015-12-31": -63, "2015-09-30": -29, "2015-06-30": -941, "2015-03-31": "949.00000", "2014-12-31": -116, "2014-09-30": -92, "2014-06-30": -11, "2014-03-31": "590.00000", "2013-12-31": -37, "2013-09-30": -130, "2013-06-30": 119, "2013-03-31": "44.00000", "2012-12-31": -146.964, "2012-09-30": -292.39, "2012-06-30": -112.334, "2012-03-31": "-102.31200", "2011-12-31": -184.267, "2011-09-30": -161.276, "2011-06-30": 83.105, "2011-03-31": "1241.43800", "2010-12-31": -166.913, "2010-09-30": -1.091, "2010-06-30": -0.788, "2010-03-31": "-0.69900", "2009-12-31": 134.7931, "2009-09-30": -106.621, "2009-06-30": -0.588, "2009-03-31": "-0.59700", "2008-12-31": -45.518, "2008-09-30": -129.38, "2008-06-30": -168.576, "2008-03-31": "-115.46700", "2007-12-31": -225.508, "2007-09-30": -148.528, "2007-06-30": 1101.5, "2007-03-31": "321.65700", "2006-12-31": -0.05, "2006-09-30": 18.927, "2006-06-30": -0.041, "2006-03-31": "-60.04400", "2005-12-31": 603.418, "2005-09-30": -0.042, "2005-06-30": -0.063, "2005-03-31": "-0.40300"}, "Net Current Debt": {"2020-12-31": 0, "2020-09-30": 0, "2020-06-30": 0, "2020-03-31": "", "2019-12-31": 0, "2019-09-30": 0, "2019-06-30": 0, "2019-03-31": "", "2018-12-31": 0, "2018-09-30": 0, "2018-06-30": 0, "2018-03-31": "", "2017-12-31": 0, "2017-09-30": 0, "2017-06-30": 0, "2017-03-31": "", "2016-12-31": 0, "2016-09-30": 0, "2016-06-30": 0, "2016-03-31": "", "2015-12-31": 0, "2015-09-30": 0, "2015-06-30": 0, "2015-03-31": "", "2014-12-31": 0, "2014-09-30": 0, "2014-06-30": 0, "2014-03-31": "", "2013-12-31": 0, "2013-09-30": 0, "2013-06-30": 0, "2013-03-31": "", "2012-12-31": 0, "2012-09-30": 0, "2012-06-30": 0, "2012-03-31": "", "2011-12-31": 0, "2011-09-30": 0, "2011-06-30": 0, "2011-03-31": "", "2010-12-31": 0, "2010-09-30": 0, "2010-06-30": 0, "2010-03-31": "", "2009-12-31": 0, "2009-09-30": 0, "2009-06-30": 0, "2009-03-31": "", "2008-12-31": -1.42, "2008-09-30": 5.587, "2008-06-30": 0.521, "2008-03-31": "-4.68800", "2007-12-31": -3.844, "2007-09-30": -2.679, "2007-06-30": -8.269, "2007-03-31": "-10.15800", "2006-12-31": 11.803, "2006-09-30": 0.207, "2006-06-30": 0.621, "2006-03-31": "-14.33600", "2005-12-31": 33.384, "2005-09-30": 0, "2005-06-30": 0, "2005-03-31": ""}, "Debt Issuance/Retirement Net - Total": {"2020-12-31": -552, "2020-09-30": -1, "2020-06-30": 549, "2020-03-31": "-801.00000", "2019-12-31": 796, "2019-09-30": 0, "2019-06-30": -301, "2019-03-31": "337.00000", "2018-12-31": 159, "2018-09-30": -2, "2018-06-30": -136, "2018-03-31": "103.00000", "2017-12-31": 28, "2017-09-30": -2, "2017-06-30": -1, "2017-03-31": "-2.00000", "2016-12-31": -6, "2016-09-30": -2, "2016-06-30": -63, "2016-03-31": "212.00000", "2015-12-31": -63, "2015-09-30": -29, "2015-06-30": -941, "2015-03-31": "949.00000", "2014-12-31": -116, "2014-09-30": -92, "2014-06-30": -11, "2014-03-31": "590.00000", "2013-12-31": -37, "2013-09-30": -130, "2013-06-30": 119, "2013-03-31": "44.00000", "2012-12-31": -146.964, "2012-09-30": -292.39, "2012-06-30": -112.334, "2012-03-31": "-102.31200", "2011-12-31": -184.267, "2011-09-30": -161.276, "2011-06-30": 83.105, "2011-03-31": "1241.43800", "2010-12-31": -166.913, "2010-09-30": -1.091, "2010-06-30": -0.788, "2010-03-31": "-0.69900", "2009-12-31": 134.7931, "2009-09-30": -106.621, "2009-06-30": -0.588, "2009-03-31": "-0.59700", "2008-12-31": -46.938, "2008-09-30": -123.793, "2008-06-30": -168.055, "2008-03-31": "-120.15500", "2007-12-31": -229.352, "2007-09-30": -151.207, "2007-06-30": 1093.231, "2007-03-31": "311.49900", "2006-12-31": 11.753, "2006-09-30": 19.134, "2006-06-30": 0.58, "2006-03-31": "-74.38000", "2005-12-31": 636.802, "2005-09-30": -0.042, "2005-06-30": -0.063, "2005-03-31": "-0.40300"}, "Net Common Equity Issued/Repurchased": {"2020-12-31": -205, "2020-09-30": 27, "2020-06-30": 37, "2020-03-31": "5.00000", "2019-12-31": -179, "2019-09-30": -18, "2019-06-30": -4, "2019-03-31": "-33.00000", "2018-12-31": -168, "2018-09-30": -76, "2018-06-30": 37, "2018-03-31": "-16.00000", "2017-12-31": -110, "2017-09-30": -22, "2017-06-30": -99, "2017-03-31": "-104.00000", "2016-12-31": -140, "2016-09-30": -25, "2016-06-30": -244, "2016-03-31": "-108.00000", "2015-12-31": -48, "2015-09-30": -22, "2015-06-30": -19, "2015-03-31": "-75.00000", "2014-12-31": -27, "2014-09-30": 0, "2014-06-30": -7, "2014-03-31": "-20.00000", "2013-12-31": -3, "2013-09-30": -447, "2013-06-30": -401, "2013-03-31": "-48.00000", "2012-12-31": -31.949, "2012-09-30": 3.37, "2012-06-30": -23.82, "2012-03-31": "14.39900", "2011-12-31": -17.009, "2011-09-30": -43.206, "2011-06-30": 43.428, "2011-03-31": "-781.21300", "2010-12-31": 7.748, "2010-09-30": -323.614, "2010-06-30": -154.626, "2010-03-31": "-230.97300", "2009-12-31": -109.456, "2009-09-30": -70.64, "2009-06-30": 7.209, "2009-03-31": "-239.98400", "2008-12-31": -251.434, "2008-09-30": 16.386, "2008-06-30": 5.115, "2008-03-31": "6.44700", "2007-12-31": 11.534, "2007-09-30": 1.474, "2007-06-30": 9.708, "2007-03-31": "-87.44800", "2006-12-31": -185.754, "2006-09-30": -3.575, "2006-06-30": -115.493, "2006-03-31": "-65.17900", "2005-12-31": -186.206, "2005-09-30": -77.797, "2005-06-30": -1.013, "2005-03-31": "-26.81200"}, "Net Total Equity Issued/Repurchased": {"2020-12-31": -205, "2020-09-30": 27, "2020-06-30": 37, "2020-03-31": "5.00000", "2019-12-31": -179, "2019-09-30": -18, "2019-06-30": -4, "2019-03-31": "-33.00000", "2018-12-31": -168, "2018-09-30": -76, "2018-06-30": 37, "2018-03-31": "-16.00000", "2017-12-31": -110, "2017-09-30": -22, "2017-06-30": -99, "2017-03-31": "-104.00000", "2016-12-31": -140, "2016-09-30": -25, "2016-06-30": -244, "2016-03-31": "-108.00000", "2015-12-31": -48, "2015-09-30": -22, "2015-06-30": -19, "2015-03-31": "-75.00000", "2014-12-31": -27, "2014-09-30": 0, "2014-06-30": -7, "2014-03-31": "-20.00000", "2013-12-31": -3, "2013-09-30": -447, "2013-06-30": -401, "2013-03-31": "-48.00000", "2012-12-31": -31.949, "2012-09-30": 3.37, "2012-06-30": -23.82, "2012-03-31": "14.39900", "2011-12-31": -17.009, "2011-09-30": -43.206, "2011-06-30": 43.428, "2011-03-31": "-781.21300", "2010-12-31": 7.748, "2010-09-30": -323.614, "2010-06-30": -154.626, "2010-03-31": "-230.97300", "2009-12-31": -109.456, "2009-09-30": -70.64, "2009-06-30": 7.209, "2009-03-31": "-239.98400", "2008-12-31": -251.434, "2008-09-30": 16.386, "2008-06-30": 5.115, "2008-03-31": "6.44700", "2007-12-31": 11.534, "2007-09-30": 1.474, "2007-06-30": 9.708, "2007-03-31": "-87.44800", "2006-12-31": -185.754, "2006-09-30": -3.575, "2006-06-30": -115.493, "2006-03-31": "-65.17900", "2005-12-31": -186.206, "2005-09-30": -77.797, "2005-06-30": -1.013, "2005-03-31": "-26.81200"}, "Total Common And Preferred Stock Dividends Paid": {"2020-12-31": -75, "2020-09-30": -76, "2020-06-30": -75, "2020-03-31": "-71.00000", "2019-12-31": -71, "2019-09-30": -72, "2019-06-30": -71, "2019-03-31": "-72.00000", "2018-12-31": -68, "2018-09-30": -69, "2018-06-30": -68, "2018-03-31": "-61.00000", "2017-12-31": -61, "2017-09-30": -62, "2017-06-30": -62, "2017-03-31": "-62.00000", "2016-12-31": -55, "2016-09-30": -57, "2016-06-30": -56, "2016-03-31": "-55.00000", "2015-12-31": -54, "2015-09-30": -55, "2015-06-30": -55, "2015-03-31": "-48.00000", "2014-12-31": -48, "2014-09-30": -48, "2014-06-30": -48, "2014-03-31": "-43.00000", "2013-12-31": -44, "2013-09-30": -46, "2013-06-30": -47, "2013-03-31": "-48.00000", "2012-12-31": -26.966, "2012-09-30": -27.053, "2012-06-30": -27.081, "2012-03-31": "-26.90000", "2011-12-31": -16.17, "2011-09-30": -15.9, "2011-06-30": -15.794, "2011-03-31": "-17.13600", "2010-12-31": -17.104, "2010-09-30": -17.787, "2010-06-30": -18.058, "2010-03-31": "-18.37200", "2009-12-31": -18.522, "2009-09-30": -18.61, "2009-06-30": -18.575, "2009-03-31": "-19.04100", "2008-12-31": -19.562, "2008-09-30": -19.513, "2008-06-30": -19.481, "2008-03-31": "-19.40800", "2007-12-31": -19.36, "2007-09-30": -19.305, "2007-06-30": -19.261, "2007-03-31": "-19.40100", "2006-12-31": -19.74, "2006-09-30": -19.709, "2006-06-30": -19.809, "2006-03-31": "-17.87700", "2005-12-31": -18.181, "2005-09-30": -18.264, "2005-06-30": -18.209, "2005-03-31": "-15.01900"}, "Financial Activities - Other": {"2020-12-31": 12, "2020-09-30": -2, "2020-06-30": -15, "2020-03-31": "-24.00000", "2019-12-31": -36, "2019-09-30": 61, "2019-06-30": -44, "2019-03-31": "-68.00000", "2018-12-31": 0, "2018-09-30": 1, "2018-06-30": -22, "2018-03-31": "-15.00000", "2017-12-31": -27, "2017-09-30": 7, "2017-06-30": -15, "2017-03-31": "2.00000", "2016-12-31": -90, "2016-09-30": -22, "2016-06-30": -10, "2016-03-31": "-17.00000", "2015-12-31": 28, "2015-09-30": -19, "2015-06-30": -26, "2015-03-31": "-41.00000", "2014-12-31": -5, "2014-09-30": -12, "2014-06-30": -9, "2014-03-31": "-18.00000", "2013-12-31": 8, "2013-09-30": -6, "2013-06-30": -12, "2013-03-31": "-8.00000", "2012-12-31": -11.24, "2012-09-30": -16.071, "2012-06-30": -12.031, "2012-03-31": "17.34200", "2011-12-31": -24.408, "2011-09-30": 3.436, "2011-06-30": -13.053, "2011-03-31": "-17.97500", "2010-12-31": -6.604, "2010-09-30": -18.419, "2010-06-30": -1.598, "2010-03-31": "-17.59400", "2009-12-31": -24.2, "2009-09-30": -3.816, "2009-06-30": -11.055, "2009-03-31": "-21.50100", "2008-12-31": 4.679, "2008-09-30": -11.202, "2008-06-30": -5.757, "2008-03-31": "-5.14300", "2007-12-31": -6.121, "2007-09-30": -5.011, "2007-06-30": -19.258, "2007-03-31": "-1.49900", "2006-12-31": -4.683, "2006-09-30": -0.542, "2006-06-30": 6.191, "2006-03-31": "9.09900", "2005-12-31": -12.973, "2005-09-30": -3.454, "2005-06-30": -5.586, "2005-03-31": "-5.74200"}, "Cash Flow From Financial Activities": {"2020-12-31": -820, "2020-09-30": -52, "2020-06-30": 496, "2020-03-31": "-891.00000", "2019-12-31": 510, "2019-09-30": -29, "2019-06-30": -420, "2019-03-31": "164.00000", "2018-12-31": -77, "2018-09-30": -146, "2018-06-30": -189, "2018-03-31": "11.00000", "2017-12-31": -170, "2017-09-30": -79, "2017-06-30": -177, "2017-03-31": "-166.00000", "2016-12-31": -291, "2016-09-30": -106, "2016-06-30": -373, "2016-03-31": "32.00000", "2015-12-31": -137, "2015-09-30": -125, "2015-06-30": -1041, "2015-03-31": "785.00000", "2014-12-31": -196, "2014-09-30": -152, "2014-06-30": -75, "2014-03-31": "509.00000", "2013-12-31": -76, "2013-09-30": -629, "2013-06-30": -341, "2013-03-31": "-60.00000", "2012-12-31": -217.119, "2012-09-30": -332.144, "2012-06-30": -175.266, "2012-03-31": "-97.47100", "2011-12-31": -241.854, "2011-09-30": -216.946, "2011-06-30": 97.686, "2011-03-31": "425.11400", "2010-12-31": -182.873, "2010-09-30": -360.911, "2010-06-30": -175.07, "2010-03-31": "-267.63800", "2009-12-31": -17.385, "2009-09-30": -199.687, "2009-06-30": -23.009, "2009-03-31": "-281.12300", "2008-12-31": -313.255, "2008-09-30": -138.122, "2008-06-30": -188.178, "2008-03-31": "-138.25900", "2007-12-31": -243.299, "2007-09-30": -174.049, "2007-06-30": 1064.42, "2007-03-31": "203.15100", "2006-12-31": -198.424, "2006-09-30": -4.692, "2006-06-30": -128.531, "2006-03-31": "-148.33700", "2005-12-31": 419.442, "2005-09-30": -99.557, "2005-06-30": -24.871, "2005-03-31": "-47.97600"}, "Net Cash Flow": {"2020-12-31": -447, "2020-09-30": 617, "2020-06-30": 646, "2020-03-31": "-850.00000", "2019-12-31": 758, "2019-09-30": 161, "2019-06-30": -191, "2019-03-31": "329.00000", "2018-12-31": -128, "2018-09-30": 131, "2018-06-30": 8, "2018-03-31": "-13.00000", "2017-12-31": -213, "2017-09-30": 36, "2017-06-30": -53, "2017-03-31": "-17.00000", "2016-12-31": -22, "2016-09-30": 123, "2016-06-30": 155, "2016-03-31": "-5.00000", "2015-12-31": 10, "2015-09-30": -27, "2015-06-30": -824, "2015-03-31": "782.00000", "2014-12-31": 22, "2014-09-30": 26, "2014-06-30": 0, "2014-03-31": "-43.00000", "2013-12-31": 29, "2013-09-30": 10, "2013-06-30": 14, "2013-03-31": "-162.00000", "2012-12-31": 104.116, "2012-09-30": 18.028, "2012-06-30": 28.303, "2012-03-31": "-19.44700", "2011-12-31": 54.476, "2011-09-30": -73.393, "2011-06-30": -810.024, "2011-03-31": "544.94100", "2010-12-31": 80.04, "2010-09-30": -78.627, "2010-06-30": -15.351, "2010-03-31": "-71.01700", "2009-12-31": 287.223, "2009-09-30": 127.739, "2009-06-30": -84.927, "2009-03-31": "-49.72500", "2008-12-31": -32.733, "2008-09-30": 143.281, "2008-06-30": -26.624, "2008-03-31": "2.42800", "2007-12-31": 2.971, "2007-09-30": 42.325, "2007-06-30": -36.099, "2007-03-31": "8.75700", "2006-12-31": 44.525, "2006-09-30": -45.564, "2006-06-30": -5.782, "2006-03-31": "64.33100", "2005-12-31": -117.959, "2005-09-30": 5.982, "2005-06-30": 117.945, "2005-03-31": "12.86000"}, "Stock-Based Compensation": {"2020-12-31": 34, "2020-09-30": 32, "2020-06-30": 17, "2020-03-31": "14.00000", "2019-12-31": 12, "2019-09-30": 12, "2019-06-30": 15, "2019-03-31": "17.00000", "2018-12-31": 8, "2018-09-30": 19, "2018-06-30": 15, "2018-03-31": "19.00000", "2017-12-31": 25, "2017-09-30": 17, "2017-06-30": 20, "2017-03-31": "17.00000", "2016-12-31": 17, "2016-09-30": 16, "2016-06-30": 18, "2016-03-31": "18.00000", "2015-12-31": 13, "2015-09-30": 12, "2015-06-30": 15, "2015-03-31": "12.00000", "2014-12-31": 13, "2014-09-30": 13, "2014-06-30": 13, "2014-03-31": "12.00000", "2013-12-31": 4, "2013-09-30": 7, "2013-06-30": 12, "2013-03-31": "5.00000", "2012-12-31": 6.913, "2012-09-30": 8.909, "2012-06-30": 14.11, "2012-03-31": "20.06800", "2011-12-31": 21.211, "2011-09-30": 15.597, "2011-06-30": 16.247, "2011-03-31": "18.94500", "2010-12-31": 8.885, "2010-09-30": 16.467, "2010-06-30": 17.448, "2010-03-31": "11.12700", "2009-12-31": 21.729, "2009-09-30": 20.164, "2009-06-30": 19.075, "2009-03-31": "14.09100", "2008-12-31": 21.015, "2008-09-30": 12.725, "2008-06-30": 15.607, "2008-03-31": "21.23400", "2007-12-31": 10.605, "2007-09-30": 14.64, "2007-06-30": 15.524, "2007-03-31": "16.08400", "2006-12-31": 2.522, "2006-09-30": 13.467, "2006-06-30": 20.11, "2006-03-31": "19.37900", "2005-12-31": 0.63, "2005-09-30": 0.617, "2005-06-30": 0.6, "2005-03-31": "0.19000"}, "Common Stock Dividends Paid": {"2020-12-31": -75, "2020-09-30": -76, "2020-06-30": -75, "2020-03-31": "-71.00000", "2019-12-31": -71, "2019-09-30": -72, "2019-06-30": -71, "2019-03-31": "-72.00000", "2018-12-31": -68, "2018-09-30": -69, "2018-06-30": -68, "2018-03-31": "-61.00000", "2017-12-31": -61, "2017-09-30": -62, "2017-06-30": -62, "2017-03-31": "-62.00000", "2016-12-31": -55, "2016-09-30": -57, "2016-06-30": -56, "2016-03-31": "-55.00000", "2015-12-31": -54, "2015-09-30": -55, "2015-06-30": -55, "2015-03-31": "-48.00000", "2014-12-31": -48, "2014-09-30": -48, "2014-06-30": -48, "2014-03-31": "-43.00000", "2013-12-31": -44, "2013-09-30": -46, "2013-06-30": -47, "2013-03-31": "-48.00000", "2012-12-31": -26.966, "2012-09-30": -27.053, "2012-06-30": -27.081, "2012-03-31": "-26.90000", "2011-12-31": -16.17, "2011-09-30": -15.9, "2011-06-30": -15.794, "2011-03-31": "-17.13600", "2010-12-31": -17.104, "2010-09-30": -17.787, "2010-06-30": -18.058, "2010-03-31": "-18.37200", "2009-12-31": -18.522, "2009-09-30": -18.61, "2009-06-30": -18.575, "2009-03-31": "-19.04100", "2008-12-31": -19.562, "2008-09-30": -19.513, "2008-06-30": -19.481, "2008-03-31": "-19.40800", "2007-12-31": -19.36, "2007-09-30": -19.305, "2007-06-30": -19.261, "2007-03-31": "-19.40100", "2006-12-31": -19.74, "2006-09-30": -19.709, "2006-06-30": -19.809, "2006-03-31": "-17.87700", "2005-12-31": -18.181, "2005-09-30": -18.264, "2005-06-30": -18.209, "2005-03-31": "-15.01900"}}, "financial ratios": {"Current Ratio": {"2019-12-31": "1.25130", "2018-12-31": "0.93600", "2017-12-31": "1.23560", "2016-12-31": "1.56070", "2015-12-31": "1.27960", "2014-12-31": "0.93800", "2013-12-31": "1.22170", "2012-12-31": "1.48950", "2011-12-31": "0.89760", "2010-12-31": "1.32210", "2009-12-31": "1.58550", "2008-12-31": "1.22210", "2007-12-31": "1.06680", "2006-12-31": "1.03490", "2005-12-31": "0.97110"}, "Long-term Debt / Capital": {"2019-12-31": "0.41090", "2018-12-31": "0.39430", "2017-12-31": "0.43070", "2016-12-31": "0.44440", "2015-12-31": "0.42560", "2014-12-31": "0.42680", "2013-12-31": "0.43990", "2012-12-31": "0.44480", "2011-12-31": "0.47570", "2010-12-31": "0.39450", "2009-12-31": "0.42270", "2008-12-31": "0.45920", "2007-12-31": "0.50400", "2006-12-31": "0.29100", "2005-12-31": "0.31240"}, "Debt/Equity Ratio": {"2019-12-31": "0.83880", "2018-12-31": "0.73910", "2017-12-31": "0.76370", "2016-12-31": "0.80130", "2015-12-31": "0.77470", "2014-12-31": "0.86420", "2013-12-31": "0.83870", "2012-12-31": "0.80360", "2011-12-31": "1.08340", "2010-12-31": "0.73760", "2009-12-31": "0.77460", "2008-12-31": "0.85050", "2007-12-31": "1.06510", "2006-12-31": "0.51540", "2005-12-31": "0.57630"}, "Gross Margin": {"2019-12-31": "34.80460", "2018-12-31": "34.59040", "2017-12-31": "36.24700", "2016-12-31": "36.01330", "2015-12-31": "37.84870", "2014-12-31": "37.63280", "2013-12-31": "39.46260", "2012-12-31": "40.87770", "2011-12-31": "40.97670", "2010-12-31": "41.10930", "2009-12-31": "42.03440", "2008-12-31": "41.28990", "2007-12-31": "40.79190", "2006-12-31": "41.03990", "2005-12-31": "40.97720"}, "Operating Margin": {"2019-12-31": "15.93320", "2018-12-31": "14.61960", "2017-12-31": "15.73900", "2016-12-31": "17.70170", "2015-12-31": "18.67080", "2014-12-31": "13.22130", "2013-12-31": "20.64090", "2012-12-31": "16.26710", "2011-12-31": "13.35230", "2010-12-31": "17.67990", "2009-12-31": "18.23030", "2008-12-31": "16.86160", "2007-12-31": "16.27670", "2006-12-31": "17.99550", "2005-12-31": "18.46430"}, "EBIT Margin": {"2019-12-31": "15.93320", "2018-12-31": "14.61960", "2017-12-31": "15.73900", "2016-12-31": "17.70170", "2015-12-31": "18.67080", "2014-12-31": "13.22130", "2013-12-31": "20.64090", "2012-12-31": "16.26710", "2011-12-31": "13.35230", "2010-12-31": "17.67990", "2009-12-31": "18.23030", "2008-12-31": "16.86160", "2007-12-31": "16.27670", "2006-12-31": "17.99550", "2005-12-31": "18.46430"}, "EBITDA Margin": {"2019-12-31": "20.19160", "2018-12-31": "18.72260", "2017-12-31": "19.38670", "2016-12-31": "21.15330", "2015-12-31": "22.72790", "2014-12-31": "17.44450", "2013-12-31": "24.60120", "2012-12-31": "20.15440", "2011-12-31": "17.15370", "2010-12-31": "21.17800", "2009-12-31": "21.67330", "2008-12-31": "20.51150", "2007-12-31": "19.82450", "2006-12-31": "21.14450", "2005-12-31": "21.69200"}, "Pre-Tax Profit Margin": {"2019-12-31": "13.92700", "2018-12-31": "12.29580", "2017-12-31": "13.91520", "2016-12-31": "15.05410", "2015-12-31": "14.72040", "2014-12-31": "11.06930", "2013-12-31": "18.52790", "2012-12-31": "14.46570", "2011-12-31": "11.48540", "2010-12-31": "16.18410", "2009-12-31": "16.47070", "2008-12-31": "14.49290", "2007-12-31": "14.00340", "2006-12-31": "16.48320", "2005-12-31": "17.40990"}, "Net Profit Margin": {"2019-12-31": "11.10540", "2018-12-31": "9.77290", "2017-12-31": "10.42960", "2016-12-31": "8.89940", "2015-12-31": "9.42210", "2014-12-31": "7.47810", "2013-12-31": "11.88080", "2012-12-31": "7.53080", "2011-12-31": "6.37180", "2010-12-31": "9.92950", "2009-12-31": "9.77980", "2008-12-31": "8.02120", "2007-12-31": "5.07000", "2006-12-31": "9.35480", "2005-12-31": "10.01110"}, "Asset Turnover": {"2019-12-31": "0.60160", "2018-12-31": "0.68440", "2017-12-31": "0.70480", "2016-12-31": "0.71430", "2015-12-31": "0.75220", "2014-12-31": "0.75430", "2013-12-31": "0.79860", "2012-12-31": "0.79520", "2011-12-31": "0.79370", "2010-12-31": "0.85140", "2009-12-31": "0.87060", "2008-12-31": "0.86260", "2007-12-31": "0.78280", "2006-12-31": "1.10720", "2005-12-31": "1.02840"}, "Inventory Turnover Ratio": {"2019-12-31": "40.95120", "2018-12-31": "49.75760", "2017-12-31": "49.67370", "2016-12-31": "56.29270", "2015-12-31": "55.44050", "2014-12-31": "42.15450", "2013-12-31": "47.53850", "2012-12-31": "46.93550", "2011-12-31": "48.94990", "2010-12-31": "55.83680", "2009-12-31": "47.28820", "2008-12-31": "41.67600", "2007-12-31": "41.68520", "2006-12-31": "47.04450", "2005-12-31": "41.32350"}, "Receiveable Turnover": {"2019-12-31": "7.26810", "2018-12-31": "7.44170", "2017-12-31": "8.01080", "2016-12-31": "7.79050", "2015-12-31": "8.31630", "2014-12-31": "7.97750", "2013-12-31": "8.38730", "2012-12-31": "8.51560", "2011-12-31": "8.15480", "2010-12-31": "8.58880", "2009-12-31": "9.01110", "2008-12-31": "8.70410", "2007-12-31": "7.60220", "2006-12-31": "8.09470", "2005-12-31": "7.44530"}, "Days Sales In Receivables": {"2019-12-31": "50.21940", "2018-12-31": "49.04790", "2017-12-31": "45.56340", "2016-12-31": "46.85200", "2015-12-31": "43.88960", "2014-12-31": "45.75390", "2013-12-31": "43.51810", "2012-12-31": "42.86270", "2011-12-31": "44.75870", "2010-12-31": "42.49710", "2009-12-31": "40.50580", "2008-12-31": "41.93410", "2007-12-31": "48.01230", "2006-12-31": "45.09120", "2005-12-31": "49.02410"}, "ROE - Return On Equity": {"2019-12-31": "15.57940", "2018-12-31": "14.96110", "2017-12-31": "16.62970", "2016-12-31": "14.93560", "2015-12-31": "15.97710", "2014-12-31": "13.55660", "2013-12-31": "21.34410", "2012-12-31": "15.91020", "2011-12-31": "13.29750", "2010-12-31": "18.37280", "2009-12-31": "19.13160", "2008-12-31": "18.31350", "2007-12-31": "17.45780", "2006-12-31": "20.72400", "2005-12-31": "20.74550"}, "Return On Tangible Equity": {"2019-12-31": "-43.15640", "2018-12-31": "-31.48220", "2017-12-31": "-32.97320", "2016-12-31": "-30.40630", "2015-12-31": "-34.60480", "2014-12-31": "-21.16840", "2013-12-31": "-32.97050", "2012-12-31": "-29.97300", "2011-12-31": "-15.85170", "2010-12-31": "-40.38880", "2009-12-31": "-40.47460", "2008-12-31": "-29.41210", "2007-12-31": "-20.85600", "2006-12-31": "-110.69870", "2005-12-31": "-98.55060"}, "ROA - Return On Assets": {"2019-12-31": "6.89870", "2018-12-31": "7.16170", "2017-12-31": "7.84540", "2016-12-31": "6.89110", "2015-12-31": "7.55870", "2014-12-31": "5.95520", "2013-12-31": "9.47700", "2012-12-31": "7.17360", "2011-12-31": "5.30420", "2010-12-31": "8.73460", "2009-12-31": "8.96180", "2008-12-31": "7.89980", "2007-12-31": "6.77510", "2006-12-31": "11.05170", "2005-12-31": "10.80260"}, "ROI - Return On Investment": {"2019-12-31": "9.17850", "2018-12-31": "9.06160", "2017-12-31": "9.46800", "2016-12-31": "8.29760", "2015-12-31": "9.17730", "2014-12-31": "7.77070", "2013-12-31": "11.95550", "2012-12-31": "8.83290", "2011-12-31": "6.97200", "2010-12-31": "11.12510", "2009-12-31": "11.04530", "2008-12-31": "9.90400", "2007-12-31": "8.65990", "2006-12-31": "14.69360", "2005-12-31": "14.26440"}, "Book Value Per Share": {"2019-12-31": "42.75940", "2018-12-31": "39.01480", "2017-12-31": "36.70370", "2016-12-31": "34.01460", "2015-12-31": "32.95800", "2014-12-31": "30.06940", "2013-12-31": "27.59030", "2012-12-31": "26.49370", "2011-12-31": "23.59930", "2010-12-31": "23.74760", "2009-12-31": "21.88550", "2008-12-31": "19.04220", "2007-12-31": "17.13170", "2006-12-31": "15.56680", "2005-12-31": "13.92250"}, "Operating Cash Flow Per Share": {"2019-12-31": 0.5066, "2018-12-31": 0.2402, "2017-12-31": 0.5337, "2016-12-31": 2.1971, "2015-12-31": -0.8482, "2014-12-31": 2.2489, "2013-12-31": -3.1574, "2012-12-31": 1.825, "2011-12-31": -0.7115, "2010-12-31": 0.9942, "2009-12-31": -0.1138, "2008-12-31": 0.6778, "2007-12-31": -0.0233, "2006-12-31": 0.627, "2005-12-31": 4.1434}, "Free Cash Flow Per Share": {"2019-12-31": 0.3208, "2018-12-31": -0.7152, "2017-12-31": 0.7971, "2016-12-31": 1.9475, "2015-12-31": -0.5379, "2014-12-31": 1.6346, "2013-12-31": -3.5297, "2012-12-31": 1.6938, "2011-12-31": -0.5594, "2010-12-31": 0.7246, "2009-12-31": 0.0828, "2008-12-31": 0.7145, "2007-12-31": -0.1761, "2006-12-31": 0.7489, "2005-12-31": 3.0522}}, "financial ratios, quarterly": {"Current Ratio": {"2020-09-30": "1.40140", "2020-06-30": "1.29140", "2020-03-31": "1.38180", "2019-12-31": "1.25130", "2019-09-30": "0.88460", "2019-06-30": "0.82250", "2019-03-31": "0.77910", "2018-12-31": "0.93600", "2018-09-30": "1.15410", "2018-06-30": "1.12120", "2018-03-31": "1.22740", "2017-12-31": "1.23560", "2017-09-30": "1.46770", "2017-06-30": "1.63580", "2017-03-31": "1.58170", "2016-12-31": "1.56070", "2016-09-30": "1.56980", "2016-06-30": "1.35910", "2016-03-31": "1.36970", "2015-12-31": "1.27960", "2015-09-30": "1.45450", "2015-06-30": "1.23190", "2015-03-31": "1.13690", "2014-12-31": "0.93800", "2014-09-30": "1.31340", "2014-06-30": "1.19630", "2014-03-31": "1.24830", "2013-12-31": "1.22170", "2013-09-30": "1.15060", "2013-06-30": "1.13870", "2013-03-31": "1.20600", "2012-12-31": "1.48950", "2012-09-30": "1.37510", "2012-06-30": "1.11510", "2012-03-31": "0.99550", "2011-12-31": "0.89760", "2011-09-30": "0.79150", "2011-06-30": "0.74140", "2011-03-31": "1.30200", "2010-12-31": "1.32210", "2010-09-30": "1.35210", "2010-06-30": "1.63870", "2010-03-31": "1.52830", "2009-12-31": "1.58550", "2009-09-30": "1.48430", "2009-06-30": "1.30790", "2009-03-31": "1.17230", "2008-12-31": "1.22210", "2008-09-30": "1.25040", "2008-06-30": "1.25340", "2008-03-31": "1.22800", "2007-12-31": "1.06680", "2007-09-30": "1.20470", "2007-06-30": "1.22050", "2007-03-31": "0.79540", "2006-12-31": "1.03490", "2006-09-30": "1.05460", "2006-06-30": "1.10190", "2006-03-31": "1.06440", "2005-12-31": "0.97110", "2005-09-30": "0.96630", "2005-06-30": "1.21740", "2005-03-31": "1.11480"}, "Long-term Debt / Capital": {"2020-09-30": "0.38400", "2020-06-30": "0.40600", "2020-03-31": "0.41420", "2019-12-31": "0.41090", "2019-09-30": "0.36060", "2019-06-30": "0.36520", "2019-03-31": "0.36960", "2018-12-31": "0.39430", "2018-09-30": "0.38750", "2018-06-30": "0.39300", "2018-03-31": "0.42330", "2017-12-31": "0.43070", "2017-09-30": "0.43780", "2017-06-30": "0.44090", "2017-03-31": "0.44410", "2016-12-31": "0.44440", "2016-09-30": "0.44830", "2016-06-30": "0.45630", "2016-03-31": "0.44490", "2015-12-31": "0.42560", "2015-09-30": "0.43590", "2015-06-30": "0.45100", "2015-03-31": "0.46340", "2014-12-31": "0.42680", "2014-09-30": "0.46990", "2014-06-30": "0.47580", "2014-03-31": "0.48090", "2013-12-31": "0.43990", "2013-09-30": "0.44640", "2013-06-30": "0.44210", "2013-03-31": "0.42670", "2012-12-31": "0.44480", "2012-09-30": "0.44570", "2012-06-30": "0.45660", "2012-03-31": "0.46350", "2011-12-31": "0.47570", "2011-09-30": "0.48720", "2011-06-30": "0.49130", "2011-03-31": "0.52610", "2010-12-31": "0.39450", "2010-09-30": "0.42220", "2010-06-30": "0.42970", "2010-03-31": "0.42840", "2009-12-31": "0.42270", "2009-09-30": "0.42220", "2009-06-30": "0.43320", "2009-03-31": "0.46560", "2008-12-31": "0.45920", "2008-09-30": "0.45200", "2008-06-30": "0.46670", "2008-03-31": "0.49100", "2007-12-31": "0.50400", "2007-09-30": "0.51060", "2007-06-30": "0.52640", "2007-03-31": "0.29020", "2006-12-31": "0.29100", "2006-09-30": "0.28760", "2006-06-30": "0.29940", "2006-03-31": "0.30210", "2005-12-31": "0.31240", "2005-09-30": "0.11000", "2005-06-30": "0.18330", "2005-03-31": "0.19130"}, "Debt/Equity Ratio": {"2020-09-30": "0.70940", "2020-06-30": "0.77790", "2020-03-31": "0.70770", "2019-12-31": "0.83880", "2019-09-30": "0.70620", "2019-06-30": "0.72170", "2019-03-31": "0.79370", "2018-12-31": "0.73910", "2018-09-30": "0.68930", "2018-06-30": "0.70550", "2018-03-31": "0.76170", "2017-12-31": "0.76370", "2017-09-30": "0.77960", "2017-06-30": "0.78960", "2017-03-31": "0.80010", "2016-12-31": "0.80130", "2016-09-30": "0.81420", "2016-06-30": "0.84090", "2016-03-31": "0.83540", "2015-12-31": "0.77470", "2015-09-30": "0.80740", "2015-06-30": "0.86000", "2015-03-31": "1.10770", "2014-12-31": "0.86420", "2014-09-30": "0.91780", "2014-06-30": "0.96090", "2014-03-31": "0.98180", "2013-12-31": "0.83870", "2013-09-30": "0.86960", "2013-06-30": "0.88770", "2013-03-31": "0.80460", "2012-12-31": "0.80360", "2012-09-30": "0.84110", "2012-06-30": "0.95060", "2012-03-31": "1.00600", "2011-12-31": "1.08340", "2011-09-30": "1.18580", "2011-06-30": "1.25420", "2011-03-31": "1.30450", "2010-12-31": "0.73760", "2010-09-30": "0.81620", "2010-06-30": "0.79680", "2010-03-31": "0.79280", "2009-12-31": "0.77460", "2009-09-30": "0.75710", "2009-06-30": "0.81860", "2009-03-31": "0.87260", "2008-12-31": "0.85050", "2008-09-30": "0.83830", "2008-06-30": "0.88880", "2008-03-31": "0.97870", "2007-12-31": "1.06510", "2007-09-30": "1.13100", "2007-06-30": "1.22660", "2007-03-31": "0.66200", "2006-12-31": "0.51540", "2006-09-30": "0.50710", "2006-06-30": "0.52790", "2006-03-31": "0.53480", "2005-12-31": "0.57630", "2005-09-30": "0.30210", "2005-06-30": "0.30720", "2005-03-31": "0.32380"}, "Gross Margin": {"2020-09-30": "43.28790", "2020-06-30": "33.16910", "2020-03-31": "30.29640", "2019-12-31": "34.37180", "2019-09-30": "35.37830", "2019-06-30": "35.22790", "2019-03-31": "34.21470", "2018-12-31": "32.84390", "2018-09-30": "35.30970", "2018-06-30": "35.22670", "2018-03-31": "34.92570", "2017-12-31": "35.97860", "2017-09-30": "35.88360", "2017-06-30": "37.23180", "2017-03-31": "35.88330", "2016-12-31": "25.64100", "2016-09-30": "38.62070", "2016-06-30": "39.40190", "2016-03-31": "38.59370", "2015-12-31": "37.80420", "2015-09-30": "38.19150", "2015-06-30": "38.59740", "2015-03-31": "36.75910", "2014-12-31": "37.12160", "2014-09-30": "38.13030", "2014-06-30": "38.27550", "2014-03-31": "36.94160", "2013-12-31": "40.14810", "2013-09-30": "39.09400", "2013-06-30": "39.72450", "2013-03-31": "38.89200", "2012-12-31": "39.52810", "2012-09-30": "40.66050", "2012-06-30": "41.33560", "2012-03-31": "41.88890", "2011-12-31": "40.65060", "2011-09-30": "41.43040", "2011-06-30": "41.97180", "2011-03-31": "39.77760", "2010-12-31": "39.44120", "2010-09-30": "41.46560", "2010-06-30": "42.44650", "2010-03-31": "40.93760", "2009-12-31": "42.09520", "2009-09-30": "42.14810", "2009-06-30": "42.14950", "2009-03-31": "41.73200", "2008-12-31": "42.18070", "2008-09-30": "41.25030", "2008-06-30": "41.04790", "2008-03-31": "40.68110", "2007-12-31": "41.10480", "2007-09-30": "41.90390", "2007-06-30": "40.97200", "2007-03-31": "38.94770", "2006-12-31": "40.65500", "2006-09-30": "41.02240", "2006-06-30": "41.46250", "2006-03-31": "41.01110", "2005-12-31": "39.73390", "2005-09-30": "41.29270", "2005-06-30": "42.02100", "2005-03-31": "40.87980"}, "Operating Margin": {"2020-09-30": "25.77170", "2020-06-30": "15.48990", "2020-03-31": "9.60480", "2019-12-31": "18.84740", "2019-09-30": "16.00200", "2019-06-30": "15.71940", "2019-03-31": "13.11480", "2018-12-31": "11.96300", "2018-09-30": "16.09320", "2018-06-30": "15.89370", "2018-03-31": "14.43740", "2017-12-31": "14.42360", "2017-09-30": "16.05600", "2017-06-30": "17.11370", "2017-03-31": "15.35500", "2016-12-31": "17.69230", "2016-09-30": "17.08220", "2016-06-30": "22.14060", "2016-03-31": "13.79500", "2015-12-31": "12.92590", "2015-09-30": "33.56380", "2015-06-30": "15.63640", "2015-03-31": "12.39800", "2014-12-31": "13.64840", "2014-09-30": "13.44540", "2014-06-30": "13.77500", "2014-03-31": "11.91290", "2013-12-31": "15.37590", "2013-09-30": "38.53470", "2013-06-30": "15.92290", "2013-03-31": "12.70290", "2012-12-31": "14.94810", "2012-09-30": "16.72130", "2012-06-30": "17.74710", "2012-03-31": "15.60330", "2011-12-31": "18.01060", "2011-09-30": "16.89320", "2011-06-30": "16.64850", "2011-03-31": "1.69960", "2010-12-31": "16.45600", "2010-09-30": "18.06590", "2010-06-30": "19.51720", "2010-03-31": "16.53620", "2009-12-31": "17.87580", "2009-09-30": "18.35810", "2009-06-30": "18.89640", "2009-03-31": "17.75790", "2008-12-31": "17.61130", "2008-09-30": "17.35110", "2008-06-30": "16.76490", "2008-03-31": "15.70410", "2007-12-31": "17.62610", "2007-09-30": "17.31640", "2007-06-30": "16.59860", "2007-03-31": "13.16140", "2006-12-31": "18.01960", "2006-09-30": "18.49800", "2006-06-30": "18.78150", "2006-03-31": "16.65810", "2005-12-31": "19.02820", "2005-09-30": "18.39340", "2005-06-30": "18.95810", "2005-03-31": "17.42450"}, "EBIT Margin": {"2020-09-30": "25.77170", "2020-06-30": "15.48990", "2020-03-31": "9.60480", "2019-12-31": "18.84740", "2019-09-30": "16.00200", "2019-06-30": "15.71940", "2019-03-31": "13.11480", "2018-12-31": "11.96300", "2018-09-30": "16.09320", "2018-06-30": "15.89370", "2018-03-31": "14.43740", "2017-12-31": "14.42360", "2017-09-30": "16.05600", "2017-06-30": "17.11370", "2017-03-31": "15.35500", "2016-12-31": "17.69230", "2016-09-30": "17.08220", "2016-06-30": "22.14060", "2016-03-31": "13.79500", "2015-12-31": "12.92590", "2015-09-30": "33.56380", "2015-06-30": "15.63640", "2015-03-31": "12.39800", "2014-12-31": "13.64840", "2014-09-30": "13.44540", "2014-06-30": "13.77500", "2014-03-31": "11.91290", "2013-12-31": "15.37590", "2013-09-30": "38.53470", "2013-06-30": "15.92290", "2013-03-31": "12.70290", "2012-12-31": "14.94810", "2012-09-30": "16.72130", "2012-06-30": "17.74710", "2012-03-31": "15.60330", "2011-12-31": "18.01060", "2011-09-30": "16.89320", "2011-06-30": "16.64850", "2011-03-31": "1.69960", "2010-12-31": "16.45610", "2010-09-30": "18.06590", "2010-06-30": "19.51720", "2010-03-31": "16.53620", "2009-12-31": "17.87580", "2009-09-30": "18.35810", "2009-06-30": "18.89640", "2009-03-31": "17.75790", "2008-12-31": "17.61130", "2008-09-30": "17.35110", "2008-06-30": "16.76490", "2008-03-31": "15.70410", "2007-12-31": "17.62610", "2007-09-30": "17.31640", "2007-06-30": "16.59860", "2007-03-31": "13.16140", "2006-12-31": "18.01960", "2006-09-30": "18.49800", "2006-06-30": "18.78150", "2006-03-31": "16.65810", "2005-12-31": "19.02820", "2005-09-30": "18.39340", "2005-06-30": "18.95810", "2005-03-31": "17.42450"}, "EBITDA Margin": {"2020-09-30": "", "2020-06-30": "", "2020-03-31": "", "2019-12-31": "", "2019-09-30": "", "2019-06-30": "", "2019-03-31": "", "2018-12-31": "", "2018-09-30": "", "2018-06-30": "", "2018-03-31": "", "2017-12-31": "", "2017-09-30": "", "2017-06-30": "", "2017-03-31": "", "2016-12-31": "", "2016-09-30": "", "2016-06-30": "", "2016-03-31": "", "2015-12-31": "", "2015-09-30": "", "2015-06-30": "", "2015-03-31": "", "2014-12-31": "", "2014-09-30": "", "2014-06-30": "", "2014-03-31": "", "2013-12-31": "", "2013-09-30": "", "2013-06-30": "", "2013-03-31": "", "2012-12-31": "", "2012-09-30": "", "2012-06-30": "", "2012-03-31": "", "2011-12-31": "", "2011-09-30": "", "2011-06-30": "", "2011-03-31": "", "2010-12-31": "", "2010-09-30": "", "2010-06-30": "", "2010-03-31": "", "2009-12-31": "", "2009-09-30": "", "2009-06-30": "", "2009-03-31": "", "2008-12-31": "", "2008-09-30": "", "2008-06-30": "", "2008-03-31": "", "2007-12-31": "", "2007-09-30": "", "2007-06-30": "", "2007-03-31": "", "2006-12-31": "", "2006-09-30": "", "2006-06-30": "", "2006-03-31": "", "2005-12-31": "", "2005-09-30": "", "2005-06-30": "", "2005-03-31": ""}, "Pre-Tax Profit Margin": {"2020-09-30": "27.02800", "2020-06-30": "13.95730", "2020-03-31": "6.47640", "2019-12-31": "17.03010", "2019-09-30": "13.80370", "2019-06-30": "13.56890", "2019-03-31": "11.26390", "2018-12-31": "9.08100", "2018-09-30": "14.08150", "2018-06-30": "13.75720", "2018-03-31": "12.15500", "2017-12-31": "12.54690", "2017-09-30": "13.90090", "2017-06-30": "15.66520", "2017-03-31": "13.53880", "2016-12-31": "15.51280", "2016-09-30": "15.33160", "2016-06-30": "20.09440", "2016-03-31": "9.23240", "2015-12-31": "11.14120", "2015-09-30": "31.48940", "2015-06-30": "10.38960", "2015-03-31": "5.70960", "2014-12-31": "10.83380", "2014-09-30": "11.23950", "2014-06-30": "12.04000", "2014-03-31": "10.08020", "2013-12-31": "12.18680", "2013-09-30": "36.74500", "2013-06-30": "14.10470", "2013-03-31": "11.02410", "2012-12-31": "13.03260", "2012-09-30": "14.87450", "2012-06-30": "15.85000", "2012-03-31": "14.04530", "2011-12-31": "16.18550", "2011-09-30": "14.85880", "2011-06-30": "14.59630", "2011-03-31": "0.16130", "2010-12-31": "15.01780", "2010-09-30": "16.67970", "2010-06-30": "17.59150", "2010-03-31": "15.31890", "2009-12-31": "15.81820", "2009-09-30": "17.19620", "2009-06-30": "16.92150", "2009-03-31": "15.90240", "2008-12-31": "15.06960", "2008-09-30": "14.72250", "2008-06-30": "14.73590", "2008-03-31": "13.42600", "2007-12-31": "15.82800", "2007-09-30": "14.01900", "2007-06-30": "14.24800", "2007-03-31": "11.60560", "2006-12-31": "16.00430", "2006-09-30": "16.88140", "2006-06-30": "16.59980", "2006-03-31": "16.43600", "2005-12-31": "17.68620", "2005-09-30": "17.13500", "2005-06-30": "18.10030", "2005-03-31": "16.67970"}, "Net Profit Margin": {"2020-09-30": "20.38770", "2020-06-30": "10.12590", "2020-03-31": "5.43360", "2019-12-31": "13.13600", "2019-09-30": "10.99180", "2019-06-30": "11.57190", "2019-03-31": "8.67270", "2018-12-31": "6.90590", "2018-09-30": "11.27580", "2018-06-30": "11.41220", "2018-03-31": "9.39490", "2017-12-31": "13.61930", "2017-09-30": "8.67460", "2017-06-30": "10.35410", "2017-03-31": "9.02590", "2016-12-31": "9.74360", "2016-09-30": "10.18570", "2016-06-30": "10.23090", "2016-03-31": "5.52870", "2015-12-31": "10.00540", "2015-09-30": "18.19150", "2015-06-30": "6.12990", "2015-03-31": "3.31700", "2014-12-31": "10.09030", "2014-09-30": "6.77520", "2014-06-30": "6.99260", "2014-03-31": "5.95650", "2013-12-31": "8.14350", "2013-09-30": "22.65100", "2013-06-30": "9.09090", "2013-03-31": "7.61050", "2012-12-31": "3.16170", "2012-09-30": "8.95200", "2012-06-30": "9.46070", "2012-03-31": "8.33650", "2011-12-31": "10.78310", "2011-09-30": "9.01420", "2011-06-30": "8.57200", "2011-03-31": "-2.95680", "2010-12-31": "9.66370", "2010-09-30": "10.62260", "2010-06-30": "10.38100", "2010-03-31": "8.99740", "2009-12-31": "9.82480", "2009-09-30": "10.13200", "2009-06-30": "9.89580", "2009-03-31": "9.24230", "2008-12-31": "9.43250", "2008-09-30": "6.06270", "2008-06-30": "8.77780", "2008-03-31": "7.82270", "2007-12-31": "-0.29660", "2007-09-30": "5.54390", "2007-06-30": "8.61170", "2007-03-31": "6.93830", "2006-12-31": "9.63590", "2006-09-30": "10.13910", "2006-06-30": "8.33670", "2006-03-31": "9.31270", "2005-12-31": "9.31860", "2005-09-30": "9.93660", "2005-06-30": "10.82290", "2005-03-31": "9.97440"}, "Asset Turnover": {"2020-09-30": "0.19700", "2020-06-30": "0.14060", "2020-03-31": "0.15120", "2019-12-31": "0.15000", "2019-09-30": "0.16270", "2019-06-30": "0.16610", "2019-03-31": "0.15840", "2018-12-31": "0.16710", "2018-09-30": "0.17190", "2018-06-30": "0.17860", "2018-03-31": "0.17620", "2017-12-31": "0.17760", "2017-09-30": "0.17780", "2017-06-30": "0.18330", "2017-03-31": "0.17970", "2016-12-31": "0.15450", "2016-09-30": "0.18530", "2016-06-30": "0.18850", "2016-03-31": "0.18450", "2015-12-31": "0.18560", "2015-09-30": "0.18660", "2015-06-30": "0.19800", "2015-03-31": "0.17330", "2014-12-31": "0.19100", "2014-09-30": "0.19430", "2014-06-30": "0.19490", "2014-03-31": "0.18280", "2013-12-31": "0.19620", "2013-09-30": "0.20030", "2013-06-30": "0.20090", "2013-03-31": "0.19200", "2012-12-31": "0.19110", "2012-09-30": "0.19550", "2012-06-30": "0.20000", "2012-03-31": "0.20190", "2011-12-31": "0.18910", "2011-09-30": "0.20440", "2011-06-30": "0.20180", "2011-03-31": "0.19750", "2010-12-31": "0.20110", "2010-09-30": "0.22040", "2010-06-30": "0.22100", "2010-03-31": "0.21200", "2009-12-31": "0.21580", "2009-09-30": "0.22680", "2009-06-30": "0.23160", "2009-03-31": "0.21660", "2008-12-31": "0.21420", "2008-09-30": "0.21320", "2008-06-30": "0.21450", "2008-03-31": "0.20640", "2007-12-31": "0.20670", "2007-09-30": "0.20590", "2007-06-30": "0.19320", "2007-03-31": "0.24670", "2006-12-31": "0.27370", "2006-09-30": "0.27750", "2006-06-30": "0.29060", "2006-03-31": "0.28580", "2005-12-31": "0.26360", "2005-09-30": "0.30020", "2005-06-30": "0.30560", "2005-03-31": "0.30390"}, "Inventory Turnover Ratio": {"2020-09-30": "7.70730", "2020-06-30": "7.92860", "2020-03-31": "10.07940", "2019-12-31": "10.27640", "2019-09-30": "11.28570", "2019-06-30": "12.04760", "2019-03-31": "12.69390", "2018-12-31": "12.47480", "2018-09-30": "12.86320", "2018-06-30": "13.65930", "2018-03-31": "13.04260", "2017-12-31": "12.56840", "2017-09-30": "11.90000", "2017-06-30": "14.09640", "2017-03-31": "15.12990", "2016-12-31": "14.14630", "2016-09-30": "14.10980", "2016-06-30": "14.43750", "2016-03-31": "13.95120", "2015-12-31": "13.69050", "2015-09-30": "13.51160", "2015-06-30": "10.84400", "2015-03-31": "10.97170", "2014-12-31": "10.76360", "2014-09-30": "10.61260", "2014-06-30": "10.77060", "2014-03-31": "11.12120", "2013-12-31": "11.54950", "2013-09-30": "12.78360", "2013-06-30": "12.23140", "2013-03-31": "12.15810", "2012-12-31": "11.53650", "2012-09-30": "11.43800", "2012-06-30": "12.23030", "2012-03-31": "12.56670", "2011-12-31": "11.72460", "2011-09-30": "13.14330", "2011-06-30": "12.55460", "2011-03-31": "15.29110", "2010-12-31": "13.56540", "2010-09-30": "14.91320", "2010-06-30": "13.75680", "2010-03-31": "13.41990", "2009-12-31": "11.71120", "2009-09-30": "13.57380", "2009-06-30": "13.80180", "2009-03-31": "12.17890", "2008-12-31": "10.19270", "2008-09-30": "10.85960", "2008-06-30": "11.01870", "2008-03-31": "10.87300", "2007-12-31": "10.94910", "2007-09-30": "11.10470", "2007-06-30": "10.00360", "2007-03-31": "10.62260", "2006-12-31": "11.70270", "2006-09-30": "12.07700", "2006-06-30": "12.96750", "2006-03-31": "11.75820", "2005-12-31": "10.81460", "2005-09-30": "10.22190", "2005-06-30": "10.47250", "2005-03-31": "10.22920"}, "Receiveable Turnover": {"2020-09-30": "1.96060", "2020-06-30": "1.62260", "2020-03-31": "1.87450", "2019-12-31": "1.81190", "2019-09-30": "1.75110", "2019-06-30": "1.79500", "2019-03-31": "1.75250", "2018-12-31": "1.81720", "2018-09-30": "1.72200", "2018-06-30": "1.81900", "2018-03-31": "1.83630", "2017-12-31": "2.01840", "2017-09-30": "1.93330", "2017-06-30": "1.96830", "2017-03-31": "1.89270", "2016-12-31": "1.68470", "2016-09-30": "1.95130", "2016-06-30": "1.95490", "2016-03-31": "1.95690", "2015-12-31": "2.05220", "2015-09-30": "2.05690", "2015-06-30": "2.05440", "2015-03-31": "1.93780", "2014-12-31": "2.02040", "2014-09-30": "1.99790", "2014-06-30": "1.97510", "2014-03-31": "1.78710", "2013-12-31": "2.06100", "2013-09-30": "1.94170", "2013-06-30": "1.91710", "2013-03-31": "1.92160", "2012-12-31": "2.04640", "2012-09-30": "1.95730", "2012-06-30": "1.99510", "2012-03-31": "1.95990", "2011-12-31": "1.94250", "2011-09-30": "2.03620", "2011-06-30": "2.04780", "2011-03-31": "1.93710", "2010-12-31": "2.02910", "2010-09-30": "2.10910", "2010-06-30": "2.15570", "2010-03-31": "2.08690", "2009-12-31": "2.23400", "2009-09-30": "2.13570", "2009-06-30": "2.12130", "2009-03-31": "2.03550", "2008-12-31": "2.16160", "2008-09-30": "2.05670", "2008-06-30": "1.99230", "2008-03-31": "1.88300", "2007-12-31": "2.00740", "2007-09-30": "1.83520", "2007-06-30": "1.68660", "2007-03-31": "1.88290", "2006-12-31": "2.00060", "2006-09-30": "1.84730", "2006-06-30": "1.97820", "2006-03-31": "2.00210", "2005-12-31": "1.90830", "2005-09-30": "1.96190", "2005-06-30": "1.98670", "2005-03-31": "1.87850"}, "Days Sales In Receivables": {"2020-09-30": "45.90450", "2020-06-30": "55.46800", "2020-03-31": "48.01320", "2019-12-31": "49.67290", "2019-09-30": "51.39570", "2019-06-30": "50.13830", "2019-03-31": "51.35380", "2018-12-31": "49.52690", "2018-09-30": "52.26580", "2018-06-30": "49.47890", "2018-03-31": "49.01270", "2017-12-31": "44.58980", "2017-09-30": "46.55170", "2017-06-30": "45.72430", "2017-03-31": "47.55090", "2016-12-31": "53.42310", "2016-09-30": "46.12200", "2016-06-30": "46.03880", "2016-03-31": "45.99030", "2015-12-31": "43.85610", "2015-09-30": "43.75530", "2015-06-30": "43.80780", "2015-03-31": "46.44370", "2014-12-31": "44.54590", "2014-09-30": "45.04730", "2014-06-30": "45.56780", "2014-03-31": "50.36080", "2013-12-31": "43.66740", "2013-09-30": "46.35070", "2013-06-30": "46.94640", "2013-03-31": "46.83660", "2012-12-31": "43.98030", "2012-09-30": "45.98100", "2012-06-30": "45.10990", "2012-03-31": "45.92130", "2011-12-31": "46.33130", "2011-09-30": "44.20010", "2011-06-30": "43.94880", "2011-03-31": "46.46100", "2010-12-31": "44.35370", "2010-09-30": "42.67200", "2010-06-30": "41.74890", "2010-03-31": "43.12620", "2009-12-31": "40.28670", "2009-09-30": "42.14010", "2009-06-30": "42.42690", "2009-03-31": "44.21600", "2008-12-31": "41.63660", "2008-09-30": "43.75900", "2008-06-30": "45.17450", "2008-03-31": "47.79480", "2007-12-31": "44.83380", "2007-09-30": "49.04040", "2007-06-30": "53.36250", "2007-03-31": "47.79940", "2006-12-31": "44.98720", "2006-09-30": "48.71940", "2006-06-30": "45.49680", "2006-03-31": "44.95200", "2005-12-31": "47.16280", "2005-09-30": "45.87510", "2005-06-30": "45.30140", "2005-03-31": "47.91090"}, "ROE - Return On Equity": {"2020-09-30": "9.16850", "2020-06-30": "3.28180", "2020-03-31": "1.85870", "2019-12-31": "4.65980", "2019-09-30": "3.99720", "2019-06-30": "3.97530", "2019-03-31": "3.29530", "2018-12-31": "2.63910", "2018-09-30": "4.23110", "2018-06-30": "4.42710", "2018-03-31": "3.73080", "2017-12-31": "5.38850", "2017-09-30": "3.62470", "2017-06-30": "4.37350", "2017-03-31": "3.75290", "2016-12-31": "3.58370", "2016-09-30": "4.36730", "2016-06-30": "4.57430", "2016-03-31": "2.46460", "2015-12-31": "4.24360", "2015-09-30": "7.66070", "2015-06-30": "2.96960", "2015-03-31": "1.63900", "2014-12-31": "4.50350", "2014-09-30": "3.30170", "2014-06-30": "3.44740", "2014-03-31": "2.76120", "2013-12-31": "3.80070", "2013-09-30": "10.64160", "2013-06-30": "4.08780", "2013-03-31": "2.93330", "2012-12-31": "3.57120", "2012-09-30": "3.97840", "2012-06-30": "4.57560", "2012-03-31": "4.24840", "2011-12-31": "5.00970", "2011-09-30": "5.13810", "2011-06-30": "4.98560", "2011-03-31": "-1.42950", "2010-12-31": "3.98100", "2010-09-30": "5.36280", "2010-06-30": "5.17220", "2010-03-31": "4.35720", "2009-12-31": "4.75530", "2009-09-30": "5.10630", "2009-06-30": "5.26550", "2009-03-31": "5.02010", "2008-12-31": "4.90510", "2008-09-30": "4.50910", "2008-06-30": "4.63630", "2008-03-31": "4.21890", "2007-12-31": "5.43040", "2007-09-30": "4.51690", "2007-06-30": "4.45170", "2007-03-31": "3.54920", "2006-12-31": "5.01050", "2006-09-30": "5.33980", "2006-06-30": "5.37240", "2006-03-31": "5.39570", "2005-12-31": "5.52530", "2005-09-30": "4.94510", "2005-06-30": "5.36230", "2005-03-31": "4.98910"}, "Return On Tangible Equity": {"2020-09-30": "-36.34690", "2020-06-30": "-9.41920", "2020-03-31": "-4.97890", "2019-12-31": "-12.90790", "2019-09-30": "-10.75680", "2019-06-30": "-9.65610", "2019-03-31": "-7.14290", "2018-12-31": "-5.55330", "2018-09-30": "-10.08890", "2018-06-30": "-10.05610", "2018-03-31": "-7.56000", "2017-12-31": "-10.68430", "2017-09-30": "-7.39960", "2017-06-30": "-9.01570", "2017-03-31": "-7.70590", "2016-12-31": "-7.29580", "2016-09-30": "-8.99910", "2016-06-30": "-8.64710", "2016-03-31": "-4.91870", "2015-12-31": "-9.19120", "2015-09-30": "-15.54000", "2015-06-30": "-4.84050", "2015-03-31": "-2.53990", "2014-12-31": "-7.03210", "2014-09-30": "-4.77500", "2014-06-30": "-4.69890", "2014-03-31": "-3.72730", "2013-12-31": "-5.87090", "2013-09-30": "-15.48230", "2013-06-30": "-6.06010", "2013-03-31": "-5.38620", "2012-12-31": "-6.72770", "2012-09-30": "-6.32060", "2012-06-30": "-6.52990", "2012-03-31": "-5.55340", "2011-12-31": "-5.97200", "2011-09-30": "-5.50970", "2011-06-30": "-4.98860", "2011-03-31": "1.72960", "2010-12-31": "-8.75140", "2010-09-30": "-10.27350", "2010-06-30": "-10.65410", "2010-03-31": "-8.68840", "2009-12-31": "-10.06030", "2009-09-30": "-10.14430", "2009-06-30": "-9.34870", "2009-03-31": "-7.62970", "2008-12-31": "-7.87780", "2008-09-30": "-7.48650", "2008-06-30": "-7.01000", "2008-03-31": "-5.65710", "2007-12-31": "-6.48740", "2007-09-30": "-5.47730", "2007-06-30": "-4.99900", "2007-03-31": "-10.67070", "2006-12-31": "-26.76390", "2006-09-30": "-31.76760", "2006-06-30": "-35.57120", "2006-03-31": "-32.41340", "2005-12-31": "-26.24750", "2005-09-30": "47.67270", "2005-06-30": "60.80470", "2005-03-31": "128.92420"}, "ROA - Return On Assets": {"2020-09-30": "4.17870", "2020-06-30": "1.48580", "2020-03-31": "0.87970", "2019-12-31": "2.06340", "2019-09-30": "1.88040", "2019-06-30": "1.86220", "2019-03-31": "1.47440", "2018-12-31": "1.26330", "2018-09-30": "2.06630", "2018-06-30": "2.16800", "2018-03-31": "1.76720", "2017-12-31": "2.54210", "2017-09-30": "1.67640", "2017-06-30": "2.03520", "2017-03-31": "1.73110", "2016-12-31": "1.65350", "2016-09-30": "2.01510", "2016-06-30": "2.06750", "2016-03-31": "1.13900", "2015-12-31": "2.00760", "2015-09-30": "3.51400", "2015-06-30": "1.32720", "2015-03-31": "0.65960", "2014-12-31": "1.97830", "2014-09-30": "1.41820", "2014-06-30": "1.45540", "2014-03-31": "1.16230", "2013-12-31": "1.68750", "2013-09-30": "4.61490", "2013-06-30": "1.78170", "2013-03-31": "1.33250", "2012-12-31": "1.61020", "2012-09-30": "1.79210", "2012-06-30": "1.95890", "2012-03-31": "1.75130", "2011-12-31": "1.99830", "2011-09-30": "1.95300", "2011-06-30": "1.82410", "2011-03-31": "-0.50180", "2010-12-31": "1.89260", "2010-09-30": "2.46020", "2010-06-30": "2.40680", "2010-03-31": "2.01030", "2009-12-31": "2.22750", "2009-09-30": "2.40380", "2009-06-30": "2.41470", "2009-03-31": "2.12450", "2008-12-31": "2.11590", "2008-09-30": "1.96390", "2008-06-30": "1.98490", "2008-03-31": "1.70880", "2007-12-31": "2.10750", "2007-09-30": "1.75150", "2007-06-30": "1.67150", "2007-03-31": "1.73790", "2006-12-31": "2.67200", "2006-09-30": "2.87220", "2006-06-30": "2.86290", "2006-03-31": "2.84480", "2005-12-31": "2.87710", "2005-09-30": "3.08360", "2005-06-30": "3.30750", "2005-03-31": "3.03110"}, "ROI - Return On Investment": {"2020-09-30": "5.64790", "2020-06-30": "1.94930", "2020-03-31": "1.08870", "2019-12-31": "2.74530", "2019-09-30": "2.55600", "2019-06-30": "2.52360", "2019-03-31": "2.07740", "2018-12-31": "1.59840", "2018-09-30": "2.59160", "2018-06-30": "2.68710", "2018-03-31": "2.15160", "2017-12-31": "3.06790", "2017-09-30": "2.03800", "2017-06-30": "2.44540", "2017-03-31": "2.08630", "2016-12-31": "1.99090", "2016-09-30": "2.40920", "2016-06-30": "2.48690", "2016-03-31": "1.36810", "2015-12-31": "2.43750", "2015-09-30": "4.32130", "2015-06-30": "1.63040", "2015-03-31": "0.87950", "2014-12-31": "2.58140", "2014-09-30": "1.75020", "2014-06-30": "1.80730", "2014-03-31": "1.43340", "2013-12-31": "2.12890", "2013-09-30": "5.89090", "2013-06-30": "2.28040", "2013-03-31": "1.68160", "2012-12-31": "1.98260", "2012-09-30": "2.20510", "2012-06-30": "2.48660", "2012-03-31": "2.27950", "2011-12-31": "2.62660", "2011-09-30": "2.63490", "2011-06-30": "2.53610", "2011-03-31": "-0.67750", "2010-12-31": "2.41060", "2010-09-30": "3.09850", "2010-06-30": "2.94970", "2010-03-31": "2.49060", "2009-12-31": "2.74540", "2009-09-30": "2.95040", "2009-06-30": "2.98460", "2009-03-31": "2.68290", "2008-12-31": "2.65270", "2008-09-30": "2.47090", "2008-06-30": "2.47270", "2008-03-31": "2.14730", "2007-12-31": "2.69370", "2007-09-30": "2.21070", "2007-06-30": "2.10830", "2007-03-31": "2.51940", "2006-12-31": "3.55250", "2006-09-30": "3.80390", "2006-06-30": "3.76390", "2006-03-31": "3.76550", "2005-12-31": "3.79910", "2005-09-30": "4.40130", "2005-06-30": "4.37920", "2005-03-31": "4.03460"}, "Book Value Per Share": {"2020-09-30": "47.74820", "2020-06-30": "43.88810", "2020-03-31": "42.55970", "2019-12-31": "42.75940", "2019-09-30": "41.88150", "2019-06-30": "40.80740", "2019-03-31": "39.85820", "2018-12-31": "39.01480", "2018-09-30": "39.44850", "2018-06-30": "38.69850", "2018-03-31": "37.25000", "2017-12-31": "36.70370", "2017-09-30": "35.50000", "2017-06-30": "34.80150", "2017-03-31": "34.03650", "2016-12-31": "34.01460", "2016-09-30": "33.76980", "2016-06-30": "32.87050", "2016-03-31": "33.09220", "2015-12-31": "32.95800", "2015-09-30": "32.09030", "2015-06-30": "30.16670", "2015-03-31": "29.65970", "2014-12-31": "30.06940", "2014-09-30": "29.03450", "2014-06-30": "28.60420", "2014-03-31": "27.91670", "2013-12-31": "27.59030", "2013-09-30": "26.62870", "2013-06-30": "25.94230", "2013-03-31": "26.77070", "2012-12-31": "26.49370", "2012-09-30": "26.44700", "2012-06-30": "25.40280", "2012-03-31": "24.57800", "2011-12-31": "23.59930", "2011-09-30": "22.51900", "2011-06-30": "21.81000", "2011-03-31": "20.60730", "2010-12-31": "23.74760", "2010-09-30": "22.77850", "2010-06-30": "22.27650", "2010-03-31": "21.84520", "2009-12-31": "21.88550", "2009-09-30": "21.31110", "2009-06-30": "20.27980", "2009-03-31": "19.05920", "2008-12-31": "19.04220", "2008-09-30": "19.08080", "2008-06-30": "18.80080", "2008-03-31": "17.97820", "2007-12-31": "17.13170", "2007-09-30": "17.19260", "2007-06-30": "16.44530", "2007-03-31": "15.72990", "2006-12-31": "15.56680", "2006-09-30": "15.54740", "2006-06-30": "14.73070", "2006-03-31": "14.46560", "2005-12-31": "13.92250", "2005-09-30": "14.01250", "2005-06-30": "13.70760", "2005-03-31": "13.04490"}, "Operating Cash Flow Per Share": {"2020-09-30": 6.2596, "2020-06-30": 2.5969, "2020-03-31": "1.82960", "2019-12-31": 2.6069, "2019-09-30": 2.1504, "2019-06-30": 2.3603, "2019-03-31": "2.02210", "2018-12-31": 2.1223, "2018-09-30": 2.8921, "2018-06-30": 2.3237, "2018-03-31": "1.29500", "2017-12-31": 2.3072, "2017-09-30": 2.5857, "2017-06-30": 2.1099, "2017-03-31": "1.39010", "2016-12-31": 2.4719, "2016-09-30": 2.1197, "2016-06-30": 2.2051, "2016-03-31": "1.06250", "2015-12-31": 1.8759, "2015-09-30": 1.4621, "2015-06-30": 1.9679, "2015-03-31": "0.35620", "2014-12-31": 2.131, "2014-09-30": 1.869, "2014-06-30": 1.931, "2014-03-31": "0.57930", "2013-12-31": 1.3342, "2013-09-30": 1.2714, "2013-06-30": 1.3602, "2013-03-31": "0.29560", "2012-12-31": 2.3986, "2012-09-30": 2.4409, "2012-06-30": 1.5695, "2012-03-31": "1.00980", "2011-12-31": 2.0861, "2011-09-30": 2.1266, "2011-06-30": 0.3867, "2011-03-31": "0.99440", "2010-12-31": 1.8395, "2010-09-30": 1.9853, "2010-06-30": 1.1689, "2010-03-31": "1.31160", "2009-12-31": 1.9071, "2009-09-30": 1.9946, "2009-06-30": -0.0209, "2009-03-31": "1.43030", "2008-12-31": 1.8744, "2008-09-30": 1.6577, "2008-06-30": 1.0863, "2008-03-31": "0.80650", "2007-12-31": 1.8249, "2007-09-30": 1.4807, "2007-06-30": 0.6654, "2007-03-31": "0.77610", "2006-12-31": 1.5435, "2006-09-30": 1.1773, "2006-06-30": 0.8525, "2006-03-31": "1.19710", "2005-12-31": 1.484, "2005-09-30": 0.8656, "2005-06-30": 1.1339, "2005-03-31": "0.65990"}, "Free Cash Flow Per Share": {"2020-09-30": 5.6043, "2020-06-30": 1.9984, "2020-03-31": "1.21480", "2019-12-31": 1.3299, "2019-09-30": 1.4568, "2019-06-30": 1.7353, "2019-03-31": "1.67650", "2018-12-31": 1.036, "2018-09-30": 2.3093, "2018-06-30": 1.7626, "2018-03-31": "0.76980", "2017-12-31": 1.7215, "2017-09-30": 2.1357, "2017-06-30": 1.6435, "2017-03-31": "1.09220", "2016-12-31": 1.5704, "2016-09-30": 1.6902, "2016-06-30": 1.7991, "2016-03-31": "0.73610", "2015-12-31": 1.2276, "2015-09-30": 1.1035, "2015-06-30": 1.5446, "2015-03-31": "-0.02740", "2014-12-31": 1.5172, "2014-09-30": 1.1656, "2014-06-30": 1.5931, "2014-03-31": "0.11030", "2013-12-31": 0.8509, "2013-09-30": 0.9267, "2013-06-30": 0.9866, "2013-03-31": "-0.01260", "2012-12-31": 2.0223, "2012-09-30": 2.1641, "2012-06-30": 1.273, "2012-03-31": "0.82190", "2011-12-31": 1.8212, "2011-09-30": 1.8786, "2011-06-30": 0.1348, "2011-03-31": "0.75290", "2010-12-31": 1.463, "2010-09-30": 1.6949, "2010-06-30": 0.8954, "2010-03-31": "1.09360", "2009-12-31": 1.6436, "2009-09-30": 1.7757, "2009-06-30": -0.2196, "2009-03-31": "1.22260", "2008-12-31": 1.4998, "2008-09-30": 1.4304, "2008-06-30": 0.8424, "2008-03-31": "0.56690", "2007-12-31": 1.4336, "2007-09-30": 1.2092, "2007-06-30": 0.4115, "2007-03-31": "0.57070", "2006-12-31": 1.2413, "2006-09-30": 0.9497, "2006-06-30": 0.6228, "2006-03-31": "0.98730", "2005-12-31": 1.2579, "2005-09-30": 0.6002, "2005-06-30": 0.8029, "2005-03-31": "0.39120"}}, "revenue": {"Quest Diagnostics Annual Revenue (Millions of US $)": {"2020": "$9,437", "2019": "$7,726", "2018": "$7,531", "2017": "$7,402", "2016": "$7,214", "2015": "$7,493", "2014": "$7,435", "2013": "$7,146", "2012": "$7,383", "2011": "$7,392", "2010": "$7,260", "2009": "$7,455", "2008": "$7,249", "2007": "$6,705", "2006": "$6,269", "2005": "$5,457"}, "Quest Diagnostics Quarterly Revenue (Millions of US $)": {"2020-12-31": "$3,002", "2020-09-30": "$2,786", "2020-06-30": "$1,827", "2020-03-31": "$1,822", "2019-12-31": "$1,926", "2019-09-30": "$1,956", "2019-06-30": "$1,953", "2019-03-31": "$1,891", "2018-12-31": "$1,839", "2018-09-30": "$1,889", "2018-06-30": "$1,919", "2018-03-31": "$1,884", "2017-12-31": "$1,865", "2017-09-30": "$1,856", "2017-06-30": "$1,864", "2017-03-31": "$1,817", "2016-12-31": "$1,560", "2016-09-30": "$1,885", "2016-06-30": "$1,906", "2016-03-31": "$1,863", "2015-12-31": "$1,849", "2015-09-30": "$1,880", "2015-06-30": "$1,925", "2015-03-31": "$1,839", "2014-12-31": "$1,883", "2014-09-30": "$1,904", "2014-06-30": "$1,902", "2014-03-31": "$1,746", "2013-12-31": "$1,756", "2013-09-30": "$1,788", "2013-06-30": "$1,815", "2013-03-31": "$1,787", "2012-12-31": "$1,774", "2012-09-30": "$1,822", "2012-06-30": "$1,878", "2012-03-31": "$1,909", "2011-12-31": "$1,761", "2011-09-30": "$1,906", "2011-06-30": "$1,903", "2011-03-31": "$1,822", "2010-12-31": "$1,715", "2010-09-30": "$1,865", "2010-06-30": "$1,875", "2010-03-31": "$1,806", "2009-12-31": "$1,848", "2009-09-30": "$1,897", "2009-06-30": "$1,902", "2009-03-31": "$1,808", "2008-12-31": "$1,800", "2008-09-30": "$1,827", "2008-06-30": "$1,838", "2008-03-31": "$1,785", "2007-12-31": "$1,770", "2007-09-30": "$1,767", "2007-06-30": "$1,641", "2007-03-31": "$1,526", "2006-12-31": "$1,549", "2006-09-30": "$1,583", "2006-06-30": "$1,583", "2006-03-31": "$1,553", "2005-12-31": "$1,399", "2005-09-30": "$1,361", "2005-06-30": "$1,378", "2005-03-31": "$1,319"}}, "gross-profit": {"Quest Diagnostics Annual Gross Profit (Millions of US $)": {"2020": "$3,633", "2019": "$2,689", "2018": "$2,605", "2017": "$2,683", "2016": "$2,598", "2015": "$2,836", "2014": "$2,798", "2013": "$2,820", "2012": "$3,018", "2011": "$3,029", "2010": "$2,985", "2009": "$3,134", "2008": "$2,993", "2007": "$2,735", "2006": "$2,573", "2005": "$2,236"}, "Quest Diagnostics Quarterly Gross Profit (Millions of US $)": {"2020-12-31": "$1,269", "2020-09-30": "$1,206", "2020-06-30": "$606", "2020-03-31": "$552", "2019-12-31": "$662", "2019-09-30": "$692", "2019-06-30": "$688", "2019-03-31": "$647", "2018-12-31": "$604", "2018-09-30": "$667", "2018-06-30": "$676", "2018-03-31": "$658", "2017-12-31": "$671", "2017-09-30": "$666", "2017-06-30": "$694", "2017-03-31": "$652", "2016-12-31": "$400", "2016-09-30": "$728", "2016-06-30": "$751", "2016-03-31": "$719", "2015-12-31": "$699", "2015-09-30": "$718", "2015-06-30": "$743", "2015-03-31": "$676", "2014-12-31": "$699", "2014-09-30": "$726", "2014-06-30": "$728", "2014-03-31": "$645", "2013-12-31": "$705", "2013-09-30": "$699", "2013-06-30": "$721", "2013-03-31": "$695", "2012-12-31": "$701", "2012-09-30": "$741", "2012-06-30": "$776", "2012-03-31": "$800", "2011-12-31": "$716", "2011-09-30": "$790", "2011-06-30": "$799", "2011-03-31": "$725", "2010-12-31": "$677", "2010-09-30": "$773", "2010-06-30": "$796", "2010-03-31": "$739", "2009-12-31": "$778", "2009-09-30": "$800", "2009-06-30": "$802", "2009-03-31": "$755", "2008-12-31": "$759", "2008-09-30": "$753", "2008-06-30": "$754", "2008-03-31": "$726", "2007-12-31": "$728", "2007-09-30": "$740", "2007-06-30": "$672", "2007-03-31": "$594", "2006-12-31": "$630", "2006-09-30": "$649", "2006-06-30": "$656", "2006-03-31": "$637", "2005-12-31": "$556", "2005-09-30": "$562", "2005-06-30": "$579", "2005-03-31": "$539"}}, "operating-income": {"Quest Diagnostics Annual Operating Income (Millions of US $)": {"2020": "$1,971", "2019": "$1,231", "2018": "$1,101", "2017": "$1,165", "2016": "$1,277", "2015": "$1,399", "2014": "$983", "2013": "$1,475", "2012": "$1,201", "2011": "$987", "2010": "$1,284", "2009": "$1,359", "2008": "$1,222", "2007": "$1,091", "2006": "$1,128", "2005": "$1,008"}, "Quest Diagnostics Quarterly Operating Income (Millions of US $)": {"2020-12-31": "$795", "2020-09-30": "$718", "2020-06-30": "$283", "2020-03-31": "$175", "2019-12-31": "$363", "2019-09-30": "$313", "2019-06-30": "$307", "2019-03-31": "$248", "2018-12-31": "$220", "2018-09-30": "$304", "2018-06-30": "$305", "2018-03-31": "$272", "2017-12-31": "$269", "2017-09-30": "$298", "2017-06-30": "$319", "2017-03-31": "$279", "2016-12-31": "$276", "2016-09-30": "$322", "2016-06-30": "$422", "2016-03-31": "$257", "2015-12-31": "$239", "2015-09-30": "$631", "2015-06-30": "$301", "2015-03-31": "$228", "2014-12-31": "$257", "2014-09-30": "$256", "2014-06-30": "$262", "2014-03-31": "$208", "2013-12-31": "$270", "2013-09-30": "$689", "2013-06-30": "$289", "2013-03-31": "$227", "2012-12-31": "$265", "2012-09-30": "$305", "2012-06-30": "$333", "2012-03-31": "$298", "2011-12-31": "$317", "2011-09-30": "$322", "2011-06-30": "$317", "2011-03-31": "$31", "2010-12-31": "$282", "2010-09-30": "$337", "2010-06-30": "$366", "2010-03-31": "$299", "2009-12-31": "$330", "2009-09-30": "$348", "2009-06-30": "$359", "2009-03-31": "$321", "2008-12-31": "$317", "2008-09-30": "$317", "2008-06-30": "$308", "2008-03-31": "$280", "2007-12-31": "$312", "2007-09-30": "$306", "2007-06-30": "$272", "2007-03-31": "$201", "2006-12-31": "$279", "2006-09-30": "$293", "2006-06-30": "$297", "2006-03-31": "$259", "2005-12-31": "$266", "2005-09-30": "$250", "2005-06-30": "$261", "2005-03-31": "$230"}}, "ebitda": {"Quest Diagnostics Annual EBITDA (Millions of US $)": {"2019": "$1,560", "2018": "$1,410", "2017": "$1,435", "2016": "$1,526", "2015": "$1,703", "2014": "$1,297", "2013": "$1,758", "2012": "$1,488", "2011": "$1,268", "2010": "$1,538", "2009": "$1,616", "2008": "$1,487", "2007": "$1,329", "2006": "$1,325", "2005": "$1,184"}, "Quest Diagnostics Quarterly EBITDA (Millions of US $)": {"2020-09-30": "$807", "2020-06-30": "$372", "2020-03-31": "$260", "2019-12-31": "$445", "2019-09-30": "$395", "2019-06-30": "$388", "2019-03-31": "$332", "2018-12-31": "$301", "2018-09-30": "$381", "2018-06-30": "$382", "2018-03-31": "$346", "2017-12-31": "$342", "2017-09-30": "$367", "2017-06-30": "$385", "2017-03-31": "$341", "2016-12-31": "$339", "2016-09-30": "$385", "2016-06-30": "$483", "2016-03-31": "$319", "2015-12-31": "$313", "2015-09-30": "$708", "2015-06-30": "$376", "2015-03-31": "$306", "2014-12-31": "$336", "2014-09-30": "$335", "2014-06-30": "$343", "2014-03-31": "$283", "2013-12-31": "$342", "2013-09-30": "$758", "2013-06-30": "$361", "2013-03-31": "$297", "2012-12-31": "$337", "2012-09-30": "$376", "2012-06-30": "$405", "2012-03-31": "$370", "2011-12-31": "$389", "2011-09-30": "$395", "2011-06-30": "$390", "2011-03-31": "$94", "2010-12-31": "$346", "2010-09-30": "$401", "2010-06-30": "$429", "2010-03-31": "$362", "2009-12-31": "$393", "2009-09-30": "$412", "2009-06-30": "$425", "2009-03-31": "$386", "2008-12-31": "$383", "2008-09-30": "$383", "2008-06-30": "$376", "2008-03-31": "$346", "2007-12-31": "$381", "2007-09-30": "$370", "2007-06-30": "$327", "2007-03-31": "$251", "2006-12-31": "$329", "2006-09-30": "$342", "2006-06-30": "$347", "2006-03-31": "$308", "2005-12-31": "$313", "2005-09-30": "$294", "2005-06-30": "$304", "2005-03-31": "$272"}}, "net-income": {"Quest Diagnostics Annual Net Income (Millions of US $)": {"2020": "$1,431", "2019": "$858", "2018": "$736", "2017": "$772", "2016": "$642", "2015": "$706", "2014": "$556", "2013": "$849", "2012": "$556", "2011": "$471", "2010": "$721", "2009": "$729", "2008": "$581", "2007": "$340", "2006": "$586", "2005": "$546"}, "Quest Diagnostics Quarterly Net Income (Millions of US $)": {"2020-12-31": "$579", "2020-09-30": "$568", "2020-06-30": "$185", "2020-03-31": "$99", "2019-12-31": "$253", "2019-09-30": "$215", "2019-06-30": "$226", "2019-03-31": "$164", "2018-12-31": "$127", "2018-09-30": "$213", "2018-06-30": "$219", "2018-03-31": "$177", "2017-12-31": "$254", "2017-09-30": "$161", "2017-06-30": "$193", "2017-03-31": "$164", "2016-12-31": "$152", "2016-09-30": "$192", "2016-06-30": "$195", "2016-03-31": "$103", "2015-12-31": "$185", "2015-09-30": "$342", "2015-06-30": "$118", "2015-03-31": "$61", "2014-12-31": "$190", "2014-09-30": "$129", "2014-06-30": "$133", "2014-03-31": "$104", "2013-12-31": "$143", "2013-09-30": "$405", "2013-06-30": "$165", "2013-03-31": "$136", "2012-12-31": "$56", "2012-09-30": "$163", "2012-06-30": "$178", "2012-03-31": "$159", "2011-12-31": "$190", "2011-09-30": "$172", "2011-06-30": "$163", "2011-03-31": "$-54", "2010-12-31": "$166", "2010-09-30": "$198", "2010-06-30": "$195", "2010-03-31": "$162", "2009-12-31": "$182", "2009-09-30": "$192", "2009-06-30": "$188", "2009-03-31": "$167", "2008-12-31": "$170", "2008-09-30": "$111", "2008-06-30": "$161", "2008-03-31": "$140", "2007-12-31": "$-5", "2007-09-30": "$98", "2007-06-30": "$141", "2007-03-31": "$106", "2006-12-31": "$149", "2006-09-30": "$161", "2006-06-30": "$132", "2006-03-31": "$145", "2005-12-31": "$130", "2005-09-30": "$135", "2005-06-30": "$149", "2005-03-31": "$132"}}, "eps-earnings-per-share-diluted": {"Quest Diagnostics Annual EPS": {"2020": "$10.47", "2019": "$6.28", "2018": "$5.29", "2017": "$5.50", "2016": "$4.51", "2015": "$4.87", "2014": "$3.81", "2013": "$5.54", "2012": "$3.46", "2011": "$2.92", "2010": "$4.05", "2009": "$3.87", "2008": "$2.96", "2007": "$1.74", "2006": "$2.94", "2005": "$2.66"}, "Quest Diagnostics Quarterly EPS": {"2020-12-31": "$4.21", "2020-09-30": "$4.14", "2020-06-30": "$1.36", "2020-03-31": "$0.73", "2019-12-31": "$1.86", "2019-09-30": "$1.56", "2019-06-30": "$1.66", "2019-03-31": "$1.20", "2018-12-31": "$0.92", "2018-09-30": "$1.53", "2018-06-30": "$1.57", "2018-03-31": "$1.27", "2017-12-31": "$1.82", "2017-09-30": "$1.15", "2017-06-30": "$1.37", "2017-03-31": "$1.16", "2016-12-31": "$1.09", "2016-09-30": "$1.34", "2016-06-30": "$1.37", "2016-03-31": "$0.71", "2015-12-31": "$1.29", "2015-09-30": "$2.35", "2015-06-30": "$0.81", "2015-03-31": "$0.42", "2014-12-31": "$1.30", "2014-09-30": "$0.88", "2014-06-30": "$0.92", "2014-03-31": "$0.71", "2013-12-31": "$0.94", "2013-09-30": "$2.68", "2013-06-30": "$1.07", "2013-03-31": "$0.85", "2012-12-31": "$0.35", "2012-09-30": "$1.01", "2012-06-30": "$1.11", "2012-03-31": "$0.99", "2011-12-31": "$1.16", "2011-09-30": "$1.07", "2011-06-30": "$1.02", "2011-03-31": "$-0.33", "2010-12-31": "$0.96", "2010-09-30": "$1.13", "2010-06-30": "$1.07", "2010-03-31": "$0.89", "2009-12-31": "$0.97", "2009-09-30": "$1.02", "2009-06-30": "$1.00", "2009-03-31": "$0.88", "2008-12-31": "$0.87", "2008-09-30": "$0.56", "2008-06-30": "$0.82", "2008-03-31": "$0.71", "2007-12-31": "$-0.03", "2007-09-30": "$0.50", "2007-06-30": "$0.73", "2007-03-31": "$0.54", "2006-12-31": "$0.76", "2006-09-30": "$0.80", "2006-06-30": "$0.66", "2006-03-31": "$0.72", "2005-12-31": "$0.64", "2005-09-30": "$0.66", "2005-06-30": "$0.72", "2005-03-31": "$0.64"}}, "shares-outstanding": {"Quest Diagnostics Annual Shares Outstanding (Millions of Shares)": {"2020": "136", "2019": "136", "2018": "139", "2017": "140", "2016": "142", "2015": "145", "2014": "145", "2013": "153", "2012": "160", "2011": "160", "2010": "177", "2009": "188", "2008": "196", "2007": "195", "2006": "200", "2005": "206"}, "Quest Diagnostics Quarterly Shares Outstanding (Millions of Shares)": {"2020-12-31": "137", "2020-09-30": "137", "2020-06-30": "136", "2020-03-31": "135", "2019-12-31": "136", "2019-09-30": "137", "2019-06-30": "136", "2019-03-31": "136", "2018-12-31": "139", "2018-09-30": "139", "2018-06-30": "139", "2018-03-31": "139", "2017-12-31": "140", "2017-09-30": "140", "2017-06-30": "140", "2017-03-31": "141", "2016-12-31": "142", "2016-09-30": "142", "2016-06-30": "142", "2016-03-31": "144", "2015-12-31": "145", "2015-09-30": "145", "2015-06-30": "145", "2015-03-31": "146", "2014-12-31": "145", "2014-09-30": "145", "2014-06-30": "145", "2014-03-31": "145", "2013-12-31": "153", "2013-09-30": "151", "2013-06-30": "154", "2013-03-31": "159", "2012-12-31": "160", "2012-09-30": "161", "2012-06-30": "160", "2012-03-31": "160", "2011-12-31": "160", "2011-09-30": "159", "2011-06-30": "159", "2011-03-31": "161", "2010-12-31": "177", "2010-09-30": "174", "2010-06-30": "181", "2010-03-31": "182", "2009-12-31": "188", "2009-09-30": "187", "2009-06-30": "187", "2009-03-31": "191", "2008-12-31": "196", "2008-09-30": "197", "2008-06-30": "196", "2008-03-31": "196", "2007-12-31": "195", "2007-09-30": "196", "2007-06-30": "194", "2007-03-31": "195", "2006-12-31": "200", "2006-09-30": "200", "2006-06-30": "201", "2006-03-31": "201", "2005-12-31": "206", "2005-09-30": "206", "2005-06-30": "207", "2005-03-31": "206"}}, "total-assets": {"Quest Diagnostics Annual Total Assets (Millions of US $)": {"2019": "$12,843", "2018": "$11,003", "2017": "$10,503", "2016": "$10,100", "2015": "$9,962", "2014": "$9,857", "2013": "$8,948", "2012": "$9,284", "2011": "$9,313", "2010": "$8,528", "2009": "$8,564", "2008": "$8,404", "2007": "$8,566", "2006": "$5,661", "2005": "$5,306"}, "Quest Diagnostics Quarterly Total Assets (Millions of US $)": {"2020-09-30": "$14,143", "2020-06-30": "$12,990", "2020-03-31": "$12,049", "2019-12-31": "$12,843", "2019-09-30": "$12,019", "2019-06-30": "$11,760", "2019-03-31": "$11,937", "2018-12-31": "$11,003", "2018-09-30": "$10,986", "2018-06-30": "$10,747", "2018-03-31": "$10,695", "2017-12-31": "$10,503", "2017-09-30": "$10,439", "2017-06-30": "$10,171", "2017-03-31": "$10,109", "2016-12-31": "$10,100", "2016-09-30": "$10,173", "2016-06-30": "$10,109", "2016-03-31": "$10,097", "2015-12-31": "$9,962", "2015-09-30": "$10,074", "2015-06-30": "$9,720", "2015-03-31": "$10,613", "2014-12-31": "$9,857", "2014-09-30": "$9,801", "2014-06-30": "$9,757", "2014-03-31": "$9,550", "2013-12-31": "$8,948", "2013-09-30": "$8,928", "2013-06-30": "$9,036", "2013-03-31": "$9,306", "2012-12-31": "$9,284", "2012-09-30": "$9,319", "2012-06-30": "$9,393", "2012-03-31": "$9,451", "2011-12-31": "$9,313", "2011-09-30": "$9,326", "2011-06-30": "$9,431", "2011-03-31": "$9,225", "2010-12-31": "$8,528", "2010-09-30": "$8,459", "2010-06-30": "$8,482", "2010-03-31": "$8,516", "2009-12-31": "$8,564", "2009-09-30": "$8,366", "2009-06-30": "$8,211", "2009-03-31": "$8,347", "2008-12-31": "$8,404", "2008-09-30": "$8,569", "2008-06-30": "$8,567", "2008-03-31": "$8,646", "2007-12-31": "$8,566", "2007-09-30": "$8,583", "2007-06-30": "$8,494", "2007-03-31": "$6,187", "2006-12-31": "$5,661", "2006-09-30": "$5,705", "2006-06-30": "$5,448", "2006-03-31": "$5,435", "2005-12-31": "$5,306", "2005-09-30": "$4,535", "2005-06-30": "$4,508", "2005-03-31": "$4,342"}}, "cash-on-hand": {"Quest Diagnostics Annual Cash on Hand (Millions of US $)": {"2019": "$1,192", "2018": "$135", "2017": "$137", "2016": "$359", "2015": "$133", "2014": "$192", "2013": "$187", "2012": "$296", "2011": "$165", "2010": "$449", "2009": "$534", "2008": "$254", "2007": "$168", "2006": "$150", "2005": "$92"}, "Quest Diagnostics Quarterly Cash on Hand (Millions of US $)": {"2020-09-30": "$1,605", "2020-06-30": "$988", "2020-03-31": "$342", "2019-12-31": "$1,192", "2019-09-30": "$434", "2019-06-30": "$273", "2019-03-31": "$464", "2018-12-31": "$135", "2018-09-30": "$263", "2018-06-30": "$132", "2018-03-31": "$124", "2017-12-31": "$137", "2017-09-30": "$350", "2017-06-30": "$314", "2017-03-31": "$367", "2016-12-31": "$359", "2016-09-30": "$406", "2016-06-30": "$283", "2016-03-31": "$128", "2015-12-31": "$133", "2015-09-30": "$123", "2015-06-30": "$150", "2015-03-31": "$974", "2014-12-31": "$192", "2014-09-30": "$170", "2014-06-30": "$144", "2014-03-31": "$144", "2013-12-31": "$187", "2013-09-30": "$158", "2013-06-30": "$148", "2013-03-31": "$134", "2012-12-31": "$296", "2012-09-30": "$192", "2012-06-30": "$174", "2012-03-31": "$145", "2011-12-31": "$165", "2011-09-30": "$111", "2011-06-30": "$184", "2011-03-31": "$994", "2010-12-31": "$449", "2010-09-30": "$369", "2010-06-30": "$448", "2010-03-31": "$463", "2009-12-31": "$534", "2009-09-30": "$247", "2009-06-30": "$119", "2009-03-31": "$204", "2008-12-31": "$254", "2008-09-30": "$287", "2008-06-30": "$143", "2008-03-31": "$170", "2007-12-31": "$168", "2007-09-30": "$165", "2007-06-30": "$122", "2007-03-31": "$158", "2006-12-31": "$150", "2006-09-30": "$105", "2006-06-30": "$151", "2006-03-31": "$156", "2005-12-31": "$92", "2005-09-30": "$210", "2005-06-30": "$204", "2005-03-31": "$86"}}, "long-term-debt": {"Quest Diagnostics Annual Long Term Debt (Millions of US $)": {"2019": "$3,966", "2018": "$3,429", "2017": "$3,748", "2016": "$3,728", "2015": "$3,492", "2014": "$3,224", "2013": "$3,120", "2012": "$3,354", "2011": "$3,371", "2010": "$2,641", "2009": "$2,937", "2008": "$3,078", "2007": "$3,377", "2006": "$1,239", "2005": "$1,255"}, "Quest Diagnostics Quarterly Long Term Debt (Millions of US $)": {"2020-09-30": "$4,018", "2020-06-30": "$4,020", "2020-03-31": "$4,033", "2019-12-31": "$3,966", "2019-09-30": "$3,188", "2019-06-30": "$3,169", "2019-03-31": "$3,131", "2018-12-31": "$3,429", "2018-09-30": "$3,394", "2018-06-30": "$3,408", "2018-03-31": "$3,718", "2017-12-31": "$3,748", "2017-09-30": "$3,759", "2017-06-30": "$3,732", "2017-03-31": "$3,725", "2016-12-31": "$3,728", "2016-09-30": "$3,815", "2016-06-30": "$3,835", "2016-03-31": "$3,740", "2015-12-31": "$3,492", "2015-09-30": "$3,571", "2015-06-30": "$3,568", "2015-03-31": "$3,688", "2014-12-31": "$3,224", "2014-09-30": "$3,732", "2014-06-30": "$3,738", "2014-03-31": "$3,724", "2013-12-31": "$3,120", "2013-09-30": "$3,122", "2013-06-30": "$3,122", "2013-03-31": "$3,147", "2012-12-31": "$3,354", "2012-09-30": "$3,376", "2012-06-30": "$3,378", "2012-03-31": "$3,365", "2011-12-31": "$3,371", "2011-09-30": "$3,368", "2011-06-30": "$3,333", "2011-03-31": "$3,595", "2010-12-31": "$2,641", "2010-09-30": "$2,836", "2010-06-30": "$2,974", "2010-03-31": "$2,945", "2009-12-31": "$2,937", "2009-09-30": "$2,878", "2009-06-30": "$2,878", "2009-03-31": "$3,077", "2008-12-31": "$3,078", "2008-09-30": "$3,078", "2008-06-30": "$3,209", "2008-03-31": "$3,379", "2007-12-31": "$3,377", "2007-09-30": "$3,472", "2007-06-30": "$3,545", "2007-03-31": "$1,238", "2006-12-31": "$1,239", "2006-09-30": "$1,239", "2006-06-30": "$1,241", "2006-03-31": "$1,241", "2005-12-31": "$1,255", "2005-09-30": "$349", "2005-06-30": "$624", "2005-03-31": "$624"}}, "total-liabilities": {"Quest Diagnostics Annual Total Liabilities (Millions of US $)": {"2019": "$7,156", "2018": "$5,736", "2017": "$5,548", "2016": "$5,440", "2015": "$5,249", "2014": "$5,527", "2013": "$4,975", "2012": "$5,098", "2011": "$5,598", "2010": "$4,474", "2009": "$4,552", "2008": "$4,779", "2007": "$5,241", "2006": "$2,642", "2005": "$2,543"}, "Quest Diagnostics Quarterly Total Liabilities (Millions of US $)": {"2020-09-30": "$7,697", "2020-06-30": "$7,109", "2020-03-31": "$6,346", "2019-12-31": "$7,156", "2019-09-30": "$6,365", "2019-06-30": "$6,251", "2019-03-31": "$6,596", "2018-12-31": "$5,736", "2018-09-30": "$5,621", "2018-06-30": "$5,484", "2018-03-31": "$5,629", "2017-12-31": "$5,548", "2017-09-30": "$5,611", "2017-06-30": "$5,438", "2017-03-31": "$5,446", "2016-12-31": "$5,440", "2016-09-30": "$5,479", "2016-06-30": "$5,540", "2016-03-31": "$5,431", "2015-12-31": "$5,249", "2015-09-30": "$5,453", "2015-06-30": "$5,376", "2015-03-31": "$6,342", "2014-12-31": "$5,527", "2014-09-30": "$5,591", "2014-06-30": "$5,638", "2014-03-31": "$5,530", "2013-12-31": "$4,975", "2013-09-30": "$5,056", "2013-06-30": "$5,098", "2013-03-31": "$5,079", "2012-12-31": "$5,098", "2012-09-30": "$5,121", "2012-06-30": "$5,372", "2012-03-31": "$5,555", "2011-12-31": "$5,598", "2011-09-30": "$5,782", "2011-06-30": "$5,981", "2011-03-31": "$5,987", "2010-12-31": "$4,474", "2010-09-30": "$4,579", "2010-06-30": "$4,535", "2010-03-31": "$4,587", "2009-12-31": "$4,552", "2009-09-30": "$4,428", "2009-06-30": "$4,446", "2009-03-31": "$4,814", "2008-12-31": "$4,779", "2008-09-30": "$4,837", "2008-06-30": "$4,899", "2008-03-31": "$5,144", "2007-12-31": "$5,241", "2007-09-30": "$5,255", "2007-06-30": "$5,305", "2007-03-31": "$3,157", "2006-12-31": "$2,642", "2006-09-30": "$2,636", "2006-06-30": "$2,545", "2006-03-31": "$2,569", "2005-12-31": "$2,543", "2005-09-30": "$1,707", "2005-06-30": "$1,727", "2005-03-31": "$1,704"}}, "total-share-holder-equity": {"Quest Diagnostics Annual Share Holder Equity (Millions of US $)": {"2019": "$5,687", "2018": "$5,267", "2017": "$4,955", "2016": "$4,660", "2015": "$4,713", "2014": "$4,330", "2013": "$3,973", "2012": "$4,186", "2011": "$3,715", "2010": "$4,054", "2009": "$4,011", "2008": "$3,625", "2007": "$3,324", "2006": "$3,019", "2005": "$2,763"}, "Quest Diagnostics Quarterly Share Holder Equity (Millions of US $)": {"2020-09-30": "$6,446", "2020-06-30": "$5,881", "2020-03-31": "$5,703", "2019-12-31": "$5,687", "2019-09-30": "$5,654", "2019-06-30": "$5,509", "2019-03-31": "$5,341", "2018-12-31": "$5,267", "2018-09-30": "$5,365", "2018-06-30": "$5,263", "2018-03-31": "$5,066", "2017-12-31": "$4,955", "2017-09-30": "$4,828", "2017-06-30": "$4,733", "2017-03-31": "$4,663", "2016-12-31": "$4,660", "2016-09-30": "$4,694", "2016-06-30": "$4,569", "2016-03-31": "$4,666", "2015-12-31": "$4,713", "2015-09-30": "$4,621", "2015-06-30": "$4,344", "2015-03-31": "$4,271", "2014-12-31": "$4,330", "2014-09-30": "$4,210", "2014-06-30": "$4,119", "2014-03-31": "$4,020", "2013-12-31": "$3,973", "2013-09-30": "$3,872", "2013-06-30": "$3,939", "2013-03-31": "$4,227", "2012-12-31": "$4,186", "2012-09-30": "$4,198", "2012-06-30": "$4,021", "2012-03-31": "$3,896", "2011-12-31": "$3,715", "2011-09-30": "$3,545", "2011-06-30": "$3,451", "2011-03-31": "$3,238", "2010-12-31": "$4,054", "2010-09-30": "$3,881", "2010-06-30": "$3,947", "2010-03-31": "$3,929", "2009-12-31": "$4,011", "2009-09-30": "$3,938", "2009-06-30": "$3,766", "2009-03-31": "$3,532", "2008-12-31": "$3,625", "2008-09-30": "$3,732", "2008-06-30": "$3,668", "2008-03-31": "$3,502", "2007-12-31": "$3,324", "2007-09-30": "$3,328", "2007-06-30": "$3,189", "2007-03-31": "$3,029", "2006-12-31": "$3,019", "2006-09-30": "$3,069", "2006-06-30": "$2,903", "2006-03-31": "$2,865", "2005-12-31": "$2,763", "2005-09-30": "$2,828", "2005-06-30": "$2,780", "2005-03-31": "$2,638"}}, "profit-margins": {"current": "15.16%"}, "gross margin": {"2020-12-31": "38.50%", "2020-09-30": "36.19%", "2020-06-30": "33.36%", "2020-03-31": "33.88%", "2019-12-31": "34.80%", "2019-09-30": "34.44%", "2019-06-30": "34.42%", "2019-03-31": "34.41%", "2018-12-31": "34.59%", "2018-09-30": "35.36%", "2018-06-30": "35.50%", "2018-03-31": "36.00%", "2017-12-31": "36.25%", "2017-09-30": "33.99%", "2017-06-30": "34.72%", "2017-03-31": "35.31%", "2016-12-31": "36.01%", "2016-09-30": "38.61%", "2016-06-30": "38.50%", "2016-03-31": "38.30%", "2015-12-31": "37.85%", "2015-09-30": "37.68%", "2015-06-30": "37.66%", "2015-03-31": "37.58%", "2014-12-31": "37.63%", "2014-09-30": "38.37%", "2014-06-30": "38.61%", "2014-03-31": "38.99%", "2013-12-31": "39.46%", "2013-09-30": "39.31%", "2013-06-30": "39.71%", "2013-03-31": "40.12%", "2012-12-31": "40.88%", "2012-09-30": "41.15%", "2012-06-30": "41.35%", "2012-03-31": "41.52%", "2011-12-31": "40.99%", "2011-09-30": "40.72%", "2011-06-30": "40.71%", "2011-03-31": "40.83%", "2010-12-31": "41.11%", "2010-09-30": "41.74%", "2010-06-30": "41.92%", "2010-03-31": "41.85%", "2009-12-31": "42.05%", "2009-09-30": "42.07%", "2009-06-30": "41.83%", "2009-03-31": "41.54%", "2008-12-31": "41.27%", "2008-09-30": "41.01%", "2008-06-30": "41.17%", "2008-03-31": "41.16%", "2007-12-31": "40.78%", "2007-09-30": "40.66%", "2007-06-30": "40.40%", "2007-03-31": "40.52%", "2006-12-31": "41.03%", "2006-09-30": "40.83%", "2006-06-30": "40.89%", "2006-03-31": "41.01%", "2005-12-31": "40.97%"}, "operating margin": {"2020-12-31": "20.89%", "2020-09-30": "18.41%", "2020-06-30": "15.06%", "2020-03-31": "15.12%", "2019-12-31": "15.93%", "2019-09-30": "14.24%", "2019-06-30": "14.25%", "2019-03-31": "14.29%", "2018-12-31": "14.62%", "2018-09-30": "15.22%", "2018-06-30": "15.20%", "2018-03-31": "15.50%", "2017-12-31": "15.74%", "2017-09-30": "16.51%", "2017-06-30": "16.78%", "2017-03-31": "18.12%", "2016-12-31": "17.70%", "2016-09-30": "16.53%", "2016-06-30": "20.66%", "2016-03-31": "19.00%", "2015-12-31": "18.67%", "2015-09-30": "18.83%", "2015-06-30": "13.80%", "2015-03-31": "13.32%", "2014-12-31": "13.22%", "2014-09-30": "13.63%", "2014-06-30": "19.87%", "2014-03-31": "20.49%", "2013-12-31": "20.64%", "2013-09-30": "20.52%", "2013-06-30": "15.09%", "2013-03-31": "15.56%", "2012-12-31": "16.27%", "2012-09-30": "17.00%", "2012-06-30": "17.04%", "2012-03-31": "16.77%", "2011-12-31": "13.35%", "2011-09-30": "12.96%", "2011-06-30": "13.24%", "2011-03-31": "13.96%", "2010-12-31": "17.68%", "2010-09-30": "18.01%", "2010-06-30": "18.09%", "2010-03-31": "17.93%", "2009-12-31": "18.22%", "2009-09-30": "18.16%", "2009-06-30": "17.91%", "2009-03-31": "17.37%", "2008-12-31": "16.86%", "2008-09-30": "16.86%", "2008-06-30": "16.84%", "2008-03-31": "16.80%", "2007-12-31": "16.27%", "2007-09-30": "16.32%", "2007-06-30": "16.59%", "2007-03-31": "17.14%", "2006-12-31": "18.00%", "2006-09-30": "18.22%", "2006-06-30": "18.18%", "2006-03-31": "18.20%", "2005-12-31": "18.45%"}, "ebitda margin": {"2020-09-30": "22.53%", "2020-06-30": "19.55%", "2020-03-31": "19.43%", "2019-12-31": "20.19%", "2019-09-30": "18.54%", "2019-06-30": "18.52%", "2019-03-31": "18.52%", "2018-12-31": "18.72%", "2018-09-30": "19.20%", "2018-06-30": "19.10%", "2018-03-31": "19.28%", "2017-12-31": "19.39%", "2017-09-30": "20.18%", "2017-06-30": "20.35%", "2017-03-31": "21.60%", "2016-12-31": "21.15%", "2016-09-30": "19.99%", "2016-06-30": "24.31%", "2016-03-31": "22.83%", "2015-12-31": "22.73%", "2015-09-30": "22.93%", "2015-06-30": "17.92%", "2015-03-31": "17.53%", "2014-12-31": "17.44%", "2014-09-30": "17.83%", "2014-06-30": "24.00%", "2014-03-31": "24.55%", "2013-12-31": "24.60%", "2013-09-30": "24.47%", "2013-06-30": "19.05%", "2013-03-31": "19.49%", "2012-12-31": "20.15%", "2012-09-30": "20.90%", "2012-06-30": "20.91%", "2012-03-31": "20.64%", "2011-12-31": "17.15%", "2011-09-30": "16.68%", "2011-06-30": "16.85%", "2011-03-31": "17.45%", "2010-12-31": "21.18%", "2010-09-30": "21.44%", "2010-06-30": "21.49%", "2010-03-31": "21.36%", "2009-12-31": "21.68%", "2009-09-30": "21.68%", "2009-06-30": "21.49%", "2009-03-31": "21.01%", "2008-12-31": "20.52%", "2008-09-30": "20.58%", "2008-06-30": "20.57%", "2008-03-31": "20.45%", "2007-12-31": "19.82%", "2007-09-30": "19.70%", "2007-06-30": "19.83%", "2007-03-31": "20.33%", "2006-12-31": "21.16%", "2006-09-30": "21.41%", "2006-06-30": "21.40%", "2006-03-31": "21.42%", "2005-12-31": "21.68%"}, "pre tax profit margin": {"2020-12-31": "19.96%", "2020-09-30": "17.39%", "2020-06-30": "12.89%", "2020-03-31": "12.81%", "2019-12-31": "13.93%", "2019-09-30": "11.98%", "2019-06-30": "12.03%", "2019-03-31": "12.07%", "2018-12-31": "12.30%", "2018-09-30": "13.14%", "2018-06-30": "13.09%", "2018-03-31": "13.56%", "2017-12-31": "13.92%", "2017-09-30": "14.63%", "2017-06-30": "15.00%", "2017-03-31": "16.18%", "2016-12-31": "15.05%", "2016-09-30": "13.99%", "2016-06-30": "18.04%", "2016-03-31": "15.56%", "2015-12-31": "14.72%", "2015-09-30": "14.63%", "2015-06-30": "9.57%", "2015-03-31": "9.99%", "2014-12-31": "11.07%", "2014-09-30": "11.40%", "2014-06-30": "17.74%", "2014-03-31": "18.34%", "2013-12-31": "18.53%", "2013-09-30": "18.72%", "2013-06-30": "13.27%", "2013-03-31": "13.73%", "2012-12-31": "14.47%", "2012-09-30": "15.22%", "2012-06-30": "15.21%", "2012-03-31": "14.90%", "2011-12-31": "11.49%", "2011-09-30": "11.19%", "2011-06-30": "11.64%", "2011-03-31": "12.40%", "2010-12-31": "16.20%", "2010-09-30": "16.36%", "2010-06-30": "16.50%", "2010-03-31": "16.33%", "2009-12-31": "16.47%", "2009-09-30": "16.30%", "2009-06-30": "15.67%", "2009-03-31": "15.11%", "2008-12-31": "14.50%", "2008-09-30": "14.68%", "2008-06-30": "14.51%", "2008-03-31": "14.39%", "2007-12-31": "14.01%", "2007-09-30": "13.99%", "2007-06-30": "14.70%", "2007-03-31": "15.30%", "2006-12-31": "16.48%", "2006-09-30": "16.87%", "2006-06-30": "16.93%", "2006-03-31": "17.29%", "2005-12-31": "17.39%"}, "net profit margin": {"2020-12-31": "15.16%", "2020-09-30": "13.22%", "2020-06-30": "9.99%", "2020-03-31": "10.36%", "2019-12-31": "11.11%", "2019-09-30": "9.58%", "2019-06-30": "9.64%", "2019-03-31": "9.59%", "2018-12-31": "9.77%", "2018-09-30": "11.42%", "2018-06-30": "10.78%", "2018-03-31": "10.51%", "2017-12-31": "10.43%", "2017-09-30": "9.44%", "2017-06-30": "9.84%", "2017-03-31": "9.81%", "2016-12-31": "8.90%", "2016-09-30": "9.00%", "2016-06-30": "11.00%", "2016-03-31": "9.95%", "2015-12-31": "9.42%", "2015-09-30": "9.45%", "2015-06-30": "6.60%", "2015-03-31": "6.81%", "2014-12-31": "7.48%", "2014-09-30": "6.96%", "2014-06-30": "10.91%", "2014-03-31": "11.50%", "2013-12-31": "11.88%", "2013-09-30": "10.64%", "2013-06-30": "7.22%", "2013-03-31": "7.34%", "2012-12-31": "7.53%", "2012-09-30": "9.36%", "2012-06-30": "9.38%", "2012-03-31": "9.15%", "2011-12-31": "6.37%", "2011-09-30": "6.08%", "2011-06-30": "6.48%", "2011-03-31": "6.94%", "2010-12-31": "9.93%", "2010-09-30": "9.97%", "2010-06-30": "9.84%", "2010-03-31": "9.71%", "2009-12-31": "9.78%", "2009-09-30": "9.68%", "2009-06-30": "8.67%", "2009-03-31": "8.37%", "2008-12-31": "8.03%", "2008-09-30": "5.64%", "2008-06-30": "5.50%", "2008-03-31": "5.37%", "2007-12-31": "5.07%", "2007-09-30": "7.62%", "2007-06-30": "8.84%", "2007-03-31": "8.78%", "2006-12-31": "9.37%", "2006-09-30": "9.28%", "2006-06-30": "9.19%", "2006-03-31": "9.82%", "2005-12-31": "10.01%"}, "pe ratio": {"current": "10.92", "2021-02-05": "19.55", "2020-12-31": "19.04", "2020-09-30": "14.02", "2020-06-30": "20.39", "2020-03-31": "13.53", "2019-12-31": "16.57", "2019-09-30": "19.43", "2019-06-30": "18.49", "2019-03-31": "16.52", "2018-12-31": "15.00", "2018-09-30": "16.53", "2018-06-30": "17.86", "2018-03-31": "16.79", "2017-12-31": "16.74", "2017-09-30": "18.26", "2017-06-30": "20.77", "2017-03-31": "18.26", "2016-12-31": "18.74", "2016-09-30": "16.53", "2016-06-30": "12.96", "2016-03-31": "12.54", "2015-12-31": "13.13", "2015-09-30": "11.28", "2015-06-30": "18.96", "2015-03-31": "19.36", "2014-12-31": "15.53", "2014-09-30": "15.26", "2014-06-30": "9.68", "2014-03-31": "9.23", "2013-12-31": "8.27", "2013-09-30": "10.77", "2013-06-30": "15.88", "2013-03-31": "14.54", "2012-12-31": "14.25", "2012-09-30": "12.44", "2012-06-30": "11.56", "2012-03-31": "12.02", "2011-12-31": "11.70", "2011-09-30": "10.51", "2011-06-30": "12.39", "2011-03-31": "11.91", "2010-12-31": "11.03", "2010-09-30": "10.29", "2010-06-30": "10.39", "2010-03-31": "12.34", "2009-12-31": "12.79", "2009-09-30": "11.35", "2009-06-30": "13.92", "2009-03-31": "12.40", "2008-12-31": "14.30", "2008-09-30": "20.42", "2008-06-30": "19.69", "2008-03-31": "19.21", "2007-12-31": "24.60", "2007-09-30": "18.44", "2007-06-30": "14.71", "2007-03-31": "14.51", "2006-12-31": "14.47"}, "price sales": {"2021-02-05": "1.76", "2020-12-31": "1.72", "2020-09-30": "1.85", "2020-06-30": "2.03", "2020-03-31": "1.40", "2019-12-31": "1.83", "2019-09-30": "1.86", "2019-06-30": "1.78", "2019-03-31": "1.58", "2018-12-31": "1.46", "2018-09-30": "1.89", "2018-06-30": "1.92", "2018-03-31": "1.76", "2017-12-31": "1.74", "2017-09-30": "1.73", "2017-06-30": "2.04", "2017-03-31": "1.79", "2016-12-31": "1.67", "2016-09-30": "1.48", "2016-06-30": "1.42", "2016-03-31": "1.24", "2015-12-31": "1.24", "2015-09-30": "1.06", "2015-06-30": "1.24", "2015-03-31": "1.31", "2014-12-31": "1.15", "2014-09-30": "1.07", "2014-06-30": "1.05", "2014-03-31": "1.06", "2013-12-31": "0.99", "2013-09-30": "1.16", "2013-06-30": "1.14", "2013-03-31": "1.06", "2012-12-31": "1.07", "2012-09-30": "1.16", "2012-06-30": "1.08", "2012-03-31": "1.09", "2011-12-31": "1.05", "2011-09-30": "0.92", "2011-06-30": "1.13", "2011-03-31": "1.14", "2010-12-31": "1.10", "2010-09-30": "1.02", "2010-06-30": "1.02", "2010-03-31": "1.20", "2009-12-31": "1.25", "2009-09-30": "1.10", "2009-06-30": "1.21", "2009-03-31": "1.04", "2008-12-31": "1.15", "2008-09-30": "1.14", "2008-06-30": "1.08", "2008-03-31": "1.03", "2007-12-31": "1.25", "2007-09-30": "1.41", "2007-06-30": "1.30", "2007-03-31": "1.28", "2006-12-31": "1.36"}, "price book": {"current": "2.41", "2021-02-05": "2.55", "2020-09-30": "2.38", "2020-06-30": "2.56", "2020-03-31": "1.85", "2019-12-31": "2.43", "2019-09-30": "2.48", "2019-06-30": "2.41", "2019-03-31": "2.16", "2018-12-31": "2.03", "2018-09-30": "2.59", "2018-06-30": "2.68", "2018-03-31": "2.53", "2017-12-31": "2.51", "2017-09-30": "2.45", "2017-06-30": "2.96", "2017-03-31": "2.66", "2016-12-31": "2.48", "2016-09-30": "2.30", "2016-06-30": "2.25", "2016-03-31": "1.95", "2015-12-31": "1.94", "2015-09-30": "1.71", "2015-06-30": "2.14", "2015-03-31": "2.29", "2014-12-31": "1.96", "2014-09-30": "1.83", "2014-06-30": "1.79", "2014-03-31": "1.80", "2013-12-31": "1.67", "2013-09-30": "2.00", "2013-06-30": "2.00", "2013-03-31": "1.80", "2012-12-31": "1.86", "2012-09-30": "2.02", "2012-06-30": "1.98", "2012-03-31": "2.09", "2011-12-31": "2.05", "2011-09-30": "1.82", "2011-06-30": "2.26", "2011-03-31": "2.32", "2010-12-31": "1.88", "2010-09-30": "1.83", "2010-06-30": "1.84", "2010-03-31": "2.20", "2009-12-31": "2.27", "2009-09-30": "2.01", "2009-06-30": "2.28", "2009-03-31": "2.04", "2008-12-31": "2.22", "2008-09-30": "2.20", "2008-06-30": "2.09", "2008-03-31": "2.04", "2007-12-31": "2.50", "2007-09-30": "2.71", "2007-06-30": "2.53", "2007-03-31": "2.55", "2006-12-31": "2.73", "2006-09-30": "3.15", "2006-06-30": "3.26", "2006-03-31": "2.83"}, "price fcf": {"2021-02-05": "", "2020-09-30": "$10.15", "2020-06-30": "$6.00", "2020-03-31": "$5.74", "2019-12-31": "$6.20", "2019-09-30": "$5.90", "2019-06-30": "$6.76", "2019-03-31": "$6.78", "2018-12-31": "$5.88", "2018-09-30": "$6.56", "2018-06-30": "$6.39", "2018-03-31": "$6.27", "2017-12-31": "$6.59", "2017-09-30": "$6.44", "2017-06-30": "$6.00", "2017-03-31": "$6.15", "2016-12-31": "$5.80", "2016-09-30": "$5.45", "2016-06-30": "$4.87", "2016-03-31": "$4.61", "2015-12-31": "$3.85", "2015-09-30": "$4.14", "2015-06-30": "$4.20", "2015-03-31": "$4.25", "2014-12-31": "$4.39", "2014-09-30": "$3.72", "2014-06-30": "$3.48", "2014-03-31": "$2.87", "2013-12-31": "$2.75", "2013-09-30": "$3.92", "2013-06-30": "$5.16", "2013-03-31": "$5.45", "2012-12-31": "$6.28", "2012-09-30": "$6.08", "2012-06-30": "$5.79", "2012-03-31": "$4.66", "2011-12-31": "$4.59", "2011-09-30": "$4.23", "2011-06-30": "$4.05", "2011-03-31": "$4.81", "2010-12-31": "$5.15", "2010-09-30": "$5.33", "2010-06-30": "$5.41", "2010-03-31": "$4.29", "2009-12-31": "$4.42", "2009-09-30": "$4.28", "2009-06-30": "$3.93", "2009-03-31": "$5.00", "2008-12-31": "$4.34", "2008-09-30": "$4.27", "2008-06-30": "$4.05", "2008-03-31": "$3.62", "2007-12-31": "$3.63", "2007-09-30": "$3.43", "2007-06-30": "$3.17", "2007-03-31": "$3.38", "2006-12-31": "$3.80"}, "net worth": {"value": "$16.41B"}, "current ratio": {"2020-12-31": "1.72", "2020-09-30": "1.40", "2020-06-30": "1.29", "2020-03-31": "1.38", "2019-12-31": "1.25", "2019-09-30": "0.89", "2019-06-30": "0.82", "2019-03-31": "0.78", "2018-12-31": "0.94", "2018-09-30": "1.15", "2018-06-30": "1.12", "2018-03-31": "1.23", "2017-12-31": "1.24", "2017-09-30": "1.47", "2017-06-30": "1.64", "2017-03-31": "1.58", "2016-12-31": "1.56", "2016-09-30": "1.57", "2016-06-30": "1.36", "2016-03-31": "1.37", "2015-12-31": "1.28", "2015-09-30": "1.46", "2015-06-30": "1.23", "2015-03-31": "1.14", "2014-12-31": "0.94", "2014-09-30": "1.31", "2014-06-30": "1.20", "2014-03-31": "1.25", "2013-12-31": "1.22", "2013-09-30": "1.15", "2013-06-30": "1.14", "2013-03-31": "1.21", "2012-12-31": "1.49", "2012-09-30": "1.38", "2012-06-30": "1.12", "2012-03-31": "1.00", "2011-12-31": "0.90", "2011-09-30": "0.79", "2011-06-30": "0.74", "2011-03-31": "1.30", "2010-12-31": "1.32", "2010-09-30": "1.35", "2010-06-30": "1.64", "2010-03-31": "1.53", "2009-12-31": "1.59", "2009-09-30": "1.48", "2009-06-30": "1.31", "2009-03-31": "1.17", "2008-12-31": "1.22", "2008-09-30": "1.25", "2008-06-30": "1.25", "2008-03-31": "1.23", "2007-12-31": "1.07", "2007-09-30": "1.21", "2007-06-30": "1.22", "2007-03-31": "0.80", "2006-12-31": "1.04", "2006-09-30": "1.06", "2006-06-30": "1.10", "2006-03-31": "1.06", "2005-12-31": "0.97", "2005-09-30": "0.97", "2005-06-30": "1.22", "2005-03-31": "1.12"}, "quick ratio": {"2020-12-31": "1.60", "2020-09-30": "1.32", "2020-06-30": "1.21", "2020-03-31": "1.27", "2019-12-31": "1.19", "2019-09-30": "0.83", "2019-06-30": "0.77", "2019-03-31": "0.74", "2018-12-31": "0.87", "2018-09-30": "1.09", "2018-06-30": "1.05", "2018-03-31": "1.14", "2017-12-31": "1.15", "2017-09-30": "1.37", "2017-06-30": "1.55", "2017-03-31": "1.50", "2016-12-31": "1.48", "2016-09-30": "1.49", "2016-06-30": "1.29", "2016-03-31": "1.29", "2015-12-31": "1.21", "2015-09-30": "1.38", "2015-06-30": "1.14", "2015-03-31": "1.09", "2014-12-31": "0.87", "2014-09-30": "1.22", "2014-06-30": "1.11", "2014-03-31": "1.17", "2013-12-31": "1.14", "2013-09-30": "1.08", "2013-06-30": "1.07", "2013-03-31": "1.13", "2012-12-31": "1.40", "2012-09-30": "1.29", "2012-06-30": "1.05", "2012-03-31": "0.94", "2011-12-31": "0.84", "2011-09-30": "0.74", "2011-06-30": "0.70", "2011-03-31": "1.26", "2010-12-31": "1.26", "2010-09-30": "1.29", "2010-06-30": "1.56", "2010-03-31": "1.46", "2009-12-31": "1.50", "2009-09-30": "1.40", "2009-06-30": "1.23", "2009-03-31": "1.10", "2008-12-31": "1.14", "2008-09-30": "1.17", "2008-06-30": "1.17", "2008-03-31": "1.15", "2007-12-31": "0.99", "2007-09-30": "1.13", "2007-06-30": "1.14", "2007-03-31": "0.74", "2006-12-31": "0.97", "2006-09-30": "0.99", "2006-06-30": "1.04", "2006-03-31": "1.00", "2005-12-31": "0.90", "2005-09-30": "0.90", "2005-06-30": "1.14", "2005-03-31": "1.03"}, "debt equity ratio": {"current": "0.59", "2020-12-31": "1.06", "2020-09-30": "1.19", "2020-06-30": "1.21", "2020-03-31": "1.11", "2019-12-31": "1.26", "2019-09-30": "1.13", "2019-06-30": "1.14", "2019-03-31": "1.24", "2018-12-31": "1.09", "2018-09-30": "1.05", "2018-06-30": "1.04", "2018-03-31": "1.11", "2017-12-31": "1.12", "2017-09-30": "1.16", "2017-06-30": "1.15", "2017-03-31": "1.17", "2016-12-31": "1.17", "2016-09-30": "1.17", "2016-06-30": "1.21", "2016-03-31": "1.16", "2015-12-31": "1.11", "2015-09-30": "1.18", "2015-06-30": "1.24", "2015-03-31": "1.49", "2014-12-31": "1.28", "2014-09-30": "1.33", "2014-06-30": "1.37", "2014-03-31": "1.38", "2013-12-31": "1.25", "2013-09-30": "1.31", "2013-06-30": "1.29", "2013-03-31": "1.20", "2012-12-31": "1.22", "2012-09-30": "1.22", "2012-06-30": "1.34", "2012-03-31": "1.43", "2011-12-31": "1.51", "2011-09-30": "1.63", "2011-06-30": "1.73", "2011-03-31": "1.85", "2010-12-31": "1.10", "2010-09-30": "1.18", "2010-06-30": "1.15", "2010-03-31": "1.17", "2009-12-31": "1.14", "2009-09-30": "1.12", "2009-06-30": "1.18", "2009-03-31": "1.36", "2008-12-31": "1.32", "2008-09-30": "1.30", "2008-06-30": "1.34", "2008-03-31": "1.47", "2007-12-31": "1.58", "2007-09-30": "1.58", "2007-06-30": "1.66", "2007-03-31": "1.04", "2006-12-31": "0.88", "2006-09-30": "0.86", "2006-06-30": "0.88", "2006-03-31": "0.90", "2005-12-31": "0.92", "2005-09-30": "0.60", "2005-06-30": "0.62", "2005-03-31": "0.65"}, "return on equity": {"2020-12-31": "23.04%", "2020-09-30": "18.64%", "2020-06-30": "13.12%", "2020-03-31": "14.06%", "2019-12-31": "15.47%", "2019-09-30": "13.45%", "2019-06-30": "13.59%", "2019-03-31": "13.62%", "2018-12-31": "14.05%", "2018-09-30": "16.72%", "2018-06-30": "16.13%", "2018-03-31": "16.04%", "2017-12-31": "16.10%", "2017-09-30": "14.19%", "2017-06-30": "14.95%", "2017-03-31": "15.13%", "2016-12-31": "13.81%", "2016-09-30": "14.48%", "2016-06-30": "17.77%", "2016-03-31": "16.31%", "2015-12-31": "15.73%", "2015-09-30": "16.19%", "2015-06-30": "11.61%", "2015-03-31": "12.12%", "2014-12-31": "13.33%", "2014-09-30": "12.47%", "2014-06-30": "19.64%", "2014-03-31": "20.68%", "2013-12-31": "21.21%", "2013-09-30": "18.79%", "2013-06-30": "12.57%", "2013-03-31": "12.82%", "2012-12-31": "13.64%", "2012-09-30": "17.44%", "2012-06-30": "18.42%", "2012-03-31": "18.73%", "2011-12-31": "13.51%", "2011-09-30": "12.51%", "2011-06-30": "12.94%", "2011-03-31": "13.36%", "2010-12-31": "18.24%", "2010-09-30": "18.70%", "2010-06-30": "18.48%", "2010-03-31": "18.51%", "2009-12-31": "19.13%", "2009-09-30": "19.30%", "2009-06-30": "17.36%", "2009-03-31": "16.73%", "2008-12-31": "16.03%", "2008-09-30": "11.44%", "2008-06-30": "11.40%", "2008-03-31": "11.21%", "2007-12-31": "10.57%", "2007-09-30": "15.73%", "2007-06-30": "18.10%", "2007-03-31": "18.24%", "2006-12-31": "19.80%", "2006-09-30": "19.59%", "2006-06-30": "19.09%", "2006-03-31": "19.90%", "2005-12-31": "19.84%"}, "return on assets": {"2020-12-31": "10.76%", "2020-09-30": "8.50%", "2020-06-30": "6.03%", "2020-03-31": "6.52%", "2019-12-31": "7.07%", "2019-09-30": "6.27%", "2019-06-30": "6.39%", "2019-03-31": "6.47%", "2018-12-31": "6.78%", "2018-09-30": "8.04%", "2018-06-30": "7.65%", "2018-03-31": "7.51%", "2017-12-31": "7.49%", "2017-09-30": "6.57%", "2017-06-30": "6.91%", "2017-03-31": "6.94%", "2016-12-31": "6.34%", "2016-09-30": "6.69%", "2016-06-30": "8.20%", "2016-03-31": "7.51%", "2015-12-31": "7.00%", "2015-09-30": "7.06%", "2015-06-30": "4.98%", "2015-03-31": "5.13%", "2014-12-31": "5.71%", "2014-09-30": "5.35%", "2014-06-30": "8.44%", "2014-03-31": "8.96%", "2013-12-31": "9.38%", "2013-09-30": "8.34%", "2013-06-30": "5.63%", "2013-03-31": "5.72%", "2012-12-31": "5.94%", "2012-09-30": "7.36%", "2012-06-30": "7.46%", "2012-03-31": "7.29%", "2011-12-31": "5.05%", "2011-09-30": "4.90%", "2011-06-30": "5.31%", "2011-03-31": "5.82%", "2010-12-31": "8.49%", "2010-09-30": "8.67%", "2010-06-30": "8.62%", "2010-03-31": "8.60%", "2009-12-31": "8.71%", "2009-09-30": "8.61%", "2009-06-30": "7.59%", "2009-03-31": "7.19%", "2008-12-31": "6.81%", "2008-09-30": "4.74%", "2008-06-30": "4.59%", "2008-03-31": "4.36%", "2007-12-31": "4.27%", "2007-09-30": "6.83%", "2007-06-30": "8.55%", "2007-03-31": "9.53%", "2006-12-31": "10.55%", "2006-09-30": "10.38%", "2006-06-30": "10.46%", "2006-03-31": "11.30%", "2005-12-31": "11.68%"}, "return on investments": {"2020-12-31": "19.27%", "2020-09-30": "15.49%", "2020-06-30": "11.90%", "2020-03-31": "12.55%", "2019-12-31": "13.81%", "2019-09-30": "12.55%", "2019-06-30": "12.47%", "2019-03-31": "12.45%", "2018-12-31": "12.62%", "2018-09-30": "13.17%", "2018-06-30": "13.17%", "2018-03-31": "13.41%", "2017-12-31": "13.65%", "2017-09-30": "13.86%", "2017-06-30": "14.17%", "2017-03-31": "15.42%", "2016-12-31": "15.15%", "2016-09-30": "14.80%", "2016-06-30": "18.66%", "2016-03-31": "17.46%", "2015-12-31": "17.34%", "2015-09-30": "17.93%", "2015-06-30": "13.29%", "2015-03-31": "12.81%", "2014-12-31": "12.64%", "2014-09-30": "13.00%", "2014-06-30": "19.25%", "2014-03-31": "20.16%", "2013-12-31": "20.69%", "2013-09-30": "20.30%", "2013-06-30": "14.70%", "2013-03-31": "15.12%", "2012-12-31": "16.14%", "2012-09-30": "17.09%", "2012-06-30": "17.73%", "2012-03-31": "17.89%", "2011-12-31": "14.30%", "2011-09-30": "13.99%", "2011-06-30": "14.31%", "2011-03-31": "14.96%", "2010-12-31": "18.88%", "2010-09-30": "19.40%", "2010-06-30": "19.49%", "2010-03-31": "19.59%", "2009-12-31": "20.11%", "2009-09-30": "20.10%", "2009-06-30": "19.64%", "2009-03-31": "18.71%", "2008-12-31": "17.92%", "2008-09-30": "17.85%", "2008-06-30": "17.70%", "2008-03-31": "17.26%", "2007-12-31": "17.81%", "2007-09-30": "19.18%", "2007-06-30": "21.36%", "2007-03-31": "25.21%", "2006-12-31": "26.83%", "2006-09-30": "26.91%", "2006-06-30": "27.76%", "2006-03-31": "28.18%", "2005-12-31": "29.06%"}, "return on tangible equity": {"2020-09-30": "-56.26%", "2020-06-30": "-36.10%", "2020-03-31": "-37.10%", "2019-12-31": "-38.62%", "2019-09-30": "-31.36%", "2019-06-30": "-30.79%", "2019-03-31": "-30.33%", "2018-12-31": "-30.76%", "2018-09-30": "-36.09%", "2018-06-30": "-33.51%", "2018-03-31": "-32.51%", "2017-12-31": "-32.74%", "2017-09-30": "-29.06%", "2017-06-30": "-30.70%", "2017-03-31": "-30.38%", "2016-12-31": "-27.55%", "2016-09-30": "-29.32%", "2016-06-30": "-35.83%", "2016-03-31": "-31.64%", "2015-12-31": "-28.60%", "2015-09-30": "-27.16%", "2015-06-30": "-17.94%", "2015-03-31": "-17.90%", "2014-12-31": "-19.03%", "2014-09-30": "-17.73%", "2014-06-30": "-27.95%", "2014-03-31": "-30.07%", "2013-12-31": "-33.32%", "2013-09-30": "-30.97%", "2013-06-30": "-21.17%", "2013-03-31": "-21.35%", "2012-12-31": "-20.86%", "2012-09-30": "-23.88%", "2012-06-30": "-22.88%", "2012-03-31": "-21.29%", "2011-12-31": "-15.02%", "2011-09-30": "-15.86%", "2011-06-30": "-18.93%", "2011-03-31": "-23.87%", "2010-12-31": "-37.18%", "2010-09-30": "-37.76%", "2010-06-30": "-37.66%", "2010-03-31": "-36.34%", "2009-12-31": "-35.04%", "2009-09-30": "-33.03%", "2009-06-30": "-28.42%", "2009-03-31": "-26.32%", "2008-12-31": "-24.39%", "2008-09-30": "-16.17%", "2008-06-30": "-14.92%", "2008-03-31": "-13.62%", "2007-12-31": "-14.51%", "2007-09-30": "-27.61%", "2007-06-30": "-45.20%", "2007-03-31": "-86.74%", "2006-12-31": "-117.64%", "2006-09-30": "-112.87%", "2006-06-30": "-180.07%", "2006-03-31": "-429.17%", "2005-12-31": "3765.52%"}, "dividend yield history": {"last payout": "$2.24", "last yield": "1.84%"}}