{"ticker": "QRTEA", "price": {"title": "Qurate Retail Historical Annual Stock Price Data", "value": 13.12, "historical": {"2020": {"Average Stock Price": "6.8921", "Year Open": "5.8581", "Year High": "11.5900", "Year Low": "3.0699", "Year Close": "10.9700", "Annual % Change": "80.15%"}, "2019": {"Average Stock Price": "10.0452", "Year Open": "14.1794", "Year High": "15.8408", "Year Low": "5.6848", "Year Close": "6.0893", "Annual % Change": "-56.81%"}, "2018": {"Average Stock Price": "16.7998", "Year Open": "17.8561", "Year High": "20.8538", "Year Low": "13.3271", "Year Close": "14.1000", "Annual % Change": "-20.07%"}, "2017": {"Average Stock Price": "16.1097", "Year Open": "14.4322", "Year High": "19.2358", "Year Low": "13.4571", "Year Close": "17.6394", "Annual % Change": "22.22%"}, "2016": {"Average Stock Price": "16.8978", "Year Open": "19.3658", "Year High": "19.5608", "Year Low": "13.0887", "Year Close": "14.4322", "Annual % Change": "-26.87%"}, "2015": {"Average Stock Price": "20.3258", "Year Open": "20.8899", "Year High": "22.4068", "Year Low": "18.4484", "Year Close": "19.7342", "Annual % Change": "-7.14%"}, "2014": {"Average Stock Price": "20.5933", "Year Open": "21.0994", "Year High": "21.8723", "Year Low": "17.1193", "Year Close": "21.2511", "Annual % Change": "0.24%"}, "2013": {"Average Stock Price": "16.9911", "Year Open": "14.6634", "Year High": "21.2005", "Year Low": "14.4467", "Year Close": "21.2005", "Annual % Change": "49.14%"}, "2012": {"Average Stock Price": "13.3032", "Year Open": "11.9330", "Year High": "14.8656", "Year Low": "11.6874", "Year Close": "14.2155", "Annual % Change": "21.33%"}, "2011": {"Average Stock Price": "11.6844", "Year Open": "11.4490", "Year High": "13.3632", "Year Low": "9.1592", "Year Close": "11.7163", "Annual % Change": "2.85%"}, "2010": {"Average Stock Price": "9.5646", "Year Open": "8.0613", "Year High": "12.0702", "Year Low": "7.3895", "Year Close": "11.3912", "Annual % Change": "45.48%"}, "2009": {"Average Stock Price": "5.1102", "Year Open": "2.4487", "Year High": "8.8269", "Year Low": "1.7769", "Year Close": "7.8301", "Annual % Change": "247.43%"}, "2008": {"Average Stock Price": "9.0494", "Year Open": "13.1320", "Year High": "13.1320", "Year Low": "1.4880", "Year Close": "2.2537", "Annual % Change": "-83.65%"}, "2007": {"Average Stock Price": "15.8679", "Year Open": "15.3424", "Year High": "18.5496", "Year Low": "12.9298", "Year Close": "13.7821", "Annual % Change": "-11.54%"}, "2006": {"Average Stock Price": "14.1439", "Year Open": "14.0494", "Year High": "16.6281", "Year Low": "11.7235", "Year Close": "15.5808", "Annual % Change": "0.00%"}}}, "market cap": {"value": "$5.47B"}, "income statement": {"Revenue": {"2019-12-31": "13458.00000", "2018-12-31": "14070.00000", "2017-12-31": "10404.00000", "2016-12-31": "10647.00000", "2015-12-31": "9989.00000", "2014-12-31": "10499.00000", "2013-12-31": "10219.00000", "2012-12-31": "9888.00000", "2011-12-31": "9616.00000", "2010-12-31": "8932.00000", "2009-12-31": "8305.00000", "2008-12-31": "8079.00000", "2007-12-31": "7802.00000", "2006-12-31": "7326.00000", "2005-12-31": "6501.00000"}, "Cost Of Goods Sold": {"2019-12-31": "8899.00000", "2018-12-31": "9209.00000", "2017-12-31": "6789.00000", "2016-12-31": "6908.00000", "2015-12-31": "6393.00000", "2014-12-31": "6684.00000", "2013-12-31": "6533.00000", "2012-12-31": "6307.00000", "2011-12-31": "6114.00000", "2010-12-31": "5705.00000", "2009-12-31": "5332.00000", "2008-12-31": "5224.00000", "2007-12-31": "4925.00000", "2006-12-31": "4565.00000", "2005-12-31": "4112.00000"}, "Gross Profit": {"2019-12-31": "4559.00000", "2018-12-31": "4861.00000", "2017-12-31": "3615.00000", "2016-12-31": "3739.00000", "2015-12-31": "3596.00000", "2014-12-31": "3815.00000", "2013-12-31": "3686.00000", "2012-12-31": "3581.00000", "2011-12-31": "3502.00000", "2010-12-31": "3227.00000", "2009-12-31": "2973.00000", "2008-12-31": "2855.00000", "2007-12-31": "2877.00000", "2006-12-31": "2761.00000", "2005-12-31": "2389.00000"}, "Research And Development Expenses": {"2019-12-31": "", "2018-12-31": "", "2017-12-31": "", "2016-12-31": "", "2015-12-31": "", "2014-12-31": "", "2013-12-31": "", "2012-12-31": "", "2011-12-31": "", "2010-12-31": "", "2009-12-31": "", "2008-12-31": "", "2007-12-31": "", "2006-12-31": "", "2005-12-31": ""}, "SG&A Expenses": {"2019-12-31": "2602.00000", "2018-12-31": "2867.00000", "2017-12-31": "1847.00000", "2016-12-31": "1897.00000", "2015-12-31": "1777.00000", "2014-12-31": "1958.00000", "2013-12-31": "1891.00000", "2012-12-31": "1774.00000", "2011-12-31": "1728.00000", "2010-12-31": "1548.00000", "2009-12-31": "1366.00000", "2008-12-31": "1332.00000", "2007-12-31": "1228.00000", "2006-12-31": "1140.00000", "2005-12-31": "1024.00000"}, "Other Operating Income Or Expenses": {"2019-12-31": "-1167.00000", "2018-12-31": "-33.00000", "2017-12-31": "", "2016-12-31": "", "2015-12-31": "", "2014-12-31": "", "2013-12-31": "-30.00000", "2012-12-31": "-53.00000", "2011-12-31": "", "2010-12-31": "", "2009-12-31": "", "2008-12-31": "-56.00000", "2007-12-31": "", "2006-12-31": "", "2005-12-31": ""}, "Operating Expenses": {"2019-12-31": "13274.00000", "2018-12-31": "12746.00000", "2017-12-31": "9361.00000", "2016-12-31": "9679.00000", "2015-12-31": "8873.00000", "2014-12-31": "9311.00000", "2013-12-31": "9083.00000", "2012-12-31": "8725.00000", "2011-12-31": "8483.00000", "2010-12-31": "7824.00000", "2009-12-31": "7264.00000", "2008-12-31": "7173.00000", "2007-12-31": "6689.00000", "2006-12-31": "6196.00000", "2005-12-31": "5585.00000"}, "Operating Income": {"2019-12-31": "184.00000", "2018-12-31": "1324.00000", "2017-12-31": "1043.00000", "2016-12-31": "968.00000", "2015-12-31": "1116.00000", "2014-12-31": "1188.00000", "2013-12-31": "1136.00000", "2012-12-31": "1163.00000", "2011-12-31": "1133.00000", "2010-12-31": "1108.00000", "2009-12-31": "1041.00000", "2008-12-31": "906.00000", "2007-12-31": "1113.00000", "2006-12-31": "1130.00000", "2005-12-31": "916.00000"}, "Total Non-Operating Income/Expense": {"2019-12-31": "-806.00000", "2018-12-31": "-441.00000", "2017-12-31": "7.00000", "2016-12-31": "123.00000", "2015-12-31": "-300.00000", "2014-12-31": "-413.00000", "2013-12-31": "-399.00000", "2012-12-31": "-280.00000", "2011-12-31": "-194.00000", "2010-12-31": "-144.00000", "2009-12-31": "-1123.00000", "2008-12-31": "-2144.00000", "2007-12-31": "-337.00000", "2006-12-31": "-287.00000", "2005-12-31": "-345.00000"}, "Pre-Tax Income": {"2019-12-31": "-622.00000", "2018-12-31": "883.00000", "2017-12-31": "1050.00000", "2016-12-31": "1091.00000", "2015-12-31": "816.00000", "2014-12-31": "775.00000", "2013-12-31": "737.00000", "2012-12-31": "883.00000", "2011-12-31": "939.00000", "2010-12-31": "964.00000", "2009-12-31": "-82.00000", "2008-12-31": "-1238.00000", "2007-12-31": "776.00000", "2006-12-31": "843.00000", "2005-12-31": "571.00000"}, "Income Taxes": {"2019-12-31": "-217.00000", "2018-12-31": "60.00000", "2017-12-31": "-985.00000", "2016-12-31": "316.00000", "2015-12-31": "185.00000", "2014-12-31": "237.00000", "2013-12-31": "183.00000", "2012-12-31": "278.00000", "2011-12-31": "352.00000", "2010-12-31": "128.00000", "2009-12-31": "-45.00000", "2008-12-31": "-493.00000", "2007-12-31": "306.00000", "2006-12-31": "210.00000", "2005-12-31": "225.00000"}, "Income After Taxes": {"2019-12-31": "-405.00000", "2018-12-31": "823.00000", "2017-12-31": "2035.00000", "2016-12-31": "775.00000", "2015-12-31": "631.00000", "2014-12-31": "538.00000", "2013-12-31": "554.00000", "2012-12-31": "605.00000", "2011-12-31": "587.00000", "2010-12-31": "836.00000", "2009-12-31": "-37.00000", "2008-12-31": "-745.00000", "2007-12-31": "470.00000", "2006-12-31": "633.00000", "2005-12-31": "346.00000"}, "Other Income": {"2019-12-31": "", "2018-12-31": "", "2017-12-31": "", "2016-12-31": "", "2015-12-31": "", "2014-12-31": "", "2013-12-31": "", "2012-12-31": "", "2011-12-31": "", "2010-12-31": "", "2009-12-31": "", "2008-12-31": "", "2007-12-31": "", "2006-12-31": "", "2005-12-31": ""}, "Income From Continuous Operations": {"2019-12-31": "-405.00000", "2018-12-31": "823.00000", "2017-12-31": "2035.00000", "2016-12-31": "775.00000", "2015-12-31": "631.00000", "2014-12-31": "538.00000", "2013-12-31": "554.00000", "2012-12-31": "605.00000", "2011-12-31": "587.00000", "2010-12-31": "836.00000", "2009-12-31": "-37.00000", "2008-12-31": "-745.00000", "2007-12-31": "470.00000", "2006-12-31": "598.00000", "2005-12-31": "298.00000"}, "Income From Discontinued Operations": {"2019-12-31": "", "2018-12-31": "141.00000", "2017-12-31": "452.00000", "2016-12-31": "499.00000", "2015-12-31": "280.00000", "2014-12-31": "88.00000", "2013-12-31": "26.00000", "2012-12-31": "986.00000", "2011-12-31": "378.00000", "2010-12-31": "1101.00000", "2009-12-31": "6538.00000", "2008-12-31": "", "2007-12-31": "", "2006-12-31": "", "2005-12-31": ""}, "Net Income": {"2019-12-31": "-456.00000", "2018-12-31": "916.00000", "2017-12-31": "2441.00000", "2016-12-31": "1235.00000", "2015-12-31": "869.00000", "2014-12-31": "537.00000", "2013-12-31": "501.00000", "2012-12-31": "1530.00000", "2011-12-31": "912.00000", "2010-12-31": "1892.00000", "2009-12-31": "6462.00000", "2008-12-31": "-781.00000", "2007-12-31": "441.00000", "2006-12-31": "511.00000", "2005-12-31": "298.00000"}, "EBITDA": {"2019-12-31": "790.00000", "2018-12-31": "1961.00000", "2017-12-31": "1768.00000", "2016-12-31": "1842.00000", "2015-12-31": "1819.00000", "2014-12-31": "1857.00000", "2013-12-31": "1765.00000", "2012-12-31": "1754.00000", "2011-12-31": "1774.00000", "2010-12-31": "1679.00000", "2009-12-31": "1607.00000", "2008-12-31": "1467.00000", "2007-12-31": "1649.00000", "2006-12-31": "1621.00000", "2005-12-31": "1365.00000"}, "EBIT": {"2019-12-31": "184.00000", "2018-12-31": "1324.00000", "2017-12-31": "1043.00000", "2016-12-31": "968.00000", "2015-12-31": "1116.00000", "2014-12-31": "1188.00000", "2013-12-31": "1136.00000", "2012-12-31": "1163.00000", "2011-12-31": "1133.00000", "2010-12-31": "1108.00000", "2009-12-31": "1041.00000", "2008-12-31": "906.00000", "2007-12-31": "1113.00000", "2006-12-31": "1130.00000", "2005-12-31": "916.00000"}, "Basic Shares Outstanding": {"2019-12-31": "424.00000", "2018-12-31": "548.00000", "2017-12-31": "531.00000", "2016-12-31": "610.00000", "2015-12-31": "617.00000", "2014-12-31": "484.00000", "2013-12-31": "519.00000", "2012-12-31": "541.00000", "2011-12-31": "595.00000", "2010-12-31": "596.00000", "2009-12-31": "594.00000", "2008-12-31": "594.00000", "2007-12-31": "634.00000", "2006-12-31": "670.00000", "2005-12-31": ""}, "Shares Outstanding": {"2019-12-31": "424.00000", "2018-12-31": "552.00000", "2017-12-31": "535.00000", "2016-12-31": "616.00000", "2015-12-31": "624.00000", "2014-12-31": "492.00000", "2013-12-31": "527.00000", "2012-12-31": "551.00000", "2011-12-31": "602.00000", "2010-12-31": "605.00000", "2009-12-31": "594.00000", "2008-12-31": "594.00000", "2007-12-31": "634.00000", "2006-12-31": "670.00000", "2005-12-31": ""}, "Basic EPS": {"2019-12-31": "-1.07500", "2018-12-31": "1.67200", "2017-12-31": "4.59700", "2016-12-31": "2.02000", "2015-12-31": "1.40800", "2014-12-31": "1.07000", "2013-12-31": "0.85000", "2012-12-31": "0.39000", "2011-12-31": "0.88000", "2010-12-31": "1.46000", "2009-12-31": "0.43000", "2008-12-31": "-1.31000", "2007-12-31": "0.70000", "2006-12-31": "0.73000", "2005-12-31": ""}, "EPS - Earnings Per Share": {"2019-12-31": "-1.07500", "2018-12-31": "1.65900", "2017-12-31": "4.56300", "2016-12-31": "2.00000", "2015-12-31": "1.39000", "2014-12-31": "1.06000", "2013-12-31": "0.83000", "2012-12-31": "0.38000", "2011-12-31": "0.87000", "2010-12-31": "1.44000", "2009-12-31": "0.43000", "2008-12-31": "-1.31000", "2007-12-31": "0.69000", "2006-12-31": "0.73000", "2005-12-31": "0.00000"}}, "income statement, quarterly": {"Revenue": {"2020-09-30": "3383.00000", "2020-06-30": "3422.00000", "2020-03-31": "2920.00000", "2019-12-31": "4173.00000", "2019-09-30": "3089.00000", "2019-06-30": "3111.00000", "2019-03-31": "3085.00000", "2018-12-31": "4376.00000", "2018-09-30": "3231.00000", "2018-06-30": "3233.00000", "2018-03-31": "3230.00000", "2017-12-31": "3344.00000", "2017-09-30": "2381.00000", "2017-06-30": "2352.00000", "2017-03-31": "2327.00000", "2016-12-31": "3162.00000", "2016-09-30": "2412.00000", "2016-06-30": "2563.00000", "2016-03-31": "2510.00000", "2015-12-31": "3370.00000", "2015-09-30": "2153.00000", "2015-06-30": "2252.00000", "2015-03-31": "2214.00000", "2014-12-31": "3252.00000", "2014-09-30": "2330.00000", "2014-06-30": "2483.00000", "2014-03-31": "2434.00000", "2013-12-31": "2683.00000", "2013-09-30": "2225.00000", "2013-06-30": "2647.00000", "2013-03-31": "2664.00000", "2012-12-31": "3013.00000", "2012-09-30": "2196.00000", "2012-06-30": "2365.00000", "2012-03-31": "2314.00000", "2011-12-31": "3079.00000", "2011-09-30": "2133.00000", "2011-06-30": "2245.00000", "2011-03-31": "2159.00000", "2010-12-31": "2886.00000", "2010-09-30": "1968.00000", "2010-06-30": "2053.00000", "2010-03-31": "2025.00000", "2009-12-31": "2711.00000", "2009-09-30": "1827.00000", "2009-06-30": "1936.00000", "2009-03-31": "1831.00000", "2008-12-31": "2377.00000", "2008-09-30": "1798.00000", "2008-06-30": "1954.00000", "2008-03-31": "1950.00000", "2007-12-31": "2480.00000", "2007-09-30": "1760.00000", "2007-06-30": "1791.00000", "2007-03-31": "1771.00000", "2006-12-31": "2310.00000", "2006-09-30": "1693.00000", "2006-06-30": "1715.00000", "2006-03-31": "1608.00000", "2005-12-31": "2083.00000", "2005-09-30": "1475.00000", "2005-06-30": "1479.00000", "2005-03-31": "1464.00000"}, "Cost Of Goods Sold": {"2020-09-30": "2178.00000", "2020-06-30": "2217.00000", "2020-03-31": "1933.00000", "2019-12-31": "2854.00000", "2019-09-30": "2026.00000", "2019-06-30": "1996.00000", "2019-03-31": "2023.00000", "2018-12-31": "2957.00000", "2018-09-30": "2109.00000", "2018-06-30": "2050.00000", "2018-03-31": "2093.00000", "2017-12-31": "2236.00000", "2017-09-30": "1554.00000", "2017-06-30": "1494.00000", "2017-03-31": "1505.00000", "2016-12-31": "2086.00000", "2016-09-30": "1575.00000", "2016-06-30": "1621.00000", "2016-03-31": "1626.00000", "2015-12-31": "2211.00000", "2015-09-30": "1358.00000", "2015-06-30": "1409.00000", "2015-03-31": "1415.00000", "2014-12-31": "2082.00000", "2014-09-30": "1488.00000", "2014-06-30": "1558.00000", "2014-03-31": "1556.00000", "2013-12-31": "2036.00000", "2013-09-30": "1423.00000", "2013-06-30": "1521.00000", "2013-03-31": "1553.00000", "2012-12-31": "1946.00000", "2012-09-30": "1407.00000", "2012-06-30": "1488.00000", "2012-03-31": "1466.00000", "2011-12-31": "1975.00000", "2011-09-30": "1364.00000", "2011-06-30": "1398.00000", "2011-03-31": "1377.00000", "2010-12-31": "1873.00000", "2010-09-30": "1254.00000", "2010-06-30": "1284.00000", "2010-03-31": "1294.00000", "2009-12-31": "1759.00000", "2009-09-30": "1182.00000", "2009-06-30": "1208.00000", "2009-03-31": "1183.00000", "2008-12-31": "1579.00000", "2008-09-30": "1179.00000", "2008-06-30": "1228.00000", "2008-03-31": "1238.00000", "2007-12-31": "1587.00000", "2007-09-30": "1116.00000", "2007-06-30": "1112.00000", "2007-03-31": "1110.00000", "2006-12-31": "1448.00000", "2006-09-30": "1063.00000", "2006-06-30": "1054.00000", "2006-03-31": "1000.00000", "2005-12-31": "1334.00000", "2005-09-30": "942.00000", "2005-06-30": "922.00000", "2005-03-31": "914.00000"}, "Gross Profit": {"2020-09-30": "1205.00000", "2020-06-30": "1205.00000", "2020-03-31": "987.00000", "2019-12-31": "1319.00000", "2019-09-30": "1063.00000", "2019-06-30": "1115.00000", "2019-03-31": "1062.00000", "2018-12-31": "1419.00000", "2018-09-30": "1122.00000", "2018-06-30": "1183.00000", "2018-03-31": "1137.00000", "2017-12-31": "1108.00000", "2017-09-30": "827.00000", "2017-06-30": "858.00000", "2017-03-31": "822.00000", "2016-12-31": "1076.00000", "2016-09-30": "837.00000", "2016-06-30": "942.00000", "2016-03-31": "884.00000", "2015-12-31": "1159.00000", "2015-09-30": "795.00000", "2015-06-30": "843.00000", "2015-03-31": "799.00000", "2014-12-31": "1170.00000", "2014-09-30": "842.00000", "2014-06-30": "925.00000", "2014-03-31": "878.00000", "2013-12-31": "647.00000", "2013-09-30": "802.00000", "2013-06-30": "1126.00000", "2013-03-31": "1111.00000", "2012-12-31": "1067.00000", "2012-09-30": "789.00000", "2012-06-30": "877.00000", "2012-03-31": "848.00000", "2011-12-31": "1104.00000", "2011-09-30": "769.00000", "2011-06-30": "847.00000", "2011-03-31": "782.00000", "2010-12-31": "1013.00000", "2010-09-30": "714.00000", "2010-06-30": "769.00000", "2010-03-31": "731.00000", "2009-12-31": "952.00000", "2009-09-30": "645.00000", "2009-06-30": "728.00000", "2009-03-31": "648.00000", "2008-12-31": "798.00000", "2008-09-30": "619.00000", "2008-06-30": "726.00000", "2008-03-31": "712.00000", "2007-12-31": "893.00000", "2007-09-30": "644.00000", "2007-06-30": "679.00000", "2007-03-31": "661.00000", "2006-12-31": "862.00000", "2006-09-30": "630.00000", "2006-06-30": "661.00000", "2006-03-31": "608.00000", "2005-12-31": "749.00000", "2005-09-30": "533.00000", "2005-06-30": "557.00000", "2005-03-31": "550.00000"}, "Research And Development Expenses": {"2020-09-30": "", "2020-06-30": "", "2020-03-31": "", "2019-12-31": "", "2019-09-30": "", "2019-06-30": "", "2019-03-31": "", "2018-12-31": "", "2018-09-30": "", "2018-06-30": "", "2018-03-31": "", "2017-12-31": "", "2017-09-30": "", "2017-06-30": "", "2017-03-31": "", "2016-12-31": "", "2016-09-30": "", "2016-06-30": "", "2016-03-31": "", "2015-12-31": "", "2015-09-30": "", "2015-06-30": "", "2015-03-31": "", "2014-12-31": "", "2014-09-30": "", "2014-06-30": "", "2014-03-31": "", "2013-12-31": "", "2013-09-30": "", "2013-06-30": "", "2013-03-31": "", "2012-12-31": "", "2012-09-30": "", "2012-06-30": "", "2012-03-31": "", "2011-12-31": "", "2011-09-30": "", "2011-06-30": "", "2011-03-31": "", "2010-12-31": "", "2010-09-30": "", "2010-06-30": "", "2010-03-31": "", "2009-12-31": "", "2009-09-30": "", "2009-06-30": "", "2009-03-31": "", "2008-12-31": "", "2008-09-30": "", "2008-06-30": "", "2008-03-31": "", "2007-12-31": "", "2007-09-30": "", "2007-06-30": "", "2007-03-31": "", "2006-12-31": "", "2006-09-30": "", "2006-06-30": "", "2006-03-31": "", "2005-12-31": "0.00000", "2005-09-30": "", "2005-06-30": "", "2005-03-31": "0.00000"}, "SG&A Expenses": {"2020-09-30": "658.00000", "2020-06-30": "656.00000", "2020-03-31": "614.00000", "2019-12-31": "736.00000", "2019-09-30": "624.00000", "2019-06-30": "621.00000", "2019-03-31": "621.00000", "2018-12-31": "803.00000", "2018-09-30": "718.00000", "2018-06-30": "666.00000", "2018-03-31": "680.00000", "2017-12-31": "609.00000", "2017-09-30": "439.00000", "2017-06-30": "398.00000", "2017-03-31": "401.00000", "2016-12-31": "493.00000", "2016-09-30": "455.00000", "2016-06-30": "471.00000", "2016-03-31": "478.00000", "2015-12-31": "571.00000", "2015-09-30": "398.00000", "2015-06-30": "413.00000", "2015-03-31": "395.00000", "2014-12-31": "557.00000", "2014-09-30": "437.00000", "2014-06-30": "495.00000", "2014-03-31": "469.00000", "2013-12-31": "244.00000", "2013-09-30": "432.00000", "2013-06-30": "605.00000", "2013-03-31": "610.00000", "2012-12-31": "473.00000", "2012-09-30": "414.00000", "2012-06-30": "440.00000", "2012-03-31": "447.00000", "2011-12-31": "503.00000", "2011-09-30": "394.00000", "2011-06-30": "411.00000", "2011-03-31": "420.00000", "2010-12-31": "467.00000", "2010-09-30": "353.00000", "2010-06-30": "356.00000", "2010-03-31": "372.00000", "2009-12-31": "410.00000", "2009-09-30": "312.00000", "2009-06-30": "327.00000", "2009-03-31": "317.00000", "2008-12-31": "373.00000", "2008-09-30": "315.00000", "2008-06-30": "328.00000", "2008-03-31": "316.00000", "2007-12-31": "353.00000", "2007-09-30": "288.00000", "2007-06-30": "295.00000", "2007-03-31": "292.00000", "2006-12-31": "609.00000", "2006-09-30": "258.00000", "2006-06-30": "141.00000", "2006-03-31": "132.00000", "2005-12-31": "315.00000", "2005-09-30": "129.00000", "2005-06-30": "130.00000", "2005-03-31": "699.00000"}, "Other Operating Income Or Expenses": {"2020-09-30": "", "2020-06-30": "", "2020-03-31": "", "2019-12-31": "-147.00000", "2019-09-30": "-1020.00000", "2019-06-30": "", "2019-03-31": "", "2018-12-31": "", "2018-09-30": "", "2018-06-30": "", "2018-03-31": "", "2017-12-31": "", "2017-09-30": "", "2017-06-30": "", "2017-03-31": "", "2016-12-31": "", "2016-09-30": "", "2016-06-30": "", "2016-03-31": "", "2015-12-31": "", "2015-09-30": "", "2015-06-30": "", "2015-03-31": "", "2014-12-31": "", "2014-09-30": "", "2014-06-30": "-7.00000", "2014-03-31": "", "2013-12-31": "-11.00000", "2013-09-30": "-19.00000", "2013-06-30": "", "2013-03-31": "", "2012-12-31": "-14.00000", "2012-09-30": "-39.00000", "2012-06-30": "", "2012-03-31": "", "2011-12-31": "", "2011-09-30": "", "2011-06-30": "", "2011-03-31": "", "2010-12-31": "", "2010-09-30": "", "2010-06-30": "", "2010-03-31": "", "2009-12-31": "", "2009-09-30": "", "2009-06-30": "", "2009-03-31": "", "2008-12-31": "", "2008-09-30": "", "2008-06-30": "", "2008-03-31": "", "2007-12-31": "", "2007-09-30": "", "2007-06-30": "", "2007-03-31": "", "2006-12-31": "", "2006-09-30": "", "2006-06-30": "-152.00000", "2006-03-31": "-138.00000", "2005-12-31": "", "2005-09-30": "-109.00000", "2005-06-30": "-121.00000", "2005-03-31": ""}, "Operating Expenses": {"2020-09-30": "2977.00000", "2020-06-30": "3017.00000", "2020-03-31": "2689.00000", "2019-12-31": "3886.00000", "2019-09-30": "3816.00000", "2019-06-30": "2775.00000", "2019-03-31": "2797.00000", "2018-12-31": "3941.00000", "2018-09-30": "2994.00000", "2018-06-30": "2875.00000", "2018-03-31": "2936.00000", "2017-12-31": "2976.00000", "2017-09-30": "2173.00000", "2017-06-30": "2098.00000", "2017-03-31": "2114.00000", "2016-12-31": "2790.00000", "2016-09-30": "2255.00000", "2016-06-30": "2313.00000", "2016-03-31": "2321.00000", "2015-12-31": "3006.00000", "2015-09-30": "1906.00000", "2015-06-30": "1983.00000", "2015-03-31": "1978.00000", "2014-12-31": "2808.00000", "2014-09-30": "2091.00000", "2014-06-30": "2224.00000", "2014-03-31": "2188.00000", "2013-12-31": "2299.00000", "2013-09-30": "2028.00000", "2013-06-30": "2363.00000", "2013-03-31": "2393.00000", "2012-12-31": "2587.00000", "2012-09-30": "2007.00000", "2012-06-30": "2075.00000", "2012-03-31": "2056.00000", "2011-12-31": "2671.00000", "2011-09-30": "1909.00000", "2011-06-30": "1957.00000", "2011-03-31": "1946.00000", "2010-12-31": "2490.00000", "2010-09-30": "1748.00000", "2010-06-30": "1779.00000", "2010-03-31": "1807.00000", "2009-12-31": "2314.00000", "2009-09-30": "1633.00000", "2009-06-30": "1670.00000", "2009-03-31": "1647.00000", "2008-12-31": "2151.00000", "2008-09-30": "1637.00000", "2008-06-30": "1692.00000", "2008-03-31": "1693.00000", "2007-12-31": "2079.00000", "2007-09-30": "1539.00000", "2007-06-30": "1544.00000", "2007-03-31": "1527.00000", "2006-12-31": "1891.00000", "2006-09-30": "1443.00000", "2006-06-30": "1472.00000", "2006-03-31": "1390.00000", "2005-12-31": "1767.00000", "2005-09-30": "1297.00000", "2005-06-30": "1287.00000", "2005-03-31": "1791.00000"}, "Operating Income": {"2020-09-30": "406.00000", "2020-06-30": "405.00000", "2020-03-31": "231.00000", "2019-12-31": "287.00000", "2019-09-30": "-727.00000", "2019-06-30": "336.00000", "2019-03-31": "288.00000", "2018-12-31": "435.00000", "2018-09-30": "237.00000", "2018-06-30": "358.00000", "2018-03-31": "294.00000", "2017-12-31": "368.00000", "2017-09-30": "208.00000", "2017-06-30": "254.00000", "2017-03-31": "213.00000", "2016-12-31": "372.00000", "2016-09-30": "157.00000", "2016-06-30": "250.00000", "2016-03-31": "189.00000", "2015-12-31": "364.00000", "2015-09-30": "247.00000", "2015-06-30": "269.00000", "2015-03-31": "236.00000", "2014-12-31": "444.00000", "2014-09-30": "239.00000", "2014-06-30": "259.00000", "2014-03-31": "246.00000", "2013-12-31": "384.00000", "2013-09-30": "197.00000", "2013-06-30": "284.00000", "2013-03-31": "271.00000", "2012-12-31": "426.00000", "2012-09-30": "189.00000", "2012-06-30": "290.00000", "2012-03-31": "258.00000", "2011-12-31": "408.00000", "2011-09-30": "224.00000", "2011-06-30": "288.00000", "2011-03-31": "213.00000", "2010-12-31": "396.00000", "2010-09-30": "220.00000", "2010-06-30": "274.00000", "2010-03-31": "218.00000", "2009-12-31": "397.00000", "2009-09-30": "194.00000", "2009-06-30": "266.00000", "2009-03-31": "184.00000", "2008-12-31": "226.00000", "2008-09-30": "161.00000", "2008-06-30": "262.00000", "2008-03-31": "257.00000", "2007-12-31": "401.00000", "2007-09-30": "221.00000", "2007-06-30": "247.00000", "2007-03-31": "244.00000", "2006-12-31": "419.00000", "2006-09-30": "250.00000", "2006-06-30": "243.00000", "2006-03-31": "218.00000", "2005-12-31": "316.00000", "2005-09-30": "178.00000", "2005-06-30": "192.00000", "2005-03-31": "-327.00000"}, "Total Non-Operating Income/Expense": {"2020-09-30": "16.00000", "2020-06-30": "-112.00000", "2020-03-31": "-258.00000", "2019-12-31": "-162.00000", "2019-09-30": "-178.00000", "2019-06-30": "-236.00000", "2019-03-31": "-230.00000", "2018-12-31": "-173.00000", "2018-09-30": "-152.00000", "2018-06-30": "-114.00000", "2018-03-31": "-2.00000", "2017-12-31": "115.00000", "2017-09-30": "-163.00000", "2017-06-30": "-4.00000", "2017-03-31": "59.00000", "2016-12-31": "-651.00000", "2016-09-30": "484.00000", "2016-06-30": "349.00000", "2016-03-31": "-59.00000", "2015-12-31": "-367.00000", "2015-09-30": "37.00000", "2015-06-30": "111.00000", "2015-03-31": "-81.00000", "2014-12-31": "-83.00000", "2014-09-30": "-83.00000", "2014-06-30": "-132.00000", "2014-03-31": "-115.00000", "2013-12-31": "-35.00000", "2013-09-30": "-40.00000", "2013-06-30": "-91.00000", "2013-03-31": "-233.00000", "2012-12-31": "-26.00000", "2012-09-30": "-230.00000", "2012-06-30": "86.00000", "2012-03-31": "-110.00000", "2011-12-31": "62.00000", "2011-09-30": "-143.00000", "2011-06-30": "22.00000", "2011-03-31": "-135.00000", "2010-12-31": "-59.00000", "2010-09-30": "-184.00000", "2010-06-30": "-140.00000", "2010-03-31": "239.00000", "2009-12-31": "-611.00000", "2009-09-30": "-204.00000", "2009-06-30": "-35.00000", "2009-03-31": "-273.00000", "2008-12-31": "-1312.00000", "2008-09-30": "-600.00000", "2008-06-30": "-93.00000", "2008-03-31": "-139.00000", "2007-12-31": "-112.00000", "2007-09-30": "-82.00000", "2007-06-30": "-57.00000", "2007-03-31": "-86.00000", "2006-12-31": "-84.00000", "2006-09-30": "-83.00000", "2006-06-30": "-61.00000", "2006-03-31": "-59.00000", "2005-12-31": "-475.00000", "2005-09-30": "-64.00000", "2005-06-30": "-124.00000", "2005-03-31": "305.00000"}, "Pre-Tax Income": {"2020-09-30": "422.00000", "2020-06-30": "293.00000", "2020-03-31": "-27.00000", "2019-12-31": "125.00000", "2019-09-30": "-905.00000", "2019-06-30": "100.00000", "2019-03-31": "58.00000", "2018-12-31": "262.00000", "2018-09-30": "85.00000", "2018-06-30": "244.00000", "2018-03-31": "292.00000", "2017-12-31": "483.00000", "2017-09-30": "45.00000", "2017-06-30": "250.00000", "2017-03-31": "272.00000", "2016-12-31": "-279.00000", "2016-09-30": "641.00000", "2016-06-30": "599.00000", "2016-03-31": "130.00000", "2015-12-31": "-3.00000", "2015-09-30": "284.00000", "2015-06-30": "380.00000", "2015-03-31": "155.00000", "2014-12-31": "361.00000", "2014-09-30": "156.00000", "2014-06-30": "127.00000", "2014-03-31": "131.00000", "2013-12-31": "349.00000", "2013-09-30": "157.00000", "2013-06-30": "193.00000", "2013-03-31": "38.00000", "2012-12-31": "400.00000", "2012-09-30": "-41.00000", "2012-06-30": "376.00000", "2012-03-31": "148.00000", "2011-12-31": "470.00000", "2011-09-30": "81.00000", "2011-06-30": "310.00000", "2011-03-31": "78.00000", "2010-12-31": "337.00000", "2010-09-30": "36.00000", "2010-06-30": "134.00000", "2010-03-31": "457.00000", "2009-12-31": "-214.00000", "2009-09-30": "-10.00000", "2009-06-30": "231.00000", "2009-03-31": "-89.00000", "2008-12-31": "-1086.00000", "2008-09-30": "-439.00000", "2008-06-30": "169.00000", "2008-03-31": "118.00000", "2007-12-31": "289.00000", "2007-09-30": "139.00000", "2007-06-30": "190.00000", "2007-03-31": "158.00000", "2006-12-31": "335.00000", "2006-09-30": "167.00000", "2006-06-30": "182.00000", "2006-03-31": "159.00000", "2005-12-31": "-144.00000", "2005-09-30": "114.00000", "2005-06-30": "68.00000", "2005-03-31": "509.00000"}, "Income Taxes": {"2020-09-30": "70.00000", "2020-06-30": "59.00000", "2020-03-31": "-18.00000", "2019-12-31": "-29.00000", "2019-09-30": "-150.00000", "2019-06-30": "-30.00000", "2019-03-31": "-8.00000", "2018-12-31": "-25.00000", "2018-09-30": "3.00000", "2018-06-30": "46.00000", "2018-03-31": "36.00000", "2017-12-31": "-1112.00000", "2017-09-30": "-33.00000", "2017-06-30": "76.00000", "2017-03-31": "84.00000", "2016-12-31": "-124.00000", "2016-09-30": "190.00000", "2016-06-30": "212.00000", "2016-03-31": "38.00000", "2015-12-31": "-26.00000", "2015-09-30": "86.00000", "2015-06-30": "122.00000", "2015-03-31": "3.00000", "2014-12-31": "130.00000", "2014-09-30": "27.00000", "2014-06-30": "40.00000", "2014-03-31": "40.00000", "2013-12-31": "120.00000", "2013-09-30": "35.00000", "2013-06-30": "43.00000", "2013-03-31": "-15.00000", "2012-12-31": "123.00000", "2012-09-30": "-15.00000", "2012-06-30": "127.00000", "2012-03-31": "43.00000", "2011-12-31": "166.00000", "2011-09-30": "56.00000", "2011-06-30": "115.00000", "2011-03-31": "15.00000", "2010-12-31": "-12.00000", "2010-09-30": "-66.00000", "2010-06-30": "69.00000", "2010-03-31": "137.00000", "2009-12-31": "-86.00000", "2009-09-30": "-13.00000", "2009-06-30": "95.00000", "2009-03-31": "-41.00000", "2008-12-31": "-382.00000", "2008-09-30": "-164.00000", "2008-06-30": "67.00000", "2008-03-31": "-14.00000", "2007-12-31": "110.00000", "2007-09-30": "55.00000", "2007-06-30": "81.00000", "2007-03-31": "60.00000", "2006-12-31": "43.00000", "2006-09-30": "45.00000", "2006-06-30": "46.00000", "2006-03-31": "76.00000", "2005-12-31": "-40.00000", "2005-09-30": "39.00000", "2005-06-30": "39.00000", "2005-03-31": "236.00000"}, "Income After Taxes": {"2020-09-30": "352.00000", "2020-06-30": "234.00000", "2020-03-31": "-9.00000", "2019-12-31": "154.00000", "2019-09-30": "-755.00000", "2019-06-30": "130.00000", "2019-03-31": "66.00000", "2018-12-31": "287.00000", "2018-09-30": "82.00000", "2018-06-30": "198.00000", "2018-03-31": "256.00000", "2017-12-31": "1595.00000", "2017-09-30": "78.00000", "2017-06-30": "174.00000", "2017-03-31": "188.00000", "2016-12-31": "-155.00000", "2016-09-30": "451.00000", "2016-06-30": "387.00000", "2016-03-31": "92.00000", "2015-12-31": "23.00000", "2015-09-30": "198.00000", "2015-06-30": "258.00000", "2015-03-31": "152.00000", "2014-12-31": "231.00000", "2014-09-30": "129.00000", "2014-06-30": "87.00000", "2014-03-31": "91.00000", "2013-12-31": "229.00000", "2013-09-30": "122.00000", "2013-06-30": "150.00000", "2013-03-31": "53.00000", "2012-12-31": "277.00000", "2012-09-30": "-26.00000", "2012-06-30": "249.00000", "2012-03-31": "105.00000", "2011-12-31": "304.00000", "2011-09-30": "25.00000", "2011-06-30": "195.00000", "2011-03-31": "63.00000", "2010-12-31": "349.00000", "2010-09-30": "102.00000", "2010-06-30": "65.00000", "2010-03-31": "320.00000", "2009-12-31": "-128.00000", "2009-09-30": "3.00000", "2009-06-30": "136.00000", "2009-03-31": "-48.00000", "2008-12-31": "-704.00000", "2008-09-30": "-275.00000", "2008-06-30": "102.00000", "2008-03-31": "132.00000", "2007-12-31": "179.00000", "2007-09-30": "84.00000", "2007-06-30": "109.00000", "2007-03-31": "98.00000", "2006-12-31": "292.00000", "2006-09-30": "122.00000", "2006-06-30": "136.00000", "2006-03-31": "83.00000", "2005-12-31": "-104.00000", "2005-09-30": "75.00000", "2005-06-30": "29.00000", "2005-03-31": "273.00000"}, "Other Income": {"2020-09-30": "", "2020-06-30": "", "2020-03-31": "", "2019-12-31": "", "2019-09-30": "", "2019-06-30": "", "2019-03-31": "", "2018-12-31": "", "2018-09-30": "", "2018-06-30": "", "2018-03-31": "", "2017-12-31": "", "2017-09-30": "", "2017-06-30": "", "2017-03-31": "", "2016-12-31": "", "2016-09-30": "", "2016-06-30": "", "2016-03-31": "", "2015-12-31": "", "2015-09-30": "", "2015-06-30": "", "2015-03-31": "", "2014-12-31": "", "2014-09-30": "", "2014-06-30": "", "2014-03-31": "", "2013-12-31": "", "2013-09-30": "", "2013-06-30": "", "2013-03-31": "", "2012-12-31": "", "2012-09-30": "", "2012-06-30": "", "2012-03-31": "", "2011-12-31": "", "2011-09-30": "", "2011-06-30": "", "2011-03-31": "", "2010-12-31": "", "2010-09-30": "", "2010-06-30": "", "2010-03-31": "", "2009-12-31": "", "2009-09-30": "", "2009-06-30": "", "2009-03-31": "", "2008-12-31": "", "2008-09-30": "", "2008-06-30": "", "2008-03-31": "", "2007-12-31": "", "2007-09-30": "", "2007-06-30": "", "2007-03-31": "", "2006-12-31": "", "2006-09-30": "", "2006-06-30": "", "2006-03-31": "", "2005-12-31": "0.00000", "2005-09-30": "", "2005-06-30": "", "2005-03-31": "0.00000"}, "Income From Continuous Operations": {"2020-09-30": "352.00000", "2020-06-30": "234.00000", "2020-03-31": "-9.00000", "2019-12-31": "154.00000", "2019-09-30": "-755.00000", "2019-06-30": "130.00000", "2019-03-31": "66.00000", "2018-12-31": "287.00000", "2018-09-30": "82.00000", "2018-06-30": "198.00000", "2018-03-31": "256.00000", "2017-12-31": "1595.00000", "2017-09-30": "78.00000", "2017-06-30": "174.00000", "2017-03-31": "188.00000", "2016-12-31": "-155.00000", "2016-09-30": "451.00000", "2016-06-30": "387.00000", "2016-03-31": "92.00000", "2015-12-31": "23.00000", "2015-09-30": "198.00000", "2015-06-30": "258.00000", "2015-03-31": "152.00000", "2014-12-31": "231.00000", "2014-09-30": "129.00000", "2014-06-30": "87.00000", "2014-03-31": "91.00000", "2013-12-31": "229.00000", "2013-09-30": "122.00000", "2013-06-30": "150.00000", "2013-03-31": "53.00000", "2012-12-31": "277.00000", "2012-09-30": "-26.00000", "2012-06-30": "249.00000", "2012-03-31": "105.00000", "2011-12-31": "499.00000", "2011-09-30": "25.00000", "2011-06-30": "", "2011-03-31": "63.00000", "2010-12-31": "349.00000", "2010-09-30": "102.00000", "2010-06-30": "65.00000", "2010-03-31": "320.00000", "2009-12-31": "-128.00000", "2009-09-30": "3.00000", "2009-06-30": "136.00000", "2009-03-31": "-48.00000", "2008-12-31": "-704.00000", "2008-09-30": "-275.00000", "2008-06-30": "102.00000", "2008-03-31": "132.00000", "2007-12-31": "199.00000", "2007-09-30": "78.00000", "2007-06-30": "102.00000", "2007-03-31": "91.00000", "2006-12-31": "283.00000", "2006-09-30": "114.00000", "2006-06-30": "126.00000", "2006-03-31": "75.00000", "2005-12-31": "163.00000", "2005-09-30": "67.00000", "2005-06-30": "20.00000", "2005-03-31": "48.00000"}, "Income From Discontinued Operations": {"2020-09-30": "", "2020-06-30": "", "2020-03-31": "", "2019-12-31": "", "2019-09-30": "", "2019-06-30": "", "2019-03-31": "", "2018-12-31": "", "2018-09-30": "", "2018-06-30": "", "2018-03-31": "141.00000", "2017-12-31": "-119.00000", "2017-09-30": "230.00000", "2017-06-30": "10.00000", "2017-03-31": "331.00000", "2016-12-31": "485.00000", "2016-09-30": "27.00000", "2016-06-30": "3.00000", "2016-03-31": "-16.00000", "2015-12-31": "", "2015-09-30": "", "2015-06-30": "", "2015-03-31": "", "2014-12-31": "40.00000", "2014-09-30": "10.00000", "2014-06-30": "19.00000", "2014-03-31": "19.00000", "2013-12-31": "17.00000", "2013-09-30": "9.00000", "2013-06-30": "", "2013-03-31": "", "2012-12-31": "", "2012-09-30": "", "2012-06-30": "", "2012-03-31": "", "2011-12-31": "74.00000", "2011-09-30": "-32.00000", "2011-06-30": "", "2011-03-31": "336.00000", "2010-12-31": "1009.00000", "2010-09-30": "92.00000", "2010-06-30": "", "2010-03-31": "", "2009-12-31": "", "2009-09-30": "", "2009-06-30": "", "2009-03-31": "", "2008-12-31": "", "2008-09-30": "", "2008-06-30": "", "2008-03-31": "", "2007-12-31": "", "2007-09-30": "", "2007-06-30": "", "2007-03-31": "", "2006-12-31": "", "2006-09-30": "", "2006-06-30": "", "2006-03-31": "", "2005-12-31": "0.00000", "2005-09-30": "", "2005-06-30": "", "2005-03-31": "0.00000"}, "Net Income": {"2020-09-30": "338.00000", "2020-06-30": "220.00000", "2020-03-31": "-20.00000", "2019-12-31": "141.00000", "2019-09-30": "-770.00000", "2019-06-30": "118.00000", "2019-03-31": "55.00000", "2018-12-31": "273.00000", "2018-09-30": "72.00000", "2018-06-30": "187.00000", "2018-03-31": "384.00000", "2017-12-31": "1463.00000", "2017-09-30": "296.00000", "2017-06-30": "175.00000", "2017-03-31": "507.00000", "2016-12-31": "319.00000", "2016-09-30": "469.00000", "2016-06-30": "379.00000", "2016-03-31": "68.00000", "2015-12-31": "294.00000", "2015-09-30": "190.00000", "2015-06-30": "242.00000", "2015-03-31": "143.00000", "2014-12-31": "258.00000", "2014-09-30": "120.00000", "2014-06-30": "77.00000", "2014-03-31": "82.00000", "2013-12-31": "241.00000", "2013-09-30": "113.00000", "2013-06-30": "120.00000", "2013-03-31": "27.00000", "2012-12-31": "1246.00000", "2012-09-30": "-41.00000", "2012-06-30": "234.00000", "2012-03-31": "91.00000", "2011-12-31": "285.00000", "2011-09-30": "-19.00000", "2011-06-30": "257.00000", "2011-03-31": "389.00000", "2010-12-31": "1345.00000", "2010-09-30": "179.00000", "2010-06-30": "58.00000", "2010-03-31": "310.00000", "2009-12-31": "6397.00000", "2009-09-30": "-6.00000", "2009-06-30": "128.00000", "2009-03-31": "-57.00000", "2008-12-31": "-715.00000", "2008-09-30": "-283.00000", "2008-06-30": "92.00000", "2008-03-31": "125.00000", "2007-12-31": "170.00000", "2007-09-30": "78.00000", "2007-06-30": "102.00000", "2007-03-31": "91.00000", "2006-12-31": "283.00000", "2006-09-30": "114.00000", "2006-06-30": "126.00000", "2006-03-31": "-12.00000", "2005-12-31": "163.00000", "2005-09-30": "67.00000", "2005-06-30": "20.00000", "2005-03-31": "48.00000"}, "EBITDA": {"2020-09-30": "547.00000", "2020-06-30": "549.00000", "2020-03-31": "373.00000", "2019-12-31": "436.00000", "2019-09-30": "-581.00000", "2019-06-30": "494.00000", "2019-03-31": "441.00000", "2018-12-31": "583.00000", "2018-09-30": "404.00000", "2018-06-30": "517.00000", "2018-03-31": "457.00000", "2017-12-31": "499.00000", "2017-09-30": "388.00000", "2017-06-30": "460.00000", "2017-03-31": "421.00000", "2016-12-31": "583.00000", "2016-09-30": "382.00000", "2016-06-30": "471.00000", "2016-03-31": "406.00000", "2015-12-31": "588.00000", "2015-09-30": "397.00000", "2015-06-30": "430.00000", "2015-03-31": "404.00000", "2014-12-31": "620.00000", "2014-09-30": "405.00000", "2014-06-30": "423.00000", "2014-03-31": "409.00000", "2013-12-31": "550.00000", "2013-09-30": "193.00000", "2013-06-30": "521.00000", "2013-03-31": "501.00000", "2012-12-31": "580.00000", "2012-09-30": "336.00000", "2012-06-30": "437.00000", "2012-03-31": "401.00000", "2011-12-31": "601.00000", "2011-09-30": "375.00000", "2011-06-30": "436.00000", "2011-03-31": "362.00000", "2010-12-31": "546.00000", "2010-09-30": "361.00000", "2010-06-30": "413.00000", "2010-03-31": "359.00000", "2009-12-31": "542.00000", "2009-09-30": "333.00000", "2009-06-30": "401.00000", "2009-03-31": "331.00000", "2008-12-31": "369.00000", "2008-09-30": "304.00000", "2008-06-30": "398.00000", "2008-03-31": "396.00000", "2007-12-31": "540.00000", "2007-09-30": "356.00000", "2007-06-30": "384.00000", "2007-03-31": "369.00000", "2006-12-31": "543.00000", "2006-09-30": "372.00000", "2006-06-30": "368.00000", "2006-03-31": "338.00000", "2005-12-31": "609.00000", "2005-09-30": "295.00000", "2005-06-30": "243.00000", "2005-03-31": "-149.00000"}, "EBIT": {"2020-09-30": "406.00000", "2020-06-30": "405.00000", "2020-03-31": "231.00000", "2019-12-31": "287.00000", "2019-09-30": "-727.00000", "2019-06-30": "336.00000", "2019-03-31": "288.00000", "2018-12-31": "435.00000", "2018-09-30": "237.00000", "2018-06-30": "358.00000", "2018-03-31": "294.00000", "2017-12-31": "368.00000", "2017-09-30": "208.00000", "2017-06-30": "254.00000", "2017-03-31": "213.00000", "2016-12-31": "372.00000", "2016-09-30": "157.00000", "2016-06-30": "250.00000", "2016-03-31": "189.00000", "2015-12-31": "364.00000", "2015-09-30": "247.00000", "2015-06-30": "269.00000", "2015-03-31": "236.00000", "2014-12-31": "444.00000", "2014-09-30": "239.00000", "2014-06-30": "259.00000", "2014-03-31": "246.00000", "2013-12-31": "384.00000", "2013-09-30": "197.00000", "2013-06-30": "284.00000", "2013-03-31": "271.00000", "2012-12-31": "426.00000", "2012-09-30": "189.00000", "2012-06-30": "290.00000", "2012-03-31": "258.00000", "2011-12-31": "408.00000", "2011-09-30": "224.00000", "2011-06-30": "288.00000", "2011-03-31": "213.00000", "2010-12-31": "396.00000", "2010-09-30": "220.00000", "2010-06-30": "274.00000", "2010-03-31": "218.00000", "2009-12-31": "397.00000", "2009-09-30": "194.00000", "2009-06-30": "266.00000", "2009-03-31": "184.00000", "2008-12-31": "226.00000", "2008-09-30": "161.00000", "2008-06-30": "262.00000", "2008-03-31": "257.00000", "2007-12-31": "401.00000", "2007-09-30": "221.00000", "2007-06-30": "247.00000", "2007-03-31": "244.00000", "2006-12-31": "419.00000", "2006-09-30": "250.00000", "2006-06-30": "243.00000", "2006-03-31": "218.00000", "2005-12-31": "316.00000", "2005-09-30": "178.00000", "2005-06-30": "192.00000", "2005-03-31": "-327.00000"}, "Basic Shares Outstanding": {"2020-09-30": "417.00000", "2020-06-30": "417.00000", "2020-03-31": "416.00000", "2019-12-31": "424.00000", "2019-09-30": "417.00000", "2019-06-30": "428.00000", "2019-03-31": "433.00000", "2018-12-31": "548.00000", "2018-09-30": "459.00000", "2018-06-30": "467.00000", "2018-03-31": "562.00000", "2017-12-31": "531.00000", "2017-09-30": "534.00000", "2017-06-30": "536.00000", "2017-03-31": "538.00000", "2016-12-31": "610.00000", "2016-09-30": "615.00000", "2016-06-30": "621.00000", "2016-03-31": "627.00000", "2015-12-31": "617.00000", "2015-09-30": "601.00000", "2015-06-30": "610.00000", "2015-03-31": "473.00000", "2014-12-31": "484.00000", "2014-09-30": "477.00000", "2014-06-30": "486.00000", "2014-03-31": "494.00000", "2013-12-31": "519.00000", "2013-09-30": "513.00000", "2013-06-30": "523.00000", "2013-03-31": "535.00000", "2012-12-31": "541.00000", "2012-09-30": "542.00000", "2012-06-30": "553.00000", "2012-03-31": "572.00000", "2011-12-31": "595.00000", "2011-09-30": "597.00000", "2011-06-30": "599.00000", "2011-03-31": "598.00000", "2010-12-31": "596.00000", "2010-09-30": "596.00000", "2010-06-30": "595.00000", "2010-03-31": "595.00000", "2009-12-31": "594.00000", "2009-09-30": "594.00000", "2009-06-30": "594.00000", "2009-03-31": "594.00000", "2008-12-31": "594.00000", "2008-09-30": "594.00000", "2008-06-30": "594.00000", "2008-03-31": "594.00000", "2007-12-31": "634.00000", "2007-09-30": "594.00000", "2007-06-30": "637.50000", "2007-03-31": "596.00000", "2006-12-31": "670.00000", "2006-09-30": "671.00000", "2006-06-30": "694.00000", "2006-03-31": "", "2005-12-31": "721.99400", "2005-09-30": "671.00000", "2005-06-30": "", "2005-03-31": "721.99400"}, "Shares Outstanding": {"2020-09-30": "421.00000", "2020-06-30": "418.00000", "2020-03-31": "417.00000", "2019-12-31": "424.00000", "2019-09-30": "418.00000", "2019-06-30": "428.00000", "2019-03-31": "434.00000", "2018-12-31": "552.00000", "2018-09-30": "461.00000", "2018-06-30": "471.00000", "2018-03-31": "568.00000", "2017-12-31": "535.00000", "2017-09-30": "539.00000", "2017-06-30": "541.00000", "2017-03-31": "541.00000", "2016-12-31": "616.00000", "2016-09-30": "622.00000", "2016-06-30": "628.00000", "2016-03-31": "634.00000", "2015-12-31": "624.00000", "2015-09-30": "609.00000", "2015-06-30": "619.00000", "2015-03-31": "480.00000", "2014-12-31": "492.00000", "2014-09-30": "487.00000", "2014-06-30": "496.00000", "2014-03-31": "504.00000", "2013-12-31": "527.00000", "2013-09-30": "523.00000", "2013-06-30": "531.00000", "2013-03-31": "542.00000", "2012-12-31": "551.00000", "2012-09-30": "552.00000", "2012-06-30": "562.00000", "2012-03-31": "581.00000", "2011-12-31": "602.00000", "2011-09-30": "604.00000", "2011-06-30": "607.00000", "2011-03-31": "605.00000", "2010-12-31": "605.00000", "2010-09-30": "604.00000", "2010-06-30": "605.00000", "2010-03-31": "595.00000", "2009-12-31": "594.00000", "2009-09-30": "594.00000", "2009-06-30": "598.00000", "2009-03-31": "594.00000", "2008-12-31": "594.00000", "2008-09-30": "594.00000", "2008-06-30": "594.00000", "2008-03-31": "596.00000", "2007-12-31": "634.00000", "2007-09-30": "628.00000", "2007-06-30": "637.50000", "2007-03-31": "652.00000", "2006-12-31": "670.00000", "2006-09-30": "671.00000", "2006-06-30": "694.00000", "2006-03-31": "", "2005-12-31": "721.99400", "2005-09-30": "679.00000", "2005-06-30": "", "2005-03-31": "721.99400"}, "Basic EPS": {"2020-09-30": "0.81000", "2020-06-30": "0.53000", "2020-03-31": "-0.05000", "2019-12-31": "0.36500", "2019-09-30": "-1.85000", "2019-06-30": "0.28000", "2019-03-31": "0.13000", "2018-12-31": "0.43200", "2018-09-30": "0.16000", "2018-06-30": "0.40000", "2018-03-31": "0.68000", "2017-12-31": "2.77700", "2017-09-30": "0.55000", "2017-06-30": "0.33000", "2017-03-31": "0.94000", "2016-12-31": "0.54000", "2016-09-30": "0.76000", "2016-06-30": "0.61000", "2016-03-31": "0.11000", "2015-12-31": "0.36800", "2015-09-30": "0.32000", "2015-06-30": "0.40000", "2015-03-31": "0.32000", "2014-12-31": "0.45000", "2014-09-30": "0.18000", "2014-06-30": "0.22000", "2014-03-31": "0.22000", "2013-12-31": "0.31000", "2013-09-30": "0.15000", "2013-06-30": "0.21000", "2013-03-31": "0.18000", "2012-12-31": "-0.11000", "2012-09-30": "-0.08000", "2012-06-30": "0.42000", "2012-03-31": "0.16000", "2011-12-31": "0.51000", "2011-09-30": "0.00000", "2011-06-30": "0.30000", "2011-03-31": "0.07000", "2010-12-31": "0.54000", "2010-09-30": "0.30000", "2010-06-30": "0.10000", "2010-03-31": "0.52000", "2009-12-31": "0.32000", "2009-09-30": "-0.01000", "2009-06-30": "0.22000", "2009-03-31": "-0.10000", "2008-12-31": "-1.19000", "2008-09-30": "-0.48000", "2008-06-30": "0.15000", "2008-03-31": "0.21000", "2007-12-31": "0.28000", "2007-09-30": "0.12000", "2007-06-30": "0.16000", "2007-03-31": "0.14000", "2006-12-31": "0.43000", "2006-09-30": "0.17000", "2006-06-30": "0.13000", "2006-03-31": "", "2005-12-31": "0.23000", "2005-09-30": "0.09990", "2005-06-30": "", "2005-03-31": "0.07000"}, "EPS - Earnings Per Share": {"2020-09-30": "0.80000", "2020-06-30": "0.53000", "2020-03-31": "-0.05000", "2019-12-31": "0.36500", "2019-09-30": "-1.85000", "2019-06-30": "0.28000", "2019-03-31": "0.13000", "2018-12-31": "0.41900", "2018-09-30": "0.16000", "2018-06-30": "0.40000", "2018-03-31": "0.68000", "2017-12-31": "2.75300", "2017-09-30": "0.55000", "2017-06-30": "0.32000", "2017-03-31": "0.94000", "2016-12-31": "0.54000", "2016-09-30": "0.75000", "2016-06-30": "0.60000", "2016-03-31": "0.11000", "2015-12-31": "0.38000", "2015-09-30": "0.31000", "2015-06-30": "0.39000", "2015-03-31": "0.31000", "2014-12-31": "0.46000", "2014-09-30": "0.17000", "2014-06-30": "0.21000", "2014-03-31": "0.22000", "2013-12-31": "0.29000", "2013-09-30": "0.15000", "2013-06-30": "0.21000", "2013-03-31": "0.18000", "2012-12-31": "-0.12000", "2012-09-30": "-0.08000", "2012-06-30": "0.42000", "2012-03-31": "0.16000", "2011-12-31": "0.50000", "2011-09-30": "0.00000", "2011-06-30": "0.30000", "2011-03-31": "0.07000", "2010-12-31": "0.53000", "2010-09-30": "0.30000", "2010-06-30": "0.10000", "2010-03-31": "0.51000", "2009-12-31": "0.33000", "2009-09-30": "-0.01000", "2009-06-30": "0.21000", "2009-03-31": "-0.10000", "2008-12-31": "-1.19000", "2008-09-30": "-0.48000", "2008-06-30": "0.15000", "2008-03-31": "0.21000", "2007-12-31": "0.27000", "2007-09-30": "0.12000", "2007-06-30": "0.16000", "2007-03-31": "0.14000", "2006-12-31": "0.43000", "2006-09-30": "0.17000", "2006-06-30": "0.13000", "2006-03-31": "0.00000", "2005-12-31": "0.23000", "2005-09-30": "0.09870", "2005-06-30": "0.00000", "2005-03-31": "0.07000"}}, "balance sheet": {"Cash On Hand": {"2019-12-31": "673.00000", "2018-12-31": "653.00000", "2017-12-31": "903.00000", "2016-12-31": "825.00000", "2015-12-31": "3359.00000", "2014-12-31": "3195.00000", "2013-12-31": "1314.00000", "2012-12-31": "2846.00000", "2011-12-31": "847.00000", "2010-12-31": "1353.00000", "2009-12-31": "884.00000", "2008-12-31": "832.00000", "2007-12-31": "557.00000", "2006-12-31": "946.00000", "2005-12-31": "945.00000"}, "Receivables": {"2019-12-31": "1854.00000", "2018-12-31": "1835.00000", "2017-12-31": "1726.00000", "2016-12-31": "1308.00000", "2015-12-31": "1443.00000", "2014-12-31": "1232.00000", "2013-12-31": "1152.00000", "2012-12-31": "1201.00000", "2011-12-31": "1054.00000", "2010-12-31": "885.00000", "2009-12-31": "1250.00000", "2008-12-31": "1171.00000", "2007-12-31": "1179.00000", "2006-12-31": "977.00000", "2005-12-31": "837.00000"}, "Inventory": {"2019-12-31": "1413.00000", "2018-12-31": "1474.00000", "2017-12-31": "1411.00000", "2016-12-31": "968.00000", "2015-12-31": "1000.00000", "2014-12-31": "1049.00000", "2013-12-31": "1123.00000", "2012-12-31": "1106.00000", "2011-12-31": "1071.00000", "2010-12-31": "1069.00000", "2009-12-31": "985.00000", "2008-12-31": "1032.00000", "2007-12-31": "975.00000", "2006-12-31": "831.00000", "2005-12-31": "719.00000"}, "Pre-Paid Expenses": {"2019-12-31": "", "2018-12-31": "", "2017-12-31": "", "2016-12-31": "", "2015-12-31": "", "2014-12-31": "", "2013-12-31": "", "2012-12-31": "", "2011-12-31": "", "2010-12-31": "", "2009-12-31": "", "2008-12-31": "", "2007-12-31": "", "2006-12-31": "", "2005-12-31": ""}, "Other Current Assets": {"2019-12-31": "636.00000", "2018-12-31": "224.00000", "2017-12-31": "125.00000", "2016-12-31": "68.00000", "2015-12-31": "73.00000", "2014-12-31": "72.00000", "2013-12-31": "184.00000", "2012-12-31": "105.00000", "2011-12-31": "148.00000", "2010-12-31": "85.00000", "2009-12-31": "65.00000", "2008-12-31": "46.00000", "2007-12-31": "61.00000", "2006-12-31": "71.00000", "2005-12-31": "46.00000"}, "Total Current Assets": {"2019-12-31": "4576.00000", "2018-12-31": "4186.00000", "2017-12-31": "4165.00000", "2016-12-31": "3169.00000", "2015-12-31": "5875.00000", "2014-12-31": "5548.00000", "2013-12-31": "4426.00000", "2012-12-31": "5258.00000", "2011-12-31": "3120.00000", "2010-12-31": "6555.00000", "2009-12-31": "3379.00000", "2008-12-31": "3282.00000", "2007-12-31": "2921.00000", "2006-12-31": "2984.00000", "2005-12-31": "2729.00000"}, "Property, Plant, And Equipment": {"2019-12-31": "1351.00000", "2018-12-31": "1322.00000", "2017-12-31": "1341.00000", "2016-12-31": "1131.00000", "2015-12-31": "1140.00000", "2014-12-31": "1093.00000", "2013-12-31": "1208.00000", "2012-12-31": "1235.00000", "2011-12-31": "1133.00000", "2010-12-31": "1038.00000", "2009-12-31": "1030.00000", "2008-12-31": "1064.00000", "2007-12-31": "1074.00000", "2006-12-31": "912.00000", "2005-12-31": "746.00000"}, "Long-Term Investments": {"2019-12-31": "76.00000", "2018-12-31": "96.00000", "2017-12-31": "2363.00000", "2016-12-31": "5664.00000", "2015-12-31": "2067.00000", "2014-12-31": "2857.00000", "2013-12-31": "2550.00000", "2012-12-31": "2670.00000", "2011-12-31": "2303.00000", "2010-12-31": "2059.00000", "2009-12-31": "1629.00000", "2008-12-31": "1640.00000", "2007-12-31": "3369.00000", "2006-12-31": "3930.00000", "2005-12-31": "3330.00000"}, "Goodwill And Intangible Assets": {"2019-12-31": "10699.00000", "2018-12-31": "11970.00000", "2017-12-31": "12259.00000", "2016-12-31": "10359.00000", "2015-12-31": "11132.00000", "2014-12-31": "9078.00000", "2013-12-31": "9970.00000", "2012-12-31": "16997.00000", "2011-12-31": "10705.00000", "2010-12-31": "11091.00000", "2009-12-31": "11223.00000", "2008-12-31": "11465.00000", "2007-12-31": "11919.00000", "2006-12-31": "11961.00000", "2005-12-31": "11525.00000"}, "Other Long-Term Assets": {"2019-12-31": "603.00000", "2018-12-31": "267.00000", "2017-12-31": "359.00000", "2016-12-31": "32.00000", "2015-12-31": "39.00000", "2014-12-31": "22.00000", "2013-12-31": "80.00000", "2012-12-31": "95.00000", "2011-12-31": "78.00000", "2010-12-31": "87.00000", "2009-12-31": "82.00000", "2008-12-31": "36.00000", "2007-12-31": "43.00000", "2006-12-31": "33.00000", "2005-12-31": "21.00000"}, "Total Long-Term Assets": {"2019-12-31": "12729.00000", "2018-12-31": "13655.00000", "2017-12-31": "19957.00000", "2016-12-31": "17186.00000", "2015-12-31": "15305.00000", "2014-12-31": "13050.00000", "2013-12-31": "20250.00000", "2012-12-31": "20997.00000", "2011-12-31": "14219.00000", "2010-12-31": "20045.00000", "2009-12-31": "13964.00000", "2008-12-31": "14205.00000", "2007-12-31": "16405.00000", "2006-12-31": "16836.00000", "2005-12-31": "15622.00000"}, "Total Assets": {"2019-12-31": "17305.00000", "2018-12-31": "17841.00000", "2017-12-31": "24122.00000", "2016-12-31": "20355.00000", "2015-12-31": "21180.00000", "2014-12-31": "18598.00000", "2013-12-31": "24676.00000", "2012-12-31": "26255.00000", "2011-12-31": "17339.00000", "2010-12-31": "26600.00000", "2009-12-31": "17343.00000", "2008-12-31": "17487.00000", "2007-12-31": "19326.00000", "2006-12-31": "19820.00000", "2005-12-31": "18351.00000"}, "Total Current Liabilities": {"2019-12-31": "4001.00000", "2018-12-31": "3951.00000", "2017-12-31": "3441.00000", "2016-12-31": "2534.00000", "2015-12-31": "3100.00000", "2014-12-31": "2767.00000", "2013-12-31": "3756.00000", "2012-12-31": "4489.00000", "2011-12-31": "3568.00000", "2010-12-31": "4739.00000", "2009-12-31": "2743.00000", "2008-12-31": "1710.00000", "2007-12-31": "1505.00000", "2006-12-31": "1457.00000", "2005-12-31": "2667.00000"}, "Long Term Debt": {"2019-12-31": "5855.00000", "2018-12-31": "5963.00000", "2017-12-31": "7553.00000", "2016-12-31": "7166.00000", "2015-12-31": "7481.00000", "2014-12-31": "7062.00000", "2013-12-31": "6106.00000", "2012-12-31": "6246.00000", "2011-12-31": "4850.00000", "2010-12-31": "5970.00000", "2009-12-31": "5410.00000", "2008-12-31": "6956.00000", "2007-12-31": "7164.00000", "2006-12-31": "6372.00000", "2005-12-31": "3950.00000"}, "Other Non-Current Liabilities": {"2019-12-31": "761.00000", "2018-12-31": "258.00000", "2017-12-31": "242.00000", "2016-12-31": "158.00000", "2015-12-31": "222.00000", "2014-12-31": "168.00000", "2013-12-31": "191.00000", "2012-12-31": "260.00000", "2011-12-31": "248.00000", "2010-12-31": "266.00000", "2009-12-31": "323.00000", "2008-12-31": "365.00000", "2007-12-31": "350.00000", "2006-12-31": "277.00000", "2005-12-31": "239.00000"}, "Total Long Term Liabilities": {"2019-12-31": "8332.00000", "2018-12-31": "8146.00000", "2017-12-31": "10598.00000", "2016-12-31": "10960.00000", "2015-12-31": "11205.00000", "2014-12-31": "10051.00000", "2013-12-31": "9485.00000", "2012-12-31": "9715.00000", "2011-12-31": "7144.00000", "2010-12-31": "10419.00000", "2009-12-31": "7677.00000", "2008-12-31": "9320.00000", "2007-12-31": "10184.00000", "2006-12-31": "9706.00000", "2005-12-31": "7293.00000"}, "Total Liabilities": {"2019-12-31": "12333.00000", "2018-12-31": "12097.00000", "2017-12-31": "14039.00000", "2016-12-31": "13494.00000", "2015-12-31": "14305.00000", "2014-12-31": "12818.00000", "2013-12-31": "13241.00000", "2012-12-31": "14204.00000", "2011-12-31": "10712.00000", "2010-12-31": "15158.00000", "2009-12-31": "10420.00000", "2008-12-31": "11030.00000", "2007-12-31": "11689.00000", "2006-12-31": "11163.00000", "2005-12-31": "9960.00000"}, "Common Stock Net": {"2019-12-31": "4.00000", "2018-12-31": "4.00000", "2017-12-31": "6.00000", "2016-12-31": "6.00000", "2015-12-31": "6.00000", "2014-12-31": "6.00000", "2013-12-31": "6.00000", "2012-12-31": "5.00000", "2011-12-31": "6.00000", "2010-12-31": "7.00000", "2009-12-31": "", "2008-12-31": "", "2007-12-31": "", "2006-12-31": "", "2005-12-31": ""}, "Retained Earnings (Accumulated Deficit)": {"2019-12-31": "4891.00000", "2018-12-31": "5675.00000", "2017-12-31": "9068.00000", "2016-12-31": "7032.00000", "2015-12-31": "6626.00000", "2014-12-31": "5757.00000", "2013-12-31": "5685.00000", "2012-12-31": "5184.00000", "2011-12-31": "3654.00000", "2010-12-31": "2742.00000", "2009-12-31": "", "2008-12-31": "", "2007-12-31": "", "2006-12-31": "", "2005-12-31": ""}, "Comprehensive Income": {"2019-12-31": "-55.00000", "2018-12-31": "-55.00000", "2017-12-31": "-133.00000", "2016-12-31": "-266.00000", "2015-12-31": "-215.00000", "2014-12-31": "-94.00000", "2013-12-31": "99.00000", "2012-12-31": "148.00000", "2011-12-31": "152.00000", "2010-12-31": "226.00000", "2009-12-31": "", "2008-12-31": "", "2007-12-31": "", "2006-12-31": "", "2005-12-31": ""}, "Other Share Holders Equity": {"2019-12-31": "", "2018-12-31": "", "2017-12-31": "", "2016-12-31": "", "2015-12-31": "", "2014-12-31": "", "2013-12-31": "", "2012-12-31": "", "2011-12-31": "", "2010-12-31": "", "2009-12-31": "", "2008-12-31": "", "2007-12-31": "", "2006-12-31": "", "2005-12-31": ""}, "Share Holder Equity": {"2019-12-31": "4972.00000", "2018-12-31": "5744.00000", "2017-12-31": "10083.00000", "2016-12-31": "6861.00000", "2015-12-31": "6875.00000", "2014-12-31": "5780.00000", "2013-12-31": "11435.00000", "2012-12-31": "12051.00000", "2011-12-31": "6627.00000", "2010-12-31": "11442.00000", "2009-12-31": "6923.00000", "2008-12-31": "6457.00000", "2007-12-31": "7637.00000", "2006-12-31": "8657.00000", "2005-12-31": "8391.00000"}, "Total Liabilities And Share Holders Equity": {"2019-12-31": "17305.00000", "2018-12-31": "17841.00000", "2017-12-31": "24122.00000", "2016-12-31": "20355.00000", "2015-12-31": "21180.00000", "2014-12-31": "18598.00000", "2013-12-31": "24676.00000", "2012-12-31": "26255.00000", "2011-12-31": "17339.00000", "2010-12-31": "26600.00000", "2009-12-31": "17343.00000", "2008-12-31": "17487.00000", "2007-12-31": "19326.00000", "2006-12-31": "19820.00000", "2005-12-31": "18351.00000"}}, "balance sheet, quarterly": {"Cash On Hand": {"2020-09-30": "1044.00000", "2020-06-30": "948.00000", "2020-03-31": "555.00000", "2019-12-31": "673.00000", "2019-09-30": "605.00000", "2019-06-30": "519.00000", "2019-03-31": "508.00000", "2018-12-31": "653.00000", "2018-09-30": "532.00000", "2018-06-30": "657.00000", "2018-03-31": "1055.00000", "2017-12-31": "903.00000", "2017-09-30": "895.00000", "2017-06-30": "905.00000", "2017-03-31": "821.00000", "2016-12-31": "825.00000", "2016-09-30": "505.00000", "2016-06-30": "510.00000", "2016-03-31": "3344.00000", "2015-12-31": "3359.00000", "2015-09-30": "3454.00000", "2015-06-30": "3434.00000", "2015-03-31": "3210.00000", "2014-12-31": "3195.00000", "2014-09-30": "2273.00000", "2014-06-30": "2490.00000", "2014-03-31": "2166.00000", "2013-12-31": "1314.00000", "2013-09-30": "1533.00000", "2013-06-30": "1956.00000", "2013-03-31": "1370.00000", "2012-12-31": "2846.00000", "2012-09-30": "1793.00000", "2012-06-30": "790.00000", "2012-03-31": "794.00000", "2011-12-31": "847.00000", "2011-09-30": "896.00000", "2011-06-30": "1375.00000", "2011-03-31": "1366.00000", "2010-12-31": "1353.00000", "2010-09-30": "935.00000", "2010-06-30": "1100.00000", "2010-03-31": "1731.00000", "2009-12-31": "884.00000", "2009-09-30": "816.00000", "2009-06-30": "946.00000", "2009-03-31": "939.00000", "2008-12-31": "832.00000", "2008-09-30": "1442.00000", "2008-06-30": "731.00000", "2008-03-31": "646.00000", "2007-12-31": "557.00000", "2007-09-30": "718.00000", "2007-06-30": "806.00000", "2007-03-31": "885.00000", "2006-12-31": "946.00000", "2006-09-30": "910.00000", "2006-06-30": "925.00000", "2006-03-31": "1680.00000", "2005-12-31": "1946.00000", "2005-09-30": "1709.00000", "2005-06-30": "1387.00000", "2005-03-31": "1347.00000"}, "Receivables": {"2020-09-30": "1142.00000", "2020-06-30": "1324.00000", "2020-03-31": "1440.00000", "2019-12-31": "1854.00000", "2019-09-30": "1260.00000", "2019-06-30": "1295.00000", "2019-03-31": "1464.00000", "2018-12-31": "1835.00000", "2018-09-30": "1186.00000", "2018-06-30": "1103.00000", "2018-03-31": "1273.00000", "2017-12-31": "1726.00000", "2017-09-30": "945.00000", "2017-06-30": "891.00000", "2017-03-31": "969.00000", "2016-12-31": "1308.00000", "2016-09-30": "848.00000", "2016-06-30": "912.00000", "2016-03-31": "1094.00000", "2015-12-31": "1443.00000", "2015-09-30": "933.00000", "2015-06-30": "859.00000", "2015-03-31": "867.00000", "2014-12-31": "1232.00000", "2014-09-30": "800.00000", "2014-06-30": "973.00000", "2014-03-31": "1040.00000", "2013-12-31": "1152.00000", "2013-09-30": "954.00000", "2013-06-30": "909.00000", "2013-03-31": "972.00000", "2012-12-31": "1201.00000", "2012-09-30": "711.00000", "2012-06-30": "664.00000", "2012-03-31": "734.00000", "2011-12-31": "1054.00000", "2011-09-30": "648.00000", "2011-06-30": "633.00000", "2011-03-31": "638.00000", "2010-12-31": "885.00000", "2010-09-30": "517.00000", "2010-06-30": "1005.00000", "2010-03-31": "1004.00000", "2009-12-31": "1250.00000", "2009-09-30": "912.00000", "2009-06-30": "945.00000", "2009-03-31": "962.00000", "2008-12-31": "1171.00000", "2008-09-30": "881.00000", "2008-06-30": "970.00000", "2008-03-31": "992.00000", "2007-12-31": "1179.00000", "2007-09-30": "865.00000", "2007-06-30": "840.00000", "2007-03-31": "809.00000", "2006-12-31": "977.00000", "2006-09-30": "747.00000", "2006-06-30": "730.00000", "2006-03-31": "1027.00000", "2005-12-31": "1106.00000", "2005-09-30": "937.00000", "2005-06-30": "1068.00000", "2005-03-31": "1089.00000"}, "Inventory": {"2020-09-30": "1481.00000", "2020-06-30": "1304.00000", "2020-03-31": "1433.00000", "2019-12-31": "1413.00000", "2019-09-30": "1674.00000", "2019-06-30": "1516.00000", "2019-03-31": "1562.00000", "2018-12-31": "1474.00000", "2018-09-30": "1727.00000", "2018-06-30": "1510.00000", "2018-03-31": "1510.00000", "2017-12-31": "1411.00000", "2017-09-30": "1197.00000", "2017-06-30": "1096.00000", "2017-03-31": "1050.00000", "2016-12-31": "968.00000", "2016-09-30": "1189.00000", "2016-06-30": "1088.00000", "2016-03-31": "1084.00000", "2015-12-31": "1000.00000", "2015-09-30": "1232.00000", "2015-06-30": "1029.00000", "2015-03-31": "1119.00000", "2014-12-31": "1049.00000", "2014-09-30": "1279.00000", "2014-06-30": "1181.00000", "2014-03-31": "1213.00000", "2013-12-31": "1123.00000", "2013-09-30": "1328.00000", "2013-06-30": "1129.00000", "2013-03-31": "1116.00000", "2012-12-31": "1106.00000", "2012-09-30": "1247.00000", "2012-06-30": "1096.00000", "2012-03-31": "1124.00000", "2011-12-31": "1071.00000", "2011-09-30": "1205.00000", "2011-06-30": "1103.00000", "2011-03-31": "1120.00000", "2010-12-31": "1069.00000", "2010-09-30": "1109.00000", "2010-06-30": "956.00000", "2010-03-31": "1007.00000", "2009-12-31": "985.00000", "2009-09-30": "1106.00000", "2009-06-30": "942.00000", "2009-03-31": "967.00000", "2008-12-31": "1032.00000", "2008-09-30": "1157.00000", "2008-06-30": "1015.00000", "2008-03-31": "1022.00000", "2007-12-31": "975.00000", "2007-09-30": "1015.00000", "2007-06-30": "862.00000", "2007-03-31": "885.00000", "2006-12-31": "831.00000", "2006-09-30": "905.00000", "2006-06-30": "737.00000", "2006-03-31": "749.00000", "2005-12-31": "719.00000", "2005-09-30": "763.00000", "2005-06-30": "623.00000", "2005-03-31": "659.00000"}, "Pre-Paid Expenses": {"2020-09-30": "", "2020-06-30": "", "2020-03-31": "", "2019-12-31": "", "2019-09-30": "", "2019-06-30": "", "2019-03-31": "", "2018-12-31": "", "2018-09-30": "", "2018-06-30": "", "2018-03-31": "", "2017-12-31": "", "2017-09-30": "", "2017-06-30": "", "2017-03-31": "", "2016-12-31": "", "2016-09-30": "", "2016-06-30": "", "2016-03-31": "", "2015-12-31": "", "2015-09-30": "", "2015-06-30": "", "2015-03-31": "", "2014-12-31": "", "2014-09-30": "", "2014-06-30": "", "2014-03-31": "", "2013-12-31": "", "2013-09-30": "", "2013-06-30": "", "2013-03-31": "", "2012-12-31": "", "2012-09-30": "", "2012-06-30": "", "2012-03-31": "", "2011-12-31": "", "2011-09-30": "", "2011-06-30": "", "2011-03-31": "", "2010-12-31": "", "2010-09-30": "", "2010-06-30": "", "2010-03-31": "", "2009-12-31": "", "2009-09-30": "", "2009-06-30": "", "2009-03-31": "", "2008-12-31": "", "2008-09-30": "", "2008-06-30": "", "2008-03-31": "", "2007-12-31": "", "2007-09-30": "", "2007-06-30": "", "2007-03-31": "", "2006-12-31": "", "2006-09-30": "", "2006-06-30": "", "2006-03-31": "", "2005-12-31": "", "2005-09-30": "", "2005-06-30": "", "2005-03-31": ""}, "Other Current Assets": {"2020-09-30": "702.00000", "2020-06-30": "618.00000", "2020-03-31": "320.00000", "2019-12-31": "636.00000", "2019-09-30": "290.00000", "2019-06-30": "203.00000", "2019-03-31": "184.00000", "2018-12-31": "224.00000", "2018-09-30": "198.00000", "2018-06-30": "200.00000", "2018-03-31": "465.00000", "2017-12-31": "125.00000", "2017-09-30": "81.00000", "2017-06-30": "86.00000", "2017-03-31": "80.00000", "2016-12-31": "68.00000", "2016-09-30": "154.00000", "2016-06-30": "204.00000", "2016-03-31": "87.00000", "2015-12-31": "73.00000", "2015-09-30": "73.00000", "2015-06-30": "77.00000", "2015-03-31": "75.00000", "2014-12-31": "72.00000", "2014-09-30": "87.00000", "2014-06-30": "113.00000", "2014-03-31": "110.00000", "2013-12-31": "184.00000", "2013-09-30": "152.00000", "2013-06-30": "115.00000", "2013-03-31": "575.00000", "2012-12-31": "105.00000", "2012-09-30": "95.00000", "2012-06-30": "87.00000", "2012-03-31": "112.00000", "2011-12-31": "148.00000", "2011-09-30": "177.00000", "2011-06-30": "79.00000", "2011-03-31": "81.00000", "2010-12-31": "85.00000", "2010-09-30": "84.00000", "2010-06-30": "77.00000", "2010-03-31": "77.00000", "2009-12-31": "65.00000", "2009-09-30": "78.00000", "2009-06-30": "64.00000", "2009-03-31": "65.00000", "2008-12-31": "46.00000", "2008-09-30": "83.00000", "2008-06-30": "73.00000", "2008-03-31": "71.00000", "2007-12-31": "61.00000", "2007-09-30": "56.00000", "2007-06-30": "59.00000", "2007-03-31": "56.00000", "2006-12-31": "71.00000", "2006-09-30": "74.00000", "2006-06-30": "89.00000", "2006-03-31": "1013.00000", "2005-12-31": "1389.00000", "2005-09-30": "1692.00000", "2005-06-30": "1985.00000", "2005-03-31": "2001.00000"}, "Total Current Assets": {"2020-09-30": "4369.00000", "2020-06-30": "4194.00000", "2020-03-31": "3748.00000", "2019-12-31": "4576.00000", "2019-09-30": "3829.00000", "2019-06-30": "3533.00000", "2019-03-31": "3718.00000", "2018-12-31": "4186.00000", "2018-09-30": "3643.00000", "2018-06-30": "3470.00000", "2018-03-31": "4303.00000", "2017-12-31": "4165.00000", "2017-09-30": "3118.00000", "2017-06-30": "2978.00000", "2017-03-31": "2920.00000", "2016-12-31": "3169.00000", "2016-09-30": "2696.00000", "2016-06-30": "2714.00000", "2016-03-31": "5609.00000", "2015-12-31": "5875.00000", "2015-09-30": "5692.00000", "2015-06-30": "5399.00000", "2015-03-31": "5271.00000", "2014-12-31": "5548.00000", "2014-09-30": "4439.00000", "2014-06-30": "4757.00000", "2014-03-31": "4529.00000", "2013-12-31": "4426.00000", "2013-09-30": "3967.00000", "2013-06-30": "4109.00000", "2013-03-31": "4033.00000", "2012-12-31": "5258.00000", "2012-09-30": "3846.00000", "2012-06-30": "2637.00000", "2012-03-31": "2764.00000", "2011-12-31": "3120.00000", "2011-09-30": "2926.00000", "2011-06-30": "3190.00000", "2011-03-31": "3205.00000", "2010-12-31": "6555.00000", "2010-09-30": "2645.00000", "2010-06-30": "3138.00000", "2010-03-31": "3819.00000", "2009-12-31": "3379.00000", "2009-09-30": "3047.00000", "2009-06-30": "2998.00000", "2009-03-31": "3116.00000", "2008-12-31": "3282.00000", "2008-09-30": "3758.00000", "2008-06-30": "2969.00000", "2008-03-31": "2922.00000", "2007-12-31": "2921.00000", "2007-09-30": "2778.00000", "2007-06-30": "2683.00000", "2007-03-31": "2805.00000", "2006-12-31": "2984.00000", "2006-09-30": "2819.00000", "2006-06-30": "2667.00000", "2006-03-31": "4469.00000", "2005-12-31": "5160.00000", "2005-09-30": "5101.00000", "2005-06-30": "5063.00000", "2005-03-31": "5096.00000"}, "Property, Plant, And Equipment": {"2020-09-30": "1282.00000", "2020-06-30": "1292.00000", "2020-03-31": "1317.00000", "2019-12-31": "1351.00000", "2019-09-30": "1321.00000", "2019-06-30": "1339.00000", "2019-03-31": "1304.00000", "2018-12-31": "1322.00000", "2018-09-30": "1300.00000", "2018-06-30": "1303.00000", "2018-03-31": "1357.00000", "2017-12-31": "1341.00000", "2017-09-30": "1117.00000", "2017-06-30": "1116.00000", "2017-03-31": "1124.00000", "2016-12-31": "1131.00000", "2016-09-30": "1211.00000", "2016-06-30": "1230.00000", "2016-03-31": "1201.00000", "2015-12-31": "1140.00000", "2015-09-30": "1034.00000", "2015-06-30": "1020.00000", "2015-03-31": "1038.00000", "2014-12-31": "1093.00000", "2014-09-30": "1131.00000", "2014-06-30": "1276.00000", "2014-03-31": "1272.00000", "2013-12-31": "1208.00000", "2013-09-30": "1206.00000", "2013-06-30": "1175.00000", "2013-03-31": "1189.00000", "2012-12-31": "1235.00000", "2012-09-30": "1207.00000", "2012-06-30": "1168.00000", "2012-03-31": "1149.00000", "2011-12-31": "1133.00000", "2011-09-30": "1079.00000", "2011-06-30": "1044.00000", "2011-03-31": "1031.00000", "2010-12-31": "1038.00000", "2010-09-30": "1042.00000", "2010-06-30": "993.00000", "2010-03-31": "1012.00000", "2009-12-31": "1030.00000", "2009-09-30": "1013.00000", "2009-06-30": "1021.00000", "2009-03-31": "1010.00000", "2008-12-31": "1064.00000", "2008-09-30": "1042.00000", "2008-06-30": "1098.00000", "2008-03-31": "1116.00000", "2007-12-31": "1074.00000", "2007-09-30": "1058.00000", "2007-06-30": "1012.00000", "2007-03-31": "964.00000", "2006-12-31": "912.00000", "2006-09-30": "848.00000", "2006-06-30": "812.00000", "2006-03-31": "1806.00000", "2005-12-31": "1726.00000", "2005-09-30": "1711.00000", "2005-06-30": "2178.00000", "2005-03-31": "2136.00000"}, "Long-Term Investments": {"2020-09-30": "", "2020-06-30": "71.00000", "2020-03-31": "72.00000", "2019-12-31": "", "2019-09-30": "101.00000", "2019-06-30": "99.00000", "2019-03-31": "103.00000", "2018-12-31": "96.00000", "2018-09-30": "554.00000", "2018-06-30": "824.00000", "2018-03-31": "815.00000", "2017-12-31": "2363.00000", "2017-09-30": "7122.00000", "2017-06-30": "6696.00000", "2017-03-31": "6440.00000", "2016-12-31": "5664.00000", "2016-09-30": "6415.00000", "2016-06-30": "5856.00000", "2016-03-31": "3133.00000", "2015-12-31": "2067.00000", "2015-09-30": "2845.00000", "2015-06-30": "2926.00000", "2015-03-31": "2655.00000", "2014-12-31": "2857.00000", "2014-09-30": "2432.00000", "2014-06-30": "2511.00000", "2014-03-31": "2714.00000", "2013-12-31": "2550.00000", "2013-09-30": "2568.00000", "2013-06-30": "2248.00000", "2013-03-31": "3247.00000", "2012-12-31": "2670.00000", "2012-09-30": "2951.00000", "2012-06-30": "2597.00000", "2012-03-31": "2495.00000", "2011-12-31": "2303.00000", "2011-09-30": "2088.00000", "2011-06-30": "2279.00000", "2011-03-31": "2190.00000", "2010-12-31": "2059.00000", "2010-09-30": "1269.00000", "2010-06-30": "1146.00000", "2010-03-31": "1140.00000", "2009-12-31": "1629.00000", "2009-09-30": "1763.00000", "2009-06-30": "1534.00000", "2009-03-31": "1461.00000", "2008-12-31": "1640.00000", "2008-09-30": "3045.00000", "2008-06-30": "3088.00000", "2008-03-31": "3171.00000", "2007-12-31": "3369.00000", "2007-09-30": "3630.00000", "2007-06-30": "3913.00000", "2007-03-31": "3982.00000", "2006-12-31": "3930.00000", "2006-09-30": "3332.00000", "2006-06-30": "3177.00000", "2006-03-31": "21015.00000", "2005-12-31": "20405.00000", "2005-09-30": "20368.00000", "2005-06-30": "23235.00000", "2005-03-31": "23180.00000"}, "Goodwill And Intangible Assets": {"2020-09-30": "10568.00000", "2020-06-30": "10572.00000", "2020-03-31": "10617.00000", "2019-12-31": "10699.00000", "2019-09-30": "10883.00000", "2019-06-30": "11985.00000", "2019-03-31": "12014.00000", "2018-12-31": "11970.00000", "2018-09-30": "12036.00000", "2018-06-30": "12106.00000", "2018-03-31": "12191.00000", "2017-12-31": "12259.00000", "2017-09-30": "10060.00000", "2017-06-30": "10152.00000", "2017-03-31": "10239.00000", "2016-12-31": "10359.00000", "2016-09-30": "10653.00000", "2016-06-30": "10837.00000", "2016-03-31": "10977.00000", "2015-12-31": "11132.00000", "2015-09-30": "8651.00000", "2015-06-30": "8733.00000", "2015-03-31": "8966.00000", "2014-12-31": "9078.00000", "2014-09-30": "9623.00000", "2014-06-30": "16055.00000", "2014-03-31": "16035.00000", "2013-12-31": "9970.00000", "2013-09-30": "16527.00000", "2013-06-30": "16654.00000", "2013-03-31": "16776.00000", "2012-12-31": "16997.00000", "2012-09-30": "10457.00000", "2012-06-30": "10555.00000", "2012-03-31": "10659.00000", "2011-12-31": "10705.00000", "2011-09-30": "10849.00000", "2011-06-30": "10974.00000", "2011-03-31": "11041.00000", "2010-12-31": "11091.00000", "2010-09-30": "10986.00000", "2010-06-30": "10960.00000", "2010-03-31": "11088.00000", "2009-12-31": "11223.00000", "2009-09-30": "11315.00000", "2009-06-30": "11336.00000", "2009-03-31": "11316.00000", "2008-12-31": "11465.00000", "2008-09-30": "11622.00000", "2008-06-30": "11828.00000", "2008-03-31": "11895.00000", "2007-12-31": "11919.00000", "2007-09-30": "11880.00000", "2007-06-30": "11901.00000", "2007-03-31": "11853.00000", "2006-12-31": "11961.00000", "2006-09-30": "12000.00000", "2006-06-30": "11943.00000", "2006-03-31": "13983.00000", "2005-12-31": "13366.00000", "2005-09-30": "13509.00000", "2005-06-30": "15758.00000", "2005-03-31": "15937.00000"}, "Other Long-Term Assets": {"2020-09-30": "573.00000", "2020-06-30": "568.00000", "2020-03-31": "756.00000", "2019-12-31": "679.00000", "2019-09-30": "845.00000", "2019-06-30": "765.00000", "2019-03-31": "658.00000", "2018-12-31": "267.00000", "2018-09-30": "140.00000", "2018-06-30": "126.00000", "2018-03-31": "49.00000", "2017-12-31": "359.00000", "2017-09-30": "30.00000", "2017-06-30": "31.00000", "2017-03-31": "35.00000", "2016-12-31": "32.00000", "2016-09-30": "57.00000", "2016-06-30": "56.00000", "2016-03-31": "38.00000", "2015-12-31": "39.00000", "2015-09-30": "63.00000", "2015-06-30": "64.00000", "2015-03-31": "72.00000", "2014-12-31": "22.00000", "2014-09-30": "82.00000", "2014-06-30": "123.00000", "2014-03-31": "112.00000", "2013-12-31": "80.00000", "2013-09-30": "102.00000", "2013-06-30": "99.00000", "2013-03-31": "109.00000", "2012-12-31": "95.00000", "2012-09-30": "82.00000", "2012-06-30": "74.00000", "2012-03-31": "77.00000", "2011-12-31": "78.00000", "2011-09-30": "83.00000", "2011-06-30": "82.00000", "2011-03-31": "84.00000", "2010-12-31": "87.00000", "2010-09-30": "87.00000", "2010-06-30": "83.00000", "2010-03-31": "90.00000", "2009-12-31": "82.00000", "2009-09-30": "79.00000", "2009-06-30": "78.00000", "2009-03-31": "33.00000", "2008-12-31": "36.00000", "2008-09-30": "43.00000", "2008-06-30": "45.00000", "2008-03-31": "44.00000", "2007-12-31": "43.00000", "2007-09-30": "44.00000", "2007-06-30": "43.00000", "2007-03-31": "43.00000", "2006-12-31": "33.00000", "2006-09-30": "26.00000", "2006-06-30": "34.00000", "2006-03-31": "1732.00000", "2005-12-31": "1890.00000", "2005-09-30": "1849.00000", "2005-06-30": "1973.00000", "2005-03-31": "2019.00000"}, "Total Long-Term Assets": {"2020-09-30": "12423.00000", "2020-06-30": "12503.00000", "2020-03-31": "12762.00000", "2019-12-31": "12729.00000", "2019-09-30": "13150.00000", "2019-06-30": "14188.00000", "2019-03-31": "14079.00000", "2018-12-31": "13655.00000", "2018-09-30": "14030.00000", "2018-06-30": "14359.00000", "2018-03-31": "14412.00000", "2017-12-31": "19957.00000", "2017-09-30": "18329.00000", "2017-06-30": "17995.00000", "2017-03-31": "17838.00000", "2016-12-31": "17186.00000", "2016-09-30": "18336.00000", "2016-06-30": "17979.00000", "2016-03-31": "15349.00000", "2015-12-31": "15305.00000", "2015-09-30": "12593.00000", "2015-06-30": "12743.00000", "2015-03-31": "12731.00000", "2014-12-31": "13050.00000", "2014-09-30": "13268.00000", "2014-06-30": "19965.00000", "2014-03-31": "20133.00000", "2013-12-31": "20250.00000", "2013-09-30": "20403.00000", "2013-06-30": "20176.00000", "2013-03-31": "21321.00000", "2012-12-31": "20997.00000", "2012-09-30": "14697.00000", "2012-06-30": "14394.00000", "2012-03-31": "14380.00000", "2011-12-31": "14219.00000", "2011-09-30": "14099.00000", "2011-06-30": "14379.00000", "2011-03-31": "14346.00000", "2010-12-31": "20045.00000", "2010-09-30": "13384.00000", "2010-06-30": "13182.00000", "2010-03-31": "13330.00000", "2009-12-31": "13964.00000", "2009-09-30": "14170.00000", "2009-06-30": "13969.00000", "2009-03-31": "13820.00000", "2008-12-31": "14205.00000", "2008-09-30": "15752.00000", "2008-06-30": "16059.00000", "2008-03-31": "16226.00000", "2007-12-31": "16405.00000", "2007-09-30": "16612.00000", "2007-06-30": "16869.00000", "2007-03-31": "16842.00000", "2006-12-31": "16836.00000", "2006-09-30": "16206.00000", "2006-06-30": "15966.00000", "2006-03-31": "38536.00000", "2005-12-31": "37387.00000", "2005-09-30": "37437.00000", "2005-06-30": "43144.00000", "2005-03-31": "43272.00000"}, "Total Assets": {"2020-09-30": "16792.00000", "2020-06-30": "16697.00000", "2020-03-31": "16510.00000", "2019-12-31": "17305.00000", "2019-09-30": "16979.00000", "2019-06-30": "17721.00000", "2019-03-31": "17797.00000", "2018-12-31": "17841.00000", "2018-09-30": "17673.00000", "2018-06-30": "17829.00000", "2018-03-31": "18715.00000", "2017-12-31": "24122.00000", "2017-09-30": "21447.00000", "2017-06-30": "20973.00000", "2017-03-31": "20758.00000", "2016-12-31": "20355.00000", "2016-09-30": "21032.00000", "2016-06-30": "20693.00000", "2016-03-31": "20958.00000", "2015-12-31": "21180.00000", "2015-09-30": "18285.00000", "2015-06-30": "18142.00000", "2015-03-31": "18002.00000", "2014-12-31": "18598.00000", "2014-09-30": "17707.00000", "2014-06-30": "24722.00000", "2014-03-31": "24662.00000", "2013-12-31": "24676.00000", "2013-09-30": "24370.00000", "2013-06-30": "24285.00000", "2013-03-31": "25354.00000", "2012-12-31": "26255.00000", "2012-09-30": "18543.00000", "2012-06-30": "17031.00000", "2012-03-31": "17144.00000", "2011-12-31": "17339.00000", "2011-09-30": "17025.00000", "2011-06-30": "17569.00000", "2011-03-31": "17551.00000", "2010-12-31": "26600.00000", "2010-09-30": "16029.00000", "2010-06-30": "16320.00000", "2010-03-31": "17149.00000", "2009-12-31": "17343.00000", "2009-09-30": "17217.00000", "2009-06-30": "16967.00000", "2009-03-31": "16936.00000", "2008-12-31": "17487.00000", "2008-09-30": "19510.00000", "2008-06-30": "19028.00000", "2008-03-31": "19148.00000", "2007-12-31": "19326.00000", "2007-09-30": "19390.00000", "2007-06-30": "19552.00000", "2007-03-31": "19647.00000", "2006-12-31": "19820.00000", "2006-09-30": "19025.00000", "2006-06-30": "18633.00000", "2006-03-31": "42379.00000", "2005-12-31": "41952.00000", "2005-09-30": "41943.00000", "2005-06-30": "47405.00000", "2005-03-31": "47616.00000"}, "Total Current Liabilities": {"2020-09-30": "4156.00000", "2020-06-30": "3750.00000", "2020-03-31": "2813.00000", "2019-12-31": "4001.00000", "2019-09-30": "3351.00000", "2019-06-30": "3172.00000", "2019-03-31": "3656.00000", "2018-12-31": "3951.00000", "2018-09-30": "3768.00000", "2018-06-30": "3459.00000", "2018-03-31": "3937.00000", "2017-12-31": "3441.00000", "2017-09-30": "2646.00000", "2017-06-30": "2470.00000", "2017-03-31": "2425.00000", "2016-12-31": "2534.00000", "2016-09-30": "2415.00000", "2016-06-30": "3214.00000", "2016-03-31": "4190.00000", "2015-12-31": "3100.00000", "2015-09-30": "3576.00000", "2015-06-30": "3409.00000", "2015-03-31": "3396.00000", "2014-12-31": "2767.00000", "2014-09-30": "3487.00000", "2014-06-30": "3798.00000", "2014-03-31": "3586.00000", "2013-12-31": "3756.00000", "2013-09-30": "3994.00000", "2013-06-30": "3433.00000", "2013-03-31": "3706.00000", "2012-12-31": "4489.00000", "2012-09-30": "4144.00000", "2012-06-30": "3857.00000", "2012-03-31": "3486.00000", "2011-12-31": "3568.00000", "2011-09-30": "3446.00000", "2011-06-30": "2047.00000", "2011-03-31": "2037.00000", "2010-12-31": "4739.00000", "2010-09-30": "1987.00000", "2010-06-30": "2185.00000", "2010-03-31": "2380.00000", "2009-12-31": "2743.00000", "2009-09-30": "2623.00000", "2009-06-30": "2443.00000", "2009-03-31": "1346.00000", "2008-12-31": "1710.00000", "2008-09-30": "2133.00000", "2008-06-30": "1225.00000", "2008-03-31": "1313.00000", "2007-12-31": "1505.00000", "2007-09-30": "1215.00000", "2007-06-30": "1122.00000", "2007-03-31": "1182.00000", "2006-12-31": "1457.00000", "2006-09-30": "1219.00000", "2006-06-30": "2579.00000", "2006-03-31": "4850.00000", "2005-12-31": "5286.00000", "2005-09-30": "5402.00000", "2005-06-30": "3342.00000", "2005-03-31": "3327.00000"}, "Long Term Debt": {"2020-09-30": "5184.00000", "2020-06-30": "5189.00000", "2020-03-31": "6157.00000", "2019-12-31": "5855.00000", "2019-09-30": "6338.00000", "2019-06-30": "6283.00000", "2019-03-31": "5955.00000", "2018-12-31": "5963.00000", "2018-09-30": "5885.00000", "2018-06-30": "6253.00000", "2018-03-31": "6388.00000", "2017-12-31": "7553.00000", "2017-09-30": "7050.00000", "2017-06-30": "6935.00000", "2017-03-31": "7013.00000", "2016-12-31": "7166.00000", "2016-09-30": "7255.00000", "2016-06-30": "6440.00000", "2016-03-31": "6271.00000", "2015-12-31": "7481.00000", "2015-09-30": "6961.00000", "2015-06-30": "7065.00000", "2015-03-31": "6981.00000", "2014-12-31": "7062.00000", "2014-09-30": "6523.00000", "2014-06-30": "6620.00000", "2014-03-31": "6608.00000", "2013-12-31": "6106.00000", "2013-09-30": "5668.00000", "2013-06-30": "5959.00000", "2013-03-31": "6593.00000", "2012-12-31": "6246.00000", "2012-09-30": "5806.00000", "2012-06-30": "4564.00000", "2012-03-31": "4918.00000", "2011-12-31": "4850.00000", "2011-09-30": "4838.00000", "2011-06-30": "5919.00000", "2011-03-31": "6100.00000", "2010-12-31": "5970.00000", "2010-09-30": "4972.00000", "2010-06-30": "5392.00000", "2010-03-31": "6025.00000", "2009-12-31": "5410.00000", "2009-09-30": "5570.00000", "2009-06-30": "5784.00000", "2009-03-31": "7030.00000", "2008-12-31": "6956.00000", "2008-09-30": "7439.00000", "2008-06-30": "7632.00000", "2008-03-31": "7638.00000", "2007-12-31": "7164.00000", "2007-09-30": "7043.00000", "2007-06-30": "6819.00000", "2007-03-31": "6320.00000", "2006-12-31": "6372.00000", "2006-09-30": "6322.00000", "2006-06-30": "4350.00000", "2006-03-31": "6416.00000", "2005-12-31": "6371.00000", "2005-09-30": "6455.00000", "2005-06-30": "8057.00000", "2005-03-31": "8304.00000"}, "Other Non-Current Liabilities": {"2020-09-30": "753.00000", "2020-06-30": "726.00000", "2020-03-31": "716.00000", "2019-12-31": "761.00000", "2019-09-30": "764.00000", "2019-06-30": "725.00000", "2019-03-31": "737.00000", "2018-12-31": "258.00000", "2018-09-30": "255.00000", "2018-06-30": "225.00000", "2018-03-31": "332.00000", "2017-12-31": "242.00000", "2017-09-30": "177.00000", "2017-06-30": "149.00000", "2017-03-31": "162.00000", "2016-12-31": "158.00000", "2016-09-30": "182.00000", "2016-06-30": "288.00000", "2016-03-31": "295.00000", "2015-12-31": "222.00000", "2015-09-30": "218.00000", "2015-06-30": "202.00000", "2015-03-31": "181.00000", "2014-12-31": "168.00000", "2014-09-30": "241.00000", "2014-06-30": "333.00000", "2014-03-31": "271.00000", "2013-12-31": "191.00000", "2013-09-30": "255.00000", "2013-06-30": "239.00000", "2013-03-31": "212.00000", "2012-12-31": "260.00000", "2012-09-30": "221.00000", "2012-06-30": "218.00000", "2012-03-31": "202.00000", "2011-12-31": "248.00000", "2011-09-30": "275.00000", "2011-06-30": "256.00000", "2011-03-31": "252.00000", "2010-12-31": "266.00000", "2010-09-30": "283.00000", "2010-06-30": "254.00000", "2010-03-31": "220.00000", "2009-12-31": "323.00000", "2009-09-30": "365.00000", "2009-06-30": "333.00000", "2009-03-31": "364.00000", "2008-12-31": "365.00000", "2008-09-30": "362.00000", "2008-06-30": "345.00000", "2008-03-31": "364.00000", "2007-12-31": "350.00000", "2007-09-30": "297.00000", "2007-06-30": "252.00000", "2007-03-31": "260.00000", "2006-12-31": "277.00000", "2006-09-30": "236.00000", "2006-06-30": "246.00000", "2006-03-31": "2224.00000", "2005-12-31": "2157.00000", "2005-09-30": "2116.00000", "2005-06-30": "2001.00000", "2005-03-31": "1857.00000"}, "Total Long Term Liabilities": {"2020-09-30": "8929.00000", "2020-06-30": "7661.00000", "2020-03-31": "8596.00000", "2019-12-31": "8332.00000", "2019-09-30": "8859.00000", "2019-06-30": "8908.00000", "2019-03-31": "8579.00000", "2018-12-31": "8146.00000", "2018-09-30": "8148.00000", "2018-06-30": "8569.00000", "2018-03-31": "8810.00000", "2017-12-31": "10598.00000", "2017-09-30": "11242.00000", "2017-06-30": "11004.00000", "2017-03-31": "11086.00000", "2016-12-31": "10960.00000", "2016-09-30": "11315.00000", "2016-06-30": "10485.00000", "2016-03-31": "10020.00000", "2015-12-31": "11205.00000", "2015-09-30": "8907.00000", "2015-06-30": "9006.00000", "2015-03-31": "8901.00000", "2014-12-31": "10051.00000", "2014-09-30": "8592.00000", "2014-06-30": "9668.00000", "2014-03-31": "9710.00000", "2013-12-31": "9485.00000", "2013-09-30": "8817.00000", "2013-06-30": "9187.00000", "2013-03-31": "9880.00000", "2012-12-31": "9715.00000", "2012-09-30": "8117.00000", "2012-06-30": "6865.00000", "2012-03-31": "7153.00000", "2011-12-31": "7144.00000", "2011-09-30": "6983.00000", "2011-06-30": "8845.00000", "2011-03-31": "9076.00000", "2010-12-31": "10419.00000", "2010-09-30": "7981.00000", "2010-06-30": "8301.00000", "2010-03-31": "8959.00000", "2009-12-31": "7677.00000", "2009-09-30": "7887.00000", "2009-06-30": "8006.00000", "2009-03-31": "9283.00000", "2008-12-31": "9320.00000", "2008-09-30": "10070.00000", "2008-06-30": "10340.00000", "2008-03-31": "10436.00000", "2007-12-31": "10184.00000", "2007-09-30": "10130.00000", "2007-06-30": "10032.00000", "2007-03-31": "9648.00000", "2006-12-31": "9706.00000", "2006-09-30": "9633.00000", "2006-06-30": "7602.00000", "2006-03-31": "17945.00000", "2005-12-31": "17546.00000", "2005-09-30": "17507.00000", "2005-06-30": "20318.00000", "2005-03-31": "20483.00000"}, "Total Liabilities": {"2020-09-30": "13085.00000", "2020-06-30": "11411.00000", "2020-03-31": "11409.00000", "2019-12-31": "12333.00000", "2019-09-30": "12210.00000", "2019-06-30": "12080.00000", "2019-03-31": "12235.00000", "2018-12-31": "12097.00000", "2018-09-30": "11916.00000", "2018-06-30": "12028.00000", "2018-03-31": "12747.00000", "2017-12-31": "14039.00000", "2017-09-30": "13888.00000", "2017-06-30": "13474.00000", "2017-03-31": "13511.00000", "2016-12-31": "13494.00000", "2016-09-30": "13730.00000", "2016-06-30": "13699.00000", "2016-03-31": "14210.00000", "2015-12-31": "14305.00000", "2015-09-30": "12483.00000", "2015-06-30": "12415.00000", "2015-03-31": "12297.00000", "2014-12-31": "12818.00000", "2014-09-30": "12079.00000", "2014-06-30": "13466.00000", "2014-03-31": "13296.00000", "2013-12-31": "13241.00000", "2013-09-30": "12811.00000", "2013-06-30": "12620.00000", "2013-03-31": "13586.00000", "2012-12-31": "14204.00000", "2012-09-30": "12261.00000", "2012-06-30": "10722.00000", "2012-03-31": "10639.00000", "2011-12-31": "10712.00000", "2011-09-30": "10429.00000", "2011-06-30": "10892.00000", "2011-03-31": "11113.00000", "2010-12-31": "15158.00000", "2010-09-30": "9968.00000", "2010-06-30": "10486.00000", "2010-03-31": "11339.00000", "2009-12-31": "10420.00000", "2009-09-30": "10510.00000", "2009-06-30": "10449.00000", "2009-03-31": "10629.00000", "2008-12-31": "11030.00000", "2008-09-30": "12203.00000", "2008-06-30": "11565.00000", "2008-03-31": "11749.00000", "2007-12-31": "11689.00000", "2007-09-30": "11345.00000", "2007-06-30": "11154.00000", "2007-03-31": "10830.00000", "2006-12-31": "11163.00000", "2006-09-30": "10852.00000", "2006-06-30": "10181.00000", "2006-03-31": "22795.00000", "2005-12-31": "22832.00000", "2005-09-30": "22909.00000", "2005-06-30": "23660.00000", "2005-03-31": "23810.00000"}, "Common Stock Net": {"2020-09-30": "4.00000", "2020-06-30": "4.00000", "2020-03-31": "4.00000", "2019-12-31": "4.00000", "2019-09-30": "4.00000", "2019-06-30": "4.00000", "2019-03-31": "4.00000", "2018-12-31": "4.00000", "2018-09-30": "5.00000", "2018-06-30": "5.00000", "2018-03-31": "5.00000", "2017-12-31": "6.00000", "2017-09-30": "6.00000", "2017-06-30": "6.00000", "2017-03-31": "6.00000", "2016-12-31": "6.00000", "2016-09-30": "6.00000", "2016-06-30": "6.00000", "2016-03-31": "6.00000", "2015-12-31": "6.00000", "2015-09-30": "6.00000", "2015-06-30": "6.00000", "2015-03-31": "6.00000", "2014-12-31": "6.00000", "2014-09-30": "6.00000", "2014-06-30": "6.00000", "2014-03-31": "6.00000", "2013-12-31": "6.00000", "2013-09-30": "5.00000", "2013-06-30": "5.00000", "2013-03-31": "5.00000", "2012-12-31": "5.00000", "2012-09-30": "5.00000", "2012-06-30": "5.00000", "2012-03-31": "5.00000", "2011-12-31": "6.00000", "2011-09-30": "", "2011-06-30": "", "2011-03-31": "", "2010-12-31": "7.00000", "2010-09-30": "", "2010-06-30": "", "2010-03-31": "", "2009-12-31": "", "2009-09-30": "", "2009-06-30": "", "2009-03-31": "", "2008-12-31": "", "2008-09-30": "", "2008-06-30": "", "2008-03-31": "", "2007-12-31": "", "2007-09-30": "", "2007-06-30": "", "2007-03-31": "", "2006-12-31": "", "2006-09-30": "", "2006-06-30": "", "2006-03-31": "28.00000", "2005-12-31": "28.00000", "2005-09-30": "28.00000", "2005-06-30": "28.00000", "2005-03-31": "28.00000"}, "Retained Earnings (Accumulated Deficit)": {"2020-09-30": "3531.00000", "2020-06-30": "5091.00000", "2020-03-31": "4871.00000", "2019-12-31": "4891.00000", "2019-09-30": "4734.00000", "2019-06-30": "5583.00000", "2019-03-31": "5533.00000", "2018-12-31": "5675.00000", "2018-09-30": "5747.00000", "2018-06-30": "5784.00000", "2018-03-31": "5853.00000", "2017-12-31": "9068.00000", "2017-09-30": "7605.00000", "2017-06-30": "7574.00000", "2017-03-31": "7399.00000", "2016-12-31": "7032.00000", "2016-09-30": "7381.00000", "2016-06-30": "7065.00000", "2016-03-31": "6689.00000", "2015-12-31": "6626.00000", "2015-09-30": "5887.00000", "2015-06-30": "5821.00000", "2015-03-31": "5813.00000", "2014-12-31": "5757.00000", "2014-09-30": "5499.00000", "2014-06-30": "5844.00000", "2014-03-31": "5767.00000", "2013-12-31": "5685.00000", "2013-09-30": "5444.00000", "2013-06-30": "5331.00000", "2013-03-31": "5211.00000", "2012-12-31": "5184.00000", "2012-09-30": "3938.00000", "2012-06-30": "3979.00000", "2012-03-31": "3745.00000", "2011-12-31": "3654.00000", "2011-09-30": "", "2011-06-30": "", "2011-03-31": "", "2010-12-31": "2742.00000", "2010-09-30": "", "2010-06-30": "", "2010-03-31": "", "2009-12-31": "", "2009-09-30": "", "2009-06-30": "", "2009-03-31": "", "2008-12-31": "", "2008-09-30": "", "2008-06-30": "", "2008-03-31": "", "2007-12-31": "", "2007-09-30": "", "2007-06-30": "", "2007-03-31": "", "2006-12-31": "", "2006-09-30": "", "2006-06-30": "", "2006-03-31": "-13304.00000", "2005-12-31": "-13278.00000", "2005-09-30": "-13192.00000", "2005-06-30": "-13098.00000", "2005-03-31": "-12991.00000"}, "Comprehensive Income": {"2020-09-30": "16.00000", "2020-06-30": "37.00000", "2020-03-31": "88.00000", "2019-12-31": "-55.00000", "2019-09-30": "-95.00000", "2019-06-30": "-64.00000", "2019-03-31": "-84.00000", "2018-12-31": "-55.00000", "2018-09-30": "-116.00000", "2018-06-30": "-102.00000", "2018-03-31": "3.00000", "2017-12-31": "-133.00000", "2017-09-30": "-157.00000", "2017-06-30": "-185.00000", "2017-03-31": "-243.00000", "2016-12-31": "-266.00000", "2016-09-30": "-198.00000", "2016-06-30": "-191.00000", "2016-03-31": "-189.00000", "2015-12-31": "-215.00000", "2015-09-30": "-189.00000", "2015-06-30": "-188.00000", "2015-03-31": "-210.00000", "2014-12-31": "-94.00000", "2014-09-30": "2.00000", "2014-06-30": "116.00000", "2014-03-31": "112.00000", "2013-12-31": "99.00000", "2013-09-30": "126.00000", "2013-06-30": "55.00000", "2013-03-31": "66.00000", "2012-12-31": "148.00000", "2012-09-30": "154.00000", "2012-06-30": "121.00000", "2012-03-31": "177.00000", "2011-12-31": "152.00000", "2011-09-30": "", "2011-06-30": "", "2011-03-31": "", "2010-12-31": "226.00000", "2010-09-30": "", "2010-06-30": "", "2010-03-31": "", "2009-12-31": "", "2009-09-30": "", "2009-06-30": "", "2009-03-31": "", "2008-12-31": "", "2008-09-30": "", "2008-06-30": "", "2008-03-31": "", "2007-12-31": "", "2007-09-30": "", "2007-06-30": "", "2007-03-31": "", "2006-12-31": "", "2006-09-30": "", "2006-06-30": "", "2006-03-31": "", "2005-12-31": "", "2005-09-30": "", "2005-06-30": "", "2005-03-31": ""}, "Other Share Holders Equity": {"2020-09-30": "", "2020-06-30": "", "2020-03-31": "", "2019-12-31": "", "2019-09-30": "", "2019-06-30": "", "2019-03-31": "", "2018-12-31": "", "2018-09-30": "", "2018-06-30": "", "2018-03-31": "", "2017-12-31": "", "2017-09-30": "", "2017-06-30": "", "2017-03-31": "", "2016-12-31": "", "2016-09-30": "", "2016-06-30": "", "2016-03-31": "", "2015-12-31": "", "2015-09-30": "", "2015-06-30": "", "2015-03-31": "", "2014-12-31": "", "2014-09-30": "", "2014-06-30": "", "2014-03-31": "", "2013-12-31": "", "2013-09-30": "", "2013-06-30": "", "2013-03-31": "", "2012-12-31": "", "2012-09-30": "", "2012-06-30": "", "2012-03-31": "", "2011-12-31": "", "2011-09-30": "", "2011-06-30": "", "2011-03-31": "", "2010-12-31": "", "2010-09-30": "", "2010-06-30": "", "2010-03-31": "", "2009-12-31": "", "2009-09-30": "", "2009-06-30": "", "2009-03-31": "", "2008-12-31": "", "2008-09-30": "", "2008-06-30": "", "2008-03-31": "", "2007-12-31": "", "2007-09-30": "", "2007-06-30": "", "2007-03-31": "", "2006-12-31": "", "2006-09-30": "", "2006-06-30": "", "2006-03-31": "3887.00000", "2005-12-31": "3397.00000", "2005-09-30": "3143.00000", "2005-06-30": "3148.00000", "2005-03-31": "3128.00000"}, "Share Holder Equity": {"2020-09-30": "3707.00000", "2020-06-30": "5286.00000", "2020-03-31": "5101.00000", "2019-12-31": "4972.00000", "2019-09-30": "4769.00000", "2019-06-30": "5641.00000", "2019-03-31": "5562.00000", "2018-12-31": "5744.00000", "2018-09-30": "5757.00000", "2018-06-30": "5801.00000", "2018-03-31": "5968.00000", "2017-12-31": "10083.00000", "2017-09-30": "7559.00000", "2017-06-30": "7499.00000", "2017-03-31": "7247.00000", "2016-12-31": "6861.00000", "2016-09-30": "7302.00000", "2016-06-30": "6994.00000", "2016-03-31": "6748.00000", "2015-12-31": "6875.00000", "2015-09-30": "5802.00000", "2015-06-30": "5727.00000", "2015-03-31": "5705.00000", "2014-12-31": "5780.00000", "2014-09-30": "5628.00000", "2014-06-30": "11256.00000", "2014-03-31": "11366.00000", "2013-12-31": "11435.00000", "2013-09-30": "11559.00000", "2013-06-30": "11665.00000", "2013-03-31": "11768.00000", "2012-12-31": "12051.00000", "2012-09-30": "6282.00000", "2012-06-30": "6309.00000", "2012-03-31": "6505.00000", "2011-12-31": "6627.00000", "2011-09-30": "6596.00000", "2011-06-30": "6677.00000", "2011-03-31": "6438.00000", "2010-12-31": "11442.00000", "2010-09-30": "6061.00000", "2010-06-30": "5834.00000", "2010-03-31": "5810.00000", "2009-12-31": "6923.00000", "2009-09-30": "6707.00000", "2009-06-30": "6518.00000", "2009-03-31": "6307.00000", "2008-12-31": "6457.00000", "2008-09-30": "7307.00000", "2008-06-30": "7463.00000", "2008-03-31": "7399.00000", "2007-12-31": "7637.00000", "2007-09-30": "8045.00000", "2007-06-30": "8398.00000", "2007-03-31": "8817.00000", "2006-12-31": "8657.00000", "2006-09-30": "8173.00000", "2006-06-30": "8452.00000", "2006-03-31": "19584.00000", "2005-12-31": "19120.00000", "2005-09-30": "19034.00000", "2005-06-30": "23745.00000", "2005-03-31": "23806.00000"}, "Total Liabilities And Share Holders Equity": {"2020-09-30": "16792.00000", "2020-06-30": "16697.00000", "2020-03-31": "16510.00000", "2019-12-31": "17305.00000", "2019-09-30": "16979.00000", "2019-06-30": "17721.00000", "2019-03-31": "17797.00000", "2018-12-31": "17841.00000", "2018-09-30": "17673.00000", "2018-06-30": "17829.00000", "2018-03-31": "18715.00000", "2017-12-31": "24122.00000", "2017-09-30": "21447.00000", "2017-06-30": "20973.00000", "2017-03-31": "20758.00000", "2016-12-31": "20355.00000", "2016-09-30": "21032.00000", "2016-06-30": "20693.00000", "2016-03-31": "20958.00000", "2015-12-31": "21180.00000", "2015-09-30": "18285.00000", "2015-06-30": "18142.00000", "2015-03-31": "18002.00000", "2014-12-31": "18598.00000", "2014-09-30": "17707.00000", "2014-06-30": "24722.00000", "2014-03-31": "24662.00000", "2013-12-31": "24676.00000", "2013-09-30": "24370.00000", "2013-06-30": "24285.00000", "2013-03-31": "25354.00000", "2012-12-31": "26255.00000", "2012-09-30": "18543.00000", "2012-06-30": "17031.00000", "2012-03-31": "17144.00000", "2011-12-31": "17339.00000", "2011-09-30": "17025.00000", "2011-06-30": "17569.00000", "2011-03-31": "17551.00000", "2010-12-31": "26600.00000", "2010-09-30": "16029.00000", "2010-06-30": "16320.00000", "2010-03-31": "17149.00000", "2009-12-31": "17343.00000", "2009-09-30": "17217.00000", "2009-06-30": "16967.00000", "2009-03-31": "16936.00000", "2008-12-31": "17487.00000", "2008-09-30": "19510.00000", "2008-06-30": "19028.00000", "2008-03-31": "19148.00000", "2007-12-31": "19326.00000", "2007-09-30": "19390.00000", "2007-06-30": "19552.00000", "2007-03-31": "19647.00000", "2006-12-31": "19820.00000", "2006-09-30": "19025.00000", "2006-06-30": "18633.00000", "2006-03-31": "42379.00000", "2005-12-31": "41952.00000", "2005-09-30": "41943.00000", "2005-06-30": "47405.00000", "2005-03-31": "47616.00000"}}, "cash flow statement": {"Net Income/Loss": {"2019-12-31": "-405.00000", "2018-12-31": "964.00000", "2017-12-31": "2487.00000", "2016-12-31": "1274.00000", "2015-12-31": "911.00000", "2014-12-31": "626.00000", "2013-12-31": "580.00000", "2012-12-31": "1591.00000", "2011-12-31": "965.00000", "2010-12-31": "1937.00000", "2009-12-31": "6501.00000", "2008-12-31": "-745.00000", "2007-12-31": "470.00000", "2006-12-31": "511.00000", "2005-12-31": "298.00000"}, "Total Depreciation And Amortization - Cash Flow": {"2019-12-31": "606.00000", "2018-12-31": "637.00000", "2017-12-31": "725.00000", "2016-12-31": "874.00000", "2015-12-31": "703.00000", "2014-12-31": "669.00000", "2013-12-31": "629.00000", "2012-12-31": "591.00000", "2011-12-31": "641.00000", "2010-12-31": "571.00000", "2009-12-31": "566.00000", "2008-12-31": "561.00000", "2007-12-31": "536.00000", "2006-12-31": "491.00000", "2005-12-31": "449.00000"}, "Other Non-Cash Items": {"2019-12-31": "1420.00000", "2018-12-31": "-87.00000", "2017-12-31": "-1802.00000", "2016-12-31": "-724.00000", "2015-12-31": "-271.00000", "2014-12-31": "32.00000", "2013-12-31": "171.00000", "2012-12-31": "-1057.00000", "2011-12-31": "-505.00000", "2010-12-31": "-1598.00000", "2009-12-31": "-6184.00000", "2008-12-31": "931.00000", "2007-12-31": "-199.00000", "2006-12-31": "-268.00000", "2005-12-31": "-79.00000"}, "Total Non-Cash Items": {"2019-12-31": "2026.00000", "2018-12-31": "550.00000", "2017-12-31": "-1077.00000", "2016-12-31": "150.00000", "2015-12-31": "432.00000", "2014-12-31": "701.00000", "2013-12-31": "800.00000", "2012-12-31": "-466.00000", "2011-12-31": "136.00000", "2010-12-31": "-1027.00000", "2009-12-31": "-5618.00000", "2008-12-31": "1492.00000", "2007-12-31": "337.00000", "2006-12-31": "223.00000", "2005-12-31": "370.00000"}, "Change In Accounts Receivable": {"2019-12-31": "", "2018-12-31": "", "2017-12-31": "", "2016-12-31": "", "2015-12-31": "", "2014-12-31": "", "2013-12-31": "", "2012-12-31": "", "2011-12-31": "", "2010-12-31": "", "2009-12-31": "", "2008-12-31": "", "2007-12-31": "", "2006-12-31": "", "2005-12-31": ""}, "Change In Inventories": {"2019-12-31": "", "2018-12-31": "", "2017-12-31": "", "2016-12-31": "", "2015-12-31": "", "2014-12-31": "", "2013-12-31": "", "2012-12-31": "", "2011-12-31": "", "2010-12-31": "", "2009-12-31": "", "2008-12-31": "", "2007-12-31": "", "2006-12-31": "", "2005-12-31": ""}, "Change In Accounts Payable": {"2019-12-31": "", "2018-12-31": "", "2017-12-31": "", "2016-12-31": "", "2015-12-31": "", "2014-12-31": "", "2013-12-31": "", "2012-12-31": "", "2011-12-31": "", "2010-12-31": "", "2009-12-31": "", "2008-12-31": "", "2007-12-31": "", "2006-12-31": "", "2005-12-31": ""}, "Change In Assets/Liabilities": {"2019-12-31": "59.00000", "2018-12-31": "-308.00000", "2017-12-31": "-145.00000", "2016-12-31": "136.00000", "2015-12-31": "-237.00000", "2014-12-31": "-84.00000", "2013-12-31": "-84.00000", "2012-12-31": "-78.00000", "2011-12-31": "-174.00000", "2010-12-31": "247.00000", "2009-12-31": "5.00000", "2008-12-31": "-74.00000", "2007-12-31": "-290.00000", "2006-12-31": "-219.00000", "2005-12-31": "-162.00000"}, "Total Change In Assets/Liabilities": {"2019-12-31": "-337.00000", "2018-12-31": "-241.00000", "2017-12-31": "80.00000", "2016-12-31": "19.00000", "2015-12-31": "-281.00000", "2014-12-31": "321.00000", "2013-12-31": "-353.00000", "2012-12-31": "320.00000", "2011-12-31": "-201.00000", "2010-12-31": "293.00000", "2009-12-31": "147.00000", "2008-12-31": "-239.00000", "2007-12-31": "-203.00000", "2006-12-31": "-181.00000", "2005-12-31": "86.00000"}, "Cash Flow From Operating Activities": {"2019-12-31": "1284.00000", "2018-12-31": "1273.00000", "2017-12-31": "1490.00000", "2016-12-31": "1443.00000", "2015-12-31": "1062.00000", "2014-12-31": "1648.00000", "2013-12-31": "1027.00000", "2012-12-31": "1447.00000", "2011-12-31": "900.00000", "2010-12-31": "1203.00000", "2009-12-31": "1030.00000", "2008-12-31": "508.00000", "2007-12-31": "604.00000", "2006-12-31": "553.00000", "2005-12-31": "754.00000"}, "Net Change In Property, Plant, And Equipment": {"2019-12-31": "-325.00000", "2018-12-31": "-275.00000", "2017-12-31": "-204.00000", "2016-12-31": "-233.00000", "2015-12-31": "-258.00000", "2014-12-31": "-241.00000", "2013-12-31": "-291.00000", "2012-12-31": "-333.00000", "2011-12-31": "-312.00000", "2010-12-31": "-258.00000", "2009-12-31": "-208.00000", "2008-12-31": "-166.00000", "2007-12-31": "-289.00000", "2006-12-31": "-259.00000", "2005-12-31": "-153.00000"}, "Net Change In Intangible Assets": {"2019-12-31": "", "2018-12-31": "", "2017-12-31": "", "2016-12-31": "", "2015-12-31": "", "2014-12-31": "", "2013-12-31": "", "2012-12-31": "", "2011-12-31": "", "2010-12-31": "", "2009-12-31": "", "2008-12-31": "", "2007-12-31": "", "2006-12-31": "", "2005-12-31": ""}, "Net Acquisitions/Divestitures": {"2019-12-31": "", "2018-12-31": "562.00000", "2017-12-31": "25.00000", "2016-12-31": "", "2015-12-31": "-844.00000", "2014-12-31": "", "2013-12-31": "-24.00000", "2012-12-31": "-83.00000", "2011-12-31": "-14.00000", "2010-12-31": "459.00000", "2009-12-31": "306.00000", "2008-12-31": "-51.00000", "2007-12-31": "-224.00000", "2006-12-31": "-767.00000", "2005-12-31": "-84.00000"}, "Net Change In Short-term Investments": {"2019-12-31": "", "2018-12-31": "", "2017-12-31": "", "2016-12-31": "910.00000", "2015-12-31": "-11.00000", "2014-12-31": "-273.00000", "2013-12-31": "-559.00000", "2012-12-31": "-12.00000", "2011-12-31": "-46.00000", "2010-12-31": "", "2009-12-31": "0.00000", "2008-12-31": "", "2007-12-31": "", "2006-12-31": "23.00000", "2005-12-31": ""}, "Net Change In Long-Term Investments": {"2019-12-31": "-141.00000", "2018-12-31": "-100.00000", "2017-12-31": "-159.00000", "2016-12-31": "267.00000", "2015-12-31": "401.00000", "2014-12-31": "92.00000", "2013-12-31": "753.00000", "2012-12-31": "198.00000", "2011-12-31": "-65.00000", "2010-12-31": "-28.00000", "2009-12-31": "-17.00000", "2008-12-31": "-340.00000", "2007-12-31": "", "2006-12-31": "", "2005-12-31": ""}, "Net Change In Investments - Total": {"2019-12-31": "-141.00000", "2018-12-31": "-100.00000", "2017-12-31": "-159.00000", "2016-12-31": "1177.00000", "2015-12-31": "390.00000", "2014-12-31": "-181.00000", "2013-12-31": "194.00000", "2012-12-31": "186.00000", "2011-12-31": "-111.00000", "2010-12-31": "-28.00000", "2009-12-31": "-17.00000", "2008-12-31": "-340.00000", "2007-12-31": "", "2006-12-31": "23.00000", "2005-12-31": ""}, "Investing Activities - Other": {"2019-12-31": "-134.00000", "2018-12-31": "-140.00000", "2017-12-31": "-53.00000", "2016-12-31": "-36.00000", "2015-12-31": "-76.00000", "2014-12-31": "-16.00000", "2013-12-31": "-41.00000", "2012-12-31": "-39.00000", "2011-12-31": "", "2010-12-31": "171.00000", "2009-12-31": "-33.00000", "2008-12-31": "16.00000", "2007-12-31": "-74.00000", "2006-12-31": "-13.00000", "2005-12-31": "-19.00000"}, "Cash Flow From Investing Activities": {"2019-12-31": "-600.00000", "2018-12-31": "47.00000", "2017-12-31": "-391.00000", "2016-12-31": "908.00000", "2015-12-31": "-788.00000", "2014-12-31": "-438.00000", "2013-12-31": "-162.00000", "2012-12-31": "-269.00000", "2011-12-31": "-437.00000", "2010-12-31": "344.00000", "2009-12-31": "48.00000", "2008-12-31": "-541.00000", "2007-12-31": "-587.00000", "2006-12-31": "-1016.00000", "2005-12-31": "-256.00000"}, "Net Long-Term Debt": {"2019-12-31": "-113.00000", "2018-12-31": "-174.00000", "2017-12-31": "-162.00000", "2016-12-31": "-1071.00000", "2015-12-31": "747.00000", "2014-12-31": "757.00000", "2013-12-31": "-1054.00000", "2012-12-31": "805.00000", "2011-12-31": "-516.00000", "2010-12-31": "-1817.00000", "2009-12-31": "-1261.00000", "2008-12-31": "46.00000", "2007-12-31": "780.00000", "2006-12-31": "1039.00000", "2005-12-31": "-934.00000"}, "Net Current Debt": {"2019-12-31": "", "2018-12-31": "", "2017-12-31": "", "2016-12-31": "", "2015-12-31": "", "2014-12-31": "", "2013-12-31": "", "2012-12-31": "", "2011-12-31": "", "2010-12-31": "", "2009-12-31": "", "2008-12-31": "", "2007-12-31": "", "2006-12-31": "", "2005-12-31": ""}, "Debt Issuance/Retirement Net - Total": {"2019-12-31": "-113.00000", "2018-12-31": "-174.00000", "2017-12-31": "-162.00000", "2016-12-31": "-1071.00000", "2015-12-31": "747.00000", "2014-12-31": "757.00000", "2013-12-31": "-1054.00000", "2012-12-31": "805.00000", "2011-12-31": "-516.00000", "2010-12-31": "-1817.00000", "2009-12-31": "-1261.00000", "2008-12-31": "46.00000", "2007-12-31": "780.00000", "2006-12-31": "1039.00000", "2005-12-31": "-934.00000"}, "Net Common Equity Issued/Repurchased": {"2019-12-31": "-392.00000", "2018-12-31": "-988.00000", "2017-12-31": "-765.00000", "2016-12-31": "-799.00000", "2015-12-31": "-785.00000", "2014-12-31": "-785.00000", "2013-12-31": "-1089.00000", "2012-12-31": "-487.00000", "2011-12-31": "-366.00000", "2010-12-31": "", "2009-12-31": "", "2008-12-31": "-75.00000", "2007-12-31": "-1224.00000", "2006-12-31": "-954.00000", "2005-12-31": ""}, "Net Total Equity Issued/Repurchased": {"2019-12-31": "-392.00000", "2018-12-31": "-988.00000", "2017-12-31": "-765.00000", "2016-12-31": "-799.00000", "2015-12-31": "-785.00000", "2014-12-31": "-785.00000", "2013-12-31": "-1089.00000", "2012-12-31": "-487.00000", "2011-12-31": "-366.00000", "2010-12-31": "", "2009-12-31": "", "2008-12-31": "-75.00000", "2007-12-31": "-1224.00000", "2006-12-31": "-954.00000", "2005-12-31": ""}, "Total Common And Preferred Stock Dividends Paid": {"2019-12-31": "", "2018-12-31": "", "2017-12-31": "", "2016-12-31": "", "2015-12-31": "", "2014-12-31": "", "2013-12-31": "", "2012-12-31": "", "2011-12-31": "", "2010-12-31": "", "2009-12-31": "", "2008-12-31": "", "2007-12-31": "", "2006-12-31": "", "2005-12-31": ""}, "Financial Activities - Other": {"2019-12-31": "-156.00000", "2018-12-31": "-412.00000", "2017-12-31": "-109.00000", "2016-12-31": "298.00000", "2015-12-31": "-84.00000", "2014-12-31": "-59.00000", "2013-12-31": "-65.00000", "2012-12-31": "-69.00000", "2011-12-31": "-34.00000", "2010-12-31": "3.00000", "2009-12-31": "-121.00000", "2008-12-31": "307.00000", "2007-12-31": "28.00000", "2006-12-31": "361.00000", "2005-12-31": "571.00000"}, "Cash Flow From Financial Activities": {"2019-12-31": "-661.00000", "2018-12-31": "-1574.00000", "2017-12-31": "-1036.00000", "2016-12-31": "-1572.00000", "2015-12-31": "-122.00000", "2014-12-31": "-87.00000", "2013-12-31": "-2208.00000", "2012-12-31": "249.00000", "2011-12-31": "-916.00000", "2010-12-31": "-1814.00000", "2009-12-31": "-1382.00000", "2008-12-31": "278.00000", "2007-12-31": "-416.00000", "2006-12-31": "446.00000", "2005-12-31": "-363.00000"}, "Net Cash Flow": {"2019-12-31": "21.00000", "2018-12-31": "-252.00000", "2017-12-31": "76.00000", "2016-12-31": "-1624.00000", "2015-12-31": "143.00000", "2014-12-31": "1404.00000", "2013-12-31": "-1389.00000", "2012-12-31": "1445.00000", "2011-12-31": "-506.00000", "2010-12-31": "-602.00000", "2009-12-31": "52.00000", "2008-12-31": "275.00000", "2007-12-31": "-389.00000", "2006-12-31": "1.00000", "2005-12-31": "90.00000"}, "Stock-Based Compensation": {"2019-12-31": "71.00000", "2018-12-31": "88.00000", "2017-12-31": "123.00000", "2016-12-31": "5.00000", "2015-12-31": "111.00000", "2014-12-31": "93.00000", "2013-12-31": "110.00000", "2012-12-31": "79.00000", "2011-12-31": "46.00000", "2010-12-31": "47.00000", "2009-12-31": "38.00000", "2008-12-31": "23.00000", "2007-12-31": "-2.00000", "2006-12-31": "-52.00000", "2005-12-31": "52.00000"}, "Common Stock Dividends Paid": {"2019-12-31": "", "2018-12-31": "", "2017-12-31": "", "2016-12-31": "", "2015-12-31": "", "2014-12-31": "", "2013-12-31": "", "2012-12-31": "", "2011-12-31": "", "2010-12-31": "", "2009-12-31": "", "2008-12-31": "", "2007-12-31": "", "2006-12-31": "", "2005-12-31": ""}}, "cash flow statement, quarterly": {"Net Income/Loss": {"2020-09-30": 352, "2020-06-30": 234, "2020-03-31": "-9.00000", "2019-12-31": 154, "2019-09-30": -755, "2019-06-30": 130, "2019-03-31": "66.00000", "2018-12-31": 287, "2018-09-30": 82, "2018-06-30": 198, "2018-03-31": "397.00000", "2017-12-31": 1476, "2017-09-30": 308, "2017-06-30": 184, "2017-03-31": "519.00000", "2016-12-31": 330, "2016-09-30": 478, "2016-06-30": 390, "2016-03-31": "76.00000", "2015-12-31": 303, "2015-09-30": 198, "2015-06-30": 258, "2015-03-31": "152.00000", "2014-12-31": 271, "2014-09-30": 139, "2014-06-30": 106, "2014-03-31": "110.00000", "2013-12-31": 246, "2013-09-30": 131, "2013-06-30": 150, "2013-03-31": "53.00000", "2012-12-31": 1263, "2012-09-30": -26, "2012-06-30": 249, "2012-03-31": "105.00000", "2011-12-31": 304, "2011-09-30": -7, "2011-06-30": 269, "2011-03-31": "399.00000", "2010-12-31": 1303, "2010-09-30": 249, "2010-06-30": 65, "2010-03-31": "320.00000", "2009-12-31": 6410, "2009-09-30": 3, "2009-06-30": 136, "2009-03-31": "-48.00000", "2008-12-31": -704, "2008-09-30": -275, "2008-06-30": 102, "2008-03-31": "132.00000", "2007-12-31": 199, "2007-09-30": 78, "2007-06-30": 102, "2007-03-31": "91.00000", "2006-12-31": 283, "2006-09-30": 114, "2006-06-30": 126, "2006-03-31": "-12.00000", "2005-12-31": -168, "2005-09-30": 67, "2005-06-30": -186, "2005-03-31": "254.00000"}, "Total Depreciation And Amortization - Cash Flow": {"2020-09-30": 141, "2020-06-30": 144, "2020-03-31": "142.00000", "2019-12-31": 149, "2019-09-30": 146, "2019-06-30": 158, "2019-03-31": "153.00000", "2018-12-31": 148, "2018-09-30": 167, "2018-06-30": 159, "2018-03-31": "163.00000", "2017-12-31": 131, "2017-09-30": 180, "2017-06-30": 206, "2017-03-31": "208.00000", "2016-12-31": 211, "2016-09-30": 225, "2016-06-30": 221, "2016-03-31": "217.00000", "2015-12-31": 224, "2015-09-30": 150, "2015-06-30": 161, "2015-03-31": "168.00000", "2014-12-31": 176, "2014-09-30": 166, "2014-06-30": 164, "2014-03-31": "163.00000", "2013-12-31": 166, "2013-09-30": -4, "2013-06-30": 237, "2013-03-31": "230.00000", "2012-12-31": 154, "2012-09-30": 147, "2012-06-30": 147, "2012-03-31": "143.00000", "2011-12-31": 193, "2011-09-30": 151, "2011-06-30": 148, "2011-03-31": "149.00000", "2010-12-31": 150, "2010-09-30": 141, "2010-06-30": 139, "2010-03-31": "141.00000", "2009-12-31": 145, "2009-09-30": 139, "2009-06-30": 135, "2009-03-31": "147.00000", "2008-12-31": 143, "2008-09-30": 143, "2008-06-30": 136, "2008-03-31": "139.00000", "2007-12-31": 139, "2007-09-30": 135, "2007-06-30": 137, "2007-03-31": "125.00000", "2006-12-31": 124, "2006-09-30": 122, "2006-06-30": 125, "2006-03-31": "120.00000", "2005-12-31": 293, "2005-09-30": 117, "2005-06-30": 51, "2005-03-31": "178.00000"}, "Other Non-Cash Items": {"2020-09-30": -95, "2020-06-30": 65, "2020-03-31": "146.00000", "2019-12-31": 157, "2019-09-30": 976, "2019-06-30": 168, "2019-03-31": "119.00000", "2018-12-31": 45, "2018-09-30": -1, "2018-06-30": 79, "2018-03-31": "-210.00000", "2017-12-31": -1174, "2017-09-30": -174, "2017-06-30": -61, "2017-03-31": "-393.00000", "2016-12-31": -172, "2016-09-30": -435, "2016-06-30": -173, "2016-03-31": "56.00000", "2015-12-31": -56, "2015-09-30": -1, "2015-06-30": -174, "2015-03-31": "-40.00000", "2014-12-31": 6, "2014-09-30": 4, "2014-06-30": 23, "2014-03-31": "-1.00000", "2013-12-31": 264, "2013-09-30": 20, "2013-06-30": -21, "2013-03-31": "-92.00000", "2012-12-31": -1088, "2012-09-30": 115, "2012-06-30": -84, "2012-03-31": "", "2011-12-31": -49, "2011-09-30": 43, "2011-06-30": -155, "2011-03-31": "-344.00000", "2010-12-31": -1199, "2010-09-30": -35, "2010-06-30": -78, "2010-03-31": "-286.00000", "2009-12-31": -6211, "2009-09-30": -6, "2009-06-30": -39, "2009-03-31": "72.00000", "2008-12-31": 868, "2008-09-30": 230, "2008-06-30": -80, "2008-03-31": "-87.00000", "2007-12-31": 37, "2007-09-30": -63, "2007-06-30": -71, "2007-03-31": "-102.00000", "2006-12-31": -140, "2006-09-30": -143, "2006-06-30": -48, "2006-03-31": "63.00000", "2005-12-31": -249, "2005-09-30": -38, "2005-06-30": 2, "2005-03-31": ""}, "Total Non-Cash Items": {"2020-09-30": 46, "2020-06-30": 209, "2020-03-31": "288.00000", "2019-12-31": 306, "2019-09-30": 1122, "2019-06-30": 326, "2019-03-31": "272.00000", "2018-12-31": 193, "2018-09-30": 166, "2018-06-30": 238, "2018-03-31": "-47.00000", "2017-12-31": -1043, "2017-09-30": 6, "2017-06-30": 145, "2017-03-31": "-185.00000", "2016-12-31": 39, "2016-09-30": -210, "2016-06-30": 48, "2016-03-31": "273.00000", "2015-12-31": 168, "2015-09-30": 149, "2015-06-30": -13, "2015-03-31": "128.00000", "2014-12-31": 182, "2014-09-30": 170, "2014-06-30": 187, "2014-03-31": "162.00000", "2013-12-31": 430, "2013-09-30": 16, "2013-06-30": 216, "2013-03-31": "138.00000", "2012-12-31": -934, "2012-09-30": 262, "2012-06-30": 63, "2012-03-31": "143.00000", "2011-12-31": 144, "2011-09-30": 194, "2011-06-30": -7, "2011-03-31": "-195.00000", "2010-12-31": -1049, "2010-09-30": 106, "2010-06-30": 61, "2010-03-31": "-145.00000", "2009-12-31": -6066, "2009-09-30": 133, "2009-06-30": 96, "2009-03-31": "219.00000", "2008-12-31": 1011, "2008-09-30": 373, "2008-06-30": 56, "2008-03-31": "52.00000", "2007-12-31": 176, "2007-09-30": 72, "2007-06-30": 66, "2007-03-31": "23.00000", "2006-12-31": -16, "2006-09-30": -21, "2006-06-30": 77, "2006-03-31": "183.00000", "2005-12-31": 123, "2005-09-30": 79, "2005-06-30": 53, "2005-03-31": "178.00000"}, "Change In Accounts Receivable": {"2020-09-30": 189, "2020-06-30": 120, "2020-03-31": "411.00000", "2019-12-31": -575, "2019-09-30": 31, "2019-06-30": 174, "2019-03-31": "370.00000", "2018-12-31": 0, "2018-09-30": 0, "2018-06-30": 0, "2018-03-31": "", "2017-12-31": 0, "2017-09-30": 0, "2017-06-30": 0, "2017-03-31": "", "2016-12-31": 0, "2016-09-30": 0, "2016-06-30": 0, "2016-03-31": "", "2015-12-31": 0, "2015-09-30": 0, "2015-06-30": 0, "2015-03-31": "", "2014-12-31": 0, "2014-09-30": 0, "2014-06-30": 0, "2014-03-31": "", "2013-12-31": 0, "2013-09-30": 0, "2013-06-30": 0, "2013-03-31": "", "2012-12-31": 0, "2012-09-30": 0, "2012-06-30": 0, "2012-03-31": "", "2011-12-31": 0, "2011-09-30": 0, "2011-06-30": 0, "2011-03-31": "", "2010-12-31": 0, "2010-09-30": 0, "2010-06-30": 0, "2010-03-31": "", "2009-12-31": 0, "2009-09-30": 0, "2009-06-30": 0, "2009-03-31": "", "2008-12-31": 0, "2008-09-30": 0, "2008-06-30": 0, "2008-03-31": "", "2007-12-31": 0, "2007-09-30": 0, "2007-06-30": 0, "2007-03-31": "", "2006-12-31": 0, "2006-09-30": 0, "2006-06-30": 0, "2006-03-31": "", "2005-12-31": 0, "2005-09-30": 0, "2005-06-30": 0, "2005-03-31": ""}, "Change In Inventories": {"2020-09-30": -171, "2020-06-30": 131, "2020-03-31": "-23.00000", "2019-12-31": 209, "2019-09-30": -171, "2019-06-30": 48, "2019-03-31": "-86.00000", "2018-12-31": 0, "2018-09-30": 0, "2018-06-30": 0, "2018-03-31": "", "2017-12-31": 0, "2017-09-30": 0, "2017-06-30": 0, "2017-03-31": "", "2016-12-31": 0, "2016-09-30": 0, "2016-06-30": 0, "2016-03-31": "", "2015-12-31": 0, "2015-09-30": 0, "2015-06-30": 0, "2015-03-31": "", "2014-12-31": 0, "2014-09-30": 0, "2014-06-30": 0, "2014-03-31": "", "2013-12-31": 0, "2013-09-30": 0, "2013-06-30": 0, "2013-03-31": "", "2012-12-31": 0, "2012-09-30": 0, "2012-06-30": 0, "2012-03-31": "", "2011-12-31": 0, "2011-09-30": 0, "2011-06-30": 0, "2011-03-31": "", "2010-12-31": 0, "2010-09-30": 0, "2010-06-30": 0, "2010-03-31": "", "2009-12-31": 0, "2009-09-30": 0, "2009-06-30": 0, "2009-03-31": "", "2008-12-31": 0, "2008-09-30": 0, "2008-06-30": 0, "2008-03-31": "", "2007-12-31": 0, "2007-09-30": 0, "2007-06-30": 0, "2007-03-31": "", "2006-12-31": 0, "2006-09-30": 0, "2006-06-30": 0, "2006-03-31": "", "2005-12-31": 0, "2005-09-30": 0, "2005-06-30": 0, "2005-03-31": ""}, "Change In Accounts Payable": {"2020-09-30": 204, "2020-06-30": 88, "2020-03-31": "-240.00000", "2019-12-31": 192, "2019-09-30": 160, "2019-06-30": -80, "2019-03-31": "-272.00000", "2018-12-31": 0, "2018-09-30": 0, "2018-06-30": 0, "2018-03-31": "", "2017-12-31": 0, "2017-09-30": 0, "2017-06-30": 0, "2017-03-31": "", "2016-12-31": 0, "2016-09-30": 0, "2016-06-30": 0, "2016-03-31": "", "2015-12-31": 0, "2015-09-30": 0, "2015-06-30": 0, "2015-03-31": "", "2014-12-31": 0, "2014-09-30": 0, "2014-06-30": 0, "2014-03-31": "", "2013-12-31": 0, "2013-09-30": 0, "2013-06-30": 0, "2013-03-31": "", "2012-12-31": 0, "2012-09-30": 0, "2012-06-30": 0, "2012-03-31": "", "2011-12-31": 0, "2011-09-30": 0, "2011-06-30": 0, "2011-03-31": "", "2010-12-31": 0, "2010-09-30": 0, "2010-06-30": 0, "2010-03-31": "", "2009-12-31": 0, "2009-09-30": 0, "2009-06-30": 0, "2009-03-31": "", "2008-12-31": 0, "2008-09-30": 0, "2008-06-30": 0, "2008-03-31": "", "2007-12-31": 0, "2007-09-30": 0, "2007-06-30": 0, "2007-03-31": "", "2006-12-31": 0, "2006-09-30": 0, "2006-06-30": 0, "2006-03-31": "", "2005-12-31": 0, "2005-09-30": 0, "2005-06-30": 0, "2005-03-31": ""}, "Change In Assets/Liabilities": {"2020-09-30": 32, "2020-06-30": -25, "2020-03-31": "62.00000", "2019-12-31": 6, "2019-09-30": -9, "2019-06-30": 10, "2019-03-31": "52.00000", "2018-12-31": -471, "2018-09-30": -306, "2018-06-30": 166, "2018-03-31": "303.00000", "2017-12-31": -307, "2017-09-30": -137, "2017-06-30": 45, "2017-03-31": "254.00000", "2016-12-31": -213, "2016-09-30": -43, "2016-06-30": 111, "2016-03-31": "281.00000", "2015-12-31": -202, "2015-09-30": -322, "2015-06-30": 29, "2015-03-31": "258.00000", "2014-12-31": -249, "2014-09-30": -146, "2014-06-30": 135, "2014-03-31": "176.00000", "2013-12-31": -178, "2013-09-30": -156, "2013-06-30": 44, "2013-03-31": "206.00000", "2012-12-31": -240, "2012-09-30": -195, "2012-06-30": 89, "2012-03-31": "268.00000", "2011-12-31": -280, "2011-09-30": -124, "2011-06-30": 35, "2011-03-31": "195.00000", "2010-12-31": -314, "2010-09-30": 320, "2010-06-30": 37, "2010-03-31": "204.00000", "2009-12-31": -178, "2009-09-30": -167, "2009-06-30": 100, "2009-03-31": "250.00000", "2008-12-31": -190, "2008-09-30": -54, "2008-06-30": 19, "2008-03-31": "151.00000", "2007-12-31": -267, "2007-09-30": -161, "2007-06-30": 18, "2007-03-31": "120.00000", "2006-12-31": -153, "2006-09-30": -155, "2006-06-30": -34, "2006-03-31": "123.00000", "2005-12-31": -159, "2005-09-30": -151, "2005-06-30": 148, "2005-03-31": ""}, "Total Change In Assets/Liabilities": {"2020-09-30": 259, "2020-06-30": 583, "2020-03-31": "-107.00000", "2019-12-31": -86, "2019-09-30": -50, "2019-06-30": -19, "2019-03-31": "-182.00000", "2018-12-31": -203, "2018-09-30": 37, "2018-06-30": -10, "2018-03-31": "-65.00000", "2017-12-31": -15, "2017-09-30": -25, "2017-06-30": 28, "2017-03-31": "92.00000", "2016-12-31": 54, "2016-09-30": 81, "2016-06-30": -97, "2016-03-31": "-19.00000", "2015-12-31": -197, "2015-09-30": -125, "2015-06-30": 93, "2015-03-31": "-52.00000", "2014-12-31": 90, "2014-09-30": -29, "2014-06-30": 135, "2014-03-31": "125.00000", "2013-12-31": -114, "2013-09-30": -115, "2013-06-30": -22, "2013-03-31": "-102.00000", "2012-12-31": 150, "2012-09-30": -25, "2012-06-30": 118, "2012-03-31": "77.00000", "2011-12-31": -64, "2011-09-30": -65, "2011-06-30": 14, "2011-03-31": "-86.00000", "2010-12-31": -121, "2010-09-30": 515, "2010-06-30": -89, "2010-03-31": "-12.00000", "2009-12-31": -13, "2009-09-30": 44, "2009-06-30": 180, "2009-03-31": "-64.00000", "2008-12-31": -141, "2008-09-30": -21, "2008-06-30": 19, "2008-03-31": "-96.00000", "2007-12-31": -65, "2007-09-30": -81, "2007-06-30": -56, "2007-03-31": "-1.00000", "2006-12-31": 49, "2006-09-30": -129, "2006-06-30": -63, "2006-03-31": "-38.00000", "2005-12-31": 275, "2005-09-30": -48, "2005-06-30": 133, "2005-03-31": "-97.00000"}, "Cash Flow From Operating Activities": {"2020-09-30": 657, "2020-06-30": 1026, "2020-03-31": "172.00000", "2019-12-31": 374, "2019-09-30": 317, "2019-06-30": 437, "2019-03-31": "156.00000", "2018-12-31": 277, "2018-09-30": 285, "2018-06-30": 423, "2018-03-31": "288.00000", "2017-12-31": 410, "2017-09-30": 297, "2017-06-30": 357, "2017-03-31": "426.00000", "2016-12-31": 423, "2016-09-30": 349, "2016-06-30": 377, "2016-03-31": "294.00000", "2015-12-31": 259, "2015-09-30": 205, "2015-06-30": 378, "2015-03-31": "220.00000", "2014-12-31": 540, "2014-09-30": 276, "2014-06-30": 435, "2014-03-31": "397.00000", "2013-12-31": 492, "2013-09-30": 88, "2013-06-30": 347, "2013-03-31": "100.00000", "2012-12-31": 503, "2012-09-30": 214, "2012-06-30": 400, "2012-03-31": "330.00000", "2011-12-31": 384, "2011-09-30": 184, "2011-06-30": 224, "2011-03-31": "108.00000", "2010-12-31": 133, "2010-09-30": 870, "2010-06-30": 37, "2010-03-31": "163.00000", "2009-12-31": 331, "2009-09-30": 180, "2009-06-30": 412, "2009-03-31": "107.00000", "2008-12-31": 166, "2008-09-30": 77, "2008-06-30": 177, "2008-03-31": "88.00000", "2007-12-31": 310, "2007-09-30": 69, "2007-06-30": 112, "2007-03-31": "113.00000", "2006-12-31": 316, "2006-09-30": -36, "2006-06-30": 140, "2006-03-31": "133.00000", "2005-12-31": 471, "2005-09-30": 98, "2005-06-30": 228, "2005-03-31": "107.00000"}, "Net Change In Property, Plant, And Equipment": {"2020-09-30": -57, "2020-06-30": -63, "2020-03-31": "-45.00000", "2019-12-31": -76, "2019-09-30": -82, "2019-06-30": -106, "2019-03-31": "-61.00000", "2018-12-31": -103, "2018-09-30": -74, "2018-06-30": -51, "2018-03-31": "-47.00000", "2017-12-31": -78, "2017-09-30": -52, "2017-06-30": -44, "2017-03-31": "-30.00000", "2016-12-31": -56, "2016-09-30": -52, "2016-06-30": -74, "2016-03-31": "-51.00000", "2015-12-31": -94, "2015-09-30": -60, "2015-06-30": -60, "2015-03-31": "-44.00000", "2014-12-31": -99, "2014-09-30": -57, "2014-06-30": -44, "2014-03-31": "-41.00000", "2013-12-31": -115, "2013-09-30": -40, "2013-06-30": -77, "2013-03-31": "-59.00000", "2012-12-31": -96, "2012-09-30": -86, "2012-06-30": -83, "2012-03-31": "-68.00000", "2011-12-31": -120, "2011-09-30": -89, "2011-06-30": -62, "2011-03-31": "-41.00000", "2010-12-31": -82, "2010-09-30": -53, "2010-06-30": -64, "2010-03-31": "-59.00000", "2009-12-31": -76, "2009-09-30": -48, "2009-06-30": -54, "2009-03-31": "-30.00000", "2008-12-31": -66, "2008-09-30": -33, "2008-06-30": -32, "2008-03-31": "-35.00000", "2007-12-31": -53, "2007-09-30": -69, "2007-06-30": -85, "2007-03-31": "-82.00000", "2006-12-31": -89, "2006-09-30": -71, "2006-06-30": -57, "2006-03-31": "-42.00000", "2005-12-31": -140, "2005-09-30": -43, "2005-06-30": 11, "2005-03-31": "-61.00000"}, "Net Change In Intangible Assets": {"2020-09-30": -31, "2020-06-30": -9, "2020-03-31": "-1.00000", "2019-12-31": 128, "2019-09-30": -4, "2019-06-30": -72, "2019-03-31": "-52.00000", "2018-12-31": 0, "2018-09-30": 0, "2018-06-30": 0, "2018-03-31": "", "2017-12-31": 0, "2017-09-30": 0, "2017-06-30": 0, "2017-03-31": "", "2016-12-31": 0, "2016-09-30": 0, "2016-06-30": 0, "2016-03-31": "", "2015-12-31": 0, "2015-09-30": 0, "2015-06-30": 0, "2015-03-31": "", "2014-12-31": 0, "2014-09-30": 0, "2014-06-30": 0, "2014-03-31": "", "2013-12-31": 0, "2013-09-30": 0, "2013-06-30": 0, "2013-03-31": "", "2012-12-31": 0, "2012-09-30": 0, "2012-06-30": 0, "2012-03-31": "", "2011-12-31": 0, "2011-09-30": 0, "2011-06-30": 0, "2011-03-31": "", "2010-12-31": 0, "2010-09-30": 0, "2010-06-30": 0, "2010-03-31": "", "2009-12-31": 0, "2009-09-30": 0, "2009-06-30": 0, "2009-03-31": "", "2008-12-31": 0, "2008-09-30": 0, "2008-06-30": 0, "2008-03-31": "", "2007-12-31": 0, "2007-09-30": 0, "2007-06-30": 0, "2007-03-31": "", "2006-12-31": 0, "2006-09-30": 0, "2006-06-30": 0, "2006-03-31": "", "2005-12-31": 0, "2005-09-30": 0, "2005-06-30": 0, "2005-03-31": ""}, "Net Acquisitions/Divestitures": {"2020-09-30": 0, "2020-06-30": 0, "2020-03-31": "", "2019-12-31": 0, "2019-09-30": 0, "2019-06-30": 0, "2019-03-31": "", "2018-12-31": 562, "2018-09-30": 0, "2018-06-30": 0, "2018-03-31": "", "2017-12-31": 25, "2017-09-30": 0, "2017-06-30": 0, "2017-03-31": "", "2016-12-31": 0, "2016-09-30": 0, "2016-06-30": 0, "2016-03-31": "", "2015-12-31": -824, "2015-09-30": 0, "2015-06-30": 0, "2015-03-31": "-20.00000", "2014-12-31": 0, "2014-09-30": 0, "2014-06-30": 0, "2014-03-31": "", "2013-12-31": -24, "2013-09-30": 32, "2013-06-30": -32, "2013-03-31": "", "2012-12-31": -431, "2012-09-30": 0, "2012-06-30": 348, "2012-03-31": "", "2011-12-31": -14, "2011-09-30": 0, "2011-06-30": 0, "2011-03-31": "", "2010-12-31": 0, "2010-09-30": 0, "2010-06-30": 8, "2010-03-31": "451.00000", "2009-12-31": 224, "2009-09-30": 10, "2009-06-30": 2, "2009-03-31": "70.00000", "2008-12-31": 18, "2008-09-30": -29, "2008-06-30": -40, "2008-03-31": "", "2007-12-31": -116, "2007-09-30": 0, "2007-06-30": -108, "2007-03-31": "", "2006-12-31": -331, "2006-09-30": -5, "2006-06-30": 0, "2006-03-31": "-431.00000", "2005-12-31": 0, "2005-09-30": 0, "2005-06-30": 0, "2005-03-31": "0.00000"}, "Net Change In Short-term Investments": {"2020-09-30": 0, "2020-06-30": 0, "2020-03-31": "", "2019-12-31": 0, "2019-09-30": 0, "2019-06-30": 0, "2019-03-31": "", "2018-12-31": 0, "2018-09-30": 0, "2018-06-30": 0, "2018-03-31": "", "2017-12-31": 0, "2017-09-30": 0, "2017-06-30": 0, "2017-03-31": "", "2016-12-31": 0, "2016-09-30": 0, "2016-06-30": 601, "2016-03-31": "309.00000", "2015-12-31": 3, "2015-09-30": -65, "2015-06-30": 25, "2015-03-31": "26.00000", "2014-12-31": -208, "2014-09-30": -45, "2014-06-30": 18, "2014-03-31": "-38.00000", "2013-12-31": 0, "2013-09-30": 113, "2013-06-30": -14, "2013-03-31": "-658.00000", "2012-12-31": -58, "2012-09-30": 0, "2012-06-30": 8, "2012-03-31": "38.00000", "2011-12-31": 43, "2011-09-30": -41, "2011-06-30": 63, "2011-03-31": "-111.00000", "2010-12-31": 0, "2010-09-30": 0, "2010-06-30": 0, "2010-03-31": "", "2009-12-31": 0, "2009-09-30": 0, "2009-06-30": 0, "2009-03-31": "", "2008-12-31": 0, "2008-09-30": 0, "2008-06-30": 0, "2008-03-31": "", "2007-12-31": 0, "2007-09-30": 0, "2007-06-30": 0, "2007-03-31": "", "2006-12-31": 0, "2006-09-30": 0, "2006-06-30": 0, "2006-03-31": "23.00000", "2005-12-31": 0, "2005-09-30": 0, "2005-06-30": 0, "2005-03-31": ""}, "Net Change In Long-Term Investments": {"2020-09-30": 236, "2020-06-30": -19, "2020-03-31": "-36.00000", "2019-12-31": -32, "2019-09-30": -33, "2019-06-30": -33, "2019-03-31": "-43.00000", "2018-12-31": -308, "2018-09-30": 258, "2018-06-30": -28, "2018-03-31": "-22.00000", "2017-12-31": -19, "2017-09-30": -22, "2017-06-30": -97, "2017-03-31": "-21.00000", "2016-12-31": 2384, "2016-09-30": 196, "2016-06-30": -2300, "2016-03-31": "-13.00000", "2015-12-31": 256, "2015-09-30": -28, "2015-06-30": 218, "2015-03-31": "-45.00000", "2014-12-31": 103, "2014-09-30": -5, "2014-06-30": -13, "2014-03-31": "7.00000", "2013-12-31": -12, "2013-09-30": -320, "2013-06-30": 1086, "2013-03-31": "-1.00000", "2012-12-31": 390, "2012-09-30": -84, "2012-06-30": -63, "2012-03-31": "-45.00000", "2011-12-31": -65, "2011-09-30": 7, "2011-06-30": -2, "2011-03-31": "-5.00000", "2010-12-31": 3, "2010-09-30": 0, "2010-06-30": 0, "2010-03-31": "-31.00000", "2009-12-31": -1, "2009-09-30": 7, "2009-06-30": -15, "2009-03-31": "-8.00000", "2008-12-31": 0, "2008-09-30": 0, "2008-06-30": -1, "2008-03-31": "-339.00000", "2007-12-31": 11, "2007-09-30": -11, "2007-06-30": 0, "2007-03-31": "", "2006-12-31": 5, "2006-09-30": -3, "2006-06-30": 3, "2006-03-31": "-5.00000", "2005-12-31": 0, "2005-09-30": 0, "2005-06-30": 0, "2005-03-31": ""}, "Net Change In Investments - Total": {"2020-09-30": 236, "2020-06-30": -19, "2020-03-31": "-36.00000", "2019-12-31": -32, "2019-09-30": -33, "2019-06-30": -33, "2019-03-31": "-43.00000", "2018-12-31": -308, "2018-09-30": 258, "2018-06-30": -28, "2018-03-31": "-22.00000", "2017-12-31": -19, "2017-09-30": -22, "2017-06-30": -97, "2017-03-31": "-21.00000", "2016-12-31": 2384, "2016-09-30": 196, "2016-06-30": -1699, "2016-03-31": "296.00000", "2015-12-31": 259, "2015-09-30": -93, "2015-06-30": 243, "2015-03-31": "-19.00000", "2014-12-31": -105, "2014-09-30": -50, "2014-06-30": 5, "2014-03-31": "-31.00000", "2013-12-31": -12, "2013-09-30": -207, "2013-06-30": 1072, "2013-03-31": "-659.00000", "2012-12-31": 332, "2012-09-30": -84, "2012-06-30": -55, "2012-03-31": "-7.00000", "2011-12-31": -22, "2011-09-30": -34, "2011-06-30": 61, "2011-03-31": "-116.00000", "2010-12-31": 3, "2010-09-30": 0, "2010-06-30": 0, "2010-03-31": "-31.00000", "2009-12-31": -1, "2009-09-30": 7, "2009-06-30": -15, "2009-03-31": "-8.00000", "2008-12-31": 0, "2008-09-30": 0, "2008-06-30": -1, "2008-03-31": "-339.00000", "2007-12-31": 11, "2007-09-30": -11, "2007-06-30": 0, "2007-03-31": "", "2006-12-31": 5, "2006-09-30": -3, "2006-06-30": 3, "2006-03-31": "18.00000", "2005-12-31": -24, "2005-09-30": 0, "2005-06-30": -73, "2005-03-31": "73.00000"}, "Investing Activities - Other": {"2020-09-30": -7, "2020-06-30": -1, "2020-03-31": "8.00000", "2019-12-31": -134, "2019-09-30": 0, "2019-06-30": 10, "2019-03-31": "-10.00000", "2018-12-31": -20, "2018-09-30": -62, "2018-06-30": -38, "2018-03-31": "-20.00000", "2017-12-31": -17, "2017-09-30": -7, "2017-06-30": -28, "2017-03-31": "-1.00000", "2016-12-31": -22, "2016-09-30": -13, "2016-06-30": 11, "2016-03-31": "-12.00000", "2015-12-31": -278, "2015-09-30": 49, "2015-06-30": -3, "2015-03-31": "156.00000", "2014-12-31": -4, "2014-09-30": -17, "2014-06-30": 13, "2014-03-31": "-8.00000", "2013-12-31": -24, "2013-09-30": -7, "2013-06-30": 26, "2013-03-31": "-36.00000", "2012-12-31": 1, "2012-09-30": 0, "2012-06-30": -24, "2012-03-31": "-16.00000", "2011-12-31": 21, "2011-09-30": -22, "2011-06-30": 1, "2011-03-31": "", "2010-12-31": 216, "2010-09-30": -845, "2010-06-30": 2, "2010-03-31": "798.00000", "2009-12-31": -7, "2009-09-30": -12, "2009-06-30": -21, "2009-03-31": "7.00000", "2008-12-31": 1, "2008-09-30": 17, "2008-06-30": -7, "2008-03-31": "5.00000", "2007-12-31": -50, "2007-09-30": -20, "2007-06-30": -4, "2007-03-31": "", "2006-12-31": 310, "2006-09-30": -155, "2006-06-30": -142, "2006-03-31": "-26.00000", "2005-12-31": 947, "2005-09-30": -53, "2005-06-30": -41, "2005-03-31": "39.00000"}, "Cash Flow From Investing Activities": {"2020-09-30": 141, "2020-06-30": -92, "2020-03-31": "-74.00000", "2019-12-31": -114, "2019-09-30": -119, "2019-06-30": -201, "2019-03-31": "-166.00000", "2018-12-31": 131, "2018-09-30": 122, "2018-06-30": -117, "2018-03-31": "-89.00000", "2017-12-31": -89, "2017-09-30": -81, "2017-06-30": -169, "2017-03-31": "-52.00000", "2016-12-31": 2306, "2016-09-30": 131, "2016-06-30": -1762, "2016-03-31": "233.00000", "2015-12-31": -937, "2015-09-30": -104, "2015-06-30": 180, "2015-03-31": "73.00000", "2014-12-31": -208, "2014-09-30": -124, "2014-06-30": -26, "2014-03-31": "-80.00000", "2013-12-31": -175, "2013-09-30": -222, "2013-06-30": 989, "2013-03-31": "-754.00000", "2012-12-31": -194, "2012-09-30": -170, "2012-06-30": 186, "2012-03-31": "-91.00000", "2011-12-31": -135, "2011-09-30": -145, "2011-06-30": 0, "2011-03-31": "-157.00000", "2010-12-31": 137, "2010-09-30": -898, "2010-06-30": -54, "2010-03-31": "1159.00000", "2009-12-31": 140, "2009-09-30": -43, "2009-06-30": -88, "2009-03-31": "39.00000", "2008-12-31": -47, "2008-09-30": -45, "2008-06-30": -80, "2008-03-31": "-369.00000", "2007-12-31": -208, "2007-09-30": -100, "2007-06-30": -197, "2007-03-31": "-82.00000", "2006-12-31": -105, "2006-09-30": -234, "2006-06-30": -196, "2006-03-31": "-481.00000", "2005-12-31": 783, "2005-09-30": -96, "2005-06-30": -103, "2005-03-31": "51.00000"}, "Net Long-Term Debt": {"2020-09-30": -53, "2020-06-30": -525, "2020-03-31": "-199.00000", "2019-12-31": -149, "2019-09-30": 39, "2019-06-30": -116, "2019-03-31": "113.00000", "2018-12-31": 99, "2018-09-30": -394, "2018-06-30": -551, "2018-03-31": "672.00000", "2017-12-31": 66, "2017-09-30": 70, "2017-06-30": -93, "2017-03-31": "-205.00000", "2016-12-31": -130, "2016-09-30": -287, "2016-06-30": -679, "2016-03-31": "25.00000", "2015-12-31": 891, "2015-09-30": 17, "2015-06-30": -50, "2015-03-31": "-111.00000", "2014-12-31": 444, "2014-09-30": 162, "2014-06-30": -48, "2014-03-31": "199.00000", "2013-12-31": 240, "2013-09-30": 9, "2013-06-30": -987, "2013-03-31": "-316.00000", "2012-12-31": 0, "2012-09-30": 1012, "2012-06-30": -178, "2012-03-31": "-29.00000", "2011-12-31": -38, "2011-09-30": -277, "2011-06-30": -172, "2011-03-31": "-29.00000", "2010-12-31": -298, "2010-09-30": -488, "2010-06-30": -594, "2010-03-31": "-437.00000", "2009-12-31": -767, "2009-09-30": -251, "2009-06-30": -251, "2009-03-31": "8.00000", "2008-12-31": -1135, "2008-09-30": 719, "2008-06-30": -3, "2008-03-31": "465.00000", "2007-12-31": 107, "2007-09-30": 223, "2007-06-30": 499, "2007-03-31": "-49.00000", "2006-12-31": 44, "2006-09-30": 599, "2006-06-30": 398, "2006-03-31": "-2.00000", "2005-12-31": -335, "2005-09-30": -27, "2005-06-30": -572, "2005-03-31": ""}, "Net Current Debt": {"2020-09-30": 0, "2020-06-30": 0, "2020-03-31": "", "2019-12-31": 0, "2019-09-30": 0, "2019-06-30": 0, "2019-03-31": "", "2018-12-31": 0, "2018-09-30": 0, "2018-06-30": 0, "2018-03-31": "", "2017-12-31": 0, "2017-09-30": 0, "2017-06-30": 0, "2017-03-31": "", "2016-12-31": 0, "2016-09-30": 0, "2016-06-30": 0, "2016-03-31": "", "2015-12-31": 0, "2015-09-30": 0, "2015-06-30": 0, "2015-03-31": "", "2014-12-31": 0, "2014-09-30": 0, "2014-06-30": 0, "2014-03-31": "", "2013-12-31": 0, "2013-09-30": 0, "2013-06-30": 0, "2013-03-31": "", "2012-12-31": 0, "2012-09-30": 0, "2012-06-30": 0, "2012-03-31": "", "2011-12-31": 0, "2011-09-30": 0, "2011-06-30": 0, "2011-03-31": "", "2010-12-31": 0, "2010-09-30": 0, "2010-06-30": 0, "2010-03-31": "", "2009-12-31": 0, "2009-09-30": 0, "2009-06-30": 0, "2009-03-31": "", "2008-12-31": 0, "2008-09-30": 0, "2008-06-30": 0, "2008-03-31": "", "2007-12-31": 0, "2007-09-30": 0, "2007-06-30": 0, "2007-03-31": "", "2006-12-31": 0, "2006-09-30": 0, "2006-06-30": 0, "2006-03-31": "", "2005-12-31": 0, "2005-09-30": 0, "2005-06-30": 0, "2005-03-31": "0.00000"}, "Debt Issuance/Retirement Net - Total": {"2020-09-30": -53, "2020-06-30": -525, "2020-03-31": "-199.00000", "2019-12-31": -149, "2019-09-30": 39, "2019-06-30": -116, "2019-03-31": "113.00000", "2018-12-31": 99, "2018-09-30": -394, "2018-06-30": -551, "2018-03-31": "672.00000", "2017-12-31": 66, "2017-09-30": 70, "2017-06-30": -93, "2017-03-31": "-205.00000", "2016-12-31": -130, "2016-09-30": -287, "2016-06-30": -679, "2016-03-31": "25.00000", "2015-12-31": 891, "2015-09-30": 17, "2015-06-30": -50, "2015-03-31": "-111.00000", "2014-12-31": 444, "2014-09-30": 162, "2014-06-30": -48, "2014-03-31": "199.00000", "2013-12-31": 240, "2013-09-30": 9, "2013-06-30": -987, "2013-03-31": "-316.00000", "2012-12-31": 0, "2012-09-30": 1012, "2012-06-30": -178, "2012-03-31": "-29.00000", "2011-12-31": -38, "2011-09-30": -277, "2011-06-30": -172, "2011-03-31": "-29.00000", "2010-12-31": -298, "2010-09-30": -488, "2010-06-30": -594, "2010-03-31": "-437.00000", "2009-12-31": -767, "2009-09-30": -251, "2009-06-30": -251, "2009-03-31": "8.00000", "2008-12-31": -1135, "2008-09-30": 719, "2008-06-30": -3, "2008-03-31": "465.00000", "2007-12-31": 107, "2007-09-30": 223, "2007-06-30": 499, "2007-03-31": "-49.00000", "2006-12-31": 44, "2006-09-30": 599, "2006-06-30": 398, "2006-03-31": "-2.00000", "2005-12-31": -341, "2005-09-30": -27, "2005-06-30": -335, "2005-03-31": "-237.00000"}, "Net Common Equity Issued/Repurchased": {"2020-09-30": 0, "2020-06-30": 0, "2020-03-31": "", "2019-12-31": 0, "2019-09-30": -96, "2019-06-30": -86, "2019-03-31": "-210.00000", "2018-12-31": -365, "2018-09-30": -130, "2018-06-30": -276, "2018-03-31": "-217.00000", "2017-12-31": -313, "2017-09-30": -300, "2017-06-30": 0, "2017-03-31": "-152.00000", "2016-12-31": -196, "2016-09-30": -186, "2016-06-30": -179, "2016-03-31": "-238.00000", "2015-12-31": -254, "2015-09-30": -154, "2015-06-30": -254, "2015-03-31": "-123.00000", "2014-12-31": -49, "2014-09-30": -258, "2014-06-30": -265, "2014-03-31": "-213.00000", "2013-12-31": -339, "2013-09-30": -228, "2013-06-30": -270, "2013-03-31": "-252.00000", "2012-12-31": 203, "2012-09-30": -53, "2012-06-30": -409, "2012-03-31": "-228.00000", "2011-12-31": -279, "2011-09-30": -87, "2011-06-30": 0, "2011-03-31": "", "2010-12-31": 0, "2010-09-30": 0, "2010-06-30": 0, "2010-03-31": "", "2009-12-31": 0, "2009-09-30": 0, "2009-06-30": 0, "2009-03-31": "", "2008-12-31": 0, "2008-09-30": 0, "2008-06-30": 0, "2008-03-31": "-75.00000", "2007-12-31": -403, "2007-09-30": -290, "2007-06-30": -497, "2007-03-31": "-34.00000", "2006-12-31": -223, "2006-09-30": -390, "2006-06-30": -341, "2006-03-31": "", "2005-12-31": 0, "2005-09-30": 50, "2005-06-30": -50, "2005-03-31": ""}, "Net Total Equity Issued/Repurchased": {"2020-09-30": 0, "2020-06-30": 0, "2020-03-31": "", "2019-12-31": 0, "2019-09-30": -96, "2019-06-30": -86, "2019-03-31": "-210.00000", "2018-12-31": -365, "2018-09-30": -130, "2018-06-30": -276, "2018-03-31": "-217.00000", "2017-12-31": -313, "2017-09-30": -300, "2017-06-30": 0, "2017-03-31": "-152.00000", "2016-12-31": -196, "2016-09-30": -186, "2016-06-30": -179, "2016-03-31": "-238.00000", "2015-12-31": -254, "2015-09-30": -154, "2015-06-30": -254, "2015-03-31": "-123.00000", "2014-12-31": -49, "2014-09-30": -258, "2014-06-30": -265, "2014-03-31": "-213.00000", "2013-12-31": -339, "2013-09-30": -228, "2013-06-30": -270, "2013-03-31": "-252.00000", "2012-12-31": 203, "2012-09-30": -53, "2012-06-30": -409, "2012-03-31": "-228.00000", "2011-12-31": -279, "2011-09-30": -87, "2011-06-30": 0, "2011-03-31": "", "2010-12-31": 0, "2010-09-30": 0, "2010-06-30": 0, "2010-03-31": "", "2009-12-31": 0, "2009-09-30": 0, "2009-06-30": 0, "2009-03-31": "", "2008-12-31": 0, "2008-09-30": 0, "2008-06-30": 0, "2008-03-31": "-75.00000", "2007-12-31": -403, "2007-09-30": -290, "2007-06-30": -497, "2007-03-31": "-34.00000", "2006-12-31": -223, "2006-09-30": -390, "2006-06-30": -341, "2006-03-31": "", "2005-12-31": -95, "2005-09-30": 50, "2005-06-30": -16, "2005-03-31": "-34.00000"}, "Total Common And Preferred Stock Dividends Paid": {"2020-09-30": -672, "2020-06-30": 0, "2020-03-31": "", "2019-12-31": 34, "2019-09-30": -34, "2019-06-30": 0, "2019-03-31": "", "2018-12-31": 0, "2018-09-30": 0, "2018-06-30": 0, "2018-03-31": "", "2017-12-31": 0, "2017-09-30": 0, "2017-06-30": 0, "2017-03-31": "", "2016-12-31": 0, "2016-09-30": 0, "2016-06-30": 0, "2016-03-31": "", "2015-12-31": 0, "2015-09-30": 0, "2015-06-30": 0, "2015-03-31": "", "2014-12-31": 0, "2014-09-30": 0, "2014-06-30": 0, "2014-03-31": "", "2013-12-31": 0, "2013-09-30": 0, "2013-06-30": 0, "2013-03-31": "", "2012-12-31": 0, "2012-09-30": 0, "2012-06-30": 0, "2012-03-31": "", "2011-12-31": 0, "2011-09-30": 0, "2011-06-30": 0, "2011-03-31": "", "2010-12-31": 0, "2010-09-30": 0, "2010-06-30": 0, "2010-03-31": "", "2009-12-31": 0, "2009-09-30": 0, "2009-06-30": 0, "2009-03-31": "", "2008-12-31": 0, "2008-09-30": 0, "2008-06-30": 0, "2008-03-31": "", "2007-12-31": 0, "2007-09-30": 0, "2007-06-30": 0, "2007-03-31": "", "2006-12-31": 0, "2006-09-30": 0, "2006-06-30": 0, "2006-03-31": "", "2005-12-31": 0, "2005-09-30": 0, "2005-06-30": 0, "2005-03-31": "0.00000"}, "Financial Activities - Other": {"2020-09-30": 15, "2020-06-30": -19, "2020-03-31": "-11.00000", "2019-12-31": -78, "2019-09-30": -17, "2019-06-30": -27, "2019-03-31": "-34.00000", "2018-12-31": -25, "2018-09-30": -3, "2018-06-30": 132, "2018-03-31": "-516.00000", "2017-12-31": -69, "2017-09-30": 1, "2017-06-30": -11, "2017-03-31": "-30.00000", "2016-12-31": 342, "2016-09-30": -21, "2016-06-30": -10, "2016-03-31": "-13.00000", "2015-12-31": -51, "2015-09-30": -12, "2015-06-30": -16, "2015-03-31": "-5.00000", "2014-12-31": -5, "2014-09-30": -14, "2014-06-30": -3, "2014-03-31": "-37.00000", "2013-12-31": -13, "2013-09-30": -12, "2013-06-30": 5, "2013-03-31": "-45.00000", "2012-12-31": -39, "2012-09-30": -4, "2012-06-30": 1, "2012-03-31": "-27.00000", "2011-12-31": 16, "2011-09-30": -8, "2011-06-30": -20, "2011-03-31": "-22.00000", "2010-12-31": 91, "2010-09-30": -45, "2010-06-30": -16, "2010-03-31": "-27.00000", "2009-12-31": 3, "2009-09-30": -27, "2009-06-30": -79, "2009-03-31": "-18.00000", "2008-12-31": 377, "2008-09-30": -28, "2008-06-30": -2, "2008-03-31": "-40.00000", "2007-12-31": 33, "2007-09-30": 1, "2007-06-30": 5, "2007-03-31": "-11.00000", "2006-12-31": -3, "2006-09-30": 51, "2006-06-30": 19, "2006-03-31": "294.00000", "2005-12-31": -353, "2005-09-30": 110, "2005-06-30": 291, "2005-03-31": "52.00000"}, "Cash Flow From Financial Activities": {"2020-09-30": -710, "2020-06-30": -544, "2020-03-31": "-210.00000", "2019-12-31": -193, "2019-09-30": -108, "2019-06-30": -229, "2019-03-31": "-131.00000", "2018-12-31": -291, "2018-09-30": -527, "2018-06-30": -695, "2018-03-31": "-61.00000", "2017-12-31": -316, "2017-09-30": -229, "2017-06-30": -104, "2017-03-31": "-387.00000", "2016-12-31": 16, "2016-09-30": -494, "2016-06-30": -868, "2016-03-31": "-226.00000", "2015-12-31": 586, "2015-09-30": -149, "2015-06-30": -320, "2015-03-31": "-239.00000", "2014-12-31": 390, "2014-09-30": -110, "2014-06-30": -316, "2014-03-31": "-51.00000", "2013-12-31": -112, "2013-09-30": -231, "2013-06-30": -1252, "2013-03-31": "-613.00000", "2012-12-31": 164, "2012-09-30": 955, "2012-06-30": -586, "2012-03-31": "-284.00000", "2011-12-31": -301, "2011-09-30": -372, "2011-06-30": -192, "2011-03-31": "-51.00000", "2010-12-31": -207, "2010-09-30": -533, "2010-06-30": -610, "2010-03-31": "-464.00000", "2009-12-31": -764, "2009-09-30": -278, "2009-06-30": -330, "2009-03-31": "-10.00000", "2008-12-31": -758, "2008-09-30": 691, "2008-06-30": -5, "2008-03-31": "350.00000", "2007-12-31": -263, "2007-09-30": -66, "2007-06-30": 7, "2007-03-31": "-94.00000", "2006-12-31": -182, "2006-09-30": 260, "2006-06-30": 76, "2006-03-31": "292.00000", "2005-12-31": -789, "2005-09-30": 133, "2005-06-30": -60, "2005-03-31": "-219.00000"}, "Net Cash Flow": {"2020-09-30": 96, "2020-06-30": 393, "2020-03-31": "-118.00000", "2019-12-31": 68, "2019-09-30": 86, "2019-06-30": 12, "2019-03-31": "-145.00000", "2018-12-31": 121, "2018-09-30": -126, "2018-06-30": -398, "2018-03-31": "151.00000", "2017-12-31": 5, "2017-09-30": -9, "2017-06-30": 84, "2017-03-31": "-4.00000", "2016-12-31": 320, "2016-09-30": -5, "2016-06-30": -2233, "2016-03-31": "294.00000", "2015-12-31": -97, "2015-09-30": -43, "2015-06-30": 239, "2015-03-31": "44.00000", "2014-12-31": 700, "2014-09-30": 362, "2014-06-30": 82, "2014-03-31": "260.00000", "2013-12-31": 202, "2013-09-30": -379, "2013-06-30": 78, "2013-03-31": "-1290.00000", "2012-12-31": 499, "2012-09-30": 1003, "2012-06-30": -4, "2012-03-31": "-53.00000", "2011-12-31": -49, "2011-09-30": -416, "2011-06-30": 73, "2011-03-31": "-114.00000", "2010-12-31": 154, "2010-09-30": -972, "2010-06-30": -631, "2010-03-31": "847.00000", "2009-12-31": 68, "2009-09-30": -130, "2009-06-30": 7, "2009-03-31": "107.00000", "2008-12-31": -610, "2008-09-30": 711, "2008-06-30": 85, "2008-03-31": "89.00000", "2007-12-31": -161, "2007-09-30": -88, "2007-06-30": -79, "2007-03-31": "-61.00000", "2006-12-31": 36, "2006-09-30": -15, "2006-06-30": 33, "2006-03-31": "-53.00000", "2005-12-31": 455, "2005-09-30": 129, "2005-06-30": 36, "2005-03-31": "-61.00000"}, "Stock-Based Compensation": {"2020-09-30": 19, "2020-06-30": 16, "2020-03-31": "11.00000", "2019-12-31": 17, "2019-09-30": 17, "2019-06-30": 18, "2019-03-31": "19.00000", "2018-12-31": 21, "2018-09-30": 21, "2018-06-30": 23, "2018-03-31": "23.00000", "2017-12-31": 64, "2017-09-30": 22, "2017-06-30": 21, "2017-03-31": "16.00000", "2016-12-31": 22, "2016-09-30": 19, "2016-06-30": -57, "2016-03-31": "21.00000", "2015-12-31": 41, "2015-09-30": 36, "2015-06-30": 21, "2015-03-31": "13.00000", "2014-12-31": 37, "2014-09-30": 11, "2014-06-30": 24, "2014-03-31": "21.00000", "2013-12-31": 38, "2013-09-30": -9, "2013-06-30": 42, "2013-03-31": "39.00000", "2012-12-31": 35, "2012-09-30": 11, "2012-06-30": 16, "2012-03-31": "17.00000", "2011-12-31": 16, "2011-09-30": 2, "2011-06-30": 12, "2011-03-31": "16.00000", "2010-12-31": 18, "2010-09-30": 3, "2010-06-30": 4, "2010-03-31": "22.00000", "2009-12-31": 14, "2009-09-30": 12, "2009-06-30": 2, "2009-03-31": "10.00000", "2008-12-31": 7, "2008-09-30": 8, "2008-06-30": 4, "2008-03-31": "4.00000", "2007-12-31": 4, "2007-09-30": 5, "2007-06-30": -6, "2007-03-31": "-5.00000", "2006-12-31": 16, "2006-09-30": -111, "2006-06-30": 16, "2006-03-31": "27.00000", "2005-12-31": 17, "2005-09-30": 10, "2005-06-30": 25, "2005-03-31": ""}, "Common Stock Dividends Paid": {"2020-09-30": -672, "2020-06-30": 0, "2020-03-31": "", "2019-12-31": 34, "2019-09-30": -34, "2019-06-30": 0, "2019-03-31": "", "2018-12-31": 0, "2018-09-30": 0, "2018-06-30": 0, "2018-03-31": "", "2017-12-31": 0, "2017-09-30": 0, "2017-06-30": 0, "2017-03-31": "", "2016-12-31": 0, "2016-09-30": 0, "2016-06-30": 0, "2016-03-31": "", "2015-12-31": 0, "2015-09-30": 0, "2015-06-30": 0, "2015-03-31": "", "2014-12-31": 0, "2014-09-30": 0, "2014-06-30": 0, "2014-03-31": "", "2013-12-31": 0, "2013-09-30": 0, "2013-06-30": 0, "2013-03-31": "", "2012-12-31": 0, "2012-09-30": 0, "2012-06-30": 0, "2012-03-31": "", "2011-12-31": 0, "2011-09-30": 0, "2011-06-30": 0, "2011-03-31": "", "2010-12-31": 0, "2010-09-30": 0, "2010-06-30": 0, "2010-03-31": "", "2009-12-31": 0, "2009-09-30": 0, "2009-06-30": 0, "2009-03-31": "", "2008-12-31": 0, "2008-09-30": 0, "2008-06-30": 0, "2008-03-31": "", "2007-12-31": 0, "2007-09-30": 0, "2007-06-30": 0, "2007-03-31": "", "2006-12-31": 0, "2006-09-30": 0, "2006-06-30": 0, "2006-03-31": "", "2005-12-31": 0, "2005-09-30": 0, "2005-06-30": 0, "2005-03-31": ""}}, "financial ratios": {"Current Ratio": {"2019-12-31": "1.14370", "2018-12-31": "1.05950", "2017-12-31": "1.21040", "2016-12-31": "1.25060", "2015-12-31": "1.89520", "2014-12-31": "2.00510", "2013-12-31": "1.17840", "2012-12-31": "1.17130", "2011-12-31": "0.87440", "2010-12-31": "1.38320", "2009-12-31": "1.23190", "2008-12-31": "1.91930", "2007-12-31": "1.94090", "2006-12-31": "2.04800", "2005-12-31": "1.02320"}, "Long-term Debt / Capital": {"2019-12-31": "0.54080", "2018-12-31": "0.50940", "2017-12-31": "0.42830", "2016-12-31": "0.51090", "2015-12-31": "0.52110", "2014-12-31": "0.54990", "2013-12-31": "0.34810", "2012-12-31": "0.34140", "2011-12-31": "0.42260", "2010-12-31": "0.34290", "2009-12-31": "0.43870", "2008-12-31": "0.51860", "2007-12-31": "0.48400", "2006-12-31": "0.42400", "2005-12-31": "0.32010"}, "Debt/Equity Ratio": {"2019-12-31": "1.49070", "2018-12-31": "1.28360", "2017-12-31": "0.84790", "2016-12-31": "1.17210", "2015-12-31": "1.26650", "2014-12-31": "1.38550", "2013-12-31": "0.61350", "2012-12-31": "0.65420", "2011-12-31": "0.91130", "2010-12-31": "0.56480", "2009-12-31": "0.92290", "2008-12-31": "1.10440", "2007-12-31": "0.93980", "2006-12-31": "0.73730", "2005-12-31": "0.63480"}, "Gross Margin": {"2019-12-31": "33.87580", "2018-12-31": "34.54870", "2017-12-31": "34.74630", "2016-12-31": "35.11790", "2015-12-31": "35.99960", "2014-12-31": "36.33680", "2013-12-31": "36.07010", "2012-12-31": "36.21560", "2011-12-31": "36.41850", "2010-12-31": "36.12850", "2009-12-31": "35.79770", "2008-12-31": "35.33850", "2007-12-31": "36.87520", "2006-12-31": "37.68770", "2005-12-31": "36.74820"}, "Operating Margin": {"2019-12-31": "1.36720", "2018-12-31": "9.41010", "2017-12-31": "10.02500", "2016-12-31": "9.09180", "2015-12-31": "11.17230", "2014-12-31": "11.31540", "2013-12-31": "11.11660", "2012-12-31": "11.76170", "2011-12-31": "11.78250", "2010-12-31": "12.40480", "2009-12-31": "12.53460", "2008-12-31": "11.21430", "2007-12-31": "14.26560", "2006-12-31": "15.42450", "2005-12-31": "14.09010"}, "EBIT Margin": {"2019-12-31": "1.36720", "2018-12-31": "9.41010", "2017-12-31": "10.02500", "2016-12-31": "9.09180", "2015-12-31": "11.17230", "2014-12-31": "11.31540", "2013-12-31": "11.11660", "2012-12-31": "11.76170", "2011-12-31": "11.78250", "2010-12-31": "12.40480", "2009-12-31": "12.53460", "2008-12-31": "11.21430", "2007-12-31": "14.26560", "2006-12-31": "15.42450", "2005-12-31": "14.09010"}, "EBITDA Margin": {"2019-12-31": "5.87010", "2018-12-31": "13.93750", "2017-12-31": "16.99350", "2016-12-31": "17.30070", "2015-12-31": "18.21000", "2014-12-31": "17.68740", "2013-12-31": "17.27180", "2012-12-31": "17.73870", "2011-12-31": "18.44840", "2010-12-31": "18.79760", "2009-12-31": "19.34980", "2008-12-31": "18.15820", "2007-12-31": "21.13560", "2006-12-31": "22.12670", "2005-12-31": "20.99680"}, "Pre-Tax Profit Margin": {"2019-12-31": "-4.62180", "2018-12-31": "6.27580", "2017-12-31": "10.09230", "2016-12-31": "10.24700", "2015-12-31": "8.16900", "2014-12-31": "7.38170", "2013-12-31": "7.21210", "2012-12-31": "8.93000", "2011-12-31": "9.76500", "2010-12-31": "10.79270", "2009-12-31": "-0.98740", "2008-12-31": "-15.32370", "2007-12-31": "9.94620", "2006-12-31": "11.50700", "2005-12-31": "8.78330"}, "Net Profit Margin": {"2019-12-31": "-3.38830", "2018-12-31": "6.51030", "2017-12-31": "23.46210", "2016-12-31": "11.59950", "2015-12-31": "8.69960", "2014-12-31": "5.11480", "2013-12-31": "4.90260", "2012-12-31": "15.47330", "2011-12-31": "9.48420", "2010-12-31": "21.18230", "2009-12-31": "77.80860", "2008-12-31": "-9.66700", "2007-12-31": "5.65240", "2006-12-31": "6.97520", "2005-12-31": "4.58390"}, "Asset Turnover": {"2019-12-31": "0.77770", "2018-12-31": "0.78860", "2017-12-31": "0.43130", "2016-12-31": "0.52310", "2015-12-31": "0.47160", "2014-12-31": "0.56450", "2013-12-31": "0.41410", "2012-12-31": "0.37660", "2011-12-31": "0.55460", "2010-12-31": "0.33580", "2009-12-31": "0.47890", "2008-12-31": "0.46200", "2007-12-31": "0.40370", "2006-12-31": "0.36960", "2005-12-31": "0.35430"}, "Inventory Turnover Ratio": {"2019-12-31": "6.29790", "2018-12-31": "6.24760", "2017-12-31": "4.81150", "2016-12-31": "7.13640", "2015-12-31": "6.39300", "2014-12-31": "6.37180", "2013-12-31": "5.81750", "2012-12-31": "5.70250", "2011-12-31": "5.70870", "2010-12-31": "5.33680", "2009-12-31": "5.41320", "2008-12-31": "5.06200", "2007-12-31": "5.05130", "2006-12-31": "5.49340", "2005-12-31": "5.71910"}, "Receiveable Turnover": {"2019-12-31": "7.25890", "2018-12-31": "7.66760", "2017-12-31": "6.02780", "2016-12-31": "8.13990", "2015-12-31": "6.92240", "2014-12-31": "8.52190", "2013-12-31": "8.87070", "2012-12-31": "8.23310", "2011-12-31": "9.12330", "2010-12-31": "10.09270", "2009-12-31": "6.64400", "2008-12-31": "6.89920", "2007-12-31": "6.61750", "2006-12-31": "7.49850", "2005-12-31": "7.76700"}, "Days Sales In Receivables": {"2019-12-31": "50.28310", "2018-12-31": "47.60310", "2017-12-31": "60.55270", "2016-12-31": "44.84080", "2015-12-31": "52.72750", "2014-12-31": "42.83080", "2013-12-31": "41.14690", "2012-12-31": "44.33300", "2011-12-31": "40.00730", "2010-12-31": "36.16490", "2009-12-31": "54.93680", "2008-12-31": "52.90440", "2007-12-31": "55.15700", "2006-12-31": "48.67660", "2005-12-31": "46.99350"}, "ROE - Return On Equity": {"2019-12-31": "-8.14560", "2018-12-31": "14.32800", "2017-12-31": "20.18250", "2016-12-31": "11.29570", "2015-12-31": "9.17820", "2014-12-31": "9.30800", "2013-12-31": "4.84480", "2012-12-31": "5.02030", "2011-12-31": "8.85770", "2010-12-31": "7.30640", "2009-12-31": "-0.53450", "2008-12-31": "-11.53790", "2007-12-31": "6.15420", "2006-12-31": "6.90770", "2005-12-31": "3.55140"}, "Return On Tangible Equity": {"2019-12-31": "7.07180", "2018-12-31": "-13.21880", "2017-12-31": "-93.52020", "2016-12-31": "-22.15550", "2015-12-31": "-14.82270", "2014-12-31": "-16.31290", "2013-12-31": "37.81570", "2012-12-31": "-12.23210", "2011-12-31": "-14.39430", "2010-12-31": "238.17660", "2009-12-31": "0.86050", "2008-12-31": "14.87620", "2007-12-31": "-10.97620", "2006-12-31": "-18.09930", "2005-12-31": "-9.50860"}, "ROA - Return On Assets": {"2019-12-31": "-2.34040", "2018-12-31": "4.61300", "2017-12-31": "8.43630", "2016-12-31": "3.80740", "2015-12-31": "2.97920", "2014-12-31": "2.89280", "2013-12-31": "2.24510", "2012-12-31": "2.30430", "2011-12-31": "3.38540", "2010-12-31": "3.14290", "2009-12-31": "-0.21330", "2008-12-31": "-4.26030", "2007-12-31": "2.43200", "2006-12-31": "3.01720", "2005-12-31": "1.62390"}, "ROI - Return On Investment": {"2019-12-31": "-3.74060", "2018-12-31": "7.03000", "2017-12-31": "11.53890", "2016-12-31": "5.52510", "2015-12-31": "4.39540", "2014-12-31": "4.18940", "2013-12-31": "3.15830", "2012-12-31": "3.30660", "2011-12-31": "5.11460", "2010-12-31": "4.80130", "2009-12-31": "-0.30000", "2008-12-31": "-5.55430", "2007-12-31": "3.17550", "2006-12-31": "3.97900", "2005-12-31": "2.41470"}, "Book Value Per Share": {"2019-12-31": "11.95280", "2018-12-31": "13.07980", "2017-12-31": "17.85610", "2016-12-31": "12.61710", "2015-12-31": "10.86700", "2014-12-31": "9.35510", "2013-12-31": "19.91620", "2012-12-31": "20.71490", "2011-12-31": "11.45840", "2010-12-31": "15.58130", "2009-12-31": "11.60950", "2008-12-31": "10.87350", "2007-12-31": "12.76310", "2006-12-31": "13.25660", "2005-12-31": ""}, "Operating Cash Flow Per Share": {"2019-12-31": 0.7221, "2018-12-31": -0.4788, "2017-12-31": 0.4425, "2016-12-31": 0.6406, "2015-12-31": -1.6477, "2014-12-31": 1.4008, "2013-12-31": -0.6773, "2012-12-31": 1.1311, "2011-12-31": -0.4934, "2010-12-31": 0.2544, "2009-12-31": 0.8788, "2008-12-31": -0.0975, "2007-12-31": 0.1273, "2006-12-31": 0.8254, "2005-12-31": 0}, "Free Cash Flow Per Share": {"2019-12-31": 0.4538, "2018-12-31": -0.5957, "2017-12-31": 0.4394, "2016-12-31": 0.6758, "2015-12-31": -1.5713, "2014-12-31": 1.4632, "2013-12-31": -0.6252, "2012-12-31": 1.0451, "2011-12-31": -0.5853, "2010-12-31": 0.1782, "2009-12-31": 0.808, "2008-12-31": 0.079, "2007-12-31": 0.058, "2006-12-31": 0.4388, "2005-12-31": 0}}, "financial ratios, quarterly": {"Current Ratio": {"2020-09-30": "1.05130", "2020-06-30": "1.11840", "2020-03-31": "1.33240", "2019-12-31": "1.14370", "2019-09-30": "1.14260", "2019-06-30": "1.11380", "2019-03-31": "1.01700", "2018-12-31": "1.05950", "2018-09-30": "0.96680", "2018-06-30": "1.00320", "2018-03-31": "1.09300", "2017-12-31": "1.21040", "2017-09-30": "1.17840", "2017-06-30": "1.20570", "2017-03-31": "1.20410", "2016-12-31": "1.25060", "2016-09-30": "1.11640", "2016-06-30": "0.84440", "2016-03-31": "1.33870", "2015-12-31": "1.89520", "2015-09-30": "1.59170", "2015-06-30": "1.58370", "2015-03-31": "1.55210", "2014-12-31": "2.00510", "2014-09-30": "1.27300", "2014-06-30": "1.25250", "2014-03-31": "1.26300", "2013-12-31": "1.17840", "2013-09-30": "0.99320", "2013-06-30": "1.19690", "2013-03-31": "1.08820", "2012-12-31": "1.17130", "2012-09-30": "0.92810", "2012-06-30": "0.68370", "2012-03-31": "0.79290", "2011-12-31": "0.87440", "2011-09-30": "0.84910", "2011-06-30": "1.55840", "2011-03-31": "1.57340", "2010-12-31": "1.38320", "2010-09-30": "1.33120", "2010-06-30": "1.43620", "2010-03-31": "1.60460", "2009-12-31": "1.23190", "2009-09-30": "1.16160", "2009-06-30": "1.22720", "2009-03-31": "2.31500", "2008-12-31": "1.91930", "2008-09-30": "1.76180", "2008-06-30": "2.42370", "2008-03-31": "2.22540", "2007-12-31": "1.94090", "2007-09-30": "2.28640", "2007-06-30": "2.39130", "2007-03-31": "2.37310", "2006-12-31": "2.04800", "2006-09-30": "2.31260", "2006-06-30": "1.03410", "2006-03-31": "0.92140", "2005-12-31": "0.97620", "2005-09-30": "0.94430", "2005-06-30": "1.51500", "2005-03-31": "1.53170"}, "Long-term Debt / Capital": {"2020-09-30": "0.58310", "2020-06-30": "0.49540", "2020-03-31": "0.54690", "2019-12-31": "0.54080", "2019-09-30": "0.57060", "2019-06-30": "0.52690", "2019-03-31": "0.51710", "2018-12-31": "0.50940", "2018-09-30": "0.50550", "2018-06-30": "0.51870", "2018-03-31": "0.51700", "2017-12-31": "0.42830", "2017-09-30": "0.48260", "2017-06-30": "0.48050", "2017-03-31": "0.49180", "2016-12-31": "0.51090", "2016-09-30": "0.49840", "2016-06-30": "0.47940", "2016-03-31": "0.48170", "2015-12-31": "0.52110", "2015-09-30": "0.54540", "2015-06-30": "0.55230", "2015-03-31": "0.55030", "2014-12-31": "0.54990", "2014-09-30": "0.53680", "2014-06-30": "0.37030", "2014-03-31": "0.36760", "2013-12-31": "0.34810", "2013-09-30": "0.32900", "2013-06-30": "0.33810", "2013-03-31": "0.35910", "2012-12-31": "0.34140", "2012-09-30": "0.48030", "2012-06-30": "0.41980", "2012-03-31": "0.43050", "2011-12-31": "0.42260", "2011-09-30": "0.42310", "2011-06-30": "0.46990", "2011-03-31": "0.48650", "2010-12-31": "0.34290", "2010-09-30": "0.45060", "2010-06-30": "0.48030", "2010-03-31": "0.50910", "2009-12-31": "0.43870", "2009-09-30": "0.45370", "2009-06-30": "0.47020", "2009-03-31": "0.52710", "2008-12-31": "0.51860", "2008-09-30": "0.50450", "2008-06-30": "0.50560", "2008-03-31": "0.50790", "2007-12-31": "0.48400", "2007-09-30": "0.46680", "2007-06-30": "0.44810", "2007-03-31": "0.41750", "2006-12-31": "0.42400", "2006-09-30": "0.43620", "2006-06-30": "0.33980", "2006-03-31": "0.24680", "2005-12-31": "0.24990", "2005-09-30": "0.25320", "2005-06-30": "0.25330", "2005-03-31": "0.25860"}, "Debt/Equity Ratio": {"2020-09-30": "1.85220", "2020-06-30": "1.25630", "2020-03-31": "1.38110", "2019-12-31": "1.49070", "2019-09-30": "1.58100", "2019-06-30": "1.32210", "2019-03-31": "1.33820", "2018-12-31": "1.28360", "2018-09-30": "1.27790", "2018-06-30": "1.32650", "2018-03-31": "1.38040", "2017-12-31": "0.84790", "2017-09-30": "1.06640", "2017-06-30": "1.05290", "2017-03-31": "1.09420", "2016-12-31": "1.17210", "2016-09-30": "1.11680", "2016-06-30": "1.17630", "2016-03-31": "1.31540", "2015-12-31": "1.26650", "2015-09-30": "1.35380", "2015-06-30": "1.39360", "2015-03-31": "1.38830", "2014-12-31": "1.38550", "2014-09-30": "1.33170", "2014-06-30": "0.68120", "2014-03-31": "0.66790", "2013-12-31": "0.61350", "2013-09-30": "0.60850", "2013-06-30": "0.59910", "2013-03-31": "0.66920", "2012-12-31": "0.65420", "2012-09-30": "1.17110", "2012-06-30": "0.95880", "2012-03-31": "0.95050", "2011-12-31": "0.91130", "2011-09-30": "0.91710", "2011-06-30": "0.96300", "2011-03-31": "1.02810", "2010-12-31": "0.56480", "2010-09-30": "0.89340", "2010-06-30": "1.04470", "2010-03-31": "1.16020", "2009-12-31": "0.92290", "2009-09-30": "1.01460", "2009-06-30": "1.06900", "2009-03-31": "1.14100", "2008-12-31": "1.10440", "2008-09-30": "1.14480", "2008-06-30": "1.02600", "2008-03-31": "1.03540", "2007-12-31": "0.93980", "2007-09-30": "0.87840", "2007-06-30": "0.81460", "2007-03-31": "0.71840", "2006-12-31": "0.73730", "2006-09-30": "0.77540", "2006-06-30": "0.67770", "2006-03-31": "0.39810", "2005-12-31": "0.40530", "2005-09-30": "0.42360", "2005-06-30": "0.33930", "2005-03-31": "0.34880"}, "Gross Margin": {"2020-09-30": "35.61930", "2020-06-30": "35.21330", "2020-03-31": "33.80140", "2019-12-31": "31.60800", "2019-09-30": "34.41240", "2019-06-30": "35.84060", "2019-03-31": "34.42460", "2018-12-31": "32.42690", "2018-09-30": "34.72610", "2018-06-30": "36.59140", "2018-03-31": "35.20120", "2017-12-31": "33.13400", "2017-09-30": "34.73330", "2017-06-30": "36.47960", "2017-03-31": "35.32450", "2016-12-31": "34.02910", "2016-09-30": "34.70150", "2016-06-30": "36.75380", "2016-03-31": "35.21910", "2015-12-31": "34.39170", "2015-09-30": "36.92520", "2015-06-30": "37.43340", "2015-03-31": "36.08850", "2014-12-31": "35.97790", "2014-09-30": "36.13730", "2014-06-30": "37.25330", "2014-03-31": "36.07230", "2013-12-31": "24.11480", "2013-09-30": "36.04490", "2013-06-30": "42.53870", "2013-03-31": "41.70420", "2012-12-31": "35.41320", "2012-09-30": "35.92900", "2012-06-30": "37.08250", "2012-03-31": "36.64650", "2011-12-31": "35.85580", "2011-09-30": "36.05250", "2011-06-30": "37.72830", "2011-03-31": "36.22050", "2010-12-31": "35.10050", "2010-09-30": "36.28050", "2010-06-30": "37.45740", "2010-03-31": "36.09880", "2009-12-31": "35.11620", "2009-09-30": "35.30380", "2009-06-30": "37.60330", "2009-03-31": "35.39050", "2008-12-31": "33.57170", "2008-09-30": "34.42710", "2008-06-30": "37.15460", "2008-03-31": "36.51280", "2007-12-31": "36.00810", "2007-09-30": "36.59090", "2007-06-30": "37.91180", "2007-03-31": "37.32360", "2006-12-31": "37.31600", "2006-09-30": "37.21210", "2006-06-30": "38.54230", "2006-03-31": "37.81090", "2005-12-31": "36.67790", "2005-09-30": "36.13560", "2005-06-30": "37.66060", "2005-03-31": "73.83880"}, "Operating Margin": {"2020-09-30": "12.00120", "2020-06-30": "11.83520", "2020-03-31": "7.91100", "2019-12-31": "6.87750", "2019-09-30": "-23.53510", "2019-06-30": "10.80040", "2019-03-31": "9.33550", "2018-12-31": "9.94060", "2018-09-30": "7.33520", "2018-06-30": "11.07330", "2018-03-31": "9.10220", "2017-12-31": "11.00480", "2017-09-30": "8.73580", "2017-06-30": "10.79930", "2017-03-31": "9.15340", "2016-12-31": "11.76470", "2016-09-30": "6.50910", "2016-06-30": "9.75420", "2016-03-31": "7.52990", "2015-12-31": "10.80120", "2015-09-30": "11.47240", "2015-06-30": "11.94490", "2015-03-31": "10.65940", "2014-12-31": "13.65310", "2014-09-30": "10.25750", "2014-06-30": "10.43090", "2014-03-31": "10.10680", "2013-12-31": "14.31230", "2013-09-30": "8.85390", "2013-06-30": "10.72910", "2013-03-31": "10.17270", "2012-12-31": "14.13870", "2012-09-30": "8.60660", "2012-06-30": "12.26220", "2012-03-31": "11.14950", "2011-12-31": "13.25110", "2011-09-30": "10.50160", "2011-06-30": "12.82850", "2011-03-31": "9.86570", "2010-12-31": "13.72140", "2010-09-30": "11.17890", "2010-06-30": "13.34630", "2010-03-31": "10.76540", "2009-12-31": "14.64400", "2009-09-30": "10.61850", "2009-06-30": "13.73970", "2009-03-31": "10.04920", "2008-12-31": "9.50780", "2008-09-30": "8.95440", "2008-06-30": "13.40840", "2008-03-31": "13.17950", "2007-12-31": "16.16940", "2007-09-30": "12.55680", "2007-06-30": "13.79120", "2007-03-31": "13.77750", "2006-12-31": "18.13850", "2006-09-30": "14.76670", "2006-06-30": "14.16910", "2006-03-31": "13.55720", "2005-12-31": "15.17040", "2005-09-30": "12.06780", "2005-06-30": "12.98170", "2005-03-31": "-22.33610"}, "EBIT Margin": {"2020-09-30": "12.00120", "2020-06-30": "11.83520", "2020-03-31": "7.91100", "2019-12-31": "6.87750", "2019-09-30": "-23.53510", "2019-06-30": "10.80040", "2019-03-31": "9.33550", "2018-12-31": "9.94060", "2018-09-30": "7.33520", "2018-06-30": "11.07330", "2018-03-31": "9.10220", "2017-12-31": "11.00480", "2017-09-30": "8.73580", "2017-06-30": "10.79930", "2017-03-31": "9.15340", "2016-12-31": "11.76470", "2016-09-30": "6.50910", "2016-06-30": "9.75420", "2016-03-31": "7.52990", "2015-12-31": "10.80120", "2015-09-30": "11.47240", "2015-06-30": "11.94490", "2015-03-31": "10.65940", "2014-12-31": "13.65310", "2014-09-30": "10.25750", "2014-06-30": "10.43090", "2014-03-31": "10.10680", "2013-12-31": "14.31230", "2013-09-30": "8.85390", "2013-06-30": "10.72910", "2013-03-31": "10.17270", "2012-12-31": "14.13870", "2012-09-30": "8.60660", "2012-06-30": "12.26220", "2012-03-31": "11.14950", "2011-12-31": "13.25110", "2011-09-30": "10.50160", "2011-06-30": "12.82850", "2011-03-31": "9.86570", "2010-12-31": "13.72140", "2010-09-30": "11.17890", "2010-06-30": "13.34630", "2010-03-31": "10.76540", "2009-12-31": "14.64400", "2009-09-30": "10.61850", "2009-06-30": "13.73970", "2009-03-31": "10.04920", "2008-12-31": "9.50780", "2008-09-30": "8.95440", "2008-06-30": "13.40840", "2008-03-31": "13.17950", "2007-12-31": "16.16940", "2007-09-30": "12.55680", "2007-06-30": "13.79120", "2007-03-31": "13.77750", "2006-12-31": "18.13850", "2006-09-30": "14.76670", "2006-06-30": "14.16910", "2006-03-31": "13.55720", "2005-12-31": "15.17040", "2005-09-30": "12.06780", "2005-06-30": "12.98170", "2005-03-31": "-22.33610"}, "EBITDA Margin": {"2020-09-30": "", "2020-06-30": "", "2020-03-31": "", "2019-12-31": "", "2019-09-30": "", "2019-06-30": "", "2019-03-31": "", "2018-12-31": "", "2018-09-30": "", "2018-06-30": "", "2018-03-31": "", "2017-12-31": "", "2017-09-30": "", "2017-06-30": "", "2017-03-31": "", "2016-12-31": "", "2016-09-30": "", "2016-06-30": "", "2016-03-31": "", "2015-12-31": "", "2015-09-30": "", "2015-06-30": "", "2015-03-31": "", "2014-12-31": "", "2014-09-30": "", "2014-06-30": "", "2014-03-31": "", "2013-12-31": "", "2013-09-30": "", "2013-06-30": "", "2013-03-31": "", "2012-12-31": "", "2012-09-30": "", "2012-06-30": "", "2012-03-31": "", "2011-12-31": "", "2011-09-30": "", "2011-06-30": "", "2011-03-31": "", "2010-12-31": "", "2010-09-30": "", "2010-06-30": "", "2010-03-31": "", "2009-12-31": "", "2009-09-30": "", "2009-06-30": "", "2009-03-31": "", "2008-12-31": "", "2008-09-30": "", "2008-06-30": "", "2008-03-31": "", "2007-12-31": "", "2007-09-30": "", "2007-06-30": "", "2007-03-31": "", "2006-12-31": "", "2006-09-30": "", "2006-06-30": "", "2006-03-31": "", "2005-12-31": "", "2005-09-30": "", "2005-06-30": "", "2005-03-31": ""}, "Pre-Tax Profit Margin": {"2020-09-30": "12.47410", "2020-06-30": "8.56220", "2020-03-31": "-0.92470", "2019-12-31": "2.99540", "2019-09-30": "-29.29750", "2019-06-30": "3.21440", "2019-03-31": "1.88010", "2018-12-31": "5.98720", "2018-09-30": "2.63080", "2018-06-30": "7.54720", "2018-03-31": "9.04020", "2017-12-31": "14.44380", "2017-09-30": "1.89000", "2017-06-30": "10.62930", "2017-03-31": "11.68890", "2016-12-31": "-8.82350", "2016-09-30": "26.57550", "2016-06-30": "23.37110", "2016-03-31": "5.17930", "2015-12-31": "-0.08900", "2015-09-30": "13.19090", "2015-06-30": "16.87390", "2015-03-31": "7.00090", "2014-12-31": "11.10090", "2014-09-30": "6.69530", "2014-06-30": "5.11480", "2014-03-31": "5.38210", "2013-12-31": "13.00780", "2013-09-30": "7.05620", "2013-06-30": "7.29130", "2013-03-31": "1.42640", "2012-12-31": "13.27580", "2012-09-30": "-1.86700", "2012-06-30": "15.89850", "2012-03-31": "6.39590", "2011-12-31": "15.26470", "2011-09-30": "3.79750", "2011-06-30": "13.80850", "2011-03-31": "3.61280", "2010-12-31": "11.67710", "2010-09-30": "1.82930", "2010-06-30": "6.52700", "2010-03-31": "22.56790", "2009-12-31": "-7.89380", "2009-09-30": "-0.54730", "2009-06-30": "11.93180", "2009-03-31": "-4.86070", "2008-12-31": "-45.68780", "2008-09-30": "-24.41600", "2008-06-30": "8.64890", "2008-03-31": "6.05130", "2007-12-31": "11.65320", "2007-09-30": "7.89770", "2007-06-30": "10.60860", "2007-03-31": "8.92150", "2006-12-31": "14.50220", "2006-09-30": "9.86410", "2006-06-30": "10.61220", "2006-03-31": "9.88810", "2005-12-31": "-6.91310", "2005-09-30": "7.72880", "2005-06-30": "4.59770", "2005-03-31": "34.76780"}, "Net Profit Margin": {"2020-09-30": "9.99110", "2020-06-30": "6.42900", "2020-03-31": "-0.68490", "2019-12-31": "3.37890", "2019-09-30": "-24.92720", "2019-06-30": "3.79300", "2019-03-31": "1.78280", "2018-12-31": "6.23860", "2018-09-30": "2.22840", "2018-06-30": "5.78410", "2018-03-31": "11.88860", "2017-12-31": "43.75000", "2017-09-30": "12.43180", "2017-06-30": "7.44050", "2017-03-31": "21.78770", "2016-12-31": "10.08860", "2016-09-30": "19.44440", "2016-06-30": "14.78740", "2016-03-31": "2.70920", "2015-12-31": "8.72400", "2015-09-30": "8.82490", "2015-06-30": "10.74600", "2015-03-31": "6.45890", "2014-12-31": "7.93360", "2014-09-30": "5.15020", "2014-06-30": "3.10110", "2014-03-31": "3.36890", "2013-12-31": "8.98250", "2013-09-30": "5.07870", "2013-06-30": "4.53340", "2013-03-31": "1.01350", "2012-12-31": "41.35410", "2012-09-30": "-1.86700", "2012-06-30": "9.89430", "2012-03-31": "3.93260", "2011-12-31": "9.25630", "2011-09-30": "-0.89080", "2011-06-30": "11.44770", "2011-03-31": "18.01760", "2010-12-31": "46.60430", "2010-09-30": "9.09550", "2010-06-30": "2.82510", "2010-03-31": "15.30860", "2009-12-31": "235.96460", "2009-09-30": "-0.32840", "2009-06-30": "6.61160", "2009-03-31": "-3.11310", "2008-12-31": "-30.07990", "2008-09-30": "-15.73970", "2008-06-30": "4.70830", "2008-03-31": "6.41030", "2007-12-31": "6.85480", "2007-09-30": "4.43180", "2007-06-30": "5.69510", "2007-03-31": "5.13830", "2006-12-31": "12.25110", "2006-09-30": "6.73360", "2006-06-30": "7.34690", "2006-03-31": "-0.74630", "2005-12-31": "7.82530", "2005-09-30": "4.54240", "2005-06-30": "1.35230", "2005-03-31": "3.27870"}, "Asset Turnover": {"2020-09-30": "0.20150", "2020-06-30": "0.20490", "2020-03-31": "0.17690", "2019-12-31": "0.24110", "2019-09-30": "0.18190", "2019-06-30": "0.17560", "2019-03-31": "0.17330", "2018-12-31": "0.24530", "2018-09-30": "0.18280", "2018-06-30": "0.18130", "2018-03-31": "0.17260", "2017-12-31": "0.13860", "2017-09-30": "0.11100", "2017-06-30": "0.11210", "2017-03-31": "0.11210", "2016-12-31": "0.15530", "2016-09-30": "0.11470", "2016-06-30": "0.12390", "2016-03-31": "0.11980", "2015-12-31": "0.15910", "2015-09-30": "0.11770", "2015-06-30": "0.12410", "2015-03-31": "0.12300", "2014-12-31": "0.17490", "2014-09-30": "0.13160", "2014-06-30": "0.10040", "2014-03-31": "0.09870", "2013-12-31": "0.10870", "2013-09-30": "0.09130", "2013-06-30": "0.10900", "2013-03-31": "0.10510", "2012-12-31": "0.11480", "2012-09-30": "0.11840", "2012-06-30": "0.13890", "2012-03-31": "0.13500", "2011-12-31": "0.17760", "2011-09-30": "0.12530", "2011-06-30": "0.12780", "2011-03-31": "0.12300", "2010-12-31": "0.10850", "2010-09-30": "0.12280", "2010-06-30": "0.12580", "2010-03-31": "0.11810", "2009-12-31": "0.15630", "2009-09-30": "0.10610", "2009-06-30": "0.11410", "2009-03-31": "0.10810", "2008-12-31": "0.13590", "2008-09-30": "0.09220", "2008-06-30": "0.10270", "2008-03-31": "0.10180", "2007-12-31": "0.12830", "2007-09-30": "0.09080", "2007-06-30": "0.09160", "2007-03-31": "0.09010", "2006-12-31": "0.11650", "2006-09-30": "0.08900", "2006-06-30": "0.09200", "2006-03-31": "0.03790", "2005-12-31": "0.04970", "2005-09-30": "0.03520", "2005-06-30": "0.03120", "2005-03-31": "0.03070"}, "Inventory Turnover Ratio": {"2020-09-30": "1.47060", "2020-06-30": "1.70020", "2020-03-31": "1.34890", "2019-12-31": "2.01980", "2019-09-30": "1.21030", "2019-06-30": "1.31660", "2019-03-31": "1.29510", "2018-12-31": "2.00610", "2018-09-30": "1.22120", "2018-06-30": "1.35760", "2018-03-31": "1.38610", "2017-12-31": "1.58470", "2017-09-30": "1.29820", "2017-06-30": "1.36310", "2017-03-31": "1.43330", "2016-12-31": "2.15500", "2016-09-30": "1.32460", "2016-06-30": "1.48990", "2016-03-31": "1.50000", "2015-12-31": "2.21100", "2015-09-30": "1.10230", "2015-06-30": "1.36930", "2015-03-31": "1.26450", "2014-12-31": "1.98470", "2014-09-30": "1.16340", "2014-06-30": "1.31920", "2014-03-31": "1.28280", "2013-12-31": "1.81300", "2013-09-30": "1.07150", "2013-06-30": "1.34720", "2013-03-31": "1.39160", "2012-12-31": "1.75950", "2012-09-30": "1.12830", "2012-06-30": "1.35770", "2012-03-31": "1.30430", "2011-12-31": "1.84410", "2011-09-30": "1.13200", "2011-06-30": "1.26750", "2011-03-31": "1.22950", "2010-12-31": "1.75210", "2010-09-30": "1.13070", "2010-06-30": "1.34310", "2010-03-31": "1.28500", "2009-12-31": "1.78580", "2009-09-30": "1.06870", "2009-06-30": "1.28240", "2009-03-31": "1.22340", "2008-12-31": "1.53000", "2008-09-30": "1.01900", "2008-06-30": "1.20990", "2008-03-31": "1.21140", "2007-12-31": "1.62770", "2007-09-30": "1.09950", "2007-06-30": "1.29000", "2007-03-31": "1.25420", "2006-12-31": "1.74250", "2006-09-30": "1.17460", "2006-06-30": "1.43010", "2006-03-31": "1.33510", "2005-12-31": "1.85540", "2005-09-30": "1.23460", "2005-06-30": "1.47990", "2005-03-31": "1.38700"}, "Receiveable Turnover": {"2020-09-30": "2.96230", "2020-06-30": "2.58460", "2020-03-31": "2.02780", "2019-12-31": "2.25080", "2019-09-30": "2.45160", "2019-06-30": "2.40230", "2019-03-31": "2.10720", "2018-12-31": "2.38470", "2018-09-30": "2.72430", "2018-06-30": "2.93110", "2018-03-31": "2.53730", "2017-12-31": "1.93740", "2017-09-30": "2.51960", "2017-06-30": "2.63970", "2017-03-31": "2.40140", "2016-12-31": "2.41740", "2016-09-30": "2.84430", "2016-06-30": "2.81030", "2016-03-31": "2.29430", "2015-12-31": "2.33540", "2015-09-30": "2.30760", "2015-06-30": "2.62170", "2015-03-31": "2.55360", "2014-12-31": "2.63960", "2014-09-30": "2.91250", "2014-06-30": "2.55190", "2014-03-31": "2.34040", "2013-12-31": "2.32900", "2013-09-30": "2.33230", "2013-06-30": "2.91200", "2013-03-31": "2.74070", "2012-12-31": "2.50870", "2012-09-30": "3.08860", "2012-06-30": "3.56170", "2012-03-31": "3.15260", "2011-12-31": "2.92130", "2011-09-30": "3.29170", "2011-06-30": "3.54660", "2011-03-31": "3.38400", "2010-12-31": "3.26100", "2010-09-30": "3.80660", "2010-06-30": "2.04280", "2010-03-31": "2.01690", "2009-12-31": "2.16880", "2009-09-30": "2.00330", "2009-06-30": "2.04870", "2009-03-31": "1.90330", "2008-12-31": "2.02990", "2008-09-30": "2.04090", "2008-06-30": "2.01440", "2008-03-31": "1.96570", "2007-12-31": "2.10350", "2007-09-30": "2.03470", "2007-06-30": "2.13210", "2007-03-31": "2.18910", "2006-12-31": "2.36440", "2006-09-30": "2.26640", "2006-06-30": "2.34930", "2006-03-31": "1.56570", "2005-12-31": "1.88340", "2005-09-30": "1.57420", "2005-06-30": "1.38480", "2005-03-31": "1.34440"}, "Days Sales In Receivables": {"2020-09-30": "30.38130", "2020-06-30": "34.82170", "2020-03-31": "44.38360", "2019-12-31": "39.98560", "2019-09-30": "36.71090", "2019-06-30": "37.46380", "2019-03-31": "42.70990", "2018-12-31": "37.74000", "2018-09-30": "33.03620", "2018-06-30": "30.70520", "2018-03-31": "35.47060", "2017-12-31": "46.45340", "2017-09-30": "35.72030", "2017-06-30": "34.09440", "2017-03-31": "37.47740", "2016-12-31": "37.22960", "2016-09-30": "31.64180", "2016-06-30": "32.02500", "2016-03-31": "39.22710", "2015-12-31": "38.53710", "2015-09-30": "39.00140", "2015-06-30": "34.32950", "2015-03-31": "35.24390", "2014-12-31": "34.09590", "2014-09-30": "30.90130", "2014-06-30": "35.26780", "2014-03-31": "38.45520", "2013-12-31": "38.64330", "2013-09-30": "38.58880", "2013-06-30": "30.90670", "2013-03-31": "32.83780", "2012-12-31": "35.87450", "2012-09-30": "29.13940", "2012-06-30": "25.26850", "2012-03-31": "28.54800", "2011-12-31": "30.80870", "2011-09-30": "27.34180", "2011-06-30": "25.37640", "2011-03-31": "26.59570", "2010-12-31": "27.59880", "2010-09-30": "23.64330", "2010-06-30": "44.05750", "2010-03-31": "44.62220", "2009-12-31": "41.49760", "2009-09-30": "44.92610", "2009-06-30": "43.93080", "2009-03-31": "47.28560", "2008-12-31": "44.33740", "2008-09-30": "44.09900", "2008-06-30": "44.67760", "2008-03-31": "45.78460", "2007-12-31": "42.78630", "2007-09-30": "44.23300", "2007-06-30": "42.21110", "2007-03-31": "41.11240", "2006-12-31": "38.06490", "2006-09-30": "39.71060", "2006-06-30": "38.30900", "2006-03-31": "57.48130", "2005-12-31": "47.78690", "2005-09-30": "57.17290", "2005-06-30": "64.98990", "2005-03-31": "66.94670"}, "ROE - Return On Equity": {"2020-09-30": "9.49550", "2020-06-30": "4.42680", "2020-03-31": "-0.17640", "2019-12-31": "3.09730", "2019-09-30": "-15.83140", "2019-06-30": "2.30460", "2019-03-31": "1.18660", "2018-12-31": "4.99650", "2018-09-30": "1.42440", "2018-06-30": "3.41320", "2018-03-31": "4.28950", "2017-12-31": "15.81870", "2017-09-30": "1.03190", "2017-06-30": "2.32030", "2017-03-31": "2.59420", "2016-12-31": "-2.25910", "2016-09-30": "6.17640", "2016-06-30": "5.53330", "2016-03-31": "1.36340", "2015-12-31": "0.33450", "2015-09-30": "3.41260", "2015-06-30": "4.50500", "2015-03-31": "2.66430", "2014-12-31": "3.99650", "2014-09-30": "2.29210", "2014-06-30": "0.77290", "2014-03-31": "0.80060", "2013-12-31": "2.00260", "2013-09-30": "1.05550", "2013-06-30": "1.28590", "2013-03-31": "0.45040", "2012-12-31": "2.29860", "2012-09-30": "-0.41390", "2012-06-30": "3.94670", "2012-03-31": "1.61410", "2011-12-31": "7.52980", "2011-09-30": "0.37900", "2011-06-30": "", "2011-03-31": "0.97860", "2010-12-31": "3.05020", "2010-09-30": "1.68290", "2010-06-30": "1.11420", "2010-03-31": "5.50770", "2009-12-31": "-1.84890", "2009-09-30": "0.04470", "2009-06-30": "2.08650", "2009-03-31": "-0.76110", "2008-12-31": "-10.90290", "2008-09-30": "-3.76350", "2008-06-30": "1.36670", "2008-03-31": "1.78400", "2007-12-31": "2.60570", "2007-09-30": "0.96950", "2007-06-30": "1.21460", "2007-03-31": "1.03210", "2006-12-31": "3.26900", "2006-09-30": "1.39480", "2006-06-30": "1.49080", "2006-03-31": "0.38300", "2005-12-31": "0.85250", "2005-09-30": "0.35200", "2005-06-30": "0.08420", "2005-03-31": "0.20160"}, "Return On Tangible Equity": {"2020-09-30": "-5.13040", "2020-06-30": "-4.42680", "2020-03-31": "0.16320", "2019-12-31": "-2.68900", "2019-09-30": "12.34870", "2019-06-30": "-2.04920", "2019-03-31": "-1.02290", "2018-12-31": "-4.60970", "2018-09-30": "-1.30590", "2018-06-30": "-3.14040", "2018-03-31": "-4.11380", "2017-12-31": "-73.29960", "2017-09-30": "-3.11880", "2017-06-30": "-6.55860", "2017-03-31": "-6.28340", "2016-12-31": "4.43110", "2016-09-30": "-13.45870", "2016-06-30": "-10.07030", "2016-03-31": "-2.17550", "2015-12-31": "-0.54030", "2015-09-30": "-6.94980", "2015-06-30": "-8.58280", "2015-03-31": "-4.66110", "2014-12-31": "-7.00420", "2014-09-30": "-3.22900", "2014-06-30": "-1.81290", "2014-03-31": "-1.94900", "2013-12-31": "15.63140", "2013-09-30": "-2.45570", "2013-06-30": "-3.00660", "2013-03-31": "-1.05830", "2012-12-31": "-5.60050", "2012-09-30": "0.62280", "2012-06-30": "-5.86430", "2012-03-31": "-2.52770", "2011-12-31": "-12.23640", "2011-09-30": "-0.58780", "2011-06-30": "", "2011-03-31": "-1.36870", "2010-12-31": "99.43020", "2010-09-30": "-2.07110", "2010-06-30": "-1.26800", "2010-03-31": "-6.06290", "2009-12-31": "2.97670", "2009-09-30": "-0.06510", "2009-06-30": "-2.82270", "2009-03-31": "0.95830", "2008-12-31": "14.05750", "2008-09-30": "6.37310", "2008-06-30": "-2.33680", "2008-03-31": "-2.93590", "2007-12-31": "-4.64740", "2007-09-30": "-2.03390", "2007-06-30": "-2.91180", "2007-03-31": "-2.99740", "2006-12-31": "-8.56540", "2006-09-30": "-2.97880", "2006-06-30": "-3.60930", "2006-03-31": "1.33900", "2005-12-31": "2.83280", "2005-09-30": "1.21270", "2005-06-30": "0.25040", "2005-03-31": "0.61000"}, "ROA - Return On Assets": {"2020-09-30": "2.09620", "2020-06-30": "1.40140", "2020-03-31": "-0.05450", "2019-12-31": "0.88990", "2019-09-30": "-4.44670", "2019-06-30": "0.73360", "2019-03-31": "0.37080", "2018-12-31": "1.60870", "2018-09-30": "0.46400", "2018-06-30": "1.11060", "2018-03-31": "1.36790", "2017-12-31": "6.61220", "2017-09-30": "0.36370", "2017-06-30": "0.82960", "2017-03-31": "0.90570", "2016-12-31": "-0.76150", "2016-09-30": "2.14440", "2016-06-30": "1.87020", "2016-03-31": "0.43900", "2015-12-31": "0.10860", "2015-09-30": "1.08290", "2015-06-30": "1.42210", "2015-03-31": "0.84440", "2014-12-31": "1.24210", "2014-09-30": "0.72850", "2014-06-30": "0.35190", "2014-03-31": "0.36900", "2013-12-31": "0.92800", "2013-09-30": "0.50060", "2013-06-30": "0.61770", "2013-03-31": "0.20900", "2012-12-31": "1.05500", "2012-09-30": "-0.14020", "2012-06-30": "1.46200", "2012-03-31": "0.61250", "2011-12-31": "2.87790", "2011-09-30": "0.14680", "2011-06-30": "", "2011-03-31": "0.35900", "2010-12-31": "1.31200", "2010-09-30": "0.63630", "2010-06-30": "0.39830", "2010-03-31": "1.86600", "2009-12-31": "-0.73800", "2009-09-30": "0.01740", "2009-06-30": "0.80160", "2009-03-31": "-0.28340", "2008-12-31": "-4.02580", "2008-09-30": "-1.40950", "2008-06-30": "0.53610", "2008-03-31": "0.68940", "2007-12-31": "1.02970", "2007-09-30": "0.40230", "2007-06-30": "0.52170", "2007-03-31": "0.46320", "2006-12-31": "1.42790", "2006-09-30": "0.59920", "2006-06-30": "0.67620", "2006-03-31": "0.17700", "2005-12-31": "0.38850", "2005-09-30": "0.15970", "2005-06-30": "0.04220", "2005-03-31": "0.10080"}, "ROI - Return On Investment": {"2020-09-30": "3.95910", "2020-06-30": "2.23390", "2020-03-31": "-0.07990", "2019-12-31": "1.42240", "2019-09-30": "-6.79750", "2019-06-30": "1.09020", "2019-03-31": "0.57310", "2018-12-31": "2.45150", "2018-09-30": "0.70430", "2018-06-30": "1.64260", "2018-03-31": "2.07190", "2017-12-31": "9.04400", "2017-09-30": "0.53390", "2017-06-30": "1.20550", "2017-03-31": "1.31840", "2016-12-31": "-1.10500", "2016-09-30": "3.09820", "2016-06-30": "2.88080", "2016-03-31": "0.70670", "2015-12-31": "0.16020", "2015-09-30": "1.55140", "2015-06-30": "2.01690", "2015-03-31": "1.19820", "2014-12-31": "1.79880", "2014-09-30": "1.06160", "2014-06-30": "0.48670", "2014-03-31": "0.50630", "2013-12-31": "1.30550", "2013-09-30": "0.70820", "2013-06-30": "0.85110", "2013-03-31": "0.28870", "2012-12-31": "1.51390", "2012-09-30": "-0.21510", "2012-06-30": "2.29010", "2012-03-31": "0.91920", "2011-12-31": "4.34780", "2011-09-30": "0.21860", "2011-06-30": "", "2011-03-31": "0.50250", "2010-12-31": "2.00440", "2010-09-30": "0.92450", "2010-06-30": "0.57900", "2010-03-31": "2.70380", "2009-12-31": "-1.03790", "2009-09-30": "0.02440", "2009-06-30": "1.10550", "2009-03-31": "-0.35990", "2008-12-31": "-5.24860", "2008-09-30": "-1.86490", "2008-06-30": "0.67570", "2008-03-31": "0.87780", "2007-12-31": "1.34450", "2007-09-30": "0.51700", "2007-06-30": "0.67030", "2007-03-31": "0.60120", "2006-12-31": "1.88300", "2006-09-30": "0.78650", "2006-06-30": "0.98420", "2006-03-31": "0.28850", "2005-12-31": "0.63940", "2005-09-30": "0.26290", "2005-06-30": "0.06290", "2005-03-31": "0.14950"}, "Book Value Per Share": {"2020-09-30": "8.88570", "2020-06-30": "12.68090", "2020-03-31": "12.24030", "2019-12-31": "11.95280", "2019-09-30": "11.46900", "2019-06-30": "13.32350", "2019-03-31": "12.94580", "2018-12-31": "13.07980", "2018-09-30": "12.63850", "2018-06-30": "12.57970", "2018-03-31": "12.61900", "2017-12-31": "17.85610", "2017-09-30": "14.43550", "2017-06-30": "13.97130", "2017-03-31": "13.51270", "2016-12-31": "12.61710", "2016-09-30": "11.96930", "2016-06-30": "11.30390", "2016-03-31": "10.80670", "2015-12-31": "10.86700", "2015-09-30": "9.63750", "2015-06-30": "9.43890", "2015-03-31": "9.26850", "2014-12-31": "9.35510", "2014-09-30": "10.23980", "2014-06-30": "20.15850", "2014-03-31": "20.03310", "2013-12-31": "19.91620", "2013-09-30": "21.05470", "2013-06-30": "20.85750", "2013-03-31": "20.63770", "2012-12-31": "20.71490", "2012-09-30": "11.01870", "2012-06-30": "11.58640", "2012-03-31": "11.46960", "2011-12-31": "11.45840", "2011-09-30": "11.06700", "2011-06-30": "11.09780", "2011-03-31": "10.71510", "2010-12-31": "15.58130", "2010-09-30": "10.13550", "2010-06-30": "9.75440", "2010-03-31": "9.73000", "2009-12-31": "11.60950", "2009-09-30": "11.24880", "2009-06-30": "10.93420", "2009-03-31": "10.58000", "2008-12-31": "10.87350", "2008-09-30": "12.30480", "2008-06-30": "12.56810", "2008-03-31": "12.46060", "2007-12-31": "12.76310", "2007-09-30": "13.01020", "2007-06-30": "13.26190", "2007-03-31": "13.52360", "2006-12-31": "13.25660", "2006-09-30": "12.32790", "2006-06-30": "12.36250", "2006-03-31": "", "2005-12-31": "", "2005-09-30": "", "2005-06-30": "", "2005-03-31": ""}, "Operating Cash Flow Per Share": {"2020-09-30": 1.5402, "2020-06-30": 2.4535, "2020-03-31": "0.41250", "2019-12-31": 0.8513, "2019-09-30": 0.7915, "2019-06-30": 1.0261, "2019-03-31": "0.35940", "2018-12-31": 0.1457, "2018-09-30": 0.6509, "2018-06-30": 1.0026, "2018-03-31": "0.50700", "2017-12-31": 0.7813, "2017-09-30": 0.5564, "2017-06-30": 0.6599, "2017-03-31": "0.78740", "2016-12-31": 0.7026, "2016-09-30": 0.5714, "2016-06-30": 0.6048, "2016-03-31": "0.46370", "2015-12-31": 0.3833, "2015-09-30": 0.3525, "2015-06-30": 0.5078, "2015-03-31": "0.45830", "2014-12-31": 1.0744, "2014-09-30": 0.5978, "2014-06-30": 0.8897, "2014-03-31": "0.78770", "2013-12-31": 0.9259, "2013-09-30": 0.1811, "2013-06-30": 0.6573, "2013-03-31": "0.18450", "2012-12-31": 0.916, "2012-09-30": 0.4112, "2012-06-30": 0.7309, "2012-03-31": "0.56800", "2011-12-31": 0.6407, "2011-09-30": 0.3073, "2011-06-30": 0.3685, "2011-03-31": "0.17850", "2010-12-31": 0.2169, "2010-09-30": 1.4409, "2010-06-30": 0.0567, "2010-03-31": "0.27390", "2009-12-31": 0.5572, "2009-09-30": 0.3089, "2009-06-30": 0.6878, "2009-03-31": "0.18010", "2008-12-31": 0.2794, "2008-09-30": 0.1297, "2008-06-30": 0.2984, "2008-03-31": "0.14770", "2007-12-31": 0.4845, "2007-09-30": 0.1153, "2007-06-30": 0.1796, "2007-03-31": "0.17330", "2006-12-31": 0.4722, "2006-09-30": -0.0402, "2006-06-30": 0.3934, "2006-03-31": "", "2005-12-31": 0.6144, "2005-09-30": 0.6377, "2005-06-30": -0.1482, "2005-03-31": "0.14820"}, "Free Cash Flow Per Share": {"2020-09-30": 1.4066, "2020-06-30": 2.3031, "2020-03-31": "0.30460", "2019-12-31": 0.6805, "2019-09-30": 0.586, "2019-06-30": 0.7764, "2019-03-31": "0.21890", "2018-12-31": 0.0206, "2018-09-30": 0.4859, "2018-06-30": 0.8772, "2018-03-31": "0.42430", "2017-12-31": 0.6338, "2017-09-30": 0.4594, "2017-06-30": 0.5785, "2017-03-31": "0.73200", "2016-12-31": 0.609, "2016-09-30": 0.4859, "2016-06-30": 0.4861, "2016-03-31": "0.38330", "2015-12-31": 0.2392, "2015-09-30": 0.2512, "2015-06-30": 0.4314, "2015-03-31": "0.36670", "2014-12-31": 0.8762, "2014-09-30": 0.4776, "2014-06-30": 0.7997, "2014-03-31": "0.70630", "2013-12-31": 0.7102, "2013-09-30": 0.1007, "2013-06-30": 0.5101, "2013-03-31": "0.07560", "2012-12-31": 0.741, "2012-09-30": 0.2506, "2012-06-30": 0.5793, "2012-03-31": "0.45090", "2011-12-31": 0.4403, "2011-09-30": 0.1591, "2011-06-30": 0.2666, "2011-03-31": "0.11070", "2010-12-31": 0.0819, "2010-09-30": 1.3528, "2010-06-30": -0.0475, "2010-03-31": "0.17480", "2009-12-31": 0.4293, "2009-09-30": 0.2271, "2009-06-30": 0.5978, "2009-03-31": "0.12960", "2008-12-31": 0.1684, "2008-09-30": 0.0741, "2008-06-30": 0.2444, "2008-03-31": "0.08890", "2007-12-31": 0.4044, "2007-09-30": 0.0014, "2007-06-30": 0.0435, "2007-03-31": "0.04750", "2006-12-31": 0.3389, "2006-09-30": -0.1508, "2006-06-30": 0.2507, "2006-03-31": "", "2005-12-31": 0.4287, "2005-09-30": 0.5007, "2005-06-30": -0.0637, "2005-03-31": "0.06370"}}, "revenue": {"Qurate Retail Annual Revenue (Millions of US $)": {"2019": "$13,458", "2018": "$14,070", "2017": "$10,404", "2016": "$10,647", "2015": "$9,989", "2014": "$10,499", "2013": "$10,219", "2012": "$9,888", "2011": "$9,616", "2010": "$8,932", "2009": "$8,305", "2008": "$8,079", "2007": "$7,802", "2006": "$7,326", "2005": "$6,501"}, "Qurate Retail Quarterly Revenue (Millions of US $)": {"2020-09-30": "$3,383", "2020-06-30": "$3,422", "2020-03-31": "$2,920", "2019-12-31": "$4,173", "2019-09-30": "$3,089", "2019-06-30": "$3,111", "2019-03-31": "$3,085", "2018-12-31": "$4,376", "2018-09-30": "$3,231", "2018-06-30": "$3,233", "2018-03-31": "$3,230", "2017-12-31": "$3,344", "2017-09-30": "$2,381", "2017-06-30": "$2,352", "2017-03-31": "$2,327", "2016-12-31": "$3,162", "2016-09-30": "$2,412", "2016-06-30": "$2,563", "2016-03-31": "$2,510", "2015-12-31": "$3,370", "2015-09-30": "$2,153", "2015-06-30": "$2,252", "2015-03-31": "$2,214", "2014-12-31": "$3,252", "2014-09-30": "$2,330", "2014-06-30": "$2,483", "2014-03-31": "$2,434", "2013-12-31": "$2,683", "2013-09-30": "$2,225", "2013-06-30": "$2,647", "2013-03-31": "$2,664", "2012-12-31": "$3,013", "2012-09-30": "$2,196", "2012-06-30": "$2,365", "2012-03-31": "$2,314", "2011-12-31": "$3,079", "2011-09-30": "$2,133", "2011-06-30": "$2,245", "2011-03-31": "$2,159", "2010-12-31": "$2,886", "2010-09-30": "$1,968", "2010-06-30": "$2,053", "2010-03-31": "$2,025", "2009-12-31": "$2,711", "2009-09-30": "$1,827", "2009-06-30": "$1,936", "2009-03-31": "$1,831", "2008-12-31": "$2,377", "2008-09-30": "$1,798", "2008-06-30": "$1,954", "2008-03-31": "$1,950", "2007-12-31": "$2,480", "2007-09-30": "$1,760", "2007-06-30": "$1,791", "2007-03-31": "$1,771", "2006-12-31": "$2,310", "2006-09-30": "$1,693", "2006-06-30": "$1,715", "2006-03-31": "$1,608", "2005-12-31": "$2,083", "2005-09-30": "$1,475", "2005-06-30": "$1,479", "2005-03-31": "$1,464"}}, "gross-profit": {"Qurate Retail Annual Gross Profit (Millions of US $)": {"2019": "$4,559", "2018": "$4,861", "2017": "$3,615", "2016": "$3,739", "2015": "$3,596", "2014": "$3,815", "2013": "$3,686", "2012": "$3,581", "2011": "$3,502", "2010": "$3,227", "2009": "$2,973", "2008": "$2,855", "2007": "$2,877", "2006": "$2,761", "2005": "$2,389"}, "Qurate Retail Quarterly Gross Profit (Millions of US $)": {"2020-09-30": "$1,205", "2020-06-30": "$1,205", "2020-03-31": "$987", "2019-12-31": "$1,319", "2019-09-30": "$1,063", "2019-06-30": "$1,115", "2019-03-31": "$1,062", "2018-12-31": "$1,419", "2018-09-30": "$1,122", "2018-06-30": "$1,183", "2018-03-31": "$1,137", "2017-12-31": "$1,108", "2017-09-30": "$827", "2017-06-30": "$858", "2017-03-31": "$822", "2016-12-31": "$1,076", "2016-09-30": "$837", "2016-06-30": "$942", "2016-03-31": "$884", "2015-12-31": "$1,159", "2015-09-30": "$795", "2015-06-30": "$843", "2015-03-31": "$799", "2014-12-31": "$1,170", "2014-09-30": "$842", "2014-06-30": "$925", "2014-03-31": "$878", "2013-12-31": "$647", "2013-09-30": "$802", "2013-06-30": "$1,126", "2013-03-31": "$1,111", "2012-12-31": "$1,067", "2012-09-30": "$789", "2012-06-30": "$877", "2012-03-31": "$848", "2011-12-31": "$1,104", "2011-09-30": "$769", "2011-06-30": "$847", "2011-03-31": "$782", "2010-12-31": "$1,013", "2010-09-30": "$714", "2010-06-30": "$769", "2010-03-31": "$731", "2009-12-31": "$952", "2009-09-30": "$645", "2009-06-30": "$728", "2009-03-31": "$648", "2008-12-31": "$798", "2008-09-30": "$619", "2008-06-30": "$726", "2008-03-31": "$712", "2007-12-31": "$893", "2007-09-30": "$644", "2007-06-30": "$679", "2007-03-31": "$661", "2006-12-31": "$862", "2006-09-30": "$630", "2006-06-30": "$661", "2006-03-31": "$608", "2005-12-31": "$749", "2005-09-30": "$533", "2005-06-30": "$557", "2005-03-31": "$550"}}, "operating-income": {"Qurate Retail Annual Operating Income (Millions of US $)": {"2019": "$184", "2018": "$1,324", "2017": "$1,043", "2016": "$968", "2015": "$1,116", "2014": "$1,188", "2013": "$1,136", "2012": "$1,163", "2011": "$1,133", "2010": "$1,108", "2009": "$1,041", "2008": "$906", "2007": "$1,113", "2006": "$1,130", "2005": "$916"}, "Qurate Retail Quarterly Operating Income (Millions of US $)": {"2020-09-30": "$406", "2020-06-30": "$405", "2020-03-31": "$231", "2019-12-31": "$287", "2019-09-30": "$-727", "2019-06-30": "$336", "2019-03-31": "$288", "2018-12-31": "$435", "2018-09-30": "$237", "2018-06-30": "$358", "2018-03-31": "$294", "2017-12-31": "$368", "2017-09-30": "$208", "2017-06-30": "$254", "2017-03-31": "$213", "2016-12-31": "$372", "2016-09-30": "$157", "2016-06-30": "$250", "2016-03-31": "$189", "2015-12-31": "$364", "2015-09-30": "$247", "2015-06-30": "$269", "2015-03-31": "$236", "2014-12-31": "$444", "2014-09-30": "$239", "2014-06-30": "$259", "2014-03-31": "$246", "2013-12-31": "$384", "2013-09-30": "$197", "2013-06-30": "$284", "2013-03-31": "$271", "2012-12-31": "$426", "2012-09-30": "$189", "2012-06-30": "$290", "2012-03-31": "$258", "2011-12-31": "$408", "2011-09-30": "$224", "2011-06-30": "$288", "2011-03-31": "$213", "2010-12-31": "$396", "2010-09-30": "$220", "2010-06-30": "$274", "2010-03-31": "$218", "2009-12-31": "$397", "2009-09-30": "$194", "2009-06-30": "$266", "2009-03-31": "$184", "2008-12-31": "$226", "2008-09-30": "$161", "2008-06-30": "$262", "2008-03-31": "$257", "2007-12-31": "$401", "2007-09-30": "$221", "2007-06-30": "$247", "2007-03-31": "$244", "2006-12-31": "$419", "2006-09-30": "$250", "2006-06-30": "$243", "2006-03-31": "$218", "2005-12-31": "$316", "2005-09-30": "$178", "2005-06-30": "$192", "2005-03-31": "$-327"}}, "ebitda": {"Qurate Retail Annual EBITDA (Millions of US $)": {"2019": "$790", "2018": "$1,961", "2017": "$1,768", "2016": "$1,842", "2015": "$1,819", "2014": "$1,857", "2013": "$1,765", "2012": "$1,754", "2011": "$1,774", "2010": "$1,679", "2009": "$1,607", "2008": "$1,467", "2007": "$1,649", "2006": "$1,621", "2005": "$1,365"}, "Qurate Retail Quarterly EBITDA (Millions of US $)": {"2020-09-30": "$547", "2020-06-30": "$549", "2020-03-31": "$373", "2019-12-31": "$436", "2019-09-30": "$-581", "2019-06-30": "$494", "2019-03-31": "$441", "2018-12-31": "$583", "2018-09-30": "$404", "2018-06-30": "$517", "2018-03-31": "$457", "2017-12-31": "$499", "2017-09-30": "$388", "2017-06-30": "$460", "2017-03-31": "$421", "2016-12-31": "$583", "2016-09-30": "$382", "2016-06-30": "$471", "2016-03-31": "$406", "2015-12-31": "$588", "2015-09-30": "$397", "2015-06-30": "$430", "2015-03-31": "$404", "2014-12-31": "$620", "2014-09-30": "$405", "2014-06-30": "$423", "2014-03-31": "$409", "2013-12-31": "$550", "2013-09-30": "$193", "2013-06-30": "$521", "2013-03-31": "$501", "2012-12-31": "$580", "2012-09-30": "$336", "2012-06-30": "$437", "2012-03-31": "$401", "2011-12-31": "$601", "2011-09-30": "$375", "2011-06-30": "$436", "2011-03-31": "$362", "2010-12-31": "$546", "2010-09-30": "$361", "2010-06-30": "$413", "2010-03-31": "$359", "2009-12-31": "$542", "2009-09-30": "$333", "2009-06-30": "$401", "2009-03-31": "$331", "2008-12-31": "$369", "2008-09-30": "$304", "2008-06-30": "$398", "2008-03-31": "$396", "2007-12-31": "$540", "2007-09-30": "$356", "2007-06-30": "$384", "2007-03-31": "$369", "2006-12-31": "$543", "2006-09-30": "$372", "2006-06-30": "$368", "2006-03-31": "$338", "2005-12-31": "$609", "2005-09-30": "$295", "2005-06-30": "$243", "2005-03-31": "$-149"}}, "net-income": {"Qurate Retail Annual Net Income (Millions of US $)": {"2019": "$-456", "2018": "$916", "2017": "$2,441", "2016": "$1,235", "2015": "$869", "2014": "$537", "2013": "$501", "2012": "$1,530", "2011": "$912", "2010": "$1,892", "2009": "$6,462", "2008": "$-781", "2007": "$441", "2006": "$511", "2005": "$298"}, "Qurate Retail Quarterly Net Income (Millions of US $)": {"2020-09-30": "$338", "2020-06-30": "$220", "2020-03-31": "$-20", "2019-12-31": "$141", "2019-09-30": "$-770", "2019-06-30": "$118", "2019-03-31": "$55", "2018-12-31": "$273", "2018-09-30": "$72", "2018-06-30": "$187", "2018-03-31": "$384", "2017-12-31": "$1,463", "2017-09-30": "$296", "2017-06-30": "$175", "2017-03-31": "$507", "2016-12-31": "$319", "2016-09-30": "$469", "2016-06-30": "$379", "2016-03-31": "$68", "2015-12-31": "$294", "2015-09-30": "$190", "2015-06-30": "$242", "2015-03-31": "$143", "2014-12-31": "$258", "2014-09-30": "$120", "2014-06-30": "$77", "2014-03-31": "$82", "2013-12-31": "$241", "2013-09-30": "$113", "2013-06-30": "$120", "2013-03-31": "$27", "2012-12-31": "$1,246", "2012-09-30": "$-41", "2012-06-30": "$234", "2012-03-31": "$91", "2011-12-31": "$285", "2011-09-30": "$-19", "2011-06-30": "$257", "2011-03-31": "$389", "2010-12-31": "$1,345", "2010-09-30": "$179", "2010-06-30": "$58", "2010-03-31": "$310", "2009-12-31": "$6,397", "2009-09-30": "$-6", "2009-06-30": "$128", "2009-03-31": "$-57", "2008-12-31": "$-715", "2008-09-30": "$-283", "2008-06-30": "$92", "2008-03-31": "$125", "2007-12-31": "$170", "2007-09-30": "$78", "2007-06-30": "$102", "2007-03-31": "$91", "2006-12-31": "$283", "2006-09-30": "$114", "2006-06-30": "$126", "2006-03-31": "$-12", "2005-12-31": "$163", "2005-09-30": "$67", "2005-06-30": "$20", "2005-03-31": "$48"}}, "eps-earnings-per-share-diluted": {"Qurate Retail Annual EPS": {"2019": "$-1.08", "2018": "$1.66", "2017": "$4.56", "2016": "$2.00", "2015": "$1.39", "2014": "$1.06", "2013": "$0.83", "2012": "$0.38", "2011": "$0.87", "2010": "$1.44", "2009": "$0.43", "2008": "$-1.31", "2007": "$0.69", "2006": "$0.73", "2005": "$0.00"}, "Qurate Retail Quarterly EPS": {"2020-09-30": "$0.80", "2020-06-30": "$0.53", "2020-03-31": "$-0.05", "2019-12-31": "$0.37", "2019-09-30": "$-1.85", "2019-06-30": "$0.28", "2019-03-31": "$0.13", "2018-12-31": "$0.42", "2018-09-30": "$0.16", "2018-06-30": "$0.40", "2018-03-31": "$0.68", "2017-12-31": "$2.75", "2017-09-30": "$0.55", "2017-06-30": "$0.32", "2017-03-31": "$0.94", "2016-12-31": "$0.54", "2016-09-30": "$0.75", "2016-06-30": "$0.60", "2016-03-31": "$0.11", "2015-12-31": "$0.38", "2015-09-30": "$0.31", "2015-06-30": "$0.39", "2015-03-31": "$0.31", "2014-12-31": "$0.46", "2014-09-30": "$0.17", "2014-06-30": "$0.21", "2014-03-31": "$0.22", "2013-12-31": "$0.29", "2013-09-30": "$0.15", "2013-06-30": "$0.21", "2013-03-31": "$0.18", "2012-12-31": "$-0.12", "2012-09-30": "$-0.08", "2012-06-30": "$0.42", "2012-03-31": "$0.16", "2011-12-31": "$0.50", "2011-09-30": "$0.00", "2011-06-30": "$0.30", "2011-03-31": "$0.07", "2010-12-31": "$0.53", "2010-09-30": "$0.30", "2010-06-30": "$0.10", "2010-03-31": "$0.51", "2009-12-31": "$0.33", "2009-09-30": "$-0.01", "2009-06-30": "$0.21", "2009-03-31": "$-0.10", "2008-12-31": "$-1.19", "2008-09-30": "$-0.48", "2008-06-30": "$0.15", "2008-03-31": "$0.21", "2007-12-31": "$0.27", "2007-09-30": "$0.12", "2007-06-30": "$0.16", "2007-03-31": "$0.14", "2006-12-31": "$0.43", "2006-09-30": "$0.17", "2006-06-30": "$0.13", "2006-03-31": "$0.00", "2005-12-31": "$0.23", "2005-09-30": "$0.10", "2005-06-30": "$0.00", "2005-03-31": "$0.07"}}, "shares-outstanding": {"Qurate Retail Annual Shares Outstanding (Millions of Shares)": {"2019": "424", "2018": "552", "2017": "535", "2016": "616", "2015": "624", "2014": "492", "2013": "527", "2012": "551", "2011": "602", "2010": "605", "2009": "594", "2008": "594", "2007": "634", "2006": "670", "2005": ""}, "Qurate Retail Quarterly Shares Outstanding (Millions of Shares)": {"2020-09-30": "421", "2020-06-30": "418", "2020-03-31": "417", "2019-12-31": "424", "2019-09-30": "418", "2019-06-30": "428", "2019-03-31": "434", "2018-12-31": "552", "2018-09-30": "461", "2018-06-30": "471", "2018-03-31": "568", "2017-12-31": "535", "2017-09-30": "539", "2017-06-30": "541", "2017-03-31": "541", "2016-12-31": "616", "2016-09-30": "622", "2016-06-30": "628", "2016-03-31": "634", "2015-12-31": "624", "2015-09-30": "609", "2015-06-30": "619", "2015-03-31": "480", "2014-12-31": "492", "2014-09-30": "487", "2014-06-30": "496", "2014-03-31": "504", "2013-12-31": "527", "2013-09-30": "523", "2013-06-30": "531", "2013-03-31": "542", "2012-12-31": "551", "2012-09-30": "552", "2012-06-30": "562", "2012-03-31": "581", "2011-12-31": "602", "2011-09-30": "604", "2011-06-30": "607", "2011-03-31": "605", "2010-12-31": "605", "2010-09-30": "604", "2010-06-30": "605", "2010-03-31": "595", "2009-12-31": "594", "2009-09-30": "594", "2009-06-30": "598", "2009-03-31": "594", "2008-12-31": "594", "2008-09-30": "594", "2008-06-30": "594", "2008-03-31": "596", "2007-12-31": "634", "2007-09-30": "628", "2007-06-30": "638", "2007-03-31": "652", "2006-12-31": "670", "2006-09-30": "671", "2006-06-30": "694", "2006-03-31": "", "2005-12-31": "722", "2005-09-30": "679", "2005-06-30": "", "2005-03-31": "722"}}, "total-assets": {"Qurate Retail Annual Total Assets (Millions of US $)": {"2019": "$17,305", "2018": "$17,841", "2017": "$24,122", "2016": "$20,355", "2015": "$21,180", "2014": "$18,598", "2013": "$24,676", "2012": "$26,255", "2011": "$17,339", "2010": "$26,600", "2009": "$17,343", "2008": "$17,487", "2007": "$19,326", "2006": "$19,820", "2005": "$18,351"}, "Qurate Retail Quarterly Total Assets (Millions of US $)": {"2020-09-30": "$16,792", "2020-06-30": "$16,697", "2020-03-31": "$16,510", "2019-12-31": "$17,305", "2019-09-30": "$16,979", "2019-06-30": "$17,721", "2019-03-31": "$17,797", "2018-12-31": "$17,841", "2018-09-30": "$17,673", "2018-06-30": "$17,829", "2018-03-31": "$18,715", "2017-12-31": "$24,122", "2017-09-30": "$21,447", "2017-06-30": "$20,973", "2017-03-31": "$20,758", "2016-12-31": "$20,355", "2016-09-30": "$21,032", "2016-06-30": "$20,693", "2016-03-31": "$20,958", "2015-12-31": "$21,180", "2015-09-30": "$18,285", "2015-06-30": "$18,142", "2015-03-31": "$18,002", "2014-12-31": "$18,598", "2014-09-30": "$17,707", "2014-06-30": "$24,722", "2014-03-31": "$24,662", "2013-12-31": "$24,676", "2013-09-30": "$24,370", "2013-06-30": "$24,285", "2013-03-31": "$25,354", "2012-12-31": "$26,255", "2012-09-30": "$18,543", "2012-06-30": "$17,031", "2012-03-31": "$17,144", "2011-12-31": "$17,339", "2011-09-30": "$17,025", "2011-06-30": "$17,569", "2011-03-31": "$17,551", "2010-12-31": "$26,600", "2010-09-30": "$16,029", "2010-06-30": "$16,320", "2010-03-31": "$17,149", "2009-12-31": "$17,343", "2009-09-30": "$17,217", "2009-06-30": "$16,967", "2009-03-31": "$16,936", "2008-12-31": "$17,487", "2008-09-30": "$19,510", "2008-06-30": "$19,028", "2008-03-31": "$19,148", "2007-12-31": "$19,326", "2007-09-30": "$19,390", "2007-06-30": "$19,552", "2007-03-31": "$19,647", "2006-12-31": "$19,820", "2006-09-30": "$19,025", "2006-06-30": "$18,633", "2006-03-31": "$42,379", "2005-12-31": "$41,952", "2005-09-30": "$41,943", "2005-06-30": "$47,405", "2005-03-31": "$47,616"}}, "cash-on-hand": {"Qurate Retail Annual Cash on Hand (Millions of US $)": {"2019": "$673", "2018": "$653", "2017": "$903", "2016": "$825", "2015": "$3,359", "2014": "$3,195", "2013": "$1,314", "2012": "$2,846", "2011": "$847", "2010": "$1,353", "2009": "$884", "2008": "$832", "2007": "$557", "2006": "$946", "2005": "$945"}, "Qurate Retail Quarterly Cash on Hand (Millions of US $)": {"2020-09-30": "$1,044", "2020-06-30": "$948", "2020-03-31": "$555", "2019-12-31": "$673", "2019-09-30": "$605", "2019-06-30": "$519", "2019-03-31": "$508", "2018-12-31": "$653", "2018-09-30": "$532", "2018-06-30": "$657", "2018-03-31": "$1,055", "2017-12-31": "$903", "2017-09-30": "$895", "2017-06-30": "$905", "2017-03-31": "$821", "2016-12-31": "$825", "2016-09-30": "$505", "2016-06-30": "$510", "2016-03-31": "$3,344", "2015-12-31": "$3,359", "2015-09-30": "$3,454", "2015-06-30": "$3,434", "2015-03-31": "$3,210", "2014-12-31": "$3,195", "2014-09-30": "$2,273", "2014-06-30": "$2,490", "2014-03-31": "$2,166", "2013-12-31": "$1,314", "2013-09-30": "$1,533", "2013-06-30": "$1,956", "2013-03-31": "$1,370", "2012-12-31": "$2,846", "2012-09-30": "$1,793", "2012-06-30": "$790", "2012-03-31": "$794", "2011-12-31": "$847", "2011-09-30": "$896", "2011-06-30": "$1,375", "2011-03-31": "$1,366", "2010-12-31": "$1,353", "2010-09-30": "$935", "2010-06-30": "$1,100", "2010-03-31": "$1,731", "2009-12-31": "$884", "2009-09-30": "$816", "2009-06-30": "$946", "2009-03-31": "$939", "2008-12-31": "$832", "2008-09-30": "$1,442", "2008-06-30": "$731", "2008-03-31": "$646", "2007-12-31": "$557", "2007-09-30": "$718", "2007-06-30": "$806", "2007-03-31": "$885", "2006-12-31": "$946", "2006-09-30": "$910", "2006-06-30": "$925", "2006-03-31": "$1,680", "2005-12-31": "$1,946", "2005-09-30": "$1,709", "2005-06-30": "$1,387", "2005-03-31": "$1,347"}}, "long-term-debt": {"Qurate Retail Annual Long Term Debt (Millions of US $)": {"2019": "$5,855", "2018": "$5,963", "2017": "$7,553", "2016": "$7,166", "2015": "$7,481", "2014": "$7,062", "2013": "$6,106", "2012": "$6,246", "2011": "$4,850", "2010": "$5,970", "2009": "$5,410", "2008": "$6,956", "2007": "$7,164", "2006": "$6,372", "2005": "$3,950"}, "Qurate Retail Quarterly Long Term Debt (Millions of US $)": {"2020-09-30": "$5,184", "2020-06-30": "$5,189", "2020-03-31": "$6,157", "2019-12-31": "$5,855", "2019-09-30": "$6,338", "2019-06-30": "$6,283", "2019-03-31": "$5,955", "2018-12-31": "$5,963", "2018-09-30": "$5,885", "2018-06-30": "$6,253", "2018-03-31": "$6,388", "2017-12-31": "$7,553", "2017-09-30": "$7,050", "2017-06-30": "$6,935", "2017-03-31": "$7,013", "2016-12-31": "$7,166", "2016-09-30": "$7,255", "2016-06-30": "$6,440", "2016-03-31": "$6,271", "2015-12-31": "$7,481", "2015-09-30": "$6,961", "2015-06-30": "$7,065", "2015-03-31": "$6,981", "2014-12-31": "$7,062", "2014-09-30": "$6,523", "2014-06-30": "$6,620", "2014-03-31": "$6,608", "2013-12-31": "$6,106", "2013-09-30": "$5,668", "2013-06-30": "$5,959", "2013-03-31": "$6,593", "2012-12-31": "$6,246", "2012-09-30": "$5,806", "2012-06-30": "$4,564", "2012-03-31": "$4,918", "2011-12-31": "$4,850", "2011-09-30": "$4,838", "2011-06-30": "$5,919", "2011-03-31": "$6,100", "2010-12-31": "$5,970", "2010-09-30": "$4,972", "2010-06-30": "$5,392", "2010-03-31": "$6,025", "2009-12-31": "$5,410", "2009-09-30": "$5,570", "2009-06-30": "$5,784", "2009-03-31": "$7,030", "2008-12-31": "$6,956", "2008-09-30": "$7,439", "2008-06-30": "$7,632", "2008-03-31": "$7,638", "2007-12-31": "$7,164", "2007-09-30": "$7,043", "2007-06-30": "$6,819", "2007-03-31": "$6,320", "2006-12-31": "$6,372", "2006-09-30": "$6,322", "2006-06-30": "$4,350", "2006-03-31": "$6,416", "2005-12-31": "$6,371", "2005-09-30": "$6,455", "2005-06-30": "$8,057", "2005-03-31": "$8,304"}}, "total-liabilities": {"Qurate Retail Annual Total Liabilities (Millions of US $)": {"2019": "$12,333", "2018": "$12,097", "2017": "$14,039", "2016": "$13,494", "2015": "$14,305", "2014": "$12,818", "2013": "$13,241", "2012": "$14,204", "2011": "$10,712", "2010": "$15,158", "2009": "$10,420", "2008": "$11,030", "2007": "$11,689", "2006": "$11,163", "2005": "$9,960"}, "Qurate Retail Quarterly Total Liabilities (Millions of US $)": {"2020-09-30": "$13,085", "2020-06-30": "$11,411", "2020-03-31": "$11,409", "2019-12-31": "$12,333", "2019-09-30": "$12,210", "2019-06-30": "$12,080", "2019-03-31": "$12,235", "2018-12-31": "$12,097", "2018-09-30": "$11,916", "2018-06-30": "$12,028", "2018-03-31": "$12,747", "2017-12-31": "$14,039", "2017-09-30": "$13,888", "2017-06-30": "$13,474", "2017-03-31": "$13,511", "2016-12-31": "$13,494", "2016-09-30": "$13,730", "2016-06-30": "$13,699", "2016-03-31": "$14,210", "2015-12-31": "$14,305", "2015-09-30": "$12,483", "2015-06-30": "$12,415", "2015-03-31": "$12,297", "2014-12-31": "$12,818", "2014-09-30": "$12,079", "2014-06-30": "$13,466", "2014-03-31": "$13,296", "2013-12-31": "$13,241", "2013-09-30": "$12,811", "2013-06-30": "$12,620", "2013-03-31": "$13,586", "2012-12-31": "$14,204", "2012-09-30": "$12,261", "2012-06-30": "$10,722", "2012-03-31": "$10,639", "2011-12-31": "$10,712", "2011-09-30": "$10,429", "2011-06-30": "$10,892", "2011-03-31": "$11,113", "2010-12-31": "$15,158", "2010-09-30": "$9,968", "2010-06-30": "$10,486", "2010-03-31": "$11,339", "2009-12-31": "$10,420", "2009-09-30": "$10,510", "2009-06-30": "$10,449", "2009-03-31": "$10,629", "2008-12-31": "$11,030", "2008-09-30": "$12,203", "2008-06-30": "$11,565", "2008-03-31": "$11,749", "2007-12-31": "$11,689", "2007-09-30": "$11,345", "2007-06-30": "$11,154", "2007-03-31": "$10,830", "2006-12-31": "$11,163", "2006-09-30": "$10,852", "2006-06-30": "$10,181", "2006-03-31": "$22,795", "2005-12-31": "$22,832", "2005-09-30": "$22,909", "2005-06-30": "$23,660", "2005-03-31": "$23,810"}}, "total-share-holder-equity": {"Qurate Retail Annual Share Holder Equity (Millions of US $)": {"2019": "$4,972", "2018": "$5,744", "2017": "$10,083", "2016": "$6,861", "2015": "$6,875", "2014": "$5,780", "2013": "$11,435", "2012": "$12,051", "2011": "$6,627", "2010": "$11,442", "2009": "$6,923", "2008": "$6,457", "2007": "$7,637", "2006": "$8,657", "2005": "$8,391"}, "Qurate Retail Quarterly Share Holder Equity (Millions of US $)": {"2020-09-30": "$3,707", "2020-06-30": "$5,286", "2020-03-31": "$5,101", "2019-12-31": "$4,972", "2019-09-30": "$4,769", "2019-06-30": "$5,641", "2019-03-31": "$5,562", "2018-12-31": "$5,744", "2018-09-30": "$5,757", "2018-06-30": "$5,801", "2018-03-31": "$5,968", "2017-12-31": "$10,083", "2017-09-30": "$7,559", "2017-06-30": "$7,499", "2017-03-31": "$7,247", "2016-12-31": "$6,861", "2016-09-30": "$7,302", "2016-06-30": "$6,994", "2016-03-31": "$6,748", "2015-12-31": "$6,875", "2015-09-30": "$5,802", "2015-06-30": "$5,727", "2015-03-31": "$5,705", "2014-12-31": "$5,780", "2014-09-30": "$5,628", "2014-06-30": "$11,256", "2014-03-31": "$11,366", "2013-12-31": "$11,435", "2013-09-30": "$11,559", "2013-06-30": "$11,665", "2013-03-31": "$11,768", "2012-12-31": "$12,051", "2012-09-30": "$6,282", "2012-06-30": "$6,309", "2012-03-31": "$6,505", "2011-12-31": "$6,627", "2011-09-30": "$6,596", "2011-06-30": "$6,677", "2011-03-31": "$6,438", "2010-12-31": "$11,442", "2010-09-30": "$6,061", "2010-06-30": "$5,834", "2010-03-31": "$5,810", "2009-12-31": "$6,923", "2009-09-30": "$6,707", "2009-06-30": "$6,518", "2009-03-31": "$6,307", "2008-12-31": "$6,457", "2008-09-30": "$7,307", "2008-06-30": "$7,463", "2008-03-31": "$7,399", "2007-12-31": "$7,637", "2007-09-30": "$8,045", "2007-06-30": "$8,398", "2007-03-31": "$8,817", "2006-12-31": "$8,657", "2006-09-30": "$8,173", "2006-06-30": "$8,452", "2006-03-31": "$19,584", "2005-12-31": "$19,120", "2005-09-30": "$19,034", "2005-06-30": "$23,745", "2005-03-31": "$23,806"}}, "profit-margins": {"current": "4.89%"}, "gross margin": {"2020-09-30": "33.93%", "2020-06-30": "33.62%", "2020-03-31": "33.73%", "2019-12-31": "33.88%", "2019-09-30": "34.10%", "2019-06-30": "34.18%", "2019-03-31": "34.37%", "2018-12-31": "34.55%", "2018-09-30": "34.90%", "2018-06-30": "34.91%", "2018-03-31": "34.76%", "2017-12-31": "34.75%", "2017-09-30": "35.05%", "2017-06-30": "35.04%", "2017-03-31": "35.14%", "2016-12-31": "35.12%", "2016-09-30": "35.21%", "2016-06-30": "35.67%", "2016-03-31": "35.79%", "2015-12-31": "36.00%", "2015-09-30": "36.54%", "2015-06-30": "36.37%", "2015-03-31": "36.35%", "2014-12-31": "36.34%", "2014-09-30": "33.15%", "2014-06-30": "33.10%", "2014-03-31": "34.57%", "2013-12-31": "36.07%", "2013-09-30": "38.92%", "2013-06-30": "38.91%", "2013-03-31": "37.55%", "2012-12-31": "36.22%", "2012-09-30": "36.35%", "2012-06-30": "36.38%", "2012-03-31": "36.52%", "2011-12-31": "36.42%", "2011-09-30": "36.20%", "2011-06-30": "36.25%", "2011-03-31": "36.16%", "2010-12-31": "36.13%", "2010-09-30": "36.15%", "2010-06-30": "35.94%", "2010-03-31": "35.96%", "2009-12-31": "35.80%", "2009-09-30": "35.37%", "2009-06-30": "35.17%", "2009-03-31": "35.06%", "2008-12-31": "35.34%", "2008-09-30": "36.05%", "2008-06-30": "36.53%", "2008-03-31": "36.69%", "2007-12-31": "36.88%", "2007-09-30": "37.29%", "2007-06-30": "37.44%", "2007-03-31": "37.58%", "2006-12-31": "37.69%", "2006-09-30": "37.30%", "2006-06-30": "37.07%", "2006-03-31": "36.82%", "2005-12-31": "36.75%"}, "operating margin": {"2020-09-30": "9.56%", "2020-06-30": "1.44%", "2020-03-31": "0.96%", "2019-12-31": "1.37%", "2019-09-30": "2.43%", "2019-06-30": "9.39%", "2019-03-31": "9.46%", "2018-12-31": "9.41%", "2018-09-30": "9.64%", "2018-06-30": "10.08%", "2018-03-31": "9.94%", "2017-12-31": "10.02%", "2017-09-30": "10.24%", "2017-06-30": "9.71%", "2017-03-31": "9.48%", "2016-12-31": "9.09%", "2016-09-30": "8.84%", "2016-06-30": "9.91%", "2016-03-31": "10.39%", "2015-12-31": "11.17%", "2015-09-30": "12.12%", "2015-06-30": "11.82%", "2015-03-31": "11.46%", "2014-12-31": "11.32%", "2014-09-30": "11.36%", "2014-06-30": "11.05%", "2014-03-31": "11.12%", "2013-12-31": "11.12%", "2013-09-30": "11.17%", "2013-06-30": "11.12%", "2013-03-31": "11.49%", "2012-12-31": "11.76%", "2012-09-30": "11.50%", "2012-06-30": "11.93%", "2012-03-31": "12.06%", "2011-12-31": "11.78%", "2011-09-30": "11.90%", "2011-06-30": "12.07%", "2011-03-31": "12.17%", "2010-12-31": "12.40%", "2010-09-30": "12.66%", "2010-06-30": "12.57%", "2010-03-31": "12.65%", "2009-12-31": "12.53%", "2009-09-30": "10.91%", "2009-06-30": "10.54%", "2009-03-31": "10.46%", "2008-12-31": "11.21%", "2008-09-30": "13.21%", "2008-06-30": "14.01%", "2008-03-31": "14.11%", "2007-12-31": "14.27%", "2007-09-30": "14.82%", "2007-06-30": "15.33%", "2007-03-31": "15.44%", "2006-12-31": "15.42%", "2006-09-30": "14.47%", "2006-06-30": "13.88%", "2006-03-31": "13.60%", "2005-12-31": "5.52%"}, "ebitda margin": {"2020-09-30": "13.71%", "2020-06-30": "5.71%", "2020-03-31": "5.43%", "2019-12-31": "5.87%", "2019-09-30": "6.86%", "2019-06-30": "13.92%", "2019-03-31": "13.97%", "2018-12-31": "13.94%", "2018-09-30": "14.40%", "2018-06-30": "15.27%", "2018-03-31": "15.95%", "2017-12-31": "16.99%", "2017-09-30": "18.12%", "2017-06-30": "18.00%", "2017-03-31": "17.75%", "2016-12-31": "17.30%", "2016-09-30": "17.02%", "2016-06-30": "17.57%", "2016-03-31": "17.71%", "2015-12-31": "18.21%", "2015-09-30": "18.75%", "2015-06-30": "18.50%", "2015-03-31": "18.02%", "2014-12-31": "17.69%", "2014-09-30": "18.00%", "2014-06-30": "16.03%", "2014-03-31": "16.75%", "2013-12-31": "17.27%", "2013-09-30": "17.02%", "2013-06-30": "18.42%", "2013-03-31": "18.11%", "2012-12-31": "17.74%", "2012-09-30": "17.83%", "2012-06-30": "18.34%", "2012-03-31": "18.55%", "2011-12-31": "18.45%", "2011-09-30": "18.24%", "2011-06-30": "18.42%", "2011-03-31": "18.55%", "2010-12-31": "18.80%", "2010-09-30": "19.13%", "2010-06-30": "19.12%", "2010-03-31": "19.24%", "2009-12-31": "19.35%", "2009-09-30": "17.99%", "2009-06-30": "17.69%", "2009-03-31": "17.61%", "2008-12-31": "18.16%", "2008-09-30": "20.02%", "2008-06-30": "20.75%", "2008-03-31": "21.00%", "2007-12-31": "21.14%", "2007-09-30": "21.65%", "2007-06-30": "22.05%", "2007-03-31": "22.06%", "2006-12-31": "22.13%", "2006-09-30": "23.76%", "2006-06-30": "23.40%", "2006-03-31": "22.35%", "2005-12-31": "15.35%"}, "pre tax profit margin": {"2020-09-30": "5.85%", "2020-06-30": "-3.78%", "2020-03-31": "-5.32%", "2019-12-31": "-4.62%", "2019-09-30": "-3.55%", "2019-06-30": "3.66%", "2019-03-31": "4.66%", "2018-12-31": "6.28%", "2018-09-30": "8.47%", "2018-06-30": "8.73%", "2018-03-31": "9.46%", "2017-12-31": "10.09%", "2017-09-30": "2.82%", "2017-06-30": "8.62%", "2017-03-31": "11.78%", "2016-12-31": "10.25%", "2016-09-30": "12.59%", "2016-06-30": "9.53%", "2016-03-31": "7.69%", "2015-12-31": "8.17%", "2015-09-30": "11.95%", "2015-06-30": "10.47%", "2015-03-31": "7.77%", "2014-12-31": "7.38%", "2014-09-30": "7.68%", "2014-06-30": "7.78%", "2014-03-31": "8.31%", "2013-12-31": "7.21%", "2013-09-30": "7.47%", "2013-06-30": "5.61%", "2013-03-31": "7.55%", "2012-12-31": "8.93%", "2012-09-30": "9.57%", "2012-06-30": "10.87%", "2012-03-31": "10.33%", "2011-12-31": "9.76%", "2011-09-30": "8.55%", "2011-06-30": "8.22%", "2011-03-31": "6.45%", "2010-12-31": "10.79%", "2010-09-30": "4.72%", "2010-06-30": "4.26%", "2010-03-31": "5.46%", "2009-12-31": "-0.99%", "2009-09-30": "-11.97%", "2009-06-30": "-17.41%", "2009-03-31": "-18.15%", "2008-12-31": "-15.32%", "2008-09-30": "1.67%", "2008-06-30": "8.78%", "2008-03-31": "9.22%", "2007-12-31": "9.95%", "2007-09-30": "10.77%", "2007-06-30": "11.24%", "2007-03-31": "11.24%", "2006-12-31": "11.51%", "2006-09-30": "5.13%", "2006-06-30": "4.52%", "2006-03-31": "2.96%", "2005-12-31": "8.41%"}, "net profit margin": {"2020-09-30": "4.89%", "2020-06-30": "-3.15%", "2020-03-31": "-3.99%", "2019-12-31": "-3.39%", "2019-09-30": "-2.37%", "2019-06-30": "3.75%", "2019-03-31": "4.22%", "2018-12-31": "6.51%", "2018-09-30": "16.15%", "2018-06-30": "19.12%", "2018-03-31": "20.50%", "2017-12-31": "23.46%", "2017-09-30": "12.69%", "2017-06-30": "14.34%", "2017-03-31": "16.00%", "2016-12-31": "11.60%", "2016-09-30": "11.15%", "2016-06-30": "8.79%", "2016-03-31": "7.72%", "2015-12-31": "8.70%", "2015-09-30": "8.44%", "2015-06-30": "7.59%", "2015-03-31": "5.82%", "2014-12-31": "5.11%", "2014-09-30": "5.24%", "2014-06-30": "5.22%", "2014-03-31": "5.57%", "2013-12-31": "4.90%", "2013-09-30": "14.28%", "2013-06-30": "12.85%", "2013-03-31": "14.32%", "2012-12-31": "15.47%", "2012-09-30": "5.72%", "2012-06-30": "5.98%", "2012-03-31": "6.28%", "2011-12-31": "9.48%", "2011-09-30": "20.93%", "2011-06-30": "23.44%", "2011-03-31": "21.74%", "2010-12-31": "21.18%", "2010-09-30": "79.30%", "2010-06-30": "78.45%", "2010-03-31": "80.35%", "2009-12-31": "77.81%", "2009-09-30": "-8.15%", "2009-06-30": "-11.67%", "2009-03-31": "-12.10%", "2008-12-31": "-9.67%", "2008-09-30": "1.27%", "2008-06-30": "5.71%", "2008-03-31": "5.95%", "2007-12-31": "5.65%", "2007-09-30": "7.26%", "2007-06-30": "7.80%", "2007-03-31": "8.20%", "2006-12-31": "6.98%", "2006-09-30": "5.51%", "2006-06-30": "5.00%", "2006-03-31": "3.58%", "2005-12-31": "4.58%"}, "pe ratio": {"current": "6.37", "2021-02-05": "8.10", "2020-09-30": "3.90", "2020-06-30": "0.00", "2020-03-31": "0.00", "2019-12-31": "0.00", "2019-09-30": "0.00", "2019-06-30": "5.37", "2019-03-31": "6.29", "2018-12-31": "6.79", "2018-09-30": "3.90", "2018-06-30": "3.60", "2018-03-31": "4.52", "2017-12-31": "4.54", "2017-09-30": "10.96", "2017-06-30": "12.94", "2017-03-31": "10.34", "2016-12-31": "10.53", "2016-09-30": "10.13", "2016-06-30": "10.72", "2016-03-31": "10.85", "2015-12-31": "10.58", "2015-09-30": "10.01", "2015-06-30": "12.03", "2015-03-31": "12.98", "2014-12-31": "14.19", "2014-09-30": "13.69", "2014-06-30": "14.40", "2014-03-31": "14.16", "2013-12-31": "15.08", "2013-09-30": "11.92", "2013-06-30": "15.46", "2013-03-31": "10.85", "2012-12-31": "10.23", "2012-09-30": "8.08", "2012-06-30": "7.19", "2012-03-31": "8.68", "2011-12-31": "8.14", "2011-09-30": "6.14", "2011-06-30": "6.10", "2011-03-31": "7.00", "2010-12-31": "4.78", "2010-09-30": "5.44", "2010-06-30": "4.98", "2010-03-31": "6.49", "2009-12-31": "11.27", "2009-09-30": "0.00", "2009-06-30": "0.00", "2009-03-31": "0.00", "2008-12-31": "0.00", "2008-09-30": "93.95", "2008-06-30": "9.77", "2008-03-31": "10.52", "2007-12-31": "13.89", "2007-09-30": "10.36", "2007-06-30": "11.47", "2007-03-31": "12.09"}, "price sales": {"2021-02-05": "0.40", "2020-09-30": "0.19", "2020-06-30": "0.15", "2020-03-31": "0.10", "2019-12-31": "0.14", "2019-09-30": "0.18", "2019-06-30": "0.22", "2019-03-31": "0.28", "2018-12-31": "0.36", "2018-09-30": "0.44", "2018-06-30": "0.47", "2018-03-31": "0.62", "2017-12-31": "0.65", "2017-09-30": "0.66", "2017-06-30": "0.71", "2017-03-31": "0.59", "2016-12-31": "0.60", "2016-09-30": "0.59", "2016-06-30": "0.76", "2016-03-31": "0.78", "2015-12-31": "0.81", "2015-09-30": "0.73", "2015-06-30": "0.72", "2015-03-31": "0.71", "2014-12-31": "0.71", "2014-09-30": "0.63", "2014-06-30": "0.67", "2014-03-31": "0.66", "2013-12-31": "0.67", "2013-09-30": "0.52", "2013-06-30": "0.52", "2013-03-31": "0.50", "2012-12-31": "0.49", "2012-09-30": "0.47", "2012-06-30": "0.46", "2012-03-31": "0.51", "2011-12-31": "0.45", "2011-09-30": "0.41", "2011-06-30": "0.48", "2011-03-31": "0.47", "2010-12-31": "0.46", "2010-09-30": "0.41", "2010-06-30": "0.32", "2010-03-31": "0.47", "2009-12-31": "0.34", "2009-09-30": "0.36", "2009-06-30": "0.16", "2009-03-31": "0.09", "2008-12-31": "0.10", "2008-09-30": "0.42", "2008-06-30": "0.49", "2008-03-31": "0.55", "2007-12-31": "0.68", "2007-09-30": "0.71", "2007-06-30": "0.85", "2007-03-31": "0.93"}, "price book": {"current": "1.48", "2021-02-05": "1.48", "2020-09-30": "0.71", "2020-06-30": "0.38", "2020-03-31": "0.26", "2019-12-31": "0.36", "2019-09-30": "0.46", "2019-06-30": "0.48", "2019-03-31": "0.63", "2018-12-31": "0.76", "2018-09-30": "0.90", "2018-06-30": "0.86", "2018-03-31": "1.02", "2017-12-31": "0.70", "2017-09-30": "0.83", "2017-06-30": "0.90", "2017-03-31": "0.76", "2016-12-31": "0.81", "2016-09-30": "0.85", "2016-06-30": "1.15", "2016-03-31": "1.19", "2015-12-31": "1.29", "2015-09-30": "1.39", "2015-06-30": "1.50", "2015-03-31": "1.61", "2014-12-31": "1.61", "2014-09-30": "1.22", "2014-06-30": "0.64", "2014-03-31": "0.63", "2013-12-31": "0.64", "2013-09-30": "0.49", "2013-06-30": "0.48", "2013-03-31": "0.45", "2012-12-31": "0.41", "2012-09-30": "0.73", "2012-06-30": "0.67", "2012-03-31": "0.73", "2011-12-31": "0.62", "2011-09-30": "0.58", "2011-06-30": "0.66", "2011-03-31": "0.65", "2010-12-31": "0.44", "2010-09-30": "0.59", "2010-06-30": "0.47", "2010-03-31": "0.69", "2009-12-31": "0.41", "2009-09-30": "0.43", "2009-06-30": "0.20", "2009-03-31": "0.12", "2008-12-31": "0.13", "2008-09-30": "0.46", "2008-06-30": "0.51", "2008-03-31": "0.57", "2007-12-31": "0.65", "2007-09-30": "0.64", "2007-06-30": "0.74", "2007-03-31": "0.77", "2006-12-31": "0.71", "2006-09-30": "0.72", "2006-06-30": "0.61"}, "price fcf": {"2021-02-05": "", "2020-09-30": "$4.69", "2020-06-30": "$3.87", "2020-03-31": "$2.35", "2019-12-31": "$2.26", "2019-09-30": "$1.60", "2019-06-30": "$1.50", "2019-03-31": "$1.60", "2018-12-31": "$1.81", "2018-09-30": "$2.42", "2018-06-30": "$2.39", "2018-03-31": "$2.10", "2017-12-31": "$2.40", "2017-09-30": "$2.38", "2017-06-30": "$2.41", "2017-03-31": "$2.31", "2016-12-31": "$1.96", "2016-09-30": "$1.59", "2016-06-30": "$1.36", "2016-03-31": "$1.31", "2015-12-31": "$1.29", "2015-09-30": "$1.93", "2015-06-30": "$2.15", "2015-03-31": "$2.52", "2014-12-31": "$2.86", "2014-09-30": "$2.69", "2014-06-30": "$2.32", "2014-03-31": "$2.03", "2013-12-31": "$1.40", "2013-09-30": "$1.43", "2013-06-30": "$1.58", "2013-03-31": "$1.65", "2012-12-31": "$2.02", "2012-09-30": "$1.72", "2012-06-30": "$1.63", "2012-03-31": "$1.32", "2011-12-31": "$0.98", "2011-09-30": "$0.62", "2011-06-30": "$1.81", "2011-03-31": "$1.50", "2010-12-31": "$1.56", "2010-09-30": "$1.91", "2010-06-30": "$0.78", "2010-03-31": "$1.43", "2009-12-31": "$1.38", "2009-09-30": "$1.12", "2009-06-30": "$0.97", "2009-03-31": "$0.62", "2008-12-31": "$0.58", "2008-09-30": "$0.81", "2008-06-30": "$0.74", "2008-03-31": "$0.54", "2007-12-31": "$0.50", "2007-09-30": "$0.43", "2007-06-30": "$0.28", "2007-03-31": "$0.49"}, "net worth": {"value": "$5.47B"}, "current ratio": {"current": "1.05", "2020-09-30": "1.05", "2020-06-30": "1.12", "2020-03-31": "1.33", "2019-12-31": "1.14", "2019-09-30": "1.14", "2019-06-30": "1.11", "2019-03-31": "1.02", "2018-12-31": "1.06", "2018-09-30": "0.97", "2018-06-30": "1.00", "2018-03-31": "1.09", "2017-12-31": "1.21", "2017-09-30": "1.18", "2017-06-30": "1.21", "2017-03-31": "1.20", "2016-12-31": "1.25", "2016-09-30": "1.12", "2016-06-30": "0.84", "2016-03-31": "1.34", "2015-12-31": "1.90", "2015-09-30": "1.59", "2015-06-30": "1.58", "2015-03-31": "1.55", "2014-12-31": "2.01", "2014-09-30": "1.27", "2014-06-30": "1.25", "2014-03-31": "1.26", "2013-12-31": "1.18", "2013-09-30": "0.99", "2013-06-30": "1.20", "2013-03-31": "1.09", "2012-12-31": "1.17", "2012-09-30": "0.93", "2012-06-30": "0.68", "2012-03-31": "0.79", "2011-12-31": "0.87", "2011-09-30": "0.85", "2011-06-30": "1.56", "2011-03-31": "1.57", "2010-12-31": "1.38", "2010-09-30": "1.33", "2010-06-30": "1.44", "2010-03-31": "1.61", "2009-12-31": "1.23", "2009-09-30": "1.16", "2009-06-30": "1.23", "2009-03-31": "2.32", "2008-12-31": "1.92", "2008-09-30": "1.76", "2008-06-30": "2.42", "2008-03-31": "2.23", "2007-12-31": "1.94", "2007-09-30": "2.29", "2007-06-30": "2.39", "2007-03-31": "2.37", "2006-12-31": "2.05", "2006-09-30": "2.31", "2006-06-30": "1.03", "2006-03-31": "0.92", "2005-12-31": "0.98", "2005-09-30": "0.94", "2005-06-30": "1.52", "2005-03-31": "1.53"}, "quick ratio": {"2020-09-30": "0.70", "2020-06-30": "0.77", "2020-03-31": "0.82", "2019-12-31": "0.79", "2019-09-30": "0.64", "2019-06-30": "0.64", "2019-03-31": "0.59", "2018-12-31": "0.69", "2018-09-30": "0.51", "2018-06-30": "0.57", "2018-03-31": "0.71", "2017-12-31": "0.80", "2017-09-30": "0.73", "2017-06-30": "0.76", "2017-03-31": "0.77", "2016-12-31": "0.87", "2016-09-30": "0.62", "2016-06-30": "0.51", "2016-03-31": "1.08", "2015-12-31": "1.57", "2015-09-30": "1.25", "2015-06-30": "1.28", "2015-03-31": "1.22", "2014-12-31": "1.63", "2014-09-30": "0.91", "2014-06-30": "0.94", "2014-03-31": "0.93", "2013-12-31": "0.88", "2013-09-30": "0.66", "2013-06-30": "0.87", "2013-03-31": "0.79", "2012-12-31": "0.93", "2012-09-30": "0.63", "2012-06-30": "0.40", "2012-03-31": "0.47", "2011-12-31": "0.57", "2011-09-30": "0.50", "2011-06-30": "1.02", "2011-03-31": "1.02", "2010-12-31": "1.16", "2010-09-30": "0.77", "2010-06-30": "1.00", "2010-03-31": "1.18", "2009-12-31": "0.87", "2009-09-30": "0.74", "2009-06-30": "0.84", "2009-03-31": "1.60", "2008-12-31": "1.32", "2008-09-30": "1.22", "2008-06-30": "1.60", "2008-03-31": "1.45", "2007-12-31": "1.29", "2007-09-30": "1.45", "2007-06-30": "1.62", "2007-03-31": "1.62", "2006-12-31": "1.48", "2006-09-30": "1.57", "2006-06-30": "0.75", "2006-03-31": "0.77", "2005-12-31": "0.84", "2005-09-30": "0.80", "2005-06-30": "1.33", "2005-03-31": "1.33"}, "debt equity ratio": {"current": "1.40", "2020-09-30": "3.53", "2020-06-30": "2.16", "2020-03-31": "2.24", "2019-12-31": "2.48", "2019-09-30": "2.56", "2019-06-30": "2.14", "2019-03-31": "2.20", "2018-12-31": "2.11", "2018-09-30": "2.07", "2018-06-30": "2.07", "2018-03-31": "2.14", "2017-12-31": "1.39", "2017-09-30": "1.84", "2017-06-30": "1.80", "2017-03-31": "1.86", "2016-12-31": "1.97", "2016-09-30": "1.88", "2016-06-30": "1.96", "2016-03-31": "2.11", "2015-12-31": "2.08", "2015-09-30": "2.15", "2015-06-30": "2.17", "2015-03-31": "2.16", "2014-12-31": "2.22", "2014-09-30": "2.15", "2014-06-30": "1.20", "2014-03-31": "1.17", "2013-12-31": "1.16", "2013-09-30": "1.11", "2013-06-30": "1.08", "2013-03-31": "1.15", "2012-12-31": "1.18", "2012-09-30": "1.95", "2012-06-30": "1.70", "2012-03-31": "1.64", "2011-12-31": "1.62", "2011-09-30": "1.58", "2011-06-30": "1.63", "2011-03-31": "1.73", "2010-12-31": "1.33", "2010-09-30": "1.65", "2010-06-30": "1.80", "2010-03-31": "1.95", "2009-12-31": "1.51", "2009-09-30": "1.57", "2009-06-30": "1.60", "2009-03-31": "1.69", "2008-12-31": "1.71", "2008-09-30": "1.67", "2008-06-30": "1.55", "2008-03-31": "1.59", "2007-12-31": "1.53", "2007-09-30": "1.41", "2007-06-30": "1.33", "2007-03-31": "1.23", "2006-12-31": "1.29", "2006-09-30": "1.33", "2006-06-30": "1.21", "2006-03-31": "1.16", "2005-12-31": "1.19", "2005-09-30": "1.20", "2005-06-30": "1.00", "2005-03-31": "1.00"}, "return on equity": {"2020-09-30": "14.25%", "2020-06-30": "-8.53%", "2020-03-31": "-10.37%", "2019-12-31": "-8.71%", "2019-09-30": "-5.97%", "2019-06-30": "9.13%", "2019-03-31": "10.27%", "2018-12-31": "15.75%", "2018-09-30": "30.51%", "2018-06-30": "31.69%", "2018-03-31": "29.80%", "2017-12-31": "30.15%", "2017-09-30": "17.79%", "2017-06-30": "20.34%", "2017-03-31": "23.57%", "2016-12-31": "17.70%", "2016-09-30": "17.34%", "2016-06-30": "14.10%", "2016-03-31": "12.63%", "2015-12-31": "14.42%", "2015-09-30": "14.48%", "2015-06-30": "13.36%", "2015-03-31": "8.43%", "2014-12-31": "6.31%", "2014-09-30": "5.24%", "2014-06-30": "4.50%", "2014-03-31": "4.83%", "2013-12-31": "4.32%", "2013-09-30": "12.81%", "2013-06-30": "12.95%", "2013-03-31": "16.11%", "2012-12-31": "19.65%", "2012-09-30": "8.85%", "2012-06-30": "9.08%", "2012-03-31": "9.30%", "2011-12-31": "13.85%", "2011-09-30": "25.32%", "2011-06-30": "28.35%", "2011-03-31": "26.48%", "2010-12-31": "25.96%", "2010-09-30": "112.78%", "2010-06-30": "106.97%", "2010-03-31": "105.23%", "2009-12-31": "97.71%", "2009-09-30": "-10.00%", "2009-06-30": "-13.95%", "2009-03-31": "-13.99%", "2008-12-31": "-10.91%", "2008-09-30": "1.40%", "2008-06-30": "6.09%", "2008-03-31": "6.04%", "2007-12-31": "5.36%", "2007-09-30": "6.53%", "2007-06-30": "6.93%", "2007-03-31": "7.20%", "2006-12-31": "4.56%", "2006-09-30": "2.83%", "2006-06-30": "2.08%", "2006-03-31": "1.17%", "2005-12-31": "1.39%"}, "return on assets": {"2020-09-30": "4.04%", "2020-06-30": "-2.54%", "2020-03-31": "-3.10%", "2019-12-31": "-2.61%", "2019-09-30": "-1.84%", "2019-06-30": "2.92%", "2019-03-31": "3.30%", "2018-12-31": "5.08%", "2018-09-30": "10.75%", "2018-06-30": "11.35%", "2018-03-31": "10.88%", "2017-12-31": "11.18%", "2017-09-30": "6.21%", "2017-06-30": "7.07%", "2017-03-31": "8.08%", "2016-12-31": "5.95%", "2016-09-30": "5.77%", "2016-06-30": "4.59%", "2016-03-31": "4.04%", "2015-12-31": "4.60%", "2015-09-30": "4.56%", "2015-06-30": "4.21%", "2015-03-31": "3.03%", "2014-12-31": "2.51%", "2014-09-30": "2.27%", "2014-06-30": "2.08%", "2014-03-31": "2.27%", "2013-12-31": "2.03%", "2013-09-30": "6.01%", "2013-06-30": "5.73%", "2013-03-31": "6.73%", "2012-12-31": "7.75%", "2012-09-30": "3.25%", "2012-06-30": "3.45%", "2012-03-31": "3.56%", "2011-12-31": "5.25%", "2011-09-30": "10.02%", "2011-06-30": "11.16%", "2011-03-31": "10.31%", "2010-12-31": "9.95%", "2010-09-30": "41.56%", "2010-06-30": "39.74%", "2010-03-31": "39.78%", "2009-12-31": "37.75%", "2009-09-30": "-3.79%", "2009-06-30": "-5.23%", "2009-03-31": "-5.28%", "2008-12-31": "-4.16%", "2008-09-30": "0.54%", "2008-06-30": "2.42%", "2008-03-31": "2.45%", "2007-12-31": "2.26%", "2007-09-30": "2.83%", "2007-06-30": "3.02%", "2007-03-31": "3.18%", "2006-12-31": "2.05%", "2006-09-30": "1.28%", "2006-06-30": "0.95%", "2006-03-31": "0.55%", "2005-12-31": "0.67%"}, "return on investments": {"2020-09-30": "12.82%", "2020-06-30": "1.80%", "2020-03-31": "1.13%", "2019-12-31": "1.62%", "2019-09-30": "2.87%", "2019-06-30": "11.08%", "2019-03-31": "11.24%", "2018-12-31": "11.09%", "2018-09-30": "9.37%", "2018-06-30": "8.67%", "2018-03-31": "7.62%", "2017-12-31": "6.85%", "2017-09-30": "7.31%", "2017-06-30": "6.96%", "2017-03-31": "7.05%", "2016-12-31": "7.04%", "2016-09-30": "6.94%", "2016-06-30": "7.84%", "2016-03-31": "8.08%", "2015-12-31": "8.49%", "2015-09-30": "9.37%", "2015-06-30": "9.42%", "2015-03-31": "8.48%", "2014-12-31": "7.81%", "2014-09-30": "6.88%", "2014-06-30": "6.15%", "2014-03-31": "6.32%", "2013-12-31": "6.42%", "2013-09-30": "6.59%", "2013-06-30": "7.05%", "2013-03-31": "7.89%", "2012-12-31": "8.83%", "2012-09-30": "9.99%", "2012-06-30": "10.44%", "2012-03-31": "10.04%", "2011-12-31": "9.43%", "2011-09-30": "8.31%", "2011-06-30": "8.34%", "2011-03-31": "8.45%", "2010-12-31": "8.60%", "2010-09-30": "9.55%", "2010-06-30": "9.09%", "2010-03-31": "8.82%", "2009-12-31": "8.29%", "2009-09-30": "6.78%", "2009-06-30": "6.22%", "2009-03-31": "5.89%", "2008-12-31": "6.22%", "2008-09-30": "7.25%", "2008-06-30": "7.60%", "2008-03-31": "7.49%", "2007-12-31": "7.39%", "2007-09-30": "7.48%", "2007-06-30": "7.75%", "2007-03-31": "8.05%", "2006-12-31": "6.62%", "2006-09-30": "5.21%", "2006-06-30": "4.25%", "2006-03-31": "3.32%", "2005-12-31": "1.25%"}, "return on tangible equity": {"2020-09-30": "-11.61%", "2020-06-30": "7.58%", "2020-03-31": "8.96%", "2019-12-31": "7.40%", "2019-09-30": "5.16%", "2019-06-30": "-8.19%", "2019-03-31": "-9.29%", "2018-12-31": "-14.64%", "2018-09-30": "-40.15%", "2018-06-30": "-54.17%", "2018-03-31": "-68.41%", "2017-12-31": "-94.59%", "2017-09-30": "-44.56%", "2017-06-30": "-47.06%", "2017-03-31": "-48.93%", "2016-12-31": "-33.11%", "2016-09-30": "-30.87%", "2016-06-30": "-24.54%", "2016-03-31": "-22.15%", "2015-12-31": "-25.99%", "2015-09-30": "-26.84%", "2015-06-30": "-22.51%", "2015-03-31": "-15.58%", "2014-12-31": "-12.82%", "2014-09-30": "-17.34%", "2014-06-30": "-15.82%", "2014-03-31": "-16.90%", "2013-12-31": "-14.84%", "2013-09-30": "-30.25%", "2013-06-30": "-28.29%", "2013-03-31": "-31.91%", "2012-12-31": "-34.93%", "2012-09-30": "-13.67%", "2012-06-30": "-14.13%", "2012-03-31": "-14.63%", "2011-12-31": "-21.17%", "2011-09-30": "-61.62%", "2011-06-30": "-64.42%", "2011-03-31": "-55.12%", "2010-12-31": "-50.53%", "2010-09-30": "-141.50%", "2010-06-30": "-140.00%", "2010-03-31": "-143.74%", "2009-12-31": "-137.97%", "2009-09-30": "13.37%", "2009-06-30": "19.36%", "2009-03-31": "20.60%", "2008-12-31": "17.18%", "2008-09-30": "-2.38%", "2008-06-30": "-10.96%", "2008-03-31": "-11.79%", "2007-12-31": "-12.04%", "2007-09-30": "-16.20%", "2007-06-30": "-17.26%", "2007-03-31": "-17.98%", "2006-12-31": "-40.71%", "2006-09-30": "38.74%", "2006-06-30": "10.28%", "2006-03-31": "3.83%", "2005-12-31": "4.39%"}, "dividend yield history": {"last payout": "$0.00", "last yield": "0.00%"}}