{"ticker": "RL", "price": {"title": "Ralph Lauren Historical Annual Stock Price Data", "value": 108.5, "historical": {"2021": {"Average Stock Price": "107.3167", "Year Open": "101.3300", "Year High": "114.5100", "Year Low": "100.8100", "Year Close": "108.5000", "Annual % Change": "4.59%"}, "2020": {"Average Stock Price": "83.2915", "Year Open": "118.7900", "Year High": "123.6900", "Year Low": "61.0000", "Year Close": "103.7400", "Annual % Change": "-11.50%"}, "2019": {"Average Stock Price": "110.6402", "Year Open": "105.4400", "Year High": "132.0900", "Year Low": "83.6300", "Year Close": "117.2200", "Annual % Change": "13.30%"}, "2018": {"Average Stock Price": "120.2910", "Year Open": "104.8800", "Year High": "142.9000", "Year Low": "96.2000", "Year Close": "103.4600", "Annual % Change": "-0.22%"}, "2017": {"Average Stock Price": "83.0616", "Year Open": "90.6300", "Year High": "103.6900", "Year Low": "66.1100", "Year Close": "103.6900", "Annual % Change": "14.80%"}, "2016": {"Average Stock Price": "98.2277", "Year Open": "111.5600", "Year High": "115.5600", "Year Low": "83.1800", "Year Close": "90.3200", "Annual % Change": "-18.98%"}, "2015": {"Average Stock Price": "129.8797", "Year Open": "183.1000", "Year High": "183.1000", "Year Low": "104.0500", "Year Close": "111.4800", "Annual % Change": "-39.79%"}, "2014": {"Average Stock Price": "163.2106", "Year Open": "175.3700", "Year High": "186.7300", "Year Low": "147.3400", "Year Close": "185.1600", "Annual % Change": "4.86%"}, "2013": {"Average Stock Price": "172.4233", "Year Open": "152.1000", "Year High": "189.5600", "Year Low": "152.1000", "Year Close": "176.5700", "Annual % Change": "17.78%"}, "2012": {"Average Stock Price": "156.8258", "Year Open": "137.1200", "Year High": "179.8700", "Year Low": "136.6000", "Year Close": "149.9200", "Annual % Change": "8.57%"}, "2011": {"Average Stock Price": "131.5981", "Year Open": "111.6900", "Year High": "162.0700", "Year Low": "103.9500", "Year Close": "138.0800", "Annual % Change": "24.49%"}, "2010": {"Average Stock Price": "88.3771", "Year Open": "81.5600", "Year High": "115.3200", "Year Low": "71.9300", "Year Close": "110.9200", "Annual % Change": "36.97%"}, "2009": {"Average Stock Price": "58.7430", "Year Open": "47.4300", "Year High": "82.5400", "Year Low": "31.9400", "Year Close": "80.9800", "Annual % Change": "78.33%"}, "2008": {"Average Stock Price": "58.9468", "Year Open": "61.6400", "Year High": "76.5300", "Year Low": "32.6600", "Year Close": "45.4100", "Annual % Change": "-26.51%"}, "2007": {"Average Stock Price": "83.0120", "Year Open": "79.6700", "Year High": "102.3000", "Year Low": "61.4500", "Year Close": "61.7900", "Annual % Change": "-20.44%"}, "2006": {"Average Stock Price": "61.7951", "Year Open": "55.7600", "Year High": "82.1800", "Year Low": "46.5000", "Year Close": "77.6600", "Annual % Change": "38.33%"}, "2005": {"Average Stock Price": "45.2142", "Year Open": "41.8000", "Year High": "56.4100", "Year Low": "35.1000", "Year Close": "56.1400", "Annual % Change": "31.78%"}, "2004": {"Average Stock Price": "34.8782", "Year Open": "28.6900", "Year High": "42.6000", "Year Low": "27.4800", "Year Close": "42.6000", "Annual % Change": "47.92%"}, "2003": {"Average Stock Price": "25.4728", "Year Open": "22.2000", "Year High": "30.7300", "Year Low": "19.7500", "Year Close": "28.8000", "Annual % Change": "32.35%"}, "2002": {"Average Stock Price": "24.3369", "Year Open": "26.1100", "Year High": "30.6400", "Year Low": "16.5700", "Year Close": "21.7600", "Annual % Change": "-18.68%"}, "2001": {"Average Stock Price": "25.3415", "Year Open": "22.4400", "Year High": "30.9800", "Year Low": "18.4100", "Year Close": "26.7600", "Annual % Change": "19.95%"}, "2000": {"Average Stock Price": "17.6346", "Year Open": "17.4400", "Year High": "23.1900", "Year Low": "13.2500", "Year Close": "22.3100", "Annual % Change": "30.77%"}, "1999": {"Average Stock Price": "19.7442", "Year Open": "18.8100", "Year High": "24.8800", "Year Low": "16.3800", "Year Close": "17.0600", "Annual % Change": "-11.10%"}, "1998": {"Average Stock Price": "25.1521", "Year Open": "24.0000", "Year High": "31.0000", "Year Low": "16.0000", "Year Close": "19.1900", "Annual % Change": "-20.87%"}}}, "market cap": {"value": "$7.93B"}, "income statement": {"Revenue": {"2020-03-31": "6159.80000", "2019-03-31": "6313.00000", "2018-03-31": "6182.30000", "2017-03-31": "6652.80000", "2016-03-31": "7405.20000", "2015-03-31": "7620.30000", "2014-03-31": "7450.00000", "2013-03-31": "6945.00000", "2012-03-31": "6860.00000", "2011-03-31": "5660.30000", "2010-03-31": "4978.90000", "2009-03-31": "5018.90000", "2008-03-31": "4880.10000", "2007-03-31": "4295.40000", "2006-03-31": "3746.30000", "2005-03-31": "3305.40000"}, "Cost Of Goods Sold": {"2020-03-31": "2506.50000", "2019-03-31": "2427.00000", "2018-03-31": "2430.60000", "2017-03-31": "3001.70000", "2016-03-31": "3218.50000", "2015-03-31": "3242.40000", "2014-03-31": "3140.00000", "2013-03-31": "2789.00000", "2012-03-31": "2862.00000", "2011-03-31": "2342.00000", "2010-03-31": "2079.80000", "2009-03-31": "2288.20000", "2008-03-31": "2242.00000", "2007-03-31": "1959.20000", "2006-03-31": "1723.90000", "2005-03-31": "1620.90000"}, "Gross Profit": {"2020-03-31": "3653.30000", "2019-03-31": "3886.00000", "2018-03-31": "3751.70000", "2017-03-31": "3651.10000", "2016-03-31": "4186.70000", "2015-03-31": "4377.90000", "2014-03-31": "4310.00000", "2013-03-31": "4156.00000", "2012-03-31": "3998.00000", "2011-03-31": "3318.30000", "2010-03-31": "2899.10000", "2009-03-31": "2730.70000", "2008-03-31": "2638.10000", "2007-03-31": "2336.20000", "2006-03-31": "2022.40000", "2005-03-31": "1684.50000"}, "Research And Development Expenses": {"2020-03-31": "", "2019-03-31": "", "2018-03-31": "", "2017-03-31": "", "2016-03-31": "", "2015-03-31": "", "2014-03-31": "", "2013-03-31": "", "2012-03-31": "", "2011-03-31": "", "2010-03-31": "", "2009-03-31": "", "2008-03-31": "", "2007-03-31": "", "2006-03-31": "", "2005-03-31": ""}, "SG&A Expenses": {"2020-03-31": "3237.50000", "2019-03-31": "3168.30000", "2018-03-31": "3095.50000", "2017-03-31": "3171.00000", "2016-03-31": "3412.50000", "2015-03-31": "3300.30000", "2014-03-31": "3142.00000", "2013-03-31": "2971.00000", "2012-03-31": "2916.00000", "2011-03-31": "2442.70000", "2010-03-31": "2157.00000", "2009-03-31": "2036.00000", "2008-03-31": "1932.50000", "2007-03-31": "1663.40000", "2006-03-31": "1476.90000", "2005-03-31": "1377.60000"}, "Other Operating Income Or Expenses": {"2020-03-31": "-31.60000", "2019-03-31": "-25.80000", "2018-03-31": "-50.00000", "2017-03-31": "-253.80000", "2016-03-31": "-48.80000", "2015-03-31": "-6.90000", "2014-03-31": "15.00000", "2013-03-31": "-19.00000", "2012-03-31": "-2.00000", "2011-03-31": "-2.50000", "2010-03-31": "-6.60000", "2009-03-31": "-55.40000", "2008-03-31": "-5.00000", "2007-03-31": "", "2006-03-31": "-10.80000", "2005-03-31": "-1.50000"}, "Operating Expenses": {"2020-03-31": "5842.80000", "2019-03-31": "5751.20000", "2018-03-31": "5684.10000", "2017-03-31": "6745.10000", "2016-03-31": "6822.40000", "2015-03-31": "6584.90000", "2014-03-31": "6320.00000", "2013-03-31": "5818.00000", "2012-03-31": "5821.00000", "2011-03-31": "4815.20000", "2010-03-31": "4272.00000", "2009-03-31": "4423.40000", "2008-03-31": "4226.70000", "2007-03-31": "3642.80000", "2006-03-31": "3229.70000", "2005-03-31": "3005.70000"}, "Operating Income": {"2020-03-31": "316.99950", "2019-03-31": "561.80030", "2018-03-31": "498.19970", "2017-03-31": "-92.30030", "2016-03-31": "582.80030", "2015-03-31": "1035.40000", "2014-03-31": "1130.00000", "2013-03-31": "1127.00000", "2012-03-31": "1039.00000", "2011-03-31": "845.10010", "2010-03-31": "706.89990", "2009-03-31": "595.50000", "2008-03-31": "653.39990", "2007-03-31": "652.59990", "2006-03-31": "516.60010", "2005-03-31": "299.70000"}, "Total Non-Operating Income/Expense": {"2020-03-31": "9.40000", "2019-03-31": "20.70000", "2018-03-31": "-9.00000", "2017-03-31": "-12.60000", "2016-03-31": "-31.00000", "2015-03-31": "-48.00000", "2014-03-31": "-34.00000", "2013-03-31": "-38.00000", "2012-03-31": "-24.00000", "2011-03-31": "-19.70000", "2010-03-31": "-17.60000", "2009-03-31": "-8.00000", "2008-03-31": "-9.20000", "2007-03-31": "-9.30000", "2006-03-31": "-13.70000", "2005-03-31": "-1.90000"}, "Pre-Tax Income": {"2020-03-31": "326.40000", "2019-03-31": "582.50000", "2018-03-31": "489.20000", "2017-03-31": "-104.90000", "2016-03-31": "551.80000", "2015-03-31": "987.40000", "2014-03-31": "1096.00000", "2013-03-31": "1089.00000", "2012-03-31": "1015.00000", "2011-03-31": "825.40000", "2010-03-31": "689.30000", "2009-03-31": "587.50000", "2008-03-31": "644.20000", "2007-03-31": "643.30000", "2006-03-31": "502.90000", "2005-03-31": "297.80000"}, "Income Taxes": {"2020-03-31": "-57.90000", "2019-03-31": "151.60000", "2018-03-31": "326.40000", "2017-03-31": "-5.60000", "2016-03-31": "155.40000", "2015-03-31": "285.20000", "2014-03-31": "320.00000", "2013-03-31": "339.00000", "2012-03-31": "334.00000", "2011-03-31": "257.80000", "2010-03-31": "209.80000", "2009-03-31": "181.50000", "2008-03-31": "222.30000", "2007-03-31": "242.40000", "2006-03-31": "194.90000", "2005-03-31": "107.40000"}, "Income After Taxes": {"2020-03-31": "384.30000", "2019-03-31": "430.90000", "2018-03-31": "162.80000", "2017-03-31": "-99.30000", "2016-03-31": "396.40000", "2015-03-31": "702.20000", "2014-03-31": "776.00000", "2013-03-31": "750.00000", "2012-03-31": "681.00000", "2011-03-31": "567.60000", "2010-03-31": "479.50000", "2009-03-31": "406.00000", "2008-03-31": "421.90000", "2007-03-31": "400.90000", "2006-03-31": "308.00000", "2005-03-31": "190.40000"}, "Other Income": {"2020-03-31": "", "2019-03-31": "", "2018-03-31": "", "2017-03-31": "", "2016-03-31": "", "2015-03-31": "", "2014-03-31": "", "2013-03-31": "", "2012-03-31": "", "2011-03-31": "", "2010-03-31": "", "2009-03-31": "", "2008-03-31": "", "2007-03-31": "", "2006-03-31": "", "2005-03-31": ""}, "Income From Continuous Operations": {"2020-03-31": "384.30000", "2019-03-31": "430.90000", "2018-03-31": "162.80000", "2017-03-31": "-99.30000", "2016-03-31": "396.40000", "2015-03-31": "702.20000", "2014-03-31": "776.00000", "2013-03-31": "750.00000", "2012-03-31": "681.00000", "2011-03-31": "567.60000", "2010-03-31": "479.50000", "2009-03-31": "406.00000", "2008-03-31": "421.90000", "2007-03-31": "400.90000", "2006-03-31": "308.00000", "2005-03-31": "190.40000"}, "Income From Discontinued Operations": {"2020-03-31": "", "2019-03-31": "", "2018-03-31": "", "2017-03-31": "", "2016-03-31": "", "2015-03-31": "", "2014-03-31": "", "2013-03-31": "", "2012-03-31": "", "2011-03-31": "", "2010-03-31": "", "2009-03-31": "", "2008-03-31": "", "2007-03-31": "", "2006-03-31": "", "2005-03-31": ""}, "Net Income": {"2020-03-31": "384.30000", "2019-03-31": "430.90000", "2018-03-31": "162.80000", "2017-03-31": "-99.30000", "2016-03-31": "396.40000", "2015-03-31": "702.20000", "2014-03-31": "776.00000", "2013-03-31": "750.00000", "2012-03-31": "681.00000", "2011-03-31": "567.60000", "2010-03-31": "479.50000", "2009-03-31": "406.00000", "2008-03-31": "419.80000", "2007-03-31": "400.90000", "2006-03-31": "308.00000", "2005-03-31": "190.40000"}, "EBITDA": {"2020-03-31": "586.49950", "2019-03-31": "843.10030", "2018-03-31": "793.39970", "2017-03-31": "215.19970", "2016-03-31": "892.20030", "2015-03-31": "1329.80000", "2014-03-31": "1388.00000", "2013-03-31": "1360.00000", "2012-03-31": "1264.00000", "2011-03-31": "1039.20000", "2010-03-31": "888.09990", "2009-03-31": "779.90000", "2008-03-31": "854.69990", "2007-03-31": "797.29990", "2006-03-31": "643.60010", "2005-03-31": "401.80000"}, "EBIT": {"2020-03-31": "316.99950", "2019-03-31": "561.80030", "2018-03-31": "498.19970", "2017-03-31": "-92.30030", "2016-03-31": "582.80030", "2015-03-31": "1035.40000", "2014-03-31": "1130.00000", "2013-03-31": "1127.00000", "2012-03-31": "1039.00000", "2011-03-31": "845.10010", "2010-03-31": "706.89990", "2009-03-31": "595.50000", "2008-03-31": "653.39990", "2007-03-31": "652.59990", "2006-03-31": "516.60010", "2005-03-31": "299.70000"}, "Basic Shares Outstanding": {"2020-03-31": "75.80000", "2019-03-31": "80.60000", "2018-03-31": "81.70000", "2017-03-31": "82.70000", "2016-03-31": "85.20000", "2015-03-31": "88.20000", "2014-03-31": "90.70000", "2013-03-31": "91.30000", "2012-03-31": "92.70000", "2011-03-31": "96.00000", "2010-03-31": "98.90000", "2009-03-31": "99.20000", "2008-03-31": "102.30000", "2007-03-31": "104.40000", "2006-03-31": "104.20000", "2005-03-31": "101.50000"}, "Shares Outstanding": {"2020-03-31": "77.20000", "2019-03-31": "81.70000", "2018-03-31": "82.50000", "2017-03-31": "82.70000", "2016-03-31": "85.90000", "2015-03-31": "89.10000", "2014-03-31": "92.00000", "2013-03-31": "93.70000", "2012-03-31": "95.50000", "2011-03-31": "98.70000", "2010-03-31": "101.30000", "2009-03-31": "101.30000", "2008-03-31": "105.20000", "2007-03-31": "107.60000", "2006-03-31": "107.20000", "2005-03-31": "104.10000"}, "Basic EPS": {"2020-03-31": "5.07000", "2019-03-31": "5.35000", "2018-03-31": "1.99000", "2017-03-31": "-1.20000", "2016-03-31": "4.65000", "2015-03-31": "7.96000", "2014-03-31": "8.55000", "2013-03-31": "8.21000", "2012-03-31": "7.35000", "2011-03-31": "5.91000", "2010-03-31": "4.85000", "2009-03-31": "4.09000", "2008-03-31": "4.10000", "2007-03-31": "3.84000", "2006-03-31": "2.96000", "2005-03-31": "1.88000"}, "EPS - Earnings Per Share": {"2020-03-31": "4.98000", "2019-03-31": "5.27000", "2018-03-31": "1.97000", "2017-03-31": "-1.20000", "2016-03-31": "4.62000", "2015-03-31": "7.88000", "2014-03-31": "8.43000", "2013-03-31": "8.00000", "2012-03-31": "7.13000", "2011-03-31": "5.75000", "2010-03-31": "4.73000", "2009-03-31": "4.01000", "2008-03-31": "3.99000", "2007-03-31": "3.73000", "2006-03-31": "2.87000", "2005-03-31": "1.83000"}}, "income statement, quarterly": {"Revenue": {"2020-12-31": "1432.80000", "2020-09-30": "1193.50000", "2020-06-30": "487.50000", "2020-03-31": "1274.10000", "2019-12-31": "1750.70000", "2019-09-30": "1706.20000", "2019-06-30": "1428.80000", "2019-03-31": "1505.70000", "2018-12-31": "1725.80000", "2018-09-30": "1690.90000", "2018-06-30": "1390.60000", "2018-03-31": "1529.20000", "2017-12-31": "1641.80000", "2017-09-30": "1664.20000", "2017-06-30": "1347.10000", "2017-03-31": "1565.40000", "2016-12-31": "1714.60000", "2016-09-30": "1820.60000", "2016-06-30": "1552.20000", "2016-03-31": "1871.20000", "2015-12-31": "1946.00000", "2015-09-30": "1970.00000", "2015-06-30": "1618.00000", "2015-03-31": "1885.30000", "2014-12-31": "2033.00000", "2014-09-30": "1994.00000", "2014-06-30": "1708.00000", "2014-03-31": "1867.00000", "2013-12-31": "2015.00000", "2013-09-30": "1915.00000", "2013-06-30": "1653.00000", "2013-03-31": "1644.00000", "2012-12-31": "1846.00000", "2012-09-30": "1862.00000", "2012-06-30": "1593.00000", "2012-03-31": "1623.40000", "2011-12-31": "1805.60000", "2011-09-30": "1904.60000", "2011-06-30": "1526.40000", "2011-03-31": "1426.90000", "2010-12-31": "1548.00000", "2010-09-30": "1532.10000", "2010-06-30": "1153.30000", "2010-03-31": "1337.10000", "2009-12-31": "1243.90000", "2009-09-30": "1374.20000", "2009-06-30": "1023.70000", "2009-03-31": "1224.40000", "2008-12-31": "1252.00000", "2008-09-30": "1428.90000", "2008-06-30": "1113.60000", "2008-03-31": "1240.90000", "2007-12-31": "1269.80000", "2007-09-30": "1299.10000", "2007-06-30": "1070.30000", "2007-03-31": "1031.30000", "2006-12-31": "1143.70000", "2006-09-30": "1166.80000", "2006-06-30": "953.60000", "2006-03-31": "971.50000", "2005-12-31": "995.50000", "2005-09-30": "1027.40000", "2005-06-30": "751.90000", "2005-03-31": "902.20590"}, "Cost Of Goods Sold": {"2020-12-31": "502.40000", "2020-09-30": "394.10000", "2020-06-30": "138.80000", "2020-03-31": "679.70000", "2019-12-31": "661.60000", "2019-09-30": "657.20000", "2019-06-30": "508.00000", "2019-03-31": "604.20000", "2018-12-31": "666.30000", "2018-09-30": "661.60000", "2018-06-30": "494.90000", "2018-03-31": "620.70010", "2017-12-31": "645.60000", "2017-09-30": "668.40000", "2017-06-30": "495.90000", "2017-03-31": "746.29980", "2016-12-31": "731.40000", "2016-09-30": "866.40000", "2016-06-30": "657.60000", "2016-03-31": "857.50000", "2015-12-31": "852.00000", "2015-09-30": "857.00000", "2015-06-30": "652.00000", "2015-03-31": "841.39990", "2014-12-31": "874.00000", "2014-09-30": "862.00000", "2014-06-30": "665.00000", "2014-03-31": "817.00000", "2013-12-31": "843.00000", "2013-09-30": "831.00000", "2013-06-30": "649.00000", "2013-03-31": "669.00000", "2012-12-31": "752.00000", "2012-09-30": "767.00000", "2012-06-30": "601.00000", "2012-03-31": "697.10000", "2011-12-31": "774.00000", "2011-09-30": "826.00000", "2011-06-30": "564.90000", "2011-03-31": "616.60000", "2010-12-31": "640.10000", "2010-09-30": "644.20000", "2010-06-30": "441.10000", "2010-03-31": "547.70010", "2009-12-31": "520.20000", "2009-09-30": "589.40000", "2009-06-30": "422.50000", "2009-03-31": "589.99990", "2008-12-31": "582.30000", "2008-09-30": "640.70000", "2008-06-30": "475.20000", "2008-03-31": "566.49990", "2007-12-31": "593.30000", "2007-09-30": "603.90000", "2007-06-30": "478.30000", "2007-03-31": "473.20000", "2006-12-31": "529.70000", "2006-09-30": "534.20000", "2006-06-30": "422.10000", "2006-03-31": "446.50000", "2005-12-31": "464.00000", "2005-09-30": "475.90000", "2005-06-30": "337.50000", "2005-03-31": "425.34410"}, "Gross Profit": {"2020-12-31": "930.40000", "2020-09-30": "799.40000", "2020-06-30": "348.70000", "2020-03-31": "594.39970", "2019-12-31": "1089.10000", "2019-09-30": "1049.00000", "2019-06-30": "920.80000", "2019-03-31": "901.50040", "2018-12-31": "1059.50000", "2018-09-30": "1029.30000", "2018-06-30": "895.70000", "2018-03-31": "908.50000", "2017-12-31": "996.20010", "2017-09-30": "995.79990", "2017-06-30": "851.20000", "2017-03-31": "819.09990", "2016-12-31": "983.20000", "2016-09-30": "954.20000", "2016-06-30": "894.60000", "2016-03-31": "1013.70000", "2015-12-31": "1094.00000", "2015-09-30": "1113.00000", "2015-06-30": "966.00000", "2015-03-31": "1043.90000", "2014-12-31": "1159.00000", "2014-09-30": "1132.00000", "2014-06-30": "1043.00000", "2014-03-31": "1050.00000", "2013-12-31": "1172.00000", "2013-09-30": "1084.00000", "2013-06-30": "1004.00000", "2013-03-31": "975.00000", "2012-12-31": "1094.00000", "2012-09-30": "1095.00000", "2012-06-30": "992.00000", "2012-03-31": "926.29980", "2011-12-31": "1031.60000", "2011-09-30": "1078.60000", "2011-06-30": "961.50000", "2011-03-31": "810.29970", "2010-12-31": "907.90000", "2010-09-30": "887.90000", "2010-06-30": "712.20010", "2010-03-31": "789.40000", "2009-12-31": "723.70000", "2009-09-30": "784.79990", "2009-06-30": "601.20000", "2009-03-31": "634.40010", "2008-12-31": "669.70000", "2008-09-30": "788.20000", "2008-06-30": "638.40000", "2008-03-31": "674.40020", "2007-12-31": "676.50010", "2007-09-30": "695.20000", "2007-06-30": "592.00010", "2007-03-31": "558.10000", "2006-12-31": "613.99990", "2006-09-30": "632.60000", "2006-06-30": "531.50000", "2006-03-31": "525.00000", "2005-12-31": "531.50000", "2005-09-30": "551.50000", "2005-06-30": "414.40000", "2005-03-31": "476.86180"}, "Research And Development Expenses": {"2020-12-31": "", "2020-09-30": "", "2020-06-30": "", "2020-03-31": "", "2019-12-31": "", "2019-09-30": "", "2019-06-30": "", "2019-03-31": "", "2018-12-31": "", "2018-09-30": "", "2018-06-30": "", "2018-03-31": "", "2017-12-31": "", "2017-09-30": "", "2017-06-30": "", "2017-03-31": "", "2016-12-31": "", "2016-09-30": "", "2016-06-30": "", "2016-03-31": "", "2015-12-31": "", "2015-09-30": "", "2015-06-30": "", "2015-03-31": "", "2014-12-31": "", "2014-09-30": "", "2014-06-30": "", "2014-03-31": "", "2013-12-31": "", "2013-09-30": "", "2013-06-30": "", "2013-03-31": "", "2012-12-31": "", "2012-09-30": "", "2012-06-30": "", "2012-03-31": "", "2011-12-31": "", "2011-09-30": "", "2011-06-30": "", "2011-03-31": "", "2010-12-31": "", "2010-09-30": "", "2010-06-30": "", "2010-03-31": "", "2009-12-31": "", "2009-09-30": "", "2009-06-30": "", "2009-03-31": "", "2008-12-31": "", "2008-09-30": "", "2008-06-30": "", "2008-03-31": "", "2007-12-31": "", "2007-09-30": "", "2007-06-30": "", "2007-03-31": "", "2006-12-31": "", "2006-09-30": "", "2006-06-30": "", "2006-03-31": "", "2005-12-31": "", "2005-09-30": "", "2005-06-30": "", "2005-03-31": ""}, "SG&A Expenses": {"2020-12-31": "747.50000", "2020-09-30": "628.20000", "2020-06-30": "507.60000", "2020-03-31": "852.19990", "2019-12-31": "843.30000", "2019-09-30": "795.30000", "2019-06-30": "746.70000", "2019-03-31": "809.39990", "2018-12-31": "823.40000", "2018-09-30": "793.60000", "2018-06-30": "741.90000", "2018-03-31": "828.60000", "2017-12-31": "779.80000", "2017-09-30": "772.70000", "2017-06-30": "714.40000", "2017-03-31": "781.10000", "2016-12-31": "771.90000", "2016-09-30": "803.30000", "2016-06-30": "814.70000", "2016-03-31": "918.50000", "2015-12-31": "833.00000", "2015-09-30": "839.00000", "2015-06-30": "822.00000", "2015-03-31": "839.30000", "2014-12-31": "837.00000", "2014-09-30": "836.00000", "2014-06-30": "788.00000", "2014-03-31": "815.00000", "2013-12-31": "815.00000", "2013-09-30": "777.00000", "2013-06-30": "735.00000", "2013-03-31": "769.00000", "2012-12-31": "768.00000", "2012-09-30": "741.00000", "2012-06-30": "693.00000", "2012-03-31": "772.70000", "2011-12-31": "750.70000", "2011-09-30": "720.30000", "2011-06-30": "672.30000", "2011-03-31": "681.09990", "2010-12-31": "655.30000", "2010-09-30": "574.30000", "2010-06-30": "532.00000", "2010-03-31": "611.99990", "2009-12-31": "540.40000", "2009-09-30": "525.70000", "2009-06-30": "478.90000", "2009-03-31": "520.70000", "2008-12-31": "496.50000", "2008-09-30": "532.30000", "2008-06-30": "486.50000", "2008-03-31": "513.60000", "2007-12-31": "492.20000", "2007-09-30": "488.20000", "2007-06-30": "438.50000", "2007-03-31": "434.20010", "2006-12-31": "426.80000", "2006-09-30": "412.10000", "2006-06-30": "390.30000", "2006-03-31": "393.99990", "2005-12-31": "381.70000", "2005-09-30": "368.00000", "2005-06-30": "333.20000", "2005-03-31": "431.92290"}, "Other Operating Income Or Expenses": {"2020-12-31": "-2.60000", "2020-09-30": "-31.00000", "2020-06-30": "-2.10000", "2020-03-31": "-9.90000", "2019-12-31": "-14.40000", "2019-09-30": "-6.10000", "2019-06-30": "-1.20000", "2019-03-31": "-12.50000", "2018-12-31": "-2.20000", "2018-09-30": "-9.80000", "2018-06-30": "-1.30000", "2018-03-31": "-25.20000", "2017-12-31": "-3.90000", "2017-09-30": "-11.20000", "2017-06-30": "-9.70000", "2017-03-31": "-197.10000", "2016-12-31": "-10.30000", "2016-09-30": "-27.00000", "2016-06-30": "-19.40000", "2016-03-31": "-24.80000", "2015-12-31": "-9.00000", "2015-09-30": "-7.00000", "2015-06-30": "-8.00000", "2015-03-31": "-4.90000", "2014-12-31": "", "2014-09-30": "-1.00000", "2014-06-30": "-1.00000", "2014-03-31": "-1.00000", "2013-12-31": "", "2013-09-30": "", "2013-06-30": "16.00000", "2013-03-31": "-8.00000", "2012-12-31": "-11.00000", "2012-09-30": "", "2012-06-30": "", "2012-03-31": "", "2011-12-31": "-2.00000", "2011-09-30": "", "2011-06-30": "", "2011-03-31": "", "2010-12-31": "", "2010-09-30": "", "2010-06-30": "", "2010-03-31": "0.00000", "2009-12-31": "-4.90000", "2009-09-30": "-1.70000", "2009-06-30": "", "2009-03-31": "-48.30000", "2008-12-31": "", "2008-09-30": "-7.10000", "2008-06-30": "", "2008-03-31": "", "2007-12-31": "", "2007-09-30": "", "2007-06-30": "", "2007-03-31": "", "2006-12-31": "", "2006-09-30": "", "2006-06-30": "", "2006-03-31": "-1.50000", "2005-12-31": "-4.40000", "2005-09-30": "-4.90000", "2005-06-30": "", "2005-03-31": "-0.90100"}, "Operating Expenses": {"2020-12-31": "1262.40000", "2020-09-30": "1213.80000", "2020-06-30": "655.50000", "2020-03-31": "1557.90100", "2019-12-31": "1526.30000", "2019-09-30": "1473.10000", "2019-06-30": "1285.50000", "2019-03-31": "1477.80000", "2018-12-31": "1532.00000", "2018-09-30": "1480.90000", "2018-06-30": "1260.50000", "2018-03-31": "1503.80000", "2017-12-31": "1452.60000", "2017-09-30": "1470.90000", "2017-06-30": "1256.80000", "2017-03-31": "1831.10000", "2016-12-31": "1586.30000", "2016-09-30": "1744.30000", "2016-06-30": "1583.40000", "2016-03-31": "1803.40000", "2015-12-31": "1757.00000", "2015-09-30": "1740.00000", "2015-06-30": "1522.00000", "2015-03-31": "1694.90000", "2014-12-31": "1718.00000", "2014-09-30": "1708.00000", "2014-06-30": "1464.00000", "2014-03-31": "1642.00000", "2013-12-31": "1681.00000", "2013-09-30": "1620.00000", "2013-06-30": "1377.00000", "2013-03-31": "1462.00000", "2012-12-31": "1541.00000", "2012-09-30": "1514.00000", "2012-06-30": "1301.00000", "2012-03-31": "1487.40000", "2011-12-31": "1535.50000", "2011-09-30": "1553.80000", "2011-06-30": "1244.30000", "2011-03-31": "1309.70000", "2010-12-31": "1301.70000", "2010-09-30": "1224.70000", "2010-06-30": "979.10000", "2010-03-31": "1165.30000", "2009-12-31": "1071.40000", "2009-09-30": "1128.30000", "2009-06-30": "907.00000", "2009-03-31": "1185.00000", "2008-12-31": "1085.40000", "2008-09-30": "1186.00000", "2008-06-30": "967.00000", "2008-03-31": "1096.60000", "2007-12-31": "1099.10000", "2007-09-30": "1106.50000", "2007-06-30": "924.50000", "2007-03-31": "911.20010", "2006-12-31": "959.50000", "2006-09-30": "951.90000", "2006-06-30": "820.20000", "2006-03-31": "855.69980", "2005-12-31": "851.90000", "2005-09-30": "850.40000", "2005-06-30": "671.70000", "2005-03-31": "860.71890"}, "Operating Income": {"2020-12-31": "170.40000", "2020-09-30": "-20.30010", "2020-06-30": "-168.00000", "2020-03-31": "-283.80090", "2019-12-31": "224.40000", "2019-09-30": "233.10000", "2019-06-30": "143.30020", "2019-03-31": "27.90060", "2018-12-31": "193.80020", "2018-09-30": "210.00000", "2018-06-30": "130.09990", "2018-03-31": "25.40000", "2017-12-31": "189.20010", "2017-09-30": "193.29990", "2017-06-30": "90.29990", "2017-03-31": "-265.70010", "2016-12-31": "128.29990", "2016-09-30": "76.29990", "2016-06-30": "-31.20010", "2016-03-31": "67.80030", "2015-12-31": "189.00000", "2015-09-30": "230.00000", "2015-06-30": "96.00000", "2015-03-31": "190.39990", "2014-12-31": "315.00000", "2014-09-30": "286.00000", "2014-06-30": "244.00000", "2014-03-31": "225.00000", "2013-12-31": "334.00000", "2013-09-30": "295.00000", "2013-06-30": "276.00000", "2013-03-31": "182.00000", "2012-12-31": "305.00000", "2012-09-30": "348.00000", "2012-06-30": "292.00000", "2012-03-31": "135.99990", "2011-12-31": "270.10000", "2011-09-30": "350.79990", "2011-06-30": "282.10000", "2011-03-31": "117.19980", "2010-12-31": "246.30000", "2010-09-30": "307.40000", "2010-06-30": "174.20010", "2010-03-31": "171.80000", "2009-12-31": "172.50000", "2009-09-30": "245.89990", "2009-06-30": "116.70000", "2009-03-31": "39.40000", "2008-12-31": "166.60010", "2008-09-30": "242.90000", "2008-06-30": "146.60000", "2008-03-31": "144.30000", "2007-12-31": "170.70010", "2007-09-30": "192.60000", "2007-06-30": "145.80000", "2007-03-31": "120.09980", "2006-12-31": "184.20000", "2006-09-30": "214.90010", "2006-06-30": "133.40000", "2006-03-31": "115.80020", "2005-12-31": "143.60000", "2005-09-30": "177.00000", "2005-06-30": "80.20000", "2005-03-31": "41.48700"}, "Total Non-Operating Income/Expense": {"2020-12-31": "-8.20000", "2020-09-30": "-8.80000", "2020-06-30": "-4.60000", "2020-03-31": "-3.40000", "2019-12-31": "6.00000", "2019-09-30": "3.50000", "2019-06-30": "3.30000", "2019-03-31": "7.40000", "2018-12-31": "5.70000", "2018-09-30": "4.80000", "2018-06-30": "2.80000", "2018-03-31": "-0.50000", "2017-12-31": "-2.90000", "2017-09-30": "-2.10000", "2017-06-30": "-3.50000", "2017-03-31": "-2.80000", "2016-12-31": "-5.20000", "2016-09-30": "-2.60000", "2016-06-30": "-2.00000", "2016-03-31": "-6.00000", "2015-12-31": "-8.00000", "2015-09-30": "-11.00000", "2015-06-30": "-6.00000", "2015-03-31": "-17.00000", "2014-12-31": "-14.00000", "2014-09-30": "-8.00000", "2014-06-30": "-9.00000", "2014-03-31": "-6.00000", "2013-12-31": "-10.00000", "2013-09-30": "-7.00000", "2013-06-30": "-11.00000", "2013-03-31": "-14.00000", "2012-12-31": "-10.00000", "2012-09-30": "-6.00000", "2012-06-30": "-8.00000", "2012-03-31": "-5.10000", "2011-12-31": "-8.00000", "2011-09-30": "-3.30000", "2011-06-30": "-7.60000", "2011-03-31": "-5.70000", "2010-12-31": "-7.90000", "2010-09-30": "-1.40000", "2010-06-30": "-4.70000", "2010-03-31": "-4.40000", "2009-12-31": "-7.00000", "2009-09-30": "-3.60000", "2009-06-30": "-2.60000", "2009-03-31": "-0.80000", "2008-12-31": "-8.50000", "2008-09-30": "1.70000", "2008-06-30": "-0.40000", "2008-03-31": "1.00000", "2007-12-31": "-7.20000", "2007-09-30": "-2.30000", "2007-06-30": "-0.70000", "2007-03-31": "0.30000", "2006-12-31": "-3.40000", "2006-09-30": "-1.30000", "2006-06-30": "-4.90000", "2006-03-31": "-5.50000", "2005-12-31": "-0.50000", "2005-09-30": "-8.50000", "2005-06-30": "0.80000", "2005-03-31": "0.42400"}, "Pre-Tax Income": {"2020-12-31": "162.20000", "2020-09-30": "-29.10000", "2020-06-30": "-172.60000", "2020-03-31": "-287.20000", "2019-12-31": "230.40000", "2019-09-30": "236.60000", "2019-06-30": "146.60000", "2019-03-31": "35.30000", "2018-12-31": "199.50000", "2018-09-30": "214.80000", "2018-06-30": "132.90000", "2018-03-31": "24.90000", "2017-12-31": "186.30000", "2017-09-30": "191.20000", "2017-06-30": "86.80000", "2017-03-31": "-268.50000", "2016-12-31": "123.10000", "2016-09-30": "73.70000", "2016-06-30": "-33.20000", "2016-03-31": "61.80000", "2015-12-31": "181.00000", "2015-09-30": "219.00000", "2015-06-30": "90.00000", "2015-03-31": "173.40000", "2014-12-31": "301.00000", "2014-09-30": "278.00000", "2014-06-30": "235.00000", "2014-03-31": "219.00000", "2013-12-31": "324.00000", "2013-09-30": "288.00000", "2013-06-30": "265.00000", "2013-03-31": "168.00000", "2012-12-31": "295.00000", "2012-09-30": "342.00000", "2012-06-30": "284.00000", "2012-03-31": "130.90000", "2011-12-31": "262.10000", "2011-09-30": "347.50000", "2011-06-30": "274.50000", "2011-03-31": "111.50000", "2010-12-31": "238.40000", "2010-09-30": "306.00000", "2010-06-30": "169.50000", "2010-03-31": "167.40000", "2009-12-31": "165.50000", "2009-09-30": "242.30000", "2009-06-30": "114.10000", "2009-03-31": "38.60000", "2008-12-31": "158.10000", "2008-09-30": "244.60000", "2008-06-30": "146.20000", "2008-03-31": "145.30000", "2007-12-31": "163.50000", "2007-09-30": "190.30000", "2007-06-30": "145.10000", "2007-03-31": "120.40000", "2006-12-31": "180.80000", "2006-09-30": "213.60000", "2006-06-30": "128.50000", "2006-03-31": "110.30000", "2005-12-31": "143.10000", "2005-09-30": "168.50000", "2005-06-30": "81.00000", "2005-03-31": "41.91100"}, "Income Taxes": {"2020-12-31": "42.40000", "2020-09-30": "10.00000", "2020-06-30": "-44.90000", "2020-03-31": "-38.20000", "2019-12-31": "-103.70000", "2019-09-30": "54.50000", "2019-06-30": "29.50000", "2019-03-31": "3.70000", "2018-12-31": "79.50000", "2018-09-30": "44.50000", "2018-06-30": "23.90000", "2018-03-31": "-16.40000", "2017-12-31": "268.10000", "2017-09-30": "47.40000", "2017-06-30": "27.30000", "2017-03-31": "-64.50000", "2016-12-31": "41.80000", "2016-09-30": "28.00000", "2016-06-30": "-10.90000", "2016-03-31": "20.40000", "2015-12-31": "50.00000", "2015-09-30": "59.00000", "2015-06-30": "26.00000", "2015-03-31": "49.20000", "2014-12-31": "86.00000", "2014-09-30": "77.00000", "2014-06-30": "73.00000", "2014-03-31": "66.00000", "2013-12-31": "87.00000", "2013-09-30": "83.00000", "2013-06-30": "84.00000", "2013-03-31": "41.00000", "2012-12-31": "79.00000", "2012-09-30": "128.00000", "2012-06-30": "91.00000", "2012-03-31": "36.50000", "2011-12-31": "93.10000", "2011-09-30": "114.00000", "2011-06-30": "90.40000", "2011-03-31": "38.30000", "2010-12-31": "70.00000", "2010-09-30": "100.80000", "2010-06-30": "48.70000", "2010-03-31": "53.30000", "2009-12-31": "54.40000", "2009-09-30": "64.80000", "2009-06-30": "37.30000", "2009-03-31": "-5.90000", "2008-12-31": "52.80000", "2008-09-30": "83.60000", "2008-06-30": "51.00000", "2008-03-31": "39.70000", "2007-12-31": "50.80000", "2007-09-30": "75.00000", "2007-06-30": "56.80000", "2007-03-31": "47.20000", "2006-12-31": "70.30000", "2006-09-30": "76.60000", "2006-06-30": "48.30000", "2006-03-31": "47.90000", "2005-12-31": "52.40000", "2005-09-30": "64.30000", "2005-06-30": "30.30000", "2005-03-31": "17.41300"}, "Income After Taxes": {"2020-12-31": "119.80000", "2020-09-30": "-39.10000", "2020-06-30": "-127.70000", "2020-03-31": "-249.00000", "2019-12-31": "334.10000", "2019-09-30": "182.10000", "2019-06-30": "117.10000", "2019-03-31": "31.60000", "2018-12-31": "120.00000", "2018-09-30": "170.30000", "2018-06-30": "109.00000", "2018-03-31": "41.30000", "2017-12-31": "-81.80000", "2017-09-30": "143.80000", "2017-06-30": "59.50000", "2017-03-31": "-204.00000", "2016-12-31": "81.30000", "2016-09-30": "45.70000", "2016-06-30": "-22.30000", "2016-03-31": "41.40000", "2015-12-31": "131.00000", "2015-09-30": "160.00000", "2015-06-30": "64.00000", "2015-03-31": "124.20000", "2014-12-31": "215.00000", "2014-09-30": "201.00000", "2014-06-30": "162.00000", "2014-03-31": "153.00000", "2013-12-31": "237.00000", "2013-09-30": "205.00000", "2013-06-30": "181.00000", "2013-03-31": "127.00000", "2012-12-31": "216.00000", "2012-09-30": "214.00000", "2012-06-30": "193.00000", "2012-03-31": "94.40000", "2011-12-31": "169.00000", "2011-09-30": "233.50000", "2011-06-30": "184.10000", "2011-03-31": "73.20000", "2010-12-31": "168.40000", "2010-09-30": "205.20000", "2010-06-30": "120.80000", "2010-03-31": "114.10000", "2009-12-31": "111.10000", "2009-09-30": "177.50000", "2009-06-30": "76.80000", "2009-03-31": "44.50000", "2008-12-31": "105.30000", "2008-09-30": "161.00000", "2008-06-30": "95.20000", "2008-03-31": "105.60000", "2007-12-31": "112.70000", "2007-09-30": "115.30000", "2007-06-30": "88.30000", "2007-03-31": "73.20000", "2006-12-31": "110.50000", "2006-09-30": "137.00000", "2006-06-30": "80.20000", "2006-03-31": "62.40000", "2005-12-31": "90.70000", "2005-09-30": "104.20000", "2005-06-30": "50.70000", "2005-03-31": "24.49800"}, "Other Income": {"2020-12-31": "", "2020-09-30": "", "2020-06-30": "", "2020-03-31": "", "2019-12-31": "", "2019-09-30": "", "2019-06-30": "", "2019-03-31": "", "2018-12-31": "", "2018-09-30": "", "2018-06-30": "", "2018-03-31": "", "2017-12-31": "", "2017-09-30": "", "2017-06-30": "", "2017-03-31": "", "2016-12-31": "", "2016-09-30": "", "2016-06-30": "", "2016-03-31": "", "2015-12-31": "", "2015-09-30": "", "2015-06-30": "", "2015-03-31": "", "2014-12-31": "", "2014-09-30": "", "2014-06-30": "", "2014-03-31": "", "2013-12-31": "", "2013-09-30": "", "2013-06-30": "", "2013-03-31": "", "2012-12-31": "", "2012-09-30": "", "2012-06-30": "", "2012-03-31": "", "2011-12-31": "", "2011-09-30": "", "2011-06-30": "", "2011-03-31": "", "2010-12-31": "", "2010-09-30": "", "2010-06-30": "", "2010-03-31": "", "2009-12-31": "", "2009-09-30": "", "2009-06-30": "", "2009-03-31": "", "2008-12-31": "", "2008-09-30": "", "2008-06-30": "", "2008-03-31": "", "2007-12-31": "", "2007-09-30": "", "2007-06-30": "", "2007-03-31": "", "2006-12-31": "", "2006-09-30": "", "2006-06-30": "", "2006-03-31": "", "2005-12-31": "", "2005-09-30": "", "2005-06-30": "", "2005-03-31": ""}, "Income From Continuous Operations": {"2020-12-31": "119.80000", "2020-09-30": "-39.10000", "2020-06-30": "-127.70000", "2020-03-31": "-249.00000", "2019-12-31": "334.10000", "2019-09-30": "182.10000", "2019-06-30": "117.10000", "2019-03-31": "31.60000", "2018-12-31": "120.00000", "2018-09-30": "170.30000", "2018-06-30": "109.00000", "2018-03-31": "41.30000", "2017-12-31": "-81.80000", "2017-09-30": "143.80000", "2017-06-30": "59.50000", "2017-03-31": "-204.00000", "2016-12-31": "81.30000", "2016-09-30": "45.70000", "2016-06-30": "-22.30000", "2016-03-31": "41.40000", "2015-12-31": "131.00000", "2015-09-30": "160.00000", "2015-06-30": "64.00000", "2015-03-31": "124.20000", "2014-12-31": "215.00000", "2014-09-30": "201.00000", "2014-06-30": "162.00000", "2014-03-31": "153.00000", "2013-12-31": "237.00000", "2013-09-30": "205.00000", "2013-06-30": "181.00000", "2013-03-31": "127.00000", "2012-12-31": "216.00000", "2012-09-30": "214.00000", "2012-06-30": "193.00000", "2012-03-31": "94.40000", "2011-12-31": "169.00000", "2011-09-30": "233.50000", "2011-06-30": "184.10000", "2011-03-31": "73.20000", "2010-12-31": "168.40000", "2010-09-30": "205.20000", "2010-06-30": "120.80000", "2010-03-31": "114.10000", "2009-12-31": "111.10000", "2009-09-30": "177.50000", "2009-06-30": "76.80000", "2009-03-31": "44.50000", "2008-12-31": "105.30000", "2008-09-30": "161.00000", "2008-06-30": "95.20000", "2008-03-31": "105.60000", "2007-12-31": "112.70000", "2007-09-30": "115.30000", "2007-06-30": "88.30000", "2007-03-31": "73.20000", "2006-12-31": "110.50000", "2006-09-30": "137.00000", "2006-06-30": "80.20000", "2006-03-31": "62.40000", "2005-12-31": "90.70000", "2005-09-30": "104.20000", "2005-06-30": "50.70000", "2005-03-31": "23.37100"}, "Income From Discontinued Operations": {"2020-12-31": "", "2020-09-30": "", "2020-06-30": "", "2020-03-31": "", "2019-12-31": "", "2019-09-30": "", "2019-06-30": "", "2019-03-31": "", "2018-12-31": "", "2018-09-30": "", "2018-06-30": "", "2018-03-31": "", "2017-12-31": "", "2017-09-30": "", "2017-06-30": "", "2017-03-31": "", "2016-12-31": "", "2016-09-30": "", "2016-06-30": "", "2016-03-31": "", "2015-12-31": "", "2015-09-30": "", "2015-06-30": "", "2015-03-31": "", "2014-12-31": "", "2014-09-30": "", "2014-06-30": "", "2014-03-31": "", "2013-12-31": "", "2013-09-30": "", "2013-06-30": "", "2013-03-31": "", "2012-12-31": "", "2012-09-30": "", "2012-06-30": "", "2012-03-31": "", "2011-12-31": "", "2011-09-30": "", "2011-06-30": "", "2011-03-31": "", "2010-12-31": "", "2010-09-30": "", "2010-06-30": "", "2010-03-31": "", "2009-12-31": "", "2009-09-30": "", "2009-06-30": "", "2009-03-31": "", "2008-12-31": "", "2008-09-30": "", "2008-06-30": "", "2008-03-31": "", "2007-12-31": "", "2007-09-30": "", "2007-06-30": "", "2007-03-31": "", "2006-12-31": "", "2006-09-30": "", "2006-06-30": "", "2006-03-31": "", "2005-12-31": "", "2005-09-30": "", "2005-06-30": "", "2005-03-31": ""}, "Net Income": {"2020-12-31": "119.80000", "2020-09-30": "-39.10000", "2020-06-30": "-127.70000", "2020-03-31": "-249.00000", "2019-12-31": "334.10000", "2019-09-30": "182.10000", "2019-06-30": "117.10000", "2019-03-31": "31.60000", "2018-12-31": "120.00000", "2018-09-30": "170.30000", "2018-06-30": "109.00000", "2018-03-31": "41.30000", "2017-12-31": "-81.80000", "2017-09-30": "143.80000", "2017-06-30": "59.50000", "2017-03-31": "-204.00000", "2016-12-31": "81.30000", "2016-09-30": "45.70000", "2016-06-30": "-22.30000", "2016-03-31": "41.40000", "2015-12-31": "131.00000", "2015-09-30": "160.00000", "2015-06-30": "64.00000", "2015-03-31": "124.20000", "2014-12-31": "215.00000", "2014-09-30": "201.00000", "2014-06-30": "162.00000", "2014-03-31": "153.00000", "2013-12-31": "237.00000", "2013-09-30": "205.00000", "2013-06-30": "181.00000", "2013-03-31": "127.00000", "2012-12-31": "216.00000", "2012-09-30": "214.00000", "2012-06-30": "193.00000", "2012-03-31": "94.40000", "2011-12-31": "169.00000", "2011-09-30": "233.50000", "2011-06-30": "184.10000", "2011-03-31": "73.20000", "2010-12-31": "168.40000", "2010-09-30": "205.20000", "2010-06-30": "120.80000", "2010-03-31": "114.10000", "2009-12-31": "111.10000", "2009-09-30": "177.50000", "2009-06-30": "76.80000", "2009-03-31": "44.50000", "2008-12-31": "105.30000", "2008-09-30": "161.00000", "2008-06-30": "95.20000", "2008-03-31": "103.50000", "2007-12-31": "112.70000", "2007-09-30": "115.30000", "2007-06-30": "88.30000", "2007-03-31": "73.20000", "2006-12-31": "110.50000", "2006-09-30": "137.00000", "2006-06-30": "80.20000", "2006-03-31": "62.40000", "2005-12-31": "90.70000", "2005-09-30": "104.20000", "2005-06-30": "50.70000", "2005-03-31": "23.37100"}, "EBITDA": {"2020-12-31": "230.70000", "2020-09-30": "41.20000", "2020-06-30": "-104.30000", "2020-03-31": "-215.30090", "2019-12-31": "292.60000", "2019-09-30": "299.70000", "2019-06-30": "209.50020", "2019-03-31": "97.20060", "2018-12-31": "265.80020", "2018-09-30": "279.70000", "2018-06-30": "200.39990", "2018-03-31": "101.20000", "2017-12-31": "261.90010", "2017-09-30": "267.09990", "2017-06-30": "163.19990", "2017-03-31": "-190.10010", "2016-12-31": "206.19990", "2016-09-30": "151.89990", "2016-06-30": "47.19990", "2016-03-31": "150.20030", "2015-12-31": "265.00000", "2015-09-30": "307.00000", "2015-06-30": "170.00000", "2015-03-31": "265.79990", "2014-12-31": "393.00000", "2014-09-30": "358.00000", "2014-06-30": "313.00000", "2014-03-31": "290.00000", "2013-12-31": "401.00000", "2013-09-30": "361.00000", "2013-06-30": "336.00000", "2013-03-31": "241.00000", "2012-12-31": "366.00000", "2012-09-30": "405.00000", "2012-06-30": "348.00000", "2012-03-31": "192.79990", "2011-12-31": "326.90000", "2011-09-30": "406.79990", "2011-06-30": "337.50000", "2011-03-31": "168.49980", "2010-12-31": "296.70000", "2010-09-30": "353.80000", "2010-06-30": "220.20010", "2010-03-31": "219.50000", "2009-12-31": "216.60000", "2009-09-30": "290.99990", "2009-06-30": "161.00000", "2009-03-31": "85.80000", "2008-12-31": "211.50010", "2008-09-30": "289.90000", "2008-06-30": "192.70000", "2008-03-31": "198.00000", "2007-12-31": "223.70010", "2007-09-30": "244.10000", "2007-06-30": "188.90010", "2007-03-31": "160.59980", "2006-12-31": "216.99990", "2006-09-30": "248.50010", "2006-06-30": "171.20000", "2006-03-31": "148.30020", "2005-12-31": "179.80000", "2005-09-30": "206.60000", "2005-06-30": "108.90000", "2005-03-31": "69.66800"}, "EBIT": {"2020-12-31": "170.40000", "2020-09-30": "-20.30010", "2020-06-30": "-168.00000", "2020-03-31": "-283.80070", "2019-12-31": "224.40000", "2019-09-30": "233.10000", "2019-06-30": "143.30020", "2019-03-31": "27.90030", "2018-12-31": "193.80020", "2018-09-30": "210.00000", "2018-06-30": "130.09990", "2018-03-31": "25.39980", "2017-12-31": "189.20010", "2017-09-30": "193.29990", "2017-06-30": "90.29990", "2017-03-31": "-265.70010", "2016-12-31": "128.29990", "2016-09-30": "76.29990", "2016-06-30": "-31.20010", "2016-03-31": "67.80030", "2015-12-31": "189.00000", "2015-09-30": "230.00000", "2015-06-30": "96.00000", "2015-03-31": "190.39990", "2014-12-31": "315.00000", "2014-09-30": "286.00000", "2014-06-30": "244.00000", "2014-03-31": "225.00000", "2013-12-31": "334.00000", "2013-09-30": "295.00000", "2013-06-30": "276.00000", "2013-03-31": "182.00000", "2012-12-31": "305.00000", "2012-09-30": "348.00000", "2012-06-30": "292.00000", "2012-03-31": "136.00010", "2011-12-31": "270.10000", "2011-09-30": "350.79990", "2011-06-30": "282.10000", "2011-03-31": "117.20000", "2010-12-31": "246.30000", "2010-09-30": "307.40000", "2010-06-30": "174.20010", "2010-03-31": "171.80000", "2009-12-31": "172.50000", "2009-09-30": "245.89990", "2009-06-30": "116.70000", "2009-03-31": "39.39990", "2008-12-31": "166.60010", "2008-09-30": "242.90000", "2008-06-30": "146.60000", "2008-03-31": "144.29980", "2007-12-31": "170.70010", "2007-09-30": "192.60000", "2007-06-30": "145.80000", "2007-03-31": "120.09990", "2006-12-31": "184.20000", "2006-09-30": "214.90010", "2006-06-30": "133.40000", "2006-03-31": "115.80010", "2005-12-31": "143.60000", "2005-09-30": "177.00000", "2005-06-30": "80.20000", "2005-03-31": "41.48700"}, "Basic Shares Outstanding": {"2020-12-31": "73.60000", "2020-09-30": "73.50000", "2020-06-30": "73.10000", "2020-03-31": "75.80000", "2019-12-31": "74.70000", "2019-09-30": "76.70000", "2019-06-30": "78.20000", "2019-03-31": "80.60000", "2018-12-31": "80.20000", "2018-09-30": "81.30000", "2018-06-30": "81.90000", "2018-03-31": "81.70000", "2017-12-31": "81.70000", "2017-09-30": "81.70000", "2017-06-30": "81.60000", "2017-03-31": "82.70000", "2016-12-31": "82.60000", "2016-09-30": "82.70000", "2016-06-30": "83.30000", "2016-03-31": "85.20000", "2015-12-31": "84.90000", "2015-09-30": "85.60000", "2015-06-30": "86.50000", "2015-03-31": "88.20000", "2014-12-31": "88.10000", "2014-09-30": "88.40000", "2014-06-30": "88.90000", "2014-03-31": "90.70000", "2013-12-31": "90.10000", "2013-09-30": "90.40000", "2013-06-30": "90.80000", "2013-03-31": "91.30000", "2012-12-31": "91.10000", "2012-09-30": "91.30000", "2012-06-30": "92.20000", "2012-03-31": "92.70000", "2011-12-31": "92.20000", "2011-09-30": "92.20000", "2011-06-30": "93.90000", "2011-03-31": "96.00000", "2010-12-31": "95.50000", "2010-09-30": "95.50000", "2010-06-30": "97.20000", "2010-03-31": "98.90000", "2009-12-31": "98.80000", "2009-09-30": "99.40000", "2009-06-30": "99.20000", "2009-03-31": "99.20000", "2008-12-31": "98.80000", "2008-09-30": "99.30000", "2008-06-30": "99.50000", "2008-03-31": "102.30000", "2007-12-31": "101.60000", "2007-09-30": "102.60000", "2007-06-30": "103.90000", "2007-03-31": "104.40000", "2006-12-31": "104.20000", "2006-09-30": "104.50000", "2006-06-30": "105.10000", "2006-03-31": "104.20000", "2005-12-31": "104.70000", "2005-09-30": "104.20000", "2005-06-30": "103.00000", "2005-03-31": "101.50000"}, "Shares Outstanding": {"2020-12-31": "74.60000", "2020-09-30": "73.50000", "2020-06-30": "73.10000", "2020-03-31": "77.20000", "2019-12-31": "75.80000", "2019-09-30": "77.90000", "2019-06-30": "79.90000", "2019-03-31": "81.70000", "2018-12-31": "81.20000", "2018-09-30": "82.30000", "2018-06-30": "83.30000", "2018-03-31": "82.50000", "2017-12-31": "81.70000", "2017-09-30": "82.30000", "2017-06-30": "82.50000", "2017-03-31": "82.70000", "2016-12-31": "83.30000", "2016-09-30": "83.20000", "2016-06-30": "83.30000", "2016-03-31": "85.90000", "2015-12-31": "85.50000", "2015-09-30": "86.00000", "2015-06-30": "87.50000", "2015-03-31": "89.10000", "2014-12-31": "89.00000", "2014-09-30": "89.20000", "2014-06-30": "90.20000", "2014-03-31": "92.00000", "2013-12-31": "91.80000", "2013-09-30": "92.20000", "2013-06-30": "93.10000", "2013-03-31": "93.70000", "2012-12-31": "93.30000", "2012-09-30": "93.40000", "2012-06-30": "95.10000", "2012-03-31": "95.50000", "2011-12-31": "94.90000", "2011-09-30": "94.90000", "2011-06-30": "96.80000", "2011-03-31": "98.70000", "2010-12-31": "98.10000", "2010-09-30": "98.00000", "2010-06-30": "99.90000", "2010-03-31": "101.30000", "2009-12-31": "101.40000", "2009-09-30": "101.60000", "2009-06-30": "101.50000", "2009-03-31": "101.30000", "2008-12-31": "100.70000", "2008-09-30": "101.80000", "2008-06-30": "102.10000", "2008-03-31": "105.20000", "2007-12-31": "104.30000", "2007-09-30": "105.40000", "2007-06-30": "107.30000", "2007-03-31": "107.60000", "2006-12-31": "107.60000", "2006-09-30": "107.30000", "2006-06-30": "108.10000", "2006-03-31": "107.20000", "2005-12-31": "107.80000", "2005-09-30": "107.40000", "2005-06-30": "105.50000", "2005-03-31": "104.10000"}, "Basic EPS": {"2020-12-31": "1.63000", "2020-09-30": "-0.53000", "2020-06-30": "-1.75000", "2020-03-31": "-3.27000", "2019-12-31": "4.47000", "2019-09-30": "2.37000", "2019-06-30": "1.50000", "2019-03-31": "0.43000", "2018-12-31": "1.50000", "2018-09-30": "2.09000", "2018-06-30": "1.33000", "2018-03-31": "0.50000", "2017-12-31": "-1.00000", "2017-09-30": "1.76000", "2017-06-30": "0.73000", "2017-03-31": "-2.46000", "2016-12-31": "0.98000", "2016-09-30": "0.55000", "2016-06-30": "-0.27000", "2016-03-31": "0.49000", "2015-12-31": "1.55000", "2015-09-30": "1.87000", "2015-06-30": "0.74000", "2015-03-31": "1.43000", "2014-12-31": "2.44000", "2014-09-30": "2.27000", "2014-06-30": "1.82000", "2014-03-31": "1.66000", "2013-12-31": "2.62000", "2013-09-30": "2.28000", "2013-06-30": "1.99000", "2013-03-31": "1.40000", "2012-12-31": "2.37000", "2012-09-30": "2.34000", "2012-06-30": "2.10000", "2012-03-31": "1.03000", "2011-12-31": "1.83000", "2011-09-30": "2.53000", "2011-06-30": "1.96000", "2011-03-31": "0.76000", "2010-12-31": "1.76000", "2010-09-30": "2.15000", "2010-06-30": "1.24000", "2010-03-31": "1.17000", "2009-12-31": "1.12000", "2009-09-30": "1.79000", "2009-06-30": "0.77000", "2009-03-31": "0.44000", "2008-12-31": "1.07000", "2008-09-30": "1.62000", "2008-06-30": "0.96000", "2008-03-31": "1.02000", "2007-12-31": "1.11000", "2007-09-30": "1.12000", "2007-06-30": "0.85000", "2007-03-31": "0.71000", "2006-12-31": "1.06000", "2006-09-30": "1.31000", "2006-06-30": "0.76000", "2006-03-31": "0.60000", "2005-12-31": "0.87000", "2005-09-30": "1.00000", "2005-06-30": "0.49000", "2005-03-31": "0.23000"}, "EPS - Earnings Per Share": {"2020-12-31": "1.61000", "2020-09-30": "-0.53000", "2020-06-30": "-1.75000", "2020-03-31": "-3.24000", "2019-12-31": "4.41000", "2019-09-30": "2.34000", "2019-06-30": "1.47000", "2019-03-31": "0.41000", "2018-12-31": "1.48000", "2018-09-30": "2.07000", "2018-06-30": "1.31000", "2018-03-31": "0.50000", "2017-12-31": "-1.00000", "2017-09-30": "1.75000", "2017-06-30": "0.72000", "2017-03-31": "-2.46000", "2016-12-31": "0.98000", "2016-09-30": "0.55000", "2016-06-30": "-0.27000", "2016-03-31": "0.49000", "2015-12-31": "1.54000", "2015-09-30": "1.86000", "2015-06-30": "0.73000", "2015-03-31": "1.42000", "2014-12-31": "2.41000", "2014-09-30": "2.25000", "2014-06-30": "1.80000", "2014-03-31": "1.69000", "2013-12-31": "2.57000", "2013-09-30": "2.23000", "2013-06-30": "1.94000", "2013-03-31": "1.37000", "2012-12-31": "2.31000", "2012-09-30": "2.29000", "2012-06-30": "2.03000", "2012-03-31": "0.99000", "2011-12-31": "1.78000", "2011-09-30": "2.46000", "2011-06-30": "1.90000", "2011-03-31": "0.73000", "2010-12-31": "1.72000", "2010-09-30": "2.09000", "2010-06-30": "1.21000", "2010-03-31": "1.12000", "2009-12-31": "1.10000", "2009-09-30": "1.75000", "2009-06-30": "0.76000", "2009-03-31": "0.45000", "2008-12-31": "1.05000", "2008-09-30": "1.58000", "2008-06-30": "0.93000", "2008-03-31": "1.00000", "2007-12-31": "1.08000", "2007-09-30": "1.09000", "2007-06-30": "0.82000", "2007-03-31": "0.68000", "2006-12-31": "1.03000", "2006-09-30": "1.28000", "2006-06-30": "0.74000", "2006-03-31": "0.58000", "2005-12-31": "0.84000", "2005-09-30": "0.97000", "2005-06-30": "0.48000", "2005-03-31": "0.22000"}}, "balance sheet": {"Cash On Hand": {"2020-03-31": "2116.30000", "2019-03-31": "1987.50000", "2018-03-31": "2004.00000", "2017-03-31": "1353.00000", "2016-03-31": "1085.70000", "2015-03-31": "1144.00000", "2014-03-31": "1285.00000", "2013-03-31": "1299.00000", "2012-03-31": "1187.30000", "2011-03-31": "1046.90000", "2010-03-31": "1147.20000", "2009-03-31": "819.90000", "2008-03-31": "625.80000", "2007-03-31": "563.90000", "2006-03-31": "285.70000", "2005-03-31": "350.50000"}, "Receivables": {"2020-03-31": "361.90000", "2019-03-31": "430.20000", "2018-03-31": "459.40000", "2017-03-31": "529.60000", "2016-03-31": "574.30000", "2015-03-31": "712.00000", "2014-03-31": "650.00000", "2013-03-31": "487.00000", "2012-03-31": "564.40000", "2011-03-31": "500.60000", "2010-03-31": "383.20000", "2009-03-31": "474.90000", "2008-03-31": "508.40000", "2007-03-31": "467.50000", "2006-03-31": "484.20000", "2005-03-31": "455.70000"}, "Inventory": {"2020-03-31": "736.20000", "2019-03-31": "817.80000", "2018-03-31": "761.30000", "2017-03-31": "791.50000", "2016-03-31": "1124.60000", "2015-03-31": "1042.00000", "2014-03-31": "1020.00000", "2013-03-31": "896.00000", "2012-03-31": "841.60000", "2011-03-31": "702.10000", "2010-03-31": "504.00000", "2009-03-31": "525.10000", "2008-03-31": "514.90000", "2007-03-31": "526.90000", "2006-03-31": "485.50000", "2005-03-31": "430.10000"}, "Pre-Paid Expenses": {"2020-03-31": "160.80000", "2019-03-31": "359.30000", "2018-03-31": "323.70000", "2017-03-31": "280.40000", "2016-03-31": "268.10000", "2015-03-31": "281.00000", "2014-03-31": "224.00000", "2013-03-31": "161.00000", "2012-03-31": "181.00000", "2011-03-31": "136.30000", "2010-03-31": "138.40000", "2009-03-31": "135.00000", "2008-03-31": "167.80000", "2007-03-31": "83.20000", "2006-03-31": "90.70000", "2005-03-31": "102.70000"}, "Other Current Assets": {"2020-03-31": "", "2019-03-31": "", "2018-03-31": "", "2017-03-31": "", "2016-03-31": "", "2015-03-31": "", "2014-03-31": "", "2013-03-31": "", "2012-03-31": "", "2011-03-31": "", "2010-03-31": "", "2009-03-31": "", "2008-03-31": "", "2007-03-31": "", "2006-03-31": "", "2005-03-31": ""}, "Total Current Assets": {"2020-03-31": "3375.20000", "2019-03-31": "3594.80000", "2018-03-31": "3548.40000", "2017-03-31": "2954.50000", "2016-03-31": "3052.70000", "2015-03-31": "3324.00000", "2014-03-31": "3329.00000", "2013-03-31": "2963.00000", "2012-03-31": "2899.90000", "2011-03-31": "2478.00000", "2010-03-31": "2275.80000", "2009-03-31": "2056.70000", "2008-03-31": "1893.50000", "2007-03-31": "1685.90000", "2006-03-31": "1378.50000", "2005-03-31": "1413.80000"}, "Property, Plant, And Equipment": {"2020-03-31": "979.50000", "2019-03-31": "1039.20000", "2018-03-31": "1186.30000", "2017-03-31": "1316.00000", "2016-03-31": "1583.20000", "2015-03-31": "1436.00000", "2014-03-31": "1322.00000", "2013-03-31": "932.00000", "2012-03-31": "884.10000", "2011-03-31": "788.80000", "2010-03-31": "697.20000", "2009-03-31": "651.60000", "2008-03-31": "709.90000", "2007-03-31": "629.80000", "2006-03-31": "548.80000", "2005-03-31": "487.90000"}, "Long-Term Investments": {"2020-03-31": "", "2019-03-31": "", "2018-03-31": "", "2017-03-31": "", "2016-03-31": "", "2015-03-31": "", "2014-03-31": "", "2013-03-31": "81.00000", "2012-03-31": "99.90000", "2011-03-31": "83.60000", "2010-03-31": "75.50000", "2009-03-31": "29.70000", "2008-03-31": "", "2007-03-31": "", "2006-03-31": "", "2005-03-31": ""}, "Goodwill And Intangible Assets": {"2020-03-31": "1056.50000", "2019-03-31": "1083.30000", "2018-03-31": "1138.50000", "2017-03-31": "1124.40000", "2016-03-31": "1161.80000", "2015-03-31": "1170.00000", "2014-03-31": "1263.00000", "2013-03-31": "1296.00000", "2012-03-31": "1363.00000", "2011-03-31": "1404.00000", "2010-03-31": "1349.80000", "2009-03-31": "1315.30000", "2008-03-31": "1324.40000", "2007-03-31": "1088.20000", "2006-03-31": "958.20000", "2005-03-31": "605.90000"}, "Other Long-Term Assets": {"2020-03-31": "111.90000", "2019-03-31": "158.50000", "2018-03-31": "183.50000", "2017-03-31": "131.20000", "2016-03-31": "296.70000", "2015-03-31": "131.00000", "2014-03-31": "135.00000", "2013-03-31": "124.00000", "2012-03-31": "129.70000", "2011-03-31": "150.00000", "2010-03-31": "148.70000", "2009-03-31": "200.40000", "2008-03-31": "320.80000", "2007-03-31": "297.20000", "2006-03-31": "203.20000", "2005-03-31": "183.10000"}, "Total Long-Term Assets": {"2020-03-31": "3904.70000", "2019-03-31": "2348.00000", "2018-03-31": "2594.90000", "2017-03-31": "2697.50000", "2016-03-31": "3160.40000", "2015-03-31": "2782.00000", "2014-03-31": "2759.00000", "2013-03-31": "2455.00000", "2012-03-31": "2516.50000", "2011-03-31": "2503.10000", "2010-03-31": "2373.10000", "2009-03-31": "2299.80000", "2008-03-31": "2472.00000", "2007-03-31": "2072.10000", "2006-03-31": "1710.20000", "2005-03-31": "1312.90000"}, "Total Assets": {"2020-03-31": "7279.90000", "2019-03-31": "5942.80000", "2018-03-31": "6143.30000", "2017-03-31": "5652.00000", "2016-03-31": "6213.10000", "2015-03-31": "6106.00000", "2014-03-31": "6088.00000", "2013-03-31": "5418.00000", "2012-03-31": "5416.40000", "2011-03-31": "4981.10000", "2010-03-31": "4648.90000", "2009-03-31": "4356.50000", "2008-03-31": "4365.50000", "2007-03-31": "3758.00000", "2006-03-31": "3088.70000", "2005-03-31": "2726.70000"}, "Total Current Liabilities": {"2020-03-31": "2092.00000", "2019-03-31": "1200.10000", "2018-03-31": "1587.20000", "2017-03-31": "1159.90000", "2016-03-31": "1198.30000", "2015-03-31": "1186.00000", "2014-03-31": "970.00000", "2013-03-31": "1121.00000", "2012-03-31": "946.20000", "2011-03-31": "832.00000", "2010-03-31": "747.30000", "2009-03-31": "674.10000", "2008-03-31": "908.60000", "2007-03-31": "640.30000", "2006-03-31": "843.50000", "2005-03-31": "622.40000"}, "Long Term Debt": {"2020-03-31": "396.39990", "2019-03-31": "689.10000", "2018-03-31": "288.00000", "2017-03-31": "588.20000", "2016-03-31": "597.00000", "2015-03-31": "298.00000", "2014-03-31": "298.00000", "2013-03-31": "", "2012-03-31": "274.40000", "2011-03-31": "291.90000", "2010-03-31": "282.10000", "2009-03-31": "406.40000", "2008-03-31": "472.80000", "2007-03-31": "398.80000", "2006-03-31": "", "2005-03-31": "291.00000"}, "Other Non-Current Liabilities": {"2020-03-31": "530.10000", "2019-03-31": "766.40000", "2018-03-31": "810.70000", "2017-03-31": "604.30000", "2016-03-31": "674.30000", "2015-03-31": "731.00000", "2014-03-31": "786.00000", "2013-03-31": "512.00000", "2012-03-31": "543.30000", "2011-03-31": "552.50000", "2010-03-31": "502.90000", "2009-03-31": "386.10000", "2008-03-31": "439.20000", "2007-03-31": "384.00000", "2006-03-31": "174.80000", "2005-03-31": "137.60000"}, "Total Long Term Liabilities": {"2020-03-31": "2494.80000", "2019-03-31": "1455.50000", "2018-03-31": "1098.70000", "2017-03-31": "1192.50000", "2016-03-31": "1271.30000", "2015-03-31": "1029.00000", "2014-03-31": "1084.00000", "2013-03-31": "512.00000", "2012-03-31": "817.70000", "2011-03-31": "844.40000", "2010-03-31": "785.00000", "2009-03-31": "947.30000", "2008-03-31": "1067.20000", "2007-03-31": "782.80000", "2006-03-31": "195.60000", "2005-03-31": "428.60000"}, "Total Liabilities": {"2020-03-31": "4586.80000", "2019-03-31": "2655.60000", "2018-03-31": "2685.90000", "2017-03-31": "2352.40000", "2016-03-31": "2469.60000", "2015-03-31": "2215.00000", "2014-03-31": "2054.00000", "2013-03-31": "1633.00000", "2012-03-31": "1763.90000", "2011-03-31": "1676.40000", "2010-03-31": "1532.30000", "2009-03-31": "1621.40000", "2008-03-31": "1975.80000", "2007-03-31": "1423.10000", "2006-03-31": "1039.10000", "2005-03-31": "1051.00000"}, "Common Stock Net": {"2020-03-31": "1.30000", "2019-03-31": "1.30000", "2018-03-31": "1.30000", "2017-03-31": "1.20000", "2016-03-31": "1.20000", "2015-03-31": "1.00000", "2014-03-31": "1.00000", "2013-03-31": "1.00000", "2012-03-31": "1.20000", "2011-03-31": "1.20000", "2010-03-31": "1.20000", "2009-03-31": "1.10000", "2008-03-31": "1.10000", "2007-03-31": "1.10000", "2006-03-31": "1.10000", "2005-03-31": "1.10000"}, "Retained Earnings (Accumulated Deficit)": {"2020-03-31": "5994.00000", "2019-03-31": "5979.10000", "2018-03-31": "5752.20000", "2017-03-31": "5751.90000", "2016-03-31": "6015.00000", "2015-03-31": "5787.00000", "2014-03-31": "5257.00000", "2013-03-31": "4647.00000", "2012-03-31": "4042.40000", "2011-03-31": "3435.30000", "2010-03-31": "2915.30000", "2009-03-31": "2465.50000", "2008-03-31": "2079.30000", "2007-03-31": "1742.30000", "2006-03-31": "1379.20000", "2005-03-31": "1090.30000"}, "Comprehensive Income": {"2020-03-31": "-118.20000", "2019-03-31": "-103.40000", "2018-03-31": "-98.50000", "2017-03-31": "-198.40000", "2016-03-31": "-181.50000", "2015-03-31": "-165.00000", "2014-03-31": "114.00000", "2013-03-31": "94.00000", "2012-03-31": "196.60000", "2011-03-31": "215.80000", "2010-03-31": "154.00000", "2009-03-31": "126.80000", "2008-03-31": "112.60000", "2007-03-31": "40.50000", "2006-03-31": "15.50000", "2005-03-31": "29.90000"}, "Other Share Holders Equity": {"2020-03-31": "", "2019-03-31": "", "2018-03-31": "", "2017-03-31": "", "2016-03-31": "", "2015-03-31": "", "2014-03-31": "", "2013-03-31": "", "2012-03-31": "", "2011-03-31": "", "2010-03-31": "", "2009-03-31": "", "2008-03-31": "", "2007-03-31": "", "2006-03-31": "", "2005-03-31": ""}, "Share Holder Equity": {"2020-03-31": "2693.10000", "2019-03-31": "3287.20000", "2018-03-31": "3457.40000", "2017-03-31": "3299.60000", "2016-03-31": "3743.50000", "2015-03-31": "3891.00000", "2014-03-31": "4034.00000", "2013-03-31": "3785.00000", "2012-03-31": "3652.50000", "2011-03-31": "3304.70000", "2010-03-31": "3116.60000", "2009-03-31": "2735.10000", "2008-03-31": "2389.70000", "2007-03-31": "2334.90000", "2006-03-31": "2049.60000", "2005-03-31": "1675.70000"}, "Total Liabilities And Share Holders Equity": {"2020-03-31": "7279.90000", "2019-03-31": "5942.80000", "2018-03-31": "6143.30000", "2017-03-31": "5652.00000", "2016-03-31": "6213.10000", "2015-03-31": "6106.00000", "2014-03-31": "6088.00000", "2013-03-31": "5418.00000", "2012-03-31": "5416.40000", "2011-03-31": "4981.10000", "2010-03-31": "4648.90000", "2009-03-31": "4356.50000", "2008-03-31": "4365.50000", "2007-03-31": "3758.00000", "2006-03-31": "3088.70000", "2005-03-31": "2726.70000"}}, "balance sheet, quarterly": {"Cash On Hand": {"2020-12-31": "2787.20000", "2020-09-30": "2446.10000", "2020-06-30": "2710.60000", "2020-03-31": "2116.30000", "2019-12-31": "1908.40000", "2019-09-30": "1589.50000", "2019-06-30": "1929.10000", "2019-03-31": "1987.50000", "2018-12-31": "2063.00000", "2018-09-30": "1872.60000", "2018-06-30": "2020.00000", "2018-03-31": "2004.00000", "2017-12-31": "2038.00000", "2017-09-30": "1618.70000", "2017-06-30": "1570.90000", "2017-03-31": "1353.00000", "2016-12-31": "1381.00000", "2016-09-30": "965.00000", "2016-06-30": "1076.00000", "2016-03-31": "1085.70000", "2015-12-31": "1215.00000", "2015-09-30": "1126.00000", "2015-06-30": "1151.00000", "2015-03-31": "1144.00000", "2014-12-31": "1407.00000", "2014-09-30": "1191.00000", "2014-06-30": "1369.00000", "2014-03-31": "1285.00000", "2013-12-31": "1415.00000", "2013-09-30": "1411.00000", "2013-06-30": "1351.00000", "2013-03-31": "1299.00000", "2012-12-31": "1312.30000", "2012-09-30": "1012.80000", "2012-06-30": "1031.50000", "2012-03-31": "1187.30000", "2011-12-31": "1202.10000", "2011-09-30": "885.60000", "2011-06-30": "951.50000", "2011-03-31": "1046.90000", "2010-12-31": "1242.80000", "2010-09-30": "936.30000", "2010-06-30": "990.70000", "2010-03-31": "1147.20000", "2009-12-31": "1290.70000", "2009-09-30": "925.70000", "2009-06-30": "1088.70000", "2009-03-31": "819.90000", "2008-12-31": "880.20000", "2008-09-30": "509.90000", "2008-06-30": "710.80000", "2008-03-31": "625.80000", "2007-12-31": "824.40000", "2007-09-30": "473.00000", "2007-06-30": "643.20000", "2007-03-31": "563.90000", "2006-12-31": "751.80000", "2006-09-30": "321.00000", "2006-06-30": "429.20000", "2006-03-31": "285.70000", "2005-12-31": "643.87400", "2005-09-30": "383.15600", "2005-06-30": "522.32700", "2005-03-31": "350.50000"}, "Receivables": {"2020-12-31": "448.70000", "2020-09-30": "415.10000", "2020-06-30": "172.60000", "2020-03-31": "361.90000", "2019-12-31": "381.70000", "2019-09-30": "516.80000", "2019-06-30": "323.70000", "2019-03-31": "430.20000", "2018-12-31": "338.40000", "2018-09-30": "467.20000", "2018-06-30": "297.30000", "2018-03-31": "459.40000", "2017-12-31": "365.00000", "2017-09-30": "540.80000", "2017-06-30": "356.70000", "2017-03-31": "529.60000", "2016-12-31": "348.00000", "2016-09-30": "549.00000", "2016-06-30": "398.00000", "2016-03-31": "574.30000", "2015-12-31": "543.00000", "2015-09-30": "659.00000", "2015-06-30": "459.00000", "2015-03-31": "712.00000", "2014-12-31": "476.00000", "2014-09-30": "703.00000", "2014-06-30": "418.00000", "2014-03-31": "650.00000", "2013-12-31": "457.00000", "2013-09-30": "611.00000", "2013-06-30": "377.00000", "2013-03-31": "487.00000", "2012-12-31": "402.80000", "2012-09-30": "629.00000", "2012-06-30": "415.00000", "2012-03-31": "564.40000", "2011-12-31": "450.00000", "2011-09-30": "639.40000", "2011-06-30": "410.30000", "2011-03-31": "500.60000", "2010-12-31": "338.10000", "2010-09-30": "523.30000", "2010-06-30": "270.10000", "2010-03-31": "383.20000", "2009-12-31": "262.90000", "2009-09-30": "482.40000", "2009-06-30": "250.30000", "2009-03-31": "474.90000", "2008-12-31": "310.50000", "2008-09-30": "531.10000", "2008-06-30": "310.10000", "2008-03-31": "508.40000", "2007-12-31": "354.50000", "2007-09-30": "549.30000", "2007-06-30": "323.00000", "2007-03-31": "467.50000", "2006-12-31": "366.80000", "2006-09-30": "524.80000", "2006-06-30": "349.70000", "2006-03-31": "484.20000", "2005-12-31": "356.67700", "2005-09-30": "458.65100", "2005-06-30": "275.59800", "2005-03-31": "455.70000"}, "Inventory": {"2020-12-31": "866.00000", "2020-09-30": "887.00000", "2020-06-30": "773.20000", "2020-03-31": "736.20000", "2019-12-31": "904.60000", "2019-09-30": "1012.50000", "2019-06-30": "988.60000", "2019-03-31": "817.80000", "2018-12-31": "914.50000", "2018-09-30": "994.60000", "2018-06-30": "890.00000", "2018-03-31": "761.30000", "2017-12-31": "825.40000", "2017-09-30": "864.60000", "2017-06-30": "859.90000", "2017-03-31": "791.50000", "2016-12-31": "984.00000", "2016-09-30": "1173.00000", "2016-06-30": "1242.00000", "2016-03-31": "1124.60000", "2015-12-31": "1271.00000", "2015-09-30": "1380.00000", "2015-06-30": "1270.00000", "2015-03-31": "1042.00000", "2014-12-31": "1211.00000", "2014-09-30": "1292.00000", "2014-06-30": "1180.00000", "2014-03-31": "1020.00000", "2013-12-31": "1117.00000", "2013-09-30": "1215.00000", "2013-06-30": "1053.00000", "2013-03-31": "896.00000", "2012-12-31": "981.10000", "2012-09-30": "1060.20000", "2012-06-30": "964.10000", "2012-03-31": "841.60000", "2011-12-31": "894.70000", "2011-09-30": "988.40000", "2011-06-30": "896.30000", "2011-03-31": "702.10000", "2010-12-31": "697.70000", "2010-09-30": "732.50000", "2010-06-30": "629.60000", "2010-03-31": "504.00000", "2009-12-31": "545.10000", "2009-09-30": "610.40000", "2009-06-30": "612.40000", "2009-03-31": "525.10000", "2008-12-31": "585.10000", "2008-09-30": "619.30000", "2008-06-30": "568.10000", "2008-03-31": "514.90000", "2007-12-31": "581.20000", "2007-09-30": "635.70000", "2007-06-30": "604.70000", "2007-03-31": "526.90000", "2006-12-31": "483.90000", "2006-09-30": "586.40000", "2006-06-30": "525.60000", "2006-03-31": "485.50000", "2005-12-31": "443.26700", "2005-09-30": "513.10100", "2005-06-30": "467.61000", "2005-03-31": "430.10000"}, "Pre-Paid Expenses": {"2020-12-31": "174.50000", "2020-09-30": "158.90000", "2020-06-30": "200.60000", "2020-03-31": "160.80000", "2019-12-31": "254.20000", "2019-09-30": "267.90000", "2019-06-30": "412.70000", "2019-03-31": "359.30000", "2018-12-31": "380.50000", "2018-09-30": "359.10000", "2018-06-30": "342.80000", "2018-03-31": "323.70000", "2017-12-31": "304.80000", "2017-09-30": "300.30000", "2017-06-30": "299.20000", "2017-03-31": "280.40000", "2016-12-31": "321.00000", "2016-09-30": "289.00000", "2016-06-30": "286.00000", "2016-03-31": "268.10000", "2015-12-31": "269.00000", "2015-09-30": "268.00000", "2015-06-30": "278.00000", "2015-03-31": "281.00000", "2014-12-31": "276.00000", "2014-09-30": "224.00000", "2014-06-30": "202.00000", "2014-03-31": "224.00000", "2013-12-31": "228.00000", "2013-09-30": "202.00000", "2013-06-30": "186.00000", "2013-03-31": "161.00000", "2012-12-31": "179.90000", "2012-09-30": "177.50000", "2012-06-30": "181.90000", "2012-03-31": "181.00000", "2011-12-31": "177.80000", "2011-09-30": "156.90000", "2011-06-30": "155.60000", "2011-03-31": "136.30000", "2010-12-31": "152.20000", "2010-09-30": "153.20000", "2010-06-30": "168.90000", "2010-03-31": "138.40000", "2009-12-31": "139.10000", "2009-09-30": "116.00000", "2009-06-30": "137.20000", "2009-03-31": "135.00000", "2008-12-31": "145.40000", "2008-09-30": "125.90000", "2008-06-30": "132.50000", "2008-03-31": "167.80000", "2007-12-31": "108.10000", "2007-09-30": "96.70000", "2007-06-30": "99.20000", "2007-03-31": "83.20000", "2006-12-31": "74.50000", "2006-09-30": "69.00000", "2006-06-30": "102.30000", "2006-03-31": "90.70000", "2005-12-31": "79.29500", "2005-09-30": "101.37200", "2005-06-30": "111.22000", "2005-03-31": "102.70000"}, "Other Current Assets": {"2020-12-31": "", "2020-09-30": "", "2020-06-30": "", "2020-03-31": "", "2019-12-31": "", "2019-09-30": "", "2019-06-30": "", "2019-03-31": "", "2018-12-31": "", "2018-09-30": "", "2018-06-30": "", "2018-03-31": "", "2017-12-31": "", "2017-09-30": "", "2017-06-30": "", "2017-03-31": "", "2016-12-31": "", "2016-09-30": "", "2016-06-30": "", "2016-03-31": "", "2015-12-31": "", "2015-09-30": "", "2015-06-30": "", "2015-03-31": "", "2014-12-31": "", "2014-09-30": "", "2014-06-30": "", "2014-03-31": "", "2013-12-31": "", "2013-09-30": "", "2013-06-30": "", "2013-03-31": "", "2012-12-31": "", "2012-09-30": "", "2012-06-30": "", "2012-03-31": "", "2011-12-31": "", "2011-09-30": "", "2011-06-30": "", "2011-03-31": "", "2010-12-31": "", "2010-09-30": "", "2010-06-30": "", "2010-03-31": "", "2009-12-31": "", "2009-09-30": "", "2009-06-30": "", "2009-03-31": "", "2008-12-31": "", "2008-09-30": "", "2008-06-30": "", "2008-03-31": "", "2007-12-31": "", "2007-09-30": "", "2007-06-30": "", "2007-03-31": "", "2006-12-31": "", "2006-09-30": "", "2006-06-30": "", "2006-03-31": "", "2005-12-31": "", "2005-09-30": "", "2005-06-30": "", "2005-03-31": ""}, "Total Current Assets": {"2020-12-31": "4276.40000", "2020-09-30": "3907.10000", "2020-06-30": "3857.00000", "2020-03-31": "3375.20000", "2019-12-31": "3448.90000", "2019-09-30": "3386.70000", "2019-06-30": "3654.10000", "2019-03-31": "3594.80000", "2018-12-31": "3696.40000", "2018-09-30": "3693.50000", "2018-06-30": "3550.10000", "2018-03-31": "3548.40000", "2017-12-31": "3533.20000", "2017-09-30": "3324.40000", "2017-06-30": "3086.70000", "2017-03-31": "2954.50000", "2016-12-31": "3034.00000", "2016-09-30": "2976.00000", "2016-06-30": "3002.00000", "2016-03-31": "3052.70000", "2015-12-31": "3452.00000", "2015-09-30": "3580.00000", "2015-06-30": "3304.00000", "2015-03-31": "3324.00000", "2014-12-31": "3519.00000", "2014-09-30": "3560.00000", "2014-06-30": "3321.00000", "2014-03-31": "3329.00000", "2013-12-31": "3342.00000", "2013-09-30": "3558.00000", "2013-06-30": "3084.00000", "2013-03-31": "2963.00000", "2012-12-31": "3002.00000", "2012-09-30": "3003.00000", "2012-06-30": "2719.30000", "2012-03-31": "2899.90000", "2011-12-31": "2826.50000", "2011-09-30": "2773.90000", "2011-06-30": "2515.70000", "2011-03-31": "2478.00000", "2010-12-31": "2513.10000", "2010-09-30": "2444.00000", "2010-06-30": "2161.00000", "2010-03-31": "2275.80000", "2009-12-31": "2350.40000", "2009-09-30": "2251.10000", "2009-06-30": "2206.10000", "2009-03-31": "2056.70000", "2008-12-31": "2004.20000", "2008-09-30": "1866.50000", "2008-06-30": "1798.80000", "2008-03-31": "1893.50000", "2007-12-31": "1925.70000", "2007-09-30": "1812.10000", "2007-06-30": "1706.20000", "2007-03-31": "1685.90000", "2006-12-31": "1714.80000", "2006-09-30": "1533.60000", "2006-06-30": "1440.40000", "2006-03-31": "1378.50000", "2005-12-31": "1593.50500", "2005-09-30": "1527.22700", "2005-06-30": "1447.48500", "2005-03-31": "1413.80000"}, "Property, Plant, And Equipment": {"2020-12-31": "1086.40000", "2020-09-30": "921.50000", "2020-06-30": "945.80000", "2020-03-31": "979.50000", "2019-12-31": "1028.20000", "2019-09-30": "1011.00000", "2019-06-30": "987.00000", "2019-03-31": "1039.20000", "2018-12-31": "1079.30000", "2018-09-30": "1130.50000", "2018-06-30": "1141.70000", "2018-03-31": "1186.30000", "2017-12-31": "1215.90000", "2017-09-30": "1240.50000", "2017-06-30": "1273.30000", "2017-03-31": "1316.00000", "2016-12-31": "1514.00000", "2016-09-30": "1564.00000", "2016-06-30": "1565.00000", "2016-03-31": "1583.20000", "2015-12-31": "1564.00000", "2015-09-30": "1519.00000", "2015-06-30": "1419.00000", "2015-03-31": "1436.00000", "2014-12-31": "1454.00000", "2014-09-30": "1411.00000", "2014-06-30": "1363.00000", "2014-03-31": "1322.00000", "2013-12-31": "1299.00000", "2013-09-30": "1280.00000", "2013-06-30": "944.00000", "2013-03-31": "932.00000", "2012-12-31": "926.40000", "2012-09-30": "911.90000", "2012-06-30": "869.70000", "2012-03-31": "884.10000", "2011-12-31": "826.50000", "2011-09-30": "833.50000", "2011-06-30": "785.10000", "2011-03-31": "788.80000", "2010-12-31": "756.40000", "2010-09-30": "716.40000", "2010-06-30": "675.20000", "2010-03-31": "697.20000", "2009-12-31": "644.00000", "2009-09-30": "643.70000", "2009-06-30": "631.70000", "2009-03-31": "651.60000", "2008-12-31": "693.60000", "2008-09-30": "692.40000", "2008-06-30": "706.30000", "2008-03-31": "709.90000", "2007-12-31": "677.30000", "2007-09-30": "647.00000", "2007-06-30": "622.20000", "2007-03-31": "629.80000", "2006-12-31": "557.30000", "2006-09-30": "549.10000", "2006-06-30": "541.60000", "2006-03-31": "548.80000", "2005-12-31": "517.86000", "2005-09-30": "494.14400", "2005-06-30": "488.72800", "2005-03-31": "487.90000"}, "Long-Term Investments": {"2020-12-31": "", "2020-09-30": "", "2020-06-30": "", "2020-03-31": "", "2019-12-31": "", "2019-09-30": "", "2019-06-30": "", "2019-03-31": "", "2018-12-31": "", "2018-09-30": "", "2018-06-30": "", "2018-03-31": "", "2017-12-31": "", "2017-09-30": "", "2017-06-30": "", "2017-03-31": "", "2016-12-31": "", "2016-09-30": "", "2016-06-30": "", "2016-03-31": "", "2015-12-31": "", "2015-09-30": "", "2015-06-30": "", "2015-03-31": "", "2014-12-31": "", "2014-09-30": "", "2014-06-30": "", "2014-03-31": "", "2013-12-31": "5.00000", "2013-09-30": "7.00000", "2013-06-30": "9.00000", "2013-03-31": "81.00000", "2012-12-31": "89.00000", "2012-09-30": "84.90000", "2012-06-30": "82.10000", "2012-03-31": "99.90000", "2011-12-31": "72.50000", "2011-09-30": "93.80000", "2011-06-30": "29.60000", "2011-03-31": "83.60000", "2010-12-31": "65.50000", "2010-09-30": "61.10000", "2010-06-30": "71.90000", "2010-03-31": "75.50000", "2009-12-31": "43.30000", "2009-09-30": "44.40000", "2009-06-30": "", "2009-03-31": "29.70000", "2008-12-31": "", "2008-09-30": "", "2008-06-30": "", "2008-03-31": "", "2007-12-31": "", "2007-09-30": "", "2007-06-30": "", "2007-03-31": "", "2006-12-31": "", "2006-09-30": "", "2006-06-30": "", "2006-03-31": "", "2005-12-31": "", "2005-09-30": "", "2005-06-30": "", "2005-03-31": ""}, "Goodwill And Intangible Assets": {"2020-12-31": "1075.00000", "2020-09-30": "1066.10000", "2020-06-30": "1058.00000", "2020-03-31": "1056.50000", "2019-12-31": "1063.30000", "2019-09-30": "1066.10000", "2019-06-30": "1083.50000", "2019-03-31": "1083.30000", "2018-12-31": "1094.30000", "2018-09-30": "1103.60000", "2018-06-30": "1110.10000", "2018-03-31": "1138.50000", "2017-12-31": "1136.50000", "2017-09-30": "1140.70000", "2017-06-30": "1137.90000", "2017-03-31": "1124.40000", "2016-12-31": "1125.00000", "2016-09-30": "1171.00000", "2016-06-30": "1170.00000", "2016-03-31": "1161.80000", "2015-12-31": "1149.00000", "2015-09-30": "1161.00000", "2015-06-30": "1161.00000", "2015-03-31": "1170.00000", "2014-12-31": "1190.00000", "2014-09-30": "1223.00000", "2014-06-30": "1256.00000", "2014-03-31": "1263.00000", "2013-12-31": "1263.00000", "2013-09-30": "1285.00000", "2013-06-30": "1288.00000", "2013-03-31": "1296.00000", "2012-12-31": "1332.90000", "2012-09-30": "1363.70000", "2012-06-30": "1357.60000", "2012-03-31": "1363.00000", "2011-12-31": "1383.60000", "2011-09-30": "1403.10000", "2011-06-30": "1404.30000", "2011-03-31": "1404.00000", "2010-12-31": "1388.70000", "2010-09-30": "1371.70000", "2010-06-30": "1325.90000", "2010-03-31": "1349.80000", "2009-12-31": "1343.40000", "2009-09-30": "1331.20000", "2009-06-30": "1322.50000", "2009-03-31": "1315.30000", "2008-12-31": "1330.60000", "2008-09-30": "1312.80000", "2008-06-30": "1322.80000", "2008-03-31": "1324.40000", "2007-12-31": "1309.30000", "2007-09-30": "1308.90000", "2007-06-30": "1296.40000", "2007-03-31": "1088.20000", "2006-12-31": "956.10000", "2006-09-30": "954.70000", "2006-06-30": "958.50000", "2006-03-31": "958.20000", "2005-12-31": "672.08800", "2005-09-30": "675.41300", "2005-06-30": "593.79500", "2005-03-31": "605.90000"}, "Other Long-Term Assets": {"2020-12-31": "72.30000", "2020-09-30": "97.70000", "2020-06-30": "106.00000", "2020-03-31": "111.90000", "2019-12-31": "91.50000", "2019-09-30": "100.00000", "2019-06-30": "109.00000", "2019-03-31": "158.50000", "2018-12-31": "145.50000", "2018-09-30": "160.30000", "2018-06-30": "162.70000", "2018-03-31": "183.50000", "2017-12-31": "180.30000", "2017-09-30": "179.50000", "2017-06-30": "174.70000", "2017-03-31": "131.20000", "2016-12-31": "202.00000", "2016-09-30": "238.00000", "2016-06-30": "265.00000", "2016-03-31": "296.70000", "2015-12-31": "138.00000", "2015-09-30": "140.00000", "2015-06-30": "134.00000", "2015-03-31": "131.00000", "2014-12-31": "132.00000", "2014-09-30": "159.00000", "2014-06-30": "151.00000", "2014-03-31": "135.00000", "2013-12-31": "130.00000", "2013-09-30": "114.00000", "2013-06-30": "113.00000", "2013-03-31": "124.00000", "2012-12-31": "122.70000", "2012-09-30": "125.20000", "2012-06-30": "132.10000", "2012-03-31": "129.70000", "2011-12-31": "145.20000", "2011-09-30": "148.60000", "2011-06-30": "141.80000", "2011-03-31": "150.00000", "2010-12-31": "147.40000", "2010-09-30": "142.80000", "2010-06-30": "135.40000", "2010-03-31": "148.70000", "2009-12-31": "166.70000", "2009-09-30": "197.60000", "2009-06-30": "242.70000", "2009-03-31": "200.40000", "2008-12-31": "254.70000", "2008-09-30": "291.00000", "2008-06-30": "313.30000", "2008-03-31": "320.80000", "2007-12-31": "297.30000", "2007-09-30": "288.90000", "2007-06-30": "278.70000", "2007-03-31": "297.20000", "2006-12-31": "290.20000", "2006-09-30": "268.90000", "2006-06-30": "234.20000", "2006-03-31": "203.20000", "2005-12-31": "201.07400", "2005-09-30": "180.45600", "2005-06-30": "179.17200", "2005-03-31": "183.10000"}, "Total Long-Term Assets": {"2020-12-31": "3895.80000", "2020-09-30": "3844.50000", "2020-06-30": "3883.40000", "2020-03-31": "3904.70000", "2019-12-31": "3997.00000", "2019-09-30": "3841.80000", "2019-06-30": "3689.60000", "2019-03-31": "2348.00000", "2018-12-31": "2395.60000", "2018-09-30": "2462.00000", "2018-06-30": "2485.20000", "2018-03-31": "2594.90000", "2017-12-31": "2665.80000", "2017-09-30": "2703.90000", "2017-06-30": "2727.30000", "2017-03-31": "2697.50000", "2016-12-31": "2932.00000", "2016-09-30": "3091.00000", "2016-06-30": "3116.00000", "2016-03-31": "3160.40000", "2015-12-31": "2889.00000", "2015-09-30": "2863.00000", "2015-06-30": "2764.00000", "2015-03-31": "2782.00000", "2014-12-31": "2825.00000", "2014-09-30": "2838.00000", "2014-06-30": "2809.00000", "2014-03-31": "2759.00000", "2013-12-31": "2718.00000", "2013-09-30": "2708.00000", "2013-06-30": "2376.00000", "2013-03-31": "2455.00000", "2012-12-31": "2487.20000", "2012-09-30": "2520.50000", "2012-06-30": "2474.80000", "2012-03-31": "2516.50000", "2011-12-31": "2500.00000", "2011-09-30": "2554.50000", "2011-06-30": "2444.50000", "2011-03-31": "2503.10000", "2010-12-31": "2495.50000", "2010-09-30": "2431.00000", "2010-06-30": "2338.00000", "2010-03-31": "2373.10000", "2009-12-31": "2301.00000", "2009-09-30": "2320.90000", "2009-06-30": "2294.70000", "2009-03-31": "2299.80000", "2008-12-31": "2381.10000", "2008-09-30": "2409.70000", "2008-06-30": "2462.80000", "2008-03-31": "2472.00000", "2007-12-31": "2419.00000", "2007-09-30": "2375.40000", "2007-06-30": "2289.20000", "2007-03-31": "2072.10000", "2006-12-31": "1815.80000", "2006-09-30": "1786.50000", "2006-06-30": "1744.20000", "2006-03-31": "1710.20000", "2005-12-31": "1423.95400", "2005-09-30": "1386.08600", "2005-06-30": "1296.32900", "2005-03-31": "1312.90000"}, "Total Assets": {"2020-12-31": "8172.20000", "2020-09-30": "7751.60000", "2020-06-30": "7740.40000", "2020-03-31": "7279.90000", "2019-12-31": "7445.90000", "2019-09-30": "7228.50000", "2019-06-30": "7343.70000", "2019-03-31": "5942.80000", "2018-12-31": "6092.00000", "2018-09-30": "6155.50000", "2018-06-30": "6035.30000", "2018-03-31": "6143.30000", "2017-12-31": "6199.00000", "2017-09-30": "6028.30000", "2017-06-30": "5814.00000", "2017-03-31": "5652.00000", "2016-12-31": "5966.00000", "2016-09-30": "6067.00000", "2016-06-30": "6118.00000", "2016-03-31": "6213.10000", "2015-12-31": "6341.00000", "2015-09-30": "6443.00000", "2015-06-30": "6068.00000", "2015-03-31": "6106.00000", "2014-12-31": "6344.00000", "2014-09-30": "6398.00000", "2014-06-30": "6130.00000", "2014-03-31": "6088.00000", "2013-12-31": "6060.00000", "2013-09-30": "6266.00000", "2013-06-30": "5460.00000", "2013-03-31": "5418.00000", "2012-12-31": "5489.20000", "2012-09-30": "5523.50000", "2012-06-30": "5194.10000", "2012-03-31": "5416.40000", "2011-12-31": "5326.50000", "2011-09-30": "5328.40000", "2011-06-30": "4960.20000", "2011-03-31": "4981.10000", "2010-12-31": "5008.60000", "2010-09-30": "4875.00000", "2010-06-30": "4499.00000", "2010-03-31": "4648.90000", "2009-12-31": "4651.40000", "2009-09-30": "4572.00000", "2009-06-30": "4500.80000", "2009-03-31": "4356.50000", "2008-12-31": "4385.30000", "2008-09-30": "4276.20000", "2008-06-30": "4261.60000", "2008-03-31": "4365.50000", "2007-12-31": "4344.70000", "2007-09-30": "4187.50000", "2007-06-30": "3995.40000", "2007-03-31": "3758.00000", "2006-12-31": "3530.60000", "2006-09-30": "3320.10000", "2006-06-30": "3184.60000", "2006-03-31": "3088.70000", "2005-12-31": "3017.45900", "2005-09-30": "2913.31300", "2005-06-30": "2743.81400", "2005-03-31": "2726.70000"}, "Total Current Liabilities": {"2020-12-31": "1676.80000", "2020-09-30": "1553.70000", "2020-06-30": "1486.90000", "2020-03-31": "2092.00000", "2019-12-31": "1775.40000", "2019-09-30": "1736.00000", "2019-06-30": "1591.00000", "2019-03-31": "1200.10000", "2018-12-31": "1273.70000", "2018-09-30": "1241.10000", "2018-06-30": "1563.70000", "2018-03-31": "1587.20000", "2017-12-31": "1710.20000", "2017-09-30": "1590.10000", "2017-06-30": "1216.90000", "2017-03-31": "1159.90000", "2016-12-31": "1151.00000", "2016-09-30": "1217.00000", "2016-06-30": "1296.00000", "2016-03-31": "1198.30000", "2015-12-31": "1214.00000", "2015-09-30": "1278.00000", "2015-06-30": "1229.00000", "2015-03-31": "1186.00000", "2014-12-31": "1258.00000", "2014-09-30": "1283.00000", "2014-06-30": "1061.00000", "2014-03-31": "970.00000", "2013-12-31": "984.00000", "2013-09-30": "1218.00000", "2013-06-30": "1179.00000", "2013-03-31": "1121.00000", "2012-12-31": "1191.60000", "2012-09-30": "958.10000", "2012-06-30": "933.00000", "2012-03-31": "946.20000", "2011-12-31": "979.20000", "2011-09-30": "1122.40000", "2011-06-30": "908.40000", "2011-03-31": "832.00000", "2010-12-31": "792.50000", "2010-09-30": "884.50000", "2010-06-30": "764.00000", "2010-03-31": "747.30000", "2009-12-31": "755.00000", "2009-09-30": "733.20000", "2009-06-30": "887.50000", "2009-03-31": "674.10000", "2008-12-31": "721.30000", "2008-09-30": "735.10000", "2008-06-30": "714.20000", "2008-03-31": "908.60000", "2007-12-31": "909.90000", "2007-09-30": "909.10000", "2007-06-30": "792.70000", "2007-03-31": "640.30000", "2006-12-31": "604.90000", "2006-09-30": "912.60000", "2006-06-30": "888.80000", "2006-03-31": "843.50000", "2005-12-31": "872.16300", "2005-09-30": "618.86300", "2005-06-30": "591.75700", "2005-03-31": "622.40000"}, "Long Term Debt": {"2020-12-31": "1631.90000", "2020-09-30": "1631.00000", "2020-06-30": "1630.10000", "2020-03-31": "396.40000", "2019-12-31": "396.30000", "2019-09-30": "396.10000", "2019-06-30": "692.10000", "2019-03-31": "689.10000", "2018-12-31": "686.80000", "2018-09-30": "683.90000", "2018-06-30": "288.00000", "2018-03-31": "288.00000", "2017-12-31": "290.30000", "2017-09-30": "291.80000", "2017-06-30": "590.40000", "2017-03-31": "588.20000", "2016-12-31": "589.00000", "2016-09-30": "597.00000", "2016-06-30": "602.00000", "2016-03-31": "597.00000", "2015-12-31": "596.00000", "2015-09-30": "597.00000", "2015-06-30": "297.00000", "2015-03-31": "298.00000", "2014-12-31": "300.00000", "2014-09-30": "300.00000", "2014-06-30": "300.00000", "2014-03-31": "298.00000", "2013-12-31": "300.00000", "2013-09-30": "300.00000", "2013-06-30": "", "2013-03-31": "", "2012-12-31": "", "2012-09-30": "265.80000", "2012-06-30": "261.00000", "2012-03-31": "274.40000", "2011-12-31": "265.60000", "2011-09-30": "273.70000", "2011-06-30": "296.70000", "2011-03-31": "291.90000", "2010-12-31": "275.10000", "2010-09-30": "285.20000", "2010-06-30": "261.70000", "2010-03-31": "282.10000", "2009-12-31": "298.30000", "2009-09-30": "307.50000", "2009-06-30": "292.50000", "2009-03-31": "406.40000", "2008-12-31": "419.60000", "2008-09-30": "439.20000", "2008-06-30": "469.80000", "2008-03-31": "472.80000", "2007-12-31": "438.50000", "2007-09-30": "424.40000", "2007-06-30": "403.10000", "2007-03-31": "398.80000", "2006-12-31": "393.80000", "2006-09-30": "", "2006-06-30": "", "2006-03-31": "", "2005-12-31": "", "2005-09-30": "267.65700", "2005-06-30": "269.14900", "2005-03-31": "291.00000"}, "Other Non-Current Liabilities": {"2020-12-31": "790.00010", "2020-09-30": "562.80000", "2020-06-30": "550.20000", "2020-03-31": "530.10000", "2019-12-31": "520.20000", "2019-09-30": "531.50000", "2019-06-30": "563.90000", "2019-03-31": "766.40000", "2018-12-31": "777.60000", "2018-09-30": "768.50000", "2018-06-30": "762.60000", "2018-03-31": "810.70000", "2017-12-31": "791.00000", "2017-09-30": "636.80000", "2017-06-30": "646.60000", "2017-03-31": "604.30000", "2016-12-31": "616.00000", "2016-09-30": "655.00000", "2016-06-30": "654.00000", "2016-03-31": "674.30000", "2015-12-31": "727.00000", "2015-09-30": "757.00000", "2015-06-30": "735.00000", "2015-03-31": "731.00000", "2014-12-31": "711.00000", "2014-09-30": "786.00000", "2014-06-30": "797.00000", "2014-03-31": "786.00000", "2013-12-31": "742.00000", "2013-09-30": "757.00000", "2013-06-30": "520.00000", "2013-03-31": "512.00000", "2012-12-31": "527.90000", "2012-09-30": "563.20000", "2012-06-30": "528.30000", "2012-03-31": "543.30000", "2011-12-31": "552.00000", "2011-09-30": "548.40000", "2011-06-30": "553.40000", "2011-03-31": "552.50000", "2010-12-31": "383.30000", "2010-09-30": "381.50000", "2010-06-30": "365.80000", "2010-03-31": "502.90000", "2009-12-31": "392.30000", "2009-09-30": "403.10000", "2009-06-30": "363.30000", "2009-03-31": "386.10000", "2008-12-31": "399.40000", "2008-09-30": "418.80000", "2008-06-30": "436.00000", "2008-03-31": "439.20000", "2007-12-31": "427.90000", "2007-09-30": "420.10000", "2007-06-30": "389.00000", "2007-03-31": "384.00000", "2006-12-31": "205.40000", "2006-09-30": "188.50000", "2006-06-30": "183.50000", "2006-03-31": "174.80000", "2005-12-31": "169.89900", "2005-09-30": "147.86500", "2005-06-30": "139.78500", "2005-03-31": "137.60000"}, "Total Long Term Liabilities": {"2020-12-31": "3803.40000", "2020-09-30": "3653.80000", "2020-06-30": "3698.00000", "2020-03-31": "2494.80000", "2019-12-31": "2554.00000", "2019-09-30": "2578.90000", "2019-06-30": "2739.90000", "2019-03-31": "1455.50000", "2018-12-31": "1464.40000", "2018-09-30": "1452.40000", "2018-06-30": "1050.60000", "2018-03-31": "1098.70000", "2017-12-31": "1081.30000", "2017-09-30": "928.60000", "2017-06-30": "1237.00000", "2017-03-31": "1192.50000", "2016-12-31": "1205.00000", "2016-09-30": "1252.00000", "2016-06-30": "1256.00000", "2016-03-31": "1271.30000", "2015-12-31": "1323.00000", "2015-09-30": "1354.00000", "2015-06-30": "1032.00000", "2015-03-31": "1029.00000", "2014-12-31": "1011.00000", "2014-09-30": "1086.00000", "2014-06-30": "1097.00000", "2014-03-31": "1084.00000", "2013-12-31": "1042.00000", "2013-09-30": "1057.00000", "2013-06-30": "520.00000", "2013-03-31": "512.00000", "2012-12-31": "527.90000", "2012-09-30": "829.00000", "2012-06-30": "789.30000", "2012-03-31": "817.70000", "2011-12-31": "817.60000", "2011-09-30": "822.10000", "2011-06-30": "850.10000", "2011-03-31": "844.40000", "2010-12-31": "803.10000", "2010-09-30": "818.00000", "2010-06-30": "769.20000", "2010-03-31": "785.00000", "2009-12-31": "820.30000", "2009-09-30": "843.20000", "2009-06-30": "782.30000", "2009-03-31": "947.30000", "2008-12-31": "969.60000", "2008-09-30": "1015.70000", "2008-06-30": "1063.00000", "2008-03-31": "1067.20000", "2007-12-31": "1034.70000", "2007-09-30": "1035.60000", "2007-06-30": "974.60000", "2007-03-31": "782.80000", "2006-12-31": "619.70000", "2006-09-30": "208.60000", "2006-06-30": "204.00000", "2006-03-31": "195.60000", "2005-12-31": "169.89900", "2005-09-30": "415.52200", "2005-06-30": "408.93400", "2005-03-31": "428.60000"}, "Total Liabilities": {"2020-12-31": "5480.20000", "2020-09-30": "5207.50000", "2020-06-30": "5184.90000", "2020-03-31": "4586.80000", "2019-12-31": "4329.40000", "2019-09-30": "4314.90000", "2019-06-30": "4330.90000", "2019-03-31": "2655.60000", "2018-12-31": "2738.10000", "2018-09-30": "2693.50000", "2018-06-30": "2614.30000", "2018-03-31": "2685.90000", "2017-12-31": "2791.50000", "2017-09-30": "2518.70000", "2017-06-30": "2453.90000", "2017-03-31": "2352.40000", "2016-12-31": "2356.00000", "2016-09-30": "2469.00000", "2016-06-30": "2552.00000", "2016-03-31": "2469.60000", "2015-12-31": "2537.00000", "2015-09-30": "2632.00000", "2015-06-30": "2261.00000", "2015-03-31": "2215.00000", "2014-12-31": "2269.00000", "2014-09-30": "2369.00000", "2014-06-30": "2158.00000", "2014-03-31": "2054.00000", "2013-12-31": "2026.00000", "2013-09-30": "2275.00000", "2013-06-30": "1699.00000", "2013-03-31": "1633.00000", "2012-12-31": "1719.50000", "2012-09-30": "1787.10000", "2012-06-30": "1722.30000", "2012-03-31": "1763.90000", "2011-12-31": "1796.80000", "2011-09-30": "1944.50000", "2011-06-30": "1758.50000", "2011-03-31": "1676.40000", "2010-12-31": "1595.60000", "2010-09-30": "1702.50000", "2010-06-30": "1533.20000", "2010-03-31": "1532.30000", "2009-12-31": "1575.30000", "2009-09-30": "1576.40000", "2009-06-30": "1669.80000", "2009-03-31": "1621.40000", "2008-12-31": "1690.90000", "2008-09-30": "1750.80000", "2008-06-30": "1777.20000", "2008-03-31": "1975.80000", "2007-12-31": "1944.60000", "2007-09-30": "1944.70000", "2007-06-30": "1767.30000", "2007-03-31": "1423.10000", "2006-12-31": "1224.60000", "2006-09-30": "1121.20000", "2006-06-30": "1092.80000", "2006-03-31": "1039.10000", "2005-12-31": "1042.06200", "2005-09-30": "1034.38500", "2005-06-30": "1000.69100", "2005-03-31": "1051.00000"}, "Common Stock Net": {"2020-12-31": "1.30000", "2020-09-30": "1.30000", "2020-06-30": "1.30000", "2020-03-31": "1.30000", "2019-12-31": "1.30000", "2019-09-30": "1.30000", "2019-06-30": "1.30000", "2019-03-31": "1.30000", "2018-12-31": "1.30000", "2018-09-30": "1.30000", "2018-06-30": "1.30000", "2018-03-31": "1.30000", "2017-12-31": "1.30000", "2017-09-30": "1.30000", "2017-06-30": "1.30000", "2017-03-31": "1.20000", "2016-12-31": "1.00000", "2016-09-30": "1.00000", "2016-06-30": "1.00000", "2016-03-31": "1.20000", "2015-12-31": "1.00000", "2015-09-30": "1.00000", "2015-06-30": "1.00000", "2015-03-31": "1.00000", "2014-12-31": "1.00000", "2014-09-30": "1.00000", "2014-06-30": "1.00000", "2014-03-31": "1.00000", "2013-12-31": "1.00000", "2013-09-30": "1.00000", "2013-06-30": "1.00000", "2013-03-31": "1.00000", "2012-12-31": "1.20000", "2012-09-30": "1.20000", "2012-06-30": "1.20000", "2012-03-31": "1.20000", "2011-12-31": "1.20000", "2011-09-30": "1.20000", "2011-06-30": "1.20000", "2011-03-31": "1.20000", "2010-12-31": "1.20000", "2010-09-30": "1.20000", "2010-06-30": "1.20000", "2010-03-31": "1.20000", "2009-12-31": "1.10000", "2009-09-30": "1.10000", "2009-06-30": "1.10000", "2009-03-31": "1.10000", "2008-12-31": "1.10000", "2008-09-30": "1.10000", "2008-06-30": "1.10000", "2008-03-31": "1.10000", "2007-12-31": "1.10000", "2007-09-30": "1.10000", "2007-06-30": "1.10000", "2007-03-31": "1.10000", "2006-12-31": "1.10000", "2006-09-30": "1.10000", "2006-06-30": "1.10000", "2006-03-31": "1.10000", "2005-12-31": "1.09200", "2005-09-30": "1.09100", "2005-06-30": "1.09900", "2005-03-31": "1.10000"}, "Retained Earnings (Accumulated Deficit)": {"2020-12-31": "5947.00000", "2020-09-30": "5827.20000", "2020-06-30": "5866.30000", "2020-03-31": "5994.00000", "2019-12-31": "6292.80000", "2019-09-30": "6009.40000", "2019-06-30": "5878.60000", "2019-03-31": "5979.10000", "2018-12-31": "5996.30000", "2018-09-30": "5925.40000", "2018-06-30": "5805.40000", "2018-03-31": "5752.20000", "2017-12-31": "5751.50000", "2017-09-30": "5874.00000", "2017-06-30": "5770.80000", "2017-03-31": "5751.90000", "2016-12-31": "5997.00000", "2016-09-30": "5956.00000", "2016-06-30": "5952.00000", "2016-03-31": "6015.00000", "2015-12-31": "6015.00000", "2015-09-30": "5926.00000", "2015-06-30": "5808.00000", "2015-03-31": "5787.00000", "2014-12-31": "5706.00000", "2014-09-30": "5530.00000", "2014-06-30": "5369.00000", "2014-03-31": "5257.00000", "2013-12-31": "5144.00000", "2013-09-30": "4961.00000", "2013-06-30": "4791.00000", "2013-03-31": "4647.00000", "2012-12-31": "4555.90000", "2012-09-30": "4376.50000", "2012-06-30": "4199.30000", "2012-03-31": "4042.40000", "2011-12-31": "3966.50000", "2011-09-30": "3816.00000", "2011-06-30": "3600.90000", "2011-03-31": "3435.30000", "2010-12-31": "3381.00000", "2010-09-30": "3222.20000", "2010-06-30": "3026.50000", "2010-03-31": "2915.30000", "2009-12-31": "2811.10000", "2009-09-30": "2709.90000", "2009-06-30": "2537.30000", "2009-03-31": "2465.50000", "2008-12-31": "2425.90000", "2008-09-30": "2325.50000", "2008-06-30": "2169.50000", "2008-03-31": "2079.30000", "2007-12-31": "1980.80000", "2007-09-30": "1873.20000", "2007-06-30": "1763.00000", "2007-03-31": "1742.30000", "2006-12-31": "1691.20000", "2006-09-30": "1586.00000", "2006-06-30": "1454.20000", "2006-03-31": "1379.20000", "2005-12-31": "1317.45700", "2005-09-30": "1232.02100", "2005-06-30": "1133.04800", "2005-03-31": "1090.30000"}, "Comprehensive Income": {"2020-12-31": "-90.60000", "2020-09-30": "-99.50000", "2020-06-30": "-109.30000", "2020-03-31": "-118.20000", "2019-12-31": "-118.60000", "2019-09-30": "-115.40000", "2019-06-30": "-109.20000", "2019-03-31": "-103.40000", "2018-12-31": "-101.30000", "2018-09-30": "-107.80000", "2018-06-30": "-101.40000", "2018-03-31": "-98.50000", "2017-12-31": "-130.60000", "2017-09-30": "-135.40000", "2017-06-30": "-164.10000", "2017-03-31": "-198.40000", "2016-12-31": "-223.00000", "2016-09-30": "-180.00000", "2016-06-30": "-192.00000", "2016-03-31": "-181.50000", "2015-12-31": "-200.00000", "2015-09-30": "-167.00000", "2015-06-30": "-154.00000", "2015-03-31": "-165.00000", "2014-12-31": "-22.00000", "2014-09-30": "40.00000", "2014-06-30": "113.00000", "2014-03-31": "114.00000", "2013-12-31": "104.00000", "2013-09-30": "114.00000", "2013-06-30": "82.00000", "2013-03-31": "94.00000", "2012-12-31": "160.80000", "2012-09-30": "197.50000", "2012-06-30": "161.40000", "2012-03-31": "196.60000", "2011-12-31": "206.70000", "2011-09-30": "247.40000", "2011-06-30": "240.00000", "2011-03-31": "215.80000", "2010-12-31": "182.00000", "2010-09-30": "191.50000", "2010-06-30": "116.50000", "2010-03-31": "154.00000", "2009-12-31": "187.40000", "2009-09-30": "174.00000", "2009-06-30": "144.80000", "2009-03-31": "126.80000", "2008-12-31": "140.60000", "2008-09-30": "98.70000", "2008-06-30": "123.90000", "2008-03-31": "112.60000", "2007-12-31": "90.10000", "2007-09-30": "70.40000", "2007-06-30": "40.30000", "2007-03-31": "40.50000", "2006-12-31": "42.20000", "2006-09-30": "29.90000", "2006-06-30": "32.20000", "2006-03-31": "15.50000", "2005-12-31": "24.59300", "2005-09-30": "27.14600", "2005-06-30": "19.34100", "2005-03-31": "29.90000"}, "Other Share Holders Equity": {"2020-12-31": "", "2020-09-30": "", "2020-06-30": "", "2020-03-31": "", "2019-12-31": "", "2019-09-30": "", "2019-06-30": "", "2019-03-31": "", "2018-12-31": "", "2018-09-30": "", "2018-06-30": "", "2018-03-31": "", "2017-12-31": "", "2017-09-30": "", "2017-06-30": "", "2017-03-31": "", "2016-12-31": "", "2016-09-30": "", "2016-06-30": "", "2016-03-31": "", "2015-12-31": "", "2015-09-30": "", "2015-06-30": "", "2015-03-31": "", "2014-12-31": "", "2014-09-30": "", "2014-06-30": "", "2014-03-31": "", "2013-12-31": "", "2013-09-30": "", "2013-06-30": "", "2013-03-31": "", "2012-12-31": "", "2012-09-30": "", "2012-06-30": "", "2012-03-31": "", "2011-12-31": "", "2011-09-30": "", "2011-06-30": "", "2011-03-31": "", "2010-12-31": "", "2010-09-30": "", "2010-06-30": "", "2010-03-31": "", "2009-12-31": "", "2009-09-30": "", "2009-06-30": "", "2009-03-31": "", "2008-12-31": "", "2008-09-30": "", "2008-06-30": "", "2008-03-31": "", "2007-12-31": "", "2007-09-30": "", "2007-06-30": "", "2007-03-31": "", "2006-12-31": "", "2006-09-30": "", "2006-06-30": "", "2006-03-31": "", "2005-12-31": "", "2005-09-30": "", "2005-06-30": "", "2005-03-31": ""}, "Share Holder Equity": {"2020-12-31": "2692.00000", "2020-09-30": "2544.10000", "2020-06-30": "2555.50000", "2020-03-31": "2693.10000", "2019-12-31": "3116.50000", "2019-09-30": "2913.60000", "2019-06-30": "3012.80000", "2019-03-31": "3287.20000", "2018-12-31": "3353.90000", "2018-09-30": "3462.00000", "2018-06-30": "3421.00000", "2018-03-31": "3457.40000", "2017-12-31": "3407.50000", "2017-09-30": "3509.60000", "2017-06-30": "3360.10000", "2017-03-31": "3299.60000", "2016-12-31": "3610.00000", "2016-09-30": "3598.00000", "2016-06-30": "3566.00000", "2016-03-31": "3743.50000", "2015-12-31": "3804.00000", "2015-09-30": "3811.00000", "2015-06-30": "3807.00000", "2015-03-31": "3891.00000", "2014-12-31": "4075.00000", "2014-09-30": "4029.00000", "2014-06-30": "3972.00000", "2014-03-31": "4034.00000", "2013-12-31": "4034.00000", "2013-09-30": "3991.00000", "2013-06-30": "3761.00000", "2013-03-31": "3785.00000", "2012-12-31": "3769.70000", "2012-09-30": "3736.40000", "2012-06-30": "3471.80000", "2012-03-31": "3652.50000", "2011-12-31": "3529.70000", "2011-09-30": "3383.90000", "2011-06-30": "3201.70000", "2011-03-31": "3304.70000", "2010-12-31": "3413.00000", "2010-09-30": "3172.50000", "2010-06-30": "2965.80000", "2010-03-31": "3116.60000", "2009-12-31": "3076.10000", "2009-09-30": "2995.60000", "2009-06-30": "2831.00000", "2009-03-31": "2735.10000", "2008-12-31": "2694.40000", "2008-09-30": "2525.40000", "2008-06-30": "2484.40000", "2008-03-31": "2389.70000", "2007-12-31": "2400.10000", "2007-09-30": "2242.80000", "2007-06-30": "2228.10000", "2007-03-31": "2334.90000", "2006-12-31": "2306.00000", "2006-09-30": "2198.90000", "2006-06-30": "2091.80000", "2006-03-31": "2049.60000", "2005-12-31": "1975.39700", "2005-09-30": "1878.92800", "2005-06-30": "1743.12300", "2005-03-31": "1675.70000"}, "Total Liabilities And Share Holders Equity": {"2020-12-31": "8172.20000", "2020-09-30": "7751.60000", "2020-06-30": "7740.40000", "2020-03-31": "7279.90000", "2019-12-31": "7445.90000", "2019-09-30": "7228.50000", "2019-06-30": "7343.70000", "2019-03-31": "5942.80000", "2018-12-31": "6092.00000", "2018-09-30": "6155.50000", "2018-06-30": "6035.30000", "2018-03-31": "6143.30000", "2017-12-31": "6199.00000", "2017-09-30": "6028.30000", "2017-06-30": "5814.00000", "2017-03-31": "5652.00000", "2016-12-31": "5966.00000", "2016-09-30": "6067.00000", "2016-06-30": "6118.00000", "2016-03-31": "6213.10000", "2015-12-31": "6341.00000", "2015-09-30": "6443.00000", "2015-06-30": "6068.00000", "2015-03-31": "6106.00000", "2014-12-31": "6344.00000", "2014-09-30": "6398.00000", "2014-06-30": "6130.00000", "2014-03-31": "6088.00000", "2013-12-31": "6060.00000", "2013-09-30": "6266.00000", "2013-06-30": "5460.00000", "2013-03-31": "5418.00000", "2012-12-31": "5489.20000", "2012-09-30": "5523.50000", "2012-06-30": "5194.10000", "2012-03-31": "5416.40000", "2011-12-31": "5326.50000", "2011-09-30": "5328.40000", "2011-06-30": "4960.20000", "2011-03-31": "4981.10000", "2010-12-31": "5008.60000", "2010-09-30": "4875.00000", "2010-06-30": "4499.00000", "2010-03-31": "4648.90000", "2009-12-31": "4651.40000", "2009-09-30": "4572.00000", "2009-06-30": "4500.80000", "2009-03-31": "4356.50000", "2008-12-31": "4385.30000", "2008-09-30": "4276.20000", "2008-06-30": "4261.60000", "2008-03-31": "4365.50000", "2007-12-31": "4344.70000", "2007-09-30": "4187.50000", "2007-06-30": "3995.40000", "2007-03-31": "3758.00000", "2006-12-31": "3530.60000", "2006-09-30": "3320.10000", "2006-06-30": "3184.60000", "2006-03-31": "3088.70000", "2005-12-31": "3017.45900", "2005-09-30": "2913.31300", "2005-06-30": "2743.81400", "2005-03-31": "2726.70000"}}, "cash flow statement": {"Net Income/Loss": {"2020-03-31": "384.30000", "2019-03-31": "430.90000", "2018-03-31": "162.80000", "2017-03-31": "-99.30000", "2016-03-31": "396.40000", "2015-03-31": "702.20000", "2014-03-31": "776.00000", "2013-03-31": "750.00000", "2012-03-31": "681.00000", "2011-03-31": "567.60000", "2010-03-31": "479.50000", "2009-03-31": "406.00000", "2008-03-31": "421.90000", "2007-03-31": "400.90000", "2006-03-31": "308.00000", "2005-03-31": "190.40000"}, "Total Depreciation And Amortization - Cash Flow": {"2020-03-31": "269.50000", "2019-03-31": "281.30000", "2018-03-31": "295.20000", "2017-03-31": "307.50000", "2016-03-31": "309.40000", "2015-03-31": "294.40000", "2014-03-31": "258.00000", "2013-03-31": "233.00000", "2012-03-31": "225.00000", "2011-03-31": "194.10000", "2010-03-31": "181.20000", "2009-03-31": "184.40000", "2008-03-31": "201.30000", "2007-03-31": "144.70000", "2006-03-31": "127.00000", "2005-03-31": "102.10000"}, "Other Non-Cash Items": {"2020-03-31": "26.90000", "2019-03-31": "141.40000", "2018-03-31": "220.50000", "2017-03-31": "510.80000", "2016-03-31": "188.90000", "2015-03-31": "77.10000", "2014-03-31": "60.00000", "2013-03-31": "93.00000", "2012-03-31": "37.00000", "2011-03-31": "79.50000", "2010-03-31": "49.80000", "2009-03-31": "86.30000", "2008-03-31": "67.00000", "2007-03-31": "-39.00000", "2006-03-31": "98.90000", "2005-03-31": "128.20000"}, "Total Non-Cash Items": {"2020-03-31": "296.40000", "2019-03-31": "422.70000", "2018-03-31": "515.70000", "2017-03-31": "818.30000", "2016-03-31": "498.30000", "2015-03-31": "371.50000", "2014-03-31": "318.00000", "2013-03-31": "326.00000", "2012-03-31": "262.00000", "2011-03-31": "273.60000", "2010-03-31": "231.00000", "2009-03-31": "270.70000", "2008-03-31": "268.30000", "2007-03-31": "105.70000", "2006-03-31": "225.90000", "2005-03-31": "230.30000"}, "Change In Accounts Receivable": {"2020-03-31": "57.60000", "2019-03-31": "10.10000", "2018-03-31": "34.50000", "2017-03-31": "54.10000", "2016-03-31": "129.40000", "2015-03-31": "-95.60000", "2014-03-31": "-104.00000", "2013-03-31": "82.00000", "2012-03-31": "-114.00000", "2011-03-31": "-50.70000", "2010-03-31": "92.20000", "2009-03-31": "1.10000", "2008-03-31": "10.00000", "2007-03-31": "26.40000", "2006-03-31": "-19.20000", "2005-03-31": "-16.10000"}, "Change In Inventories": {"2020-03-31": "72.30000", "2019-03-31": "-83.60000", "2018-03-31": "65.40000", "2017-03-31": "120.40000", "2016-03-31": "-90.90000", "2015-03-31": "-97.50000", "2014-03-31": "-77.00000", "2013-03-31": "-68.00000", "2012-03-31": "-148.00000", "2011-03-31": "-173.50000", "2010-03-31": "29.10000", "2009-03-31": "-10.50000", "2008-03-31": "81.80000", "2007-03-31": "-32.20000", "2006-03-31": "3.80000", "2005-03-31": "-23.50000"}, "Change In Accounts Payable": {"2020-03-31": "", "2019-03-31": "", "2018-03-31": "", "2017-03-31": "", "2016-03-31": "", "2015-03-31": "", "2014-03-31": "", "2013-03-31": "", "2012-03-31": "", "2011-03-31": "", "2010-03-31": "", "2009-03-31": "", "2008-03-31": "", "2007-03-31": "", "2006-03-31": "", "2005-03-31": ""}, "Change In Assets/Liabilities": {"2020-03-31": "50.80000", "2019-03-31": "-21.30000", "2018-03-31": "-33.00000", "2017-03-31": "-19.80000", "2016-03-31": "8.00000", "2015-03-31": "-15.40000", "2014-03-31": "-108.00000", "2013-03-31": "-1.00000", "2012-03-31": "49.00000", "2011-03-31": "31.20000", "2010-03-31": "8.20000", "2009-03-31": "39.60000", "2008-03-31": "-2.70000", "2007-03-31": "256.60000", "2006-03-31": "-108.50000", "2005-03-31": "45.40000"}, "Total Change In Assets/Liabilities": {"2020-03-31": "73.90000", "2019-03-31": "-69.80000", "2018-03-31": "296.60000", "2017-03-31": "233.60000", "2016-03-31": "122.00000", "2015-03-31": "-180.40000", "2014-03-31": "-187.00000", "2013-03-31": "-57.00000", "2012-03-31": "-58.00000", "2011-03-31": "-152.50000", "2010-03-31": "196.00000", "2009-03-31": "97.50000", "2008-03-31": "78.30000", "2007-03-31": "289.50000", "2006-03-31": "-84.80000", "2005-03-31": "-38.70000"}, "Cash Flow From Operating Activities": {"2020-03-31": "754.60000", "2019-03-31": "783.80000", "2018-03-31": "975.10000", "2017-03-31": "952.60000", "2016-03-31": "1016.70000", "2015-03-31": "893.30000", "2014-03-31": "907.00000", "2013-03-31": "1019.00000", "2012-03-31": "885.00000", "2011-03-31": "688.70000", "2010-03-31": "906.50000", "2009-03-31": "774.20000", "2008-03-31": "695.40000", "2007-03-31": "796.10000", "2006-03-31": "449.10000", "2005-03-31": "382.00000"}, "Net Change In Property, Plant, And Equipment": {"2020-03-31": "-249.50000", "2019-03-31": "-177.70000", "2018-03-31": "-161.60000", "2017-03-31": "-284.00000", "2016-03-31": "-417.70000", "2015-03-31": "-391.20000", "2014-03-31": "-390.00000", "2013-03-31": "-276.00000", "2012-03-31": "-272.00000", "2011-03-31": "-255.00000", "2010-03-31": "-201.30000", "2009-03-31": "-185.00000", "2008-03-31": "-217.10000", "2007-03-31": "-184.00000", "2006-03-31": "-158.60000", "2005-03-31": "-174.10000"}, "Net Change In Intangible Assets": {"2020-03-31": "", "2019-03-31": "", "2018-03-31": "", "2017-03-31": "", "2016-03-31": "", "2015-03-31": "", "2014-03-31": "", "2013-03-31": "", "2012-03-31": "", "2011-03-31": "", "2010-03-31": "", "2009-03-31": "", "2008-03-31": "", "2007-03-31": "", "2006-03-31": "", "2005-03-31": ""}, "Net Acquisitions/Divestitures": {"2020-03-31": "0.90000", "2019-03-31": "-4.50000", "2018-03-31": "-4.60000", "2017-03-31": "-6.10000", "2016-03-31": "-16.30000", "2015-03-31": "-11.70000", "2014-03-31": "-40.00000", "2013-03-31": "-22.00000", "2012-03-31": "-12.00000", "2011-03-31": "-70.90000", "2010-03-31": "-30.80000", "2009-03-31": "-46.30000", "2008-03-31": "-188.70000", "2007-03-31": "-176.10000", "2006-03-31": "-380.60000", "2005-03-31": "-243.30000"}, "Net Change In Short-term Investments": {"2020-03-31": "950.70010", "2019-03-31": "-673.30000", "2018-03-31": "-22.90000", "2017-03-31": "82.00000", "2016-03-31": "-142.30000", "2015-03-31": "-284.90000", "2014-03-31": "-56.00000", "2013-03-31": "182.00000", "2012-03-31": "34.00000", "2011-03-31": "-2.00000", "2010-03-31": "-278.50000", "2009-03-31": "-253.60000", "2008-03-31": "-84.10000", "2007-03-31": "", "2006-03-31": "", "2005-03-31": ""}, "Net Change In Long-Term Investments": {"2020-03-31": "", "2019-03-31": "", "2018-03-31": "", "2017-03-31": "", "2016-03-31": "", "2015-03-31": "", "2014-03-31": "", "2013-03-31": "", "2012-03-31": "", "2011-03-31": "", "2010-03-31": "", "2009-03-31": "", "2008-03-31": "", "2007-03-31": "", "2006-03-31": "", "2005-03-31": ""}, "Net Change In Investments - Total": {"2020-03-31": "950.70010", "2019-03-31": "-673.30000", "2018-03-31": "-22.90000", "2017-03-31": "82.00000", "2016-03-31": "-142.30000", "2015-03-31": "-284.90000", "2014-03-31": "-56.00000", "2013-03-31": "182.00000", "2012-03-31": "34.00000", "2011-03-31": "-2.00000", "2010-03-31": "-278.50000", "2009-03-31": "-253.60000", "2008-03-31": "-84.10000", "2007-03-31": "", "2006-03-31": "", "2005-03-31": ""}, "Investing Activities - Other": {"2020-03-31": "", "2019-03-31": "-23.80000", "2018-03-31": "", "2017-03-31": "", "2016-03-31": "", "2015-03-31": "-0.90000", "2014-03-31": "-2.00000", "2013-03-31": "3.00000", "2012-03-31": "1.00000", "2011-03-31": "28.50000", "2010-03-31": "6.20000", "2009-03-31": "26.90000", "2008-03-31": "-15.10000", "2007-03-31": "-74.50000", "2006-03-31": "", "2005-03-31": ""}, "Cash Flow From Investing Activities": {"2020-03-31": "702.10000", "2019-03-31": "-879.30000", "2018-03-31": "-189.10000", "2017-03-31": "-208.10000", "2016-03-31": "-576.30000", "2015-03-31": "-688.70000", "2014-03-31": "-488.00000", "2013-03-31": "-113.00000", "2012-03-31": "-249.00000", "2011-03-31": "-299.40000", "2010-03-31": "-504.40000", "2009-03-31": "-458.00000", "2008-03-31": "-505.00000", "2007-03-31": "-434.60000", "2006-03-31": "-539.20000", "2005-03-31": "-417.40000"}, "Net Long-Term Debt": {"2020-03-31": "-13.60000", "2019-03-31": "78.50000", "2018-03-31": "-28.20000", "2017-03-31": "-27.30000", "2016-03-31": "275.10000", "2015-03-31": "-23.90000", "2014-03-31": "22.00000", "2013-03-31": "-9.00000", "2012-03-31": "-8.00000", "2011-03-31": "-7.90000", "2010-03-31": "-127.70000", "2009-03-31": "-203.50000", "2008-03-31": "161.20000", "2007-03-31": "83.40000", "2006-03-31": "-2.20000", "2005-03-31": ""}, "Net Current Debt": {"2020-03-31": "475.00000", "2019-03-31": "-9.90000", "2018-03-31": "10.10000", "2017-03-31": "-116.10010", "2016-03-31": "-118.70020", "2015-03-31": "233.89990", "2014-03-31": "", "2013-03-31": "", "2012-03-31": "", "2011-03-31": "", "2010-03-31": "", "2009-03-31": "", "2008-03-31": "", "2007-03-31": "", "2006-03-31": "", "2005-03-31": ""}, "Debt Issuance/Retirement Net - Total": {"2020-03-31": "461.40000", "2019-03-31": "68.60000", "2018-03-31": "-18.10000", "2017-03-31": "-143.40010", "2016-03-31": "156.39980", "2015-03-31": "209.99990", "2014-03-31": "22.00000", "2013-03-31": "-9.00000", "2012-03-31": "-8.00000", "2011-03-31": "-7.90000", "2010-03-31": "-127.70000", "2009-03-31": "-203.50000", "2008-03-31": "161.20000", "2007-03-31": "83.40000", "2006-03-31": "-2.20000", "2005-03-31": ""}, "Net Common Equity Issued/Repurchased": {"2020-03-31": "-694.80000", "2019-03-31": "-480.80000", "2018-03-31": "-17.00000", "2017-03-31": "-210.20000", "2016-03-31": "-467.20000", "2015-03-31": "-479.10000", "2014-03-31": "-506.00000", "2013-03-31": "-498.00000", "2012-03-31": "-358.00000", "2011-03-31": "-506.30000", "2010-03-31": "-180.50000", "2009-03-31": "-140.80000", "2008-03-31": "-435.30000", "2007-03-31": "-179.90000", "2006-03-31": "51.40000", "2005-03-31": "53.20000"}, "Net Total Equity Issued/Repurchased": {"2020-03-31": "-694.80000", "2019-03-31": "-480.80000", "2018-03-31": "-17.00000", "2017-03-31": "-210.20000", "2016-03-31": "-467.20000", "2015-03-31": "-479.10000", "2014-03-31": "-506.00000", "2013-03-31": "-498.00000", "2012-03-31": "-358.00000", "2011-03-31": "-506.30000", "2010-03-31": "-180.50000", "2009-03-31": "-140.80000", "2008-03-31": "-435.30000", "2007-03-31": "-179.90000", "2006-03-31": "51.40000", "2005-03-31": "53.20000"}, "Total Common And Preferred Stock Dividends Paid": {"2020-03-31": "-203.90000", "2019-03-31": "-190.70000", "2018-03-31": "-162.40000", "2017-03-31": "-164.80000", "2016-03-31": "-170.30000", "2015-03-31": "-158.20000", "2014-03-31": "-149.00000", "2013-03-31": "-128.00000", "2012-03-31": "-74.00000", "2011-03-31": "-38.50000", "2010-03-31": "-24.70000", "2009-03-31": "-19.90000", "2008-03-31": "-20.50000", "2007-03-31": "-20.90000", "2006-03-31": "-20.80000", "2005-03-31": "-21.70000"}, "Financial Activities - Other": {"2020-03-31": "-0.90000", "2019-03-31": "-2.80000", "2018-03-31": "", "2017-03-31": "", "2016-03-31": "-1.90000", "2015-03-31": "6.70000", "2014-03-31": "34.00000", "2013-03-31": "40.00000", "2012-03-31": "32.00000", "2011-03-31": "40.10000", "2010-03-31": "26.50000", "2009-03-31": "12.10000", "2008-03-31": "34.10000", "2007-03-31": "22.20000", "2006-03-31": "5.10000", "2005-03-31": ""}, "Cash Flow From Financial Activities": {"2020-03-31": "-438.20000", "2019-03-31": "-605.70000", "2018-03-31": "-197.50000", "2017-03-31": "-518.40000", "2016-03-31": "-483.00000", "2015-03-31": "-420.60000", "2014-03-31": "-599.00000", "2013-03-31": "-595.00000", "2012-03-31": "-408.00000", "2011-03-31": "-512.60000", "2010-03-31": "-306.40000", "2009-03-31": "-352.10000", "2008-03-31": "-260.50000", "2007-03-31": "-95.20000", "2006-03-31": "33.50000", "2005-03-31": "31.50000"}, "Net Cash Flow": {"2020-03-31": "1003.30000", "2019-03-31": "-729.00000", "2018-03-31": "643.70000", "2017-03-31": "209.70000", "2016-03-31": "-35.40000", "2015-03-31": "-297.70000", "2014-03-31": "-177.00000", "2013-03-31": "302.00000", "2012-03-31": "219.00000", "2011-03-31": "-110.10000", "2010-03-31": "81.90000", "2009-03-31": "-70.30000", "2008-03-31": "-12.40000", "2007-03-31": "278.20000", "2006-03-31": "-64.80000", "2005-03-31": "-1.80000"}, "Stock-Based Compensation": {"2020-03-31": "100.60000", "2019-03-31": "88.60000", "2018-03-31": "74.50000", "2017-03-31": "63.60000", "2016-03-31": "97.00000", "2015-03-31": "80.50000", "2014-03-31": "93.00000", "2013-03-31": "88.00000", "2012-03-31": "78.00000", "2011-03-31": "70.40000", "2010-03-31": "59.70000", "2009-03-31": "49.70000", "2008-03-31": "70.70000", "2007-03-31": "43.60000", "2006-03-31": "26.60000", "2005-03-31": "12.90000"}, "Common Stock Dividends Paid": {"2020-03-31": "-203.90000", "2019-03-31": "-190.70000", "2018-03-31": "-162.40000", "2017-03-31": "-164.80000", "2016-03-31": "-170.30000", "2015-03-31": "-158.20000", "2014-03-31": "-149.00000", "2013-03-31": "-128.00000", "2012-03-31": "-74.00000", "2011-03-31": "-38.50000", "2010-03-31": "-24.70000", "2009-03-31": "-19.90000", "2008-03-31": "-20.50000", "2007-03-31": "-20.90000", "2006-03-31": "-20.80000", "2005-03-31": "-21.70000"}}, "cash flow statement, quarterly": {"Net Income/Loss": {"2020-12-31": 119.8, "2020-09-30": -39.1, "2020-06-30": "-127.70000", "2020-03-31": -249, "2019-12-31": 334.1, "2019-09-30": 182.1, "2019-06-30": "117.10000", "2019-03-31": 31.6, "2018-12-31": 120, "2018-09-30": 170.3, "2018-06-30": "109.00000", "2018-03-31": 41.3, "2017-12-31": -81.8, "2017-09-30": 143.8, "2017-06-30": "59.50000", "2017-03-31": -204, "2016-12-31": 81.3, "2016-09-30": 45.7, "2016-06-30": "-22.30000", "2016-03-31": 41.4, "2015-12-31": 131, "2015-09-30": 160, "2015-06-30": "64.00000", "2015-03-31": 124.2, "2014-12-31": 215, "2014-09-30": 201, "2014-06-30": "162.00000", "2014-03-31": 153, "2013-12-31": 237, "2013-09-30": 205, "2013-06-30": "181.00000", "2013-03-31": 127, "2012-12-31": 216, "2012-09-30": 214, "2012-06-30": "193.00000", "2012-03-31": 94.4, "2011-12-31": 169, "2011-09-30": 233.5, "2011-06-30": "184.10000", "2011-03-31": 73.2, "2010-12-31": 168.4, "2010-09-30": 205.2, "2010-06-30": "120.80000", "2010-03-31": 114.1, "2009-12-31": 111.1, "2009-09-30": 177.5, "2009-06-30": "76.80000", "2009-03-31": 44.5, "2008-12-31": 105.3, "2008-09-30": 161, "2008-06-30": "95.20000", "2008-03-31": 105.6, "2007-12-31": 112.7, "2007-09-30": 115.3, "2007-06-30": "88.30000", "2007-03-31": 73.2, "2006-12-31": 110.5, "2006-09-30": 137, "2006-06-30": "80.20000", "2006-03-31": 62.4, "2005-12-31": 90.7, "2005-09-30": 104.2, "2005-06-30": "50.70000", "2005-03-31": 190.4}, "Total Depreciation And Amortization - Cash Flow": {"2020-12-31": 60.3, "2020-09-30": 61.5, "2020-06-30": "63.70000", "2020-03-31": 68.5, "2019-12-31": 68.2, "2019-09-30": 66.6, "2019-06-30": "66.20000", "2019-03-31": 69.3, "2018-12-31": 72, "2018-09-30": 69.7, "2018-06-30": "70.30000", "2018-03-31": 75.8, "2017-12-31": 72.7, "2017-09-30": 73.8, "2017-06-30": "72.90000", "2017-03-31": 75.6, "2016-12-31": 77.9, "2016-09-30": 75.6, "2016-06-30": "78.40000", "2016-03-31": 82.4, "2015-12-31": 76, "2015-09-30": 77, "2015-06-30": "74.00000", "2015-03-31": 75.4, "2014-12-31": 78, "2014-09-30": 72, "2014-06-30": "69.00000", "2014-03-31": 65, "2013-12-31": 67, "2013-09-30": 66, "2013-06-30": "60.00000", "2013-03-31": 59, "2012-12-31": 61, "2012-09-30": 57, "2012-06-30": "56.00000", "2012-03-31": 56.8, "2011-12-31": 56.8, "2011-09-30": 56, "2011-06-30": "55.40000", "2011-03-31": 51.3, "2010-12-31": 50.4, "2010-09-30": 46.4, "2010-06-30": "46.00000", "2010-03-31": 47.7, "2009-12-31": 44.1, "2009-09-30": 45.1, "2009-06-30": "44.30000", "2009-03-31": 46.4, "2008-12-31": 44.9, "2008-09-30": 47, "2008-06-30": "46.10000", "2008-03-31": 53.7, "2007-12-31": 53, "2007-09-30": 51.5, "2007-06-30": "43.10000", "2007-03-31": 40.5, "2006-12-31": 32.8, "2006-09-30": 33.6, "2006-06-30": "37.80000", "2006-03-31": 32.5, "2005-12-31": 36.2, "2005-09-30": 29.6, "2005-06-30": "28.70000", "2005-03-31": 102.1}, "Other Non-Cash Items": {"2020-12-31": 12, "2020-09-30": 19.5, "2020-06-30": "-66.20000", "2020-03-31": 86.4, "2019-12-31": -105.3, "2019-09-30": 31.6, "2019-06-30": "14.20000", "2019-03-31": 26.8, "2018-12-31": 43.3, "2018-09-30": 35.4, "2018-06-30": "35.90000", "2018-03-31": 135.8, "2017-12-31": 44, "2017-09-30": 21.4, "2017-06-30": "19.30000", "2017-03-31": 225.2, "2016-12-31": 67.3, "2016-09-30": 112.6, "2016-06-30": "105.70000", "2016-03-31": 71.9, "2015-12-31": 80, "2015-09-30": 14, "2015-06-30": "23.00000", "2015-03-31": 44.1, "2014-12-31": -5, "2014-09-30": 13, "2014-06-30": "25.00000", "2014-03-31": 64, "2013-12-31": 0, "2013-09-30": 12, "2013-06-30": "-16.00000", "2013-03-31": 67, "2012-12-31": 2, "2012-09-30": 24, "2012-06-30": "", "2012-03-31": 17.7, "2011-12-31": 16.6, "2011-09-30": -4.6, "2011-06-30": "7.30000", "2011-03-31": 98.7, "2010-12-31": -19.2, "2010-09-30": 9.3, "2010-06-30": "-9.30000", "2010-03-31": 12.9, "2009-12-31": 21.5, "2009-09-30": 7.2, "2009-06-30": "8.20000", "2009-03-31": 40.8, "2008-12-31": 10, "2008-09-30": 29.5, "2008-06-30": "6.00000", "2008-03-31": 30.8, "2007-12-31": 1.4, "2007-09-30": 27.9, "2007-06-30": "6.90000", "2007-03-31": -78.4, "2006-12-31": 14.5, "2006-09-30": 11.6, "2006-06-30": "13.30000", "2006-03-31": 75.7, "2005-12-31": 5.5, "2005-09-30": 21.1, "2005-06-30": "-3.40000", "2005-03-31": 128.2}, "Total Non-Cash Items": {"2020-12-31": 72.3, "2020-09-30": 81, "2020-06-30": "-2.50000", "2020-03-31": 154.9, "2019-12-31": -37.1, "2019-09-30": 98.2, "2019-06-30": "80.40000", "2019-03-31": 96.1, "2018-12-31": 115.3, "2018-09-30": 105.1, "2018-06-30": "106.20000", "2018-03-31": 211.6, "2017-12-31": 116.7, "2017-09-30": 95.2, "2017-06-30": "92.20000", "2017-03-31": 300.8, "2016-12-31": 145.2, "2016-09-30": 188.2, "2016-06-30": "184.10000", "2016-03-31": 154.3, "2015-12-31": 156, "2015-09-30": 91, "2015-06-30": "97.00000", "2015-03-31": 119.5, "2014-12-31": 73, "2014-09-30": 85, "2014-06-30": "94.00000", "2014-03-31": 129, "2013-12-31": 67, "2013-09-30": 78, "2013-06-30": "44.00000", "2013-03-31": 126, "2012-12-31": 63, "2012-09-30": 81, "2012-06-30": "56.00000", "2012-03-31": 74.5, "2011-12-31": 73.4, "2011-09-30": 51.4, "2011-06-30": "62.70000", "2011-03-31": 150, "2010-12-31": 31.2, "2010-09-30": 55.7, "2010-06-30": "36.70000", "2010-03-31": 60.6, "2009-12-31": 65.6, "2009-09-30": 52.3, "2009-06-30": "52.50000", "2009-03-31": 87.2, "2008-12-31": 54.9, "2008-09-30": 76.5, "2008-06-30": "52.10000", "2008-03-31": 84.5, "2007-12-31": 54.4, "2007-09-30": 79.4, "2007-06-30": "50.00000", "2007-03-31": -37.9, "2006-12-31": 47.3, "2006-09-30": 45.2, "2006-06-30": "51.10000", "2006-03-31": 108.2, "2005-12-31": 41.7, "2005-09-30": 50.7, "2005-06-30": "25.30000", "2005-03-31": 230.3}, "Change In Accounts Receivable": {"2020-12-31": -17.6, "2020-09-30": -236, "2020-06-30": "186.30000", "2020-03-31": 10.7, "2019-12-31": 137.9, "2019-09-30": -199.6, "2019-06-30": "108.60000", "2019-03-31": -95.8, "2018-12-31": 124.6, "2018-09-30": -172.5, "2018-06-30": "153.80000", "2018-03-31": -124.4, "2017-12-31": 176.3, "2017-09-30": -191.4, "2017-06-30": "174.00000", "2017-03-31": -160.8, "2016-12-31": 193, "2016-09-30": -152.5, "2016-06-30": "174.40000", "2016-03-31": -46.6, "2015-12-31": 117, "2015-09-30": -206, "2015-06-30": "265.00000", "2015-03-31": -250.6, "2014-12-31": 218, "2014-09-30": -293, "2014-06-30": "230.00000", "2014-03-31": -163, "2013-12-31": 152, "2013-09-30": -224, "2013-06-30": "131.00000", "2013-03-31": -84, "2012-12-31": 222, "2012-09-30": -205, "2012-06-30": "149.00000", "2012-03-31": -105.4, "2011-12-31": 187.2, "2011-09-30": -253.8, "2011-06-30": "58.00000", "2011-03-31": -97.7, "2010-12-31": 185.1, "2010-09-30": -242.5, "2010-06-30": "104.40000", "2010-03-31": -126.7, "2009-12-31": 219.5, "2009-09-30": -225.4, "2009-06-30": "224.80000", "2009-03-31": -173.8, "2008-12-31": 209.8, "2008-09-30": -232.1, "2008-06-30": "197.20000", "2008-03-31": -138.6, "2007-12-31": 194.8, "2007-09-30": -217.1, "2007-06-30": "170.90000", "2007-03-31": -97.6, "2006-12-31": 159.6, "2006-09-30": -177.2, "2006-06-30": "141.60000", "2006-03-31": -127, "2005-12-31": 102.6, "2005-09-30": -169.8, "2005-06-30": "175.00000", "2005-03-31": -16.1}, "Change In Inventories": {"2020-12-31": 37.3, "2020-09-30": -100.3, "2020-06-30": "-29.00000", "2020-03-31": 161.3, "2019-12-31": 113.3, "2019-09-30": -36.6, "2019-06-30": "-165.70000", "2019-03-31": 95.7, "2018-12-31": 72.5, "2018-09-30": -104.7, "2018-06-30": "-147.10000", "2018-03-31": 77, "2017-12-31": 41.8, "2017-09-30": 2, "2017-06-30": "-55.40000", "2017-03-31": 156.9, "2016-12-31": 136.1, "2016-09-30": -4.8, "2016-06-30": "-167.80000", "2016-03-31": 160.1, "2015-12-31": 91, "2015-09-30": -113, "2015-06-30": "-229.00000", "2015-03-31": 142.5, "2014-12-31": 55, "2014-09-30": -137, "2014-06-30": "-158.00000", "2014-03-31": 99, "2013-12-31": 95, "2013-09-30": -142, "2013-06-30": "-129.00000", "2013-03-31": 70, "2012-12-31": 78, "2012-09-30": -85, "2012-06-30": "-131.00000", "2012-03-31": 55.1, "2011-12-31": 81.3, "2011-09-30": -101.4, "2011-06-30": "-183.00000", "2011-03-31": 5.9, "2010-12-31": 39.8, "2010-09-30": -86.7, "2010-06-30": "-132.50000", "2010-03-31": 34.2, "2009-12-31": 66.1, "2009-09-30": 10.8, "2009-06-30": "-82.00000", "2009-03-31": 51, "2008-12-31": 41.4, "2008-09-30": -49.3, "2008-06-30": "-53.60000", "2008-03-31": 66.6, "2007-12-31": 60.6, "2007-09-30": -20.3, "2007-06-30": "-25.10000", "2007-03-31": -43.5, "2006-12-31": 107.7, "2006-09-30": -61.6, "2006-06-30": "-34.80000", "2006-03-31": -0.7, "2005-12-31": 69, "2005-09-30": -17.3, "2005-06-30": "-47.20000", "2005-03-31": -23.5}, "Change In Accounts Payable": {"2020-12-31": 0, "2020-09-30": 0, "2020-06-30": "", "2020-03-31": 0, "2019-12-31": 0, "2019-09-30": 0, "2019-06-30": "", "2019-03-31": 0, "2018-12-31": 0, "2018-09-30": 0, "2018-06-30": "", "2018-03-31": 0, "2017-12-31": 0, "2017-09-30": 0, "2017-06-30": "", "2017-03-31": 0, "2016-12-31": 0, "2016-09-30": 0, "2016-06-30": "", "2016-03-31": 0, "2015-12-31": -207, "2015-09-30": 207, "2015-06-30": "", "2015-03-31": 0, "2014-12-31": -104, "2014-09-30": 104, "2014-06-30": "", "2014-03-31": 0, "2013-12-31": 0, "2013-09-30": 0, "2013-06-30": "", "2013-03-31": 0, "2012-12-31": 0, "2012-09-30": 0, "2012-06-30": "", "2012-03-31": -0.5, "2011-12-31": 0.5, "2011-09-30": 0, "2011-06-30": "", "2011-03-31": 0, "2010-12-31": 0, "2010-09-30": 0, "2010-06-30": "", "2010-03-31": 0, "2009-12-31": 0, "2009-09-30": 0, "2009-06-30": "", "2009-03-31": 0, "2008-12-31": 0, "2008-09-30": 0, "2008-06-30": "", "2008-03-31": 0, "2007-12-31": 0, "2007-09-30": 0, "2007-06-30": "", "2007-03-31": -48.1, "2006-12-31": -6.5, "2006-09-30": 17.2, "2006-06-30": "37.40000", "2006-03-31": 7.4, "2005-12-31": -7.4, "2005-09-30": 0, "2005-06-30": "", "2005-03-31": 0}, "Change In Assets/Liabilities": {"2020-12-31": -16.8, "2020-09-30": 33.6, "2020-06-30": "-13.40000", "2020-03-31": 107.9, "2019-12-31": -12.3, "2019-09-30": -5.6, "2019-06-30": "-39.20000", "2019-03-31": 55.7, "2018-12-31": -37, "2018-09-30": -29.4, "2018-06-30": "-10.60000", "2018-03-31": -26.5, "2017-12-31": 0, "2017-09-30": -19.3, "2017-06-30": "12.80000", "2017-03-31": 25.9, "2016-12-31": 4.5, "2016-09-30": -3.8, "2016-06-30": "-46.40000", "2016-03-31": -2, "2015-12-31": -50, "2015-09-30": 30, "2015-06-30": "30.00000", "2015-03-31": 41.6, "2014-12-31": -43, "2014-09-30": 5, "2014-06-30": "-19.00000", "2014-03-31": -28, "2013-12-31": -107, "2013-09-30": 5, "2013-06-30": "22.00000", "2013-03-31": -12, "2012-12-31": 3, "2012-09-30": 21, "2012-06-30": "-13.00000", "2012-03-31": 35.7, "2011-12-31": -1.1, "2011-09-30": 38, "2011-06-30": "-23.60000", "2011-03-31": -11.4, "2010-12-31": 16.9, "2010-09-30": 23.7, "2010-06-30": "2.00000", "2010-03-31": -5.8, "2009-12-31": -7, "2009-09-30": 18.2, "2009-06-30": "2.80000", "2009-03-31": 37.8, "2008-12-31": -36.3, "2008-09-30": 8.1, "2008-06-30": "30.00000", "2008-03-31": -36.6, "2007-12-31": -6.9, "2007-09-30": 68, "2007-06-30": "-27.20000", "2007-03-31": 257.2, "2006-12-31": -21.1, "2006-09-30": 64.2, "2006-06-30": "-43.70000", "2006-03-31": -133.9, "2005-12-31": 8, "2005-09-30": 10, "2005-06-30": "7.40000", "2005-03-31": 45.4}, "Total Change In Assets/Liabilities": {"2020-12-31": 155.2, "2020-09-30": 15.7, "2020-06-30": "59.90000", "2020-03-31": 100.7, "2019-12-31": 246.9, "2019-09-30": -273.6, "2019-06-30": "-0.10000", "2019-03-31": -27, "2018-12-31": 234.8, "2018-09-30": -293, "2018-06-30": "15.40000", "2018-03-31": -228.9, "2017-12-31": 479.2, "2017-09-30": -136.2, "2017-06-30": "182.50000", "2017-03-31": 5.1, "2016-12-31": 391.6, "2016-09-30": -244.2, "2016-06-30": "81.10000", "2016-03-31": -31, "2015-12-31": 199, "2015-09-30": -217, "2015-06-30": "171.00000", "2015-03-31": -240.4, "2014-12-31": 327, "2014-09-30": -426, "2014-06-30": "159.00000", "2014-03-31": -87, "2013-12-31": 188, "2013-09-30": -358, "2013-06-30": "70.00000", "2013-03-31": -131, "2012-12-31": 311, "2012-09-30": -257, "2012-06-30": "20.00000", "2012-03-31": -68.1, "2011-12-31": 258.3, "2011-09-30": -213.8, "2011-06-30": "-34.40000", "2011-03-31": -128.8, "2010-12-31": 170.7, "2010-09-30": -208.3, "2010-06-30": "13.90000", "2010-03-31": -72.5, "2009-12-31": 307.1, "2009-09-30": -201.6, "2009-06-30": "163.00000", "2009-03-31": -108.3, "2008-12-31": 202.6, "2008-09-30": -246.2, "2008-06-30": "249.40000", "2008-03-31": -121.4, "2007-12-31": 278.5, "2007-09-30": -221.3, "2007-06-30": "142.50000", "2007-03-31": 106.7, "2006-12-31": 239.7, "2006-09-30": -157.4, "2006-06-30": "100.50000", "2006-03-31": -215.1, "2005-12-31": 163.1, "2005-09-30": -147.5, "2005-06-30": "114.70000", "2005-03-31": -38.7}, "Cash Flow From Operating Activities": {"2020-12-31": 347.3, "2020-09-30": 57.6, "2020-06-30": "-70.30000", "2020-03-31": 6.6, "2019-12-31": 543.9, "2019-09-30": 6.7, "2019-06-30": "197.40000", "2019-03-31": 100.7, "2018-12-31": 470.1, "2018-09-30": -17.6, "2018-06-30": "230.60000", "2018-03-31": 24, "2017-12-31": 514.1, "2017-09-30": 102.8, "2017-06-30": "334.20000", "2017-03-31": 101.9, "2016-12-31": 618.1, "2016-09-30": -10.3, "2016-06-30": "242.90000", "2016-03-31": 164.7, "2015-12-31": 486, "2015-09-30": 34, "2015-06-30": "332.00000", "2015-03-31": 3.3, "2014-12-31": 615, "2014-09-30": -140, "2014-06-30": "415.00000", "2014-03-31": 147, "2013-12-31": 540, "2013-09-30": -75, "2013-06-30": "295.00000", "2013-03-31": 122, "2012-12-31": 590, "2012-09-30": 38, "2012-06-30": "269.00000", "2012-03-31": 100.8, "2011-12-31": 500.7, "2011-09-30": 71.1, "2011-06-30": "212.40000", "2011-03-31": 94.4, "2010-12-31": 370.3, "2010-09-30": 52.6, "2010-06-30": "171.40000", "2010-03-31": 102.2, "2009-12-31": 483.8, "2009-09-30": 28.2, "2009-06-30": "292.30000", "2009-03-31": 23.4, "2008-12-31": 362.8, "2008-09-30": -8.7, "2008-06-30": "396.70000", "2008-03-31": -4.4, "2007-12-31": 445.6, "2007-09-30": -26.6, "2007-06-30": "280.80000", "2007-03-31": 142, "2006-12-31": 397.5, "2006-09-30": 24.8, "2006-06-30": "231.80000", "2006-03-31": -44.5, "2005-12-31": 295.5, "2005-09-30": 7.4, "2005-06-30": "190.70000", "2005-03-31": 382}, "Net Change In Property, Plant, And Equipment": {"2020-12-31": -26.9, "2020-09-30": -32.6, "2020-06-30": "-21.30000", "2020-03-31": -54.3, "2019-12-31": -85.4, "2019-09-30": -81.2, "2019-06-30": "-28.60000", "2019-03-31": -48.5, "2018-12-31": -36.1, "2018-09-30": -50.8, "2018-06-30": "-42.30000", "2018-03-31": -38.6, "2017-12-31": -48.3, "2017-09-30": -32.8, "2017-06-30": "-41.90000", "2017-03-31": -58.5, "2016-12-31": -60.1, "2016-09-30": -87.8, "2016-06-30": "-77.60000", "2016-03-31": -92.7, "2015-12-31": -123, "2015-09-30": -134, "2015-06-30": "-68.00000", "2015-03-31": -91.2, "2014-12-31": -124, "2014-09-30": -91, "2014-06-30": "-85.00000", "2014-03-31": -95, "2013-12-31": -81, "2013-09-30": -148, "2013-06-30": "-66.00000", "2013-03-31": -81, "2012-12-31": -78, "2012-09-30": -55, "2012-06-30": "-62.00000", "2012-03-31": -111.9, "2011-12-31": -67.7, "2011-09-30": -53.1, "2011-06-30": "-39.30000", "2011-03-31": -83.5, "2010-12-31": -77.7, "2010-09-30": -55.3, "2010-06-30": "-38.50000", "2010-03-31": -97, "2009-12-31": -51.3, "2009-09-30": -35.2, "2009-06-30": "-17.80000", "2009-03-31": -55.1, "2008-12-31": -44.6, "2008-09-30": -29.2, "2008-06-30": "-56.10000", "2008-03-31": -65.4, "2007-12-31": -58.6, "2007-09-30": -48.4, "2007-06-30": "-44.70000", "2007-03-31": -80, "2006-12-31": -40.4, "2006-09-30": -29.1, "2006-06-30": "-34.50000", "2006-03-31": -61, "2005-12-31": -23.1, "2005-09-30": -41.9, "2005-06-30": "-32.60000", "2005-03-31": -174.1}, "Net Change In Intangible Assets": {"2020-12-31": 0, "2020-09-30": 0, "2020-06-30": "", "2020-03-31": 0, "2019-12-31": 0, "2019-09-30": 0, "2019-06-30": "", "2019-03-31": 0, "2018-12-31": 0, "2018-09-30": 0, "2018-06-30": "", "2018-03-31": 0, "2017-12-31": 0, "2017-09-30": 0, "2017-06-30": "", "2017-03-31": 0, "2016-12-31": 0, "2016-09-30": 0, "2016-06-30": "", "2016-03-31": 0, "2015-12-31": 0, "2015-09-30": 0, "2015-06-30": "", "2015-03-31": 0, "2014-12-31": 0, "2014-09-30": 0, "2014-06-30": "", "2014-03-31": 0, "2013-12-31": 0, "2013-09-30": 0, "2013-06-30": "", "2013-03-31": 0, "2012-12-31": 0, "2012-09-30": 0, "2012-06-30": "", "2012-03-31": 0, "2011-12-31": 0, "2011-09-30": 0, "2011-06-30": "", "2011-03-31": 0, "2010-12-31": 0, "2010-09-30": 0, "2010-06-30": "", "2010-03-31": 0, "2009-12-31": 0, "2009-09-30": 0, "2009-06-30": "", "2009-03-31": 0, "2008-12-31": 0, "2008-09-30": 0, "2008-06-30": "", "2008-03-31": 0, "2007-12-31": 0, "2007-09-30": 0, "2007-06-30": "", "2007-03-31": 0, "2006-12-31": 0, "2006-09-30": 0, "2006-06-30": "", "2006-03-31": 0, "2005-12-31": 0, "2005-09-30": 0, "2005-06-30": "", "2005-03-31": 0}, "Net Acquisitions/Divestitures": {"2020-12-31": -1.5, "2020-09-30": -0.5, "2020-06-30": "", "2020-03-31": 0, "2019-12-31": 0, "2019-09-30": 0, "2019-06-30": "0.90000", "2019-03-31": 0, "2018-12-31": 0, "2018-09-30": 0, "2018-06-30": "-4.50000", "2018-03-31": 0, "2017-12-31": -1, "2017-09-30": 0, "2017-06-30": "-3.60000", "2017-03-31": -3.6, "2016-12-31": 0, "2016-09-30": -1.2, "2016-06-30": "-1.30000", "2016-03-31": -2.3, "2015-12-31": -2, "2015-09-30": -9, "2015-06-30": "-3.00000", "2015-03-31": -3.7, "2014-12-31": -5, "2014-09-30": 1, "2014-06-30": "-4.00000", "2014-03-31": -1, "2013-12-31": -3, "2013-09-30": -4, "2013-06-30": "-32.00000", "2013-03-31": -4, "2012-12-31": -8, "2012-09-30": -3, "2012-06-30": "-7.00000", "2012-03-31": -1.9, "2011-12-31": -2.2, "2011-09-30": 0, "2011-06-30": "-7.90000", "2011-03-31": -3.1, "2010-12-31": -46.4, "2010-09-30": -19, "2010-06-30": "-2.40000", "2010-03-31": -27.1, "2009-12-31": -2, "2009-09-30": 0, "2009-06-30": "-1.70000", "2009-03-31": 0, "2008-12-31": -2.8, "2008-09-30": -32.9, "2008-06-30": "-10.60000", "2008-03-31": -5.7, "2007-12-31": -1.3, "2007-09-30": -2.2, "2007-06-30": "-179.50000", "2007-03-31": -174.8, "2006-12-31": 0, "2006-09-30": -3.4, "2006-06-30": "2.10000", "2006-03-31": -266.6, "2005-12-31": 0, "2005-09-30": -114, "2005-06-30": "", "2005-03-31": -243.3}, "Net Change In Short-term Investments": {"2020-12-31": 271.2, "2020-09-30": -173.8, "2020-06-30": "238.30000", "2020-03-31": 330.5001, "2019-12-31": 215.7, "2019-09-30": 269.6, "2019-06-30": "134.90000", "2019-03-31": -20.7, "2018-12-31": -41.2, "2018-09-30": 168.9, "2018-06-30": "-780.30000", "2018-03-31": 167.3, "2017-12-31": -355.2, "2017-09-30": 248, "2017-06-30": "-83.00000", "2017-03-31": -162.3, "2016-12-31": 90.1, "2016-09-30": 116.5, "2016-06-30": "37.70000", "2016-03-31": -96.3, "2015-12-31": 46, "2015-09-30": -88, "2015-06-30": "-4.00000", "2015-03-31": -68.9, "2014-12-31": 45, "2014-09-30": -86, "2014-06-30": "-175.00000", "2014-03-31": 48, "2013-12-31": 48, "2013-09-30": -145, "2013-06-30": "-7.00000", "2013-03-31": -17, "2012-12-31": 161, "2012-09-30": 98, "2012-06-30": "-60.00000", "2012-03-31": -144.4, "2011-12-31": 91, "2011-09-30": -51.4, "2011-06-30": "138.80000", "2011-03-31": 15.4, "2010-12-31": -117.4, "2010-09-30": 191.2, "2010-06-30": "-91.20000", "2010-03-31": -321.3, "2009-12-31": 181.9, "2009-09-30": -12.1, "2009-06-30": "-127.00000", "2009-03-31": -27.5, "2008-12-31": -210.1, "2008-09-30": 57, "2008-06-30": "-73.00000", "2008-03-31": -64.1, "2007-12-31": -20, "2007-09-30": 0, "2007-06-30": "", "2007-03-31": 0, "2006-12-31": 0, "2006-09-30": 0, "2006-06-30": "", "2006-03-31": 0, "2005-12-31": 0, "2005-09-30": 0, "2005-06-30": "", "2005-03-31": 0}, "Net Change In Long-Term Investments": {"2020-12-31": 0, "2020-09-30": 0, "2020-06-30": "", "2020-03-31": 0, "2019-12-31": 0, "2019-09-30": 0, "2019-06-30": "", "2019-03-31": 0, "2018-12-31": 0, "2018-09-30": 0, "2018-06-30": "", "2018-03-31": 0, "2017-12-31": 0, "2017-09-30": 0, "2017-06-30": "", "2017-03-31": 0, "2016-12-31": 0, "2016-09-30": 0, "2016-06-30": "", "2016-03-31": 0, "2015-12-31": 0, "2015-09-30": 0, "2015-06-30": "", "2015-03-31": 0, "2014-12-31": 0, "2014-09-30": 0, "2014-06-30": "", "2014-03-31": 0, "2013-12-31": 0, "2013-09-30": 0, "2013-06-30": "", "2013-03-31": 0, "2012-12-31": 0, "2012-09-30": 0, "2012-06-30": "", "2012-03-31": 0, "2011-12-31": 0, "2011-09-30": 0, "2011-06-30": "", "2011-03-31": 0, "2010-12-31": 0, "2010-09-30": 0, "2010-06-30": "", "2010-03-31": 0, "2009-12-31": 0, "2009-09-30": 0, "2009-06-30": "", "2009-03-31": 0, "2008-12-31": 0, "2008-09-30": 0, "2008-06-30": "", "2008-03-31": 0, "2007-12-31": 0, "2007-09-30": 0, "2007-06-30": "", "2007-03-31": 0, "2006-12-31": 0, "2006-09-30": 0, "2006-06-30": "", "2006-03-31": 0, "2005-12-31": 0, "2005-09-30": 0, "2005-06-30": "", "2005-03-31": 0}, "Net Change In Investments - Total": {"2020-12-31": 271.2, "2020-09-30": -173.8, "2020-06-30": "238.30000", "2020-03-31": 330.5001, "2019-12-31": 215.7, "2019-09-30": 269.6, "2019-06-30": "134.90000", "2019-03-31": -20.7, "2018-12-31": -41.2, "2018-09-30": 168.9, "2018-06-30": "-780.30000", "2018-03-31": 167.3, "2017-12-31": -355.2, "2017-09-30": 248, "2017-06-30": "-83.00000", "2017-03-31": -162.3, "2016-12-31": 90.1, "2016-09-30": 116.5, "2016-06-30": "37.70000", "2016-03-31": -96.3, "2015-12-31": 46, "2015-09-30": -88, "2015-06-30": "-4.00000", "2015-03-31": -68.9, "2014-12-31": 45, "2014-09-30": -86, "2014-06-30": "-175.00000", "2014-03-31": 48, "2013-12-31": 48, "2013-09-30": -145, "2013-06-30": "-7.00000", "2013-03-31": -17, "2012-12-31": 161, "2012-09-30": 98, "2012-06-30": "-60.00000", "2012-03-31": -144.4, "2011-12-31": 91, "2011-09-30": -51.4, "2011-06-30": "138.80000", "2011-03-31": 15.4, "2010-12-31": -117.4, "2010-09-30": 191.2, "2010-06-30": "-91.20000", "2010-03-31": -321.3, "2009-12-31": 181.9, "2009-09-30": -12.1, "2009-06-30": "-127.00000", "2009-03-31": -27.5, "2008-12-31": -210.1, "2008-09-30": 57, "2008-06-30": "-73.00000", "2008-03-31": -64.1, "2007-12-31": -20, "2007-09-30": 0, "2007-06-30": "", "2007-03-31": 0, "2006-12-31": 0, "2006-09-30": 0, "2006-06-30": "", "2006-03-31": 0, "2005-12-31": 0, "2005-09-30": 0, "2005-06-30": "", "2005-03-31": 0}, "Investing Activities - Other": {"2020-12-31": 0, "2020-09-30": 0, "2020-06-30": "3.70000", "2020-03-31": 0, "2019-12-31": 0, "2019-09-30": 0, "2019-06-30": "", "2019-03-31": 0, "2018-12-31": 0, "2018-09-30": -23.8, "2018-06-30": "", "2018-03-31": 0, "2017-12-31": 0, "2017-09-30": 0, "2017-06-30": "", "2017-03-31": 0, "2016-12-31": 0, "2016-09-30": 0, "2016-06-30": "", "2016-03-31": 6, "2015-12-31": -1, "2015-09-30": -3, "2015-06-30": "-2.00000", "2015-03-31": 0.1, "2014-12-31": -1, "2014-09-30": 0, "2014-06-30": "", "2014-03-31": 0, "2013-12-31": 4, "2013-09-30": -4, "2013-06-30": "-2.00000", "2013-03-31": -4, "2012-12-31": 0, "2012-09-30": -1, "2012-06-30": "8.00000", "2012-03-31": 0, "2011-12-31": 0.7, "2011-09-30": 0, "2011-06-30": "0.30000", "2011-03-31": 12.6, "2010-12-31": 19.1, "2010-09-30": -0.4, "2010-06-30": "-2.80000", "2010-03-31": 5.7, "2009-12-31": 1.7, "2009-09-30": -6.9, "2009-06-30": "5.70000", "2009-03-31": -24.8, "2008-12-31": 56.8, "2008-09-30": 0.3, "2008-06-30": "-5.40000", "2008-03-31": 2.3, "2007-12-31": -3.9, "2007-09-30": -12.8, "2007-06-30": "-0.70000", "2007-03-31": -22.1, "2006-12-31": 0, "2006-09-30": -52.4, "2006-06-30": "", "2006-03-31": 0, "2005-12-31": 0, "2005-09-30": 0, "2005-06-30": "", "2005-03-31": 0}, "Cash Flow From Investing Activities": {"2020-12-31": 242.8, "2020-09-30": -206.9, "2020-06-30": "220.70000", "2020-03-31": 276.2, "2019-12-31": 130.3, "2019-09-30": 188.4, "2019-06-30": "107.20000", "2019-03-31": -69.2, "2018-12-31": -77.3, "2018-09-30": 94.3, "2018-06-30": "-827.10000", "2018-03-31": 128.7, "2017-12-31": -404.5, "2017-09-30": 215.2, "2017-06-30": "-128.50000", "2017-03-31": -224.4, "2016-12-31": 30, "2016-09-30": 27.5, "2016-06-30": "-41.20000", "2016-03-31": -185.3, "2015-12-31": -80, "2015-09-30": -234, "2015-06-30": "-77.00000", "2015-03-31": -163.7, "2014-12-31": -85, "2014-09-30": -176, "2014-06-30": "-264.00000", "2014-03-31": -48, "2013-12-31": -32, "2013-09-30": -301, "2013-06-30": "-107.00000", "2013-03-31": -106, "2012-12-31": 75, "2012-09-30": 39, "2012-06-30": "-121.00000", "2012-03-31": -258.2, "2011-12-31": 21.8, "2011-09-30": -104.5, "2011-06-30": "91.90000", "2011-03-31": -58.6, "2010-12-31": -222.4, "2010-09-30": 116.5, "2010-06-30": "-134.90000", "2010-03-31": -439.7, "2009-12-31": 130.3, "2009-09-30": -54.2, "2009-06-30": "-140.80000", "2009-03-31": -107.4, "2008-12-31": -200.7, "2008-09-30": -4.8, "2008-06-30": "-145.10000", "2008-03-31": -132.9, "2007-12-31": -83.8, "2007-09-30": -63.4, "2007-06-30": "-224.90000", "2007-03-31": -276.9, "2006-12-31": -40.4, "2006-09-30": -84.9, "2006-06-30": "-32.40000", "2006-03-31": -327.6, "2005-12-31": -23.1, "2005-09-30": -155.9, "2005-06-30": "-32.60000", "2005-03-31": -417.4}, "Net Long-Term Debt": {"2020-12-31": -2.9, "2020-09-30": -304.1, "2020-06-30": "1240.30000", "2020-03-31": -3, "2019-12-31": -2.9, "2019-09-30": -2.8, "2019-06-30": "-4.90000", "2019-03-31": -4.8, "2018-12-31": -4.3, "2018-09-30": 93.3, "2018-06-30": "-5.70000", "2018-03-31": -7, "2017-12-31": -7, "2017-09-30": -8, "2017-06-30": "-6.20000", "2017-03-31": -7.9, "2016-12-31": -6.1, "2016-09-30": -6.1, "2016-06-30": "-7.20000", "2016-03-31": -4.9, "2015-12-31": -7, "2015-09-30": 292, "2015-06-30": "-5.00000", "2015-03-31": -6.9, "2014-12-31": -4, "2014-09-30": -8, "2014-06-30": "-5.00000", "2014-03-31": -3, "2013-12-31": -270, "2013-09-30": 297, "2013-06-30": "-2.00000", "2013-03-31": -1, "2012-12-31": -4, "2012-09-30": -1, "2012-06-30": "-3.00000", "2012-03-31": -2.4, "2011-12-31": -1.4, "2011-09-30": -2.8, "2011-06-30": "-1.40000", "2011-03-31": -1.3, "2010-12-31": -2.7, "2010-09-30": -2.6, "2010-06-30": "-1.30000", "2010-03-31": -2, "2009-12-31": -1.4, "2009-09-30": -123.1, "2009-06-30": "-1.20000", "2009-03-31": -1.8, "2008-12-31": -1.2, "2008-09-30": -2.4, "2008-06-30": "-198.10000", "2008-03-31": -3.9, "2007-12-31": -1.2, "2007-09-30": -1.3, "2007-06-30": "167.60000", "2007-03-31": -1.3, "2006-12-31": 87.2, "2006-09-30": -1.3, "2006-06-30": "-1.20000", "2006-03-31": -1.2, "2005-12-31": 0, "2005-09-30": -0.3, "2005-06-30": "-0.70000", "2005-03-31": 0}, "Net Current Debt": {"2020-12-31": 0, "2020-09-30": 0, "2020-06-30": "-475.00000", "2020-03-31": 475, "2019-12-31": 0, "2019-09-30": 0, "2019-06-30": "", "2019-03-31": 0, "2018-12-31": 0, "2018-09-30": 0, "2018-06-30": "-9.90000", "2018-03-31": 10.1, "2017-12-31": 0, "2017-09-30": 0, "2017-06-30": "", "2017-03-31": 0, "2016-12-31": -95.0002, "2016-09-30": 5.0001, "2016-06-30": "-26.10000", "2016-03-31": 100.2998, "2015-12-31": -115, "2015-09-30": -25, "2015-06-30": "-79.00000", "2015-03-31": 120.8999, "2014-12-31": -97, "2014-09-30": 210, "2014-06-30": "", "2014-03-31": 0, "2013-12-31": 0, "2013-09-30": 0, "2013-06-30": "", "2013-03-31": 0, "2012-12-31": 0, "2012-09-30": 0, "2012-06-30": "", "2012-03-31": 0, "2011-12-31": -100, "2011-09-30": 92.3, "2011-06-30": "7.70000", "2011-03-31": 0, "2010-12-31": 0, "2010-09-30": 0, "2010-06-30": "", "2010-03-31": 0, "2009-12-31": 0, "2009-09-30": 0, "2009-06-30": "", "2009-03-31": 0, "2008-12-31": 0, "2008-09-30": 0, "2008-06-30": "", "2008-03-31": 0, "2007-12-31": 0, "2007-09-30": 0, "2007-06-30": "", "2007-03-31": 0, "2006-12-31": 0, "2006-09-30": 0, "2006-06-30": "", "2006-03-31": 0, "2005-12-31": 0, "2005-09-30": 0, "2005-06-30": "", "2005-03-31": 0}, "Debt Issuance/Retirement Net - Total": {"2020-12-31": -2.9, "2020-09-30": -304.1, "2020-06-30": "765.30000", "2020-03-31": 472, "2019-12-31": -2.9, "2019-09-30": -2.8, "2019-06-30": "-4.90000", "2019-03-31": -4.8, "2018-12-31": -4.3, "2018-09-30": 93.3, "2018-06-30": "-15.60000", "2018-03-31": 3.1, "2017-12-31": -7, "2017-09-30": -8, "2017-06-30": "-6.20000", "2017-03-31": -7.9, "2016-12-31": -101.1002, "2016-09-30": -1.0999, "2016-06-30": "-33.30000", "2016-03-31": 95.3998, "2015-12-31": -122, "2015-09-30": 267, "2015-06-30": "-84.00000", "2015-03-31": 113.9999, "2014-12-31": -101, "2014-09-30": 202, "2014-06-30": "-5.00000", "2014-03-31": -3, "2013-12-31": -270, "2013-09-30": 297, "2013-06-30": "-2.00000", "2013-03-31": -1, "2012-12-31": -4, "2012-09-30": -1, "2012-06-30": "-3.00000", "2012-03-31": -2.4, "2011-12-31": -101.4, "2011-09-30": 89.5, "2011-06-30": "6.30000", "2011-03-31": -1.3, "2010-12-31": -2.7, "2010-09-30": -2.6, "2010-06-30": "-1.30000", "2010-03-31": -2, "2009-12-31": -1.4, "2009-09-30": -123.1, "2009-06-30": "-1.20000", "2009-03-31": -1.8, "2008-12-31": -1.2, "2008-09-30": -2.4, "2008-06-30": "-198.10000", "2008-03-31": -3.9, "2007-12-31": -1.2, "2007-09-30": -1.3, "2007-06-30": "167.60000", "2007-03-31": -1.3, "2006-12-31": 87.2, "2006-09-30": -1.3, "2006-06-30": "-1.20000", "2006-03-31": -1.2, "2005-12-31": 0, "2005-09-30": -0.3, "2005-06-30": "-0.70000", "2005-03-31": 0}, "Net Common Equity Issued/Repurchased": {"2020-12-31": -0.6, "2020-09-30": -1.6, "2020-06-30": "-33.90000", "2020-03-31": -152.7, "2019-12-31": -99.4, "2019-09-30": -251.6, "2019-06-30": "-191.10000", "2019-03-31": -70.7, "2018-12-31": -208, "2018-09-30": -93.9, "2018-06-30": "-108.20000", "2018-03-31": -1.2, "2017-12-31": -1.3, "2017-09-30": -0.2, "2017-06-30": "-14.30000", "2017-03-31": -99.9, "2016-12-31": 0.6, "2016-09-30": 0.8, "2016-06-30": "-111.70000", "2016-03-31": -99.2, "2015-12-31": -90, "2015-09-30": -124, "2015-06-30": "-154.00000", "2015-03-31": -143.1, "2014-12-31": -88, "2014-09-30": -51, "2014-06-30": "-197.00000", "2014-03-31": -144, "2013-12-31": -171, "2013-09-30": 5, "2013-06-30": "-196.00000", "2013-03-31": -39, "2012-12-31": -138, "2012-09-30": 23, "2012-06-30": "-344.00000", "2012-03-31": 19.8, "2011-12-31": 10.5, "2011-09-30": -67, "2011-06-30": "-321.30000", "2011-03-31": -226.3, "2010-12-31": 45.8, "2010-09-30": -84.1, "2010-06-30": "-241.70000", "2010-03-31": -60.4, "2009-12-31": -58.2, "2009-09-30": -52.1, "2009-06-30": "-9.80000", "2009-03-31": 1.4, "2008-12-31": 8.7, "2008-09-30": -107, "2008-06-30": "-43.90000", "2008-03-31": -129.2, "2007-12-31": -44.4, "2007-09-30": -98.1, "2007-06-30": "-163.60000", "2007-03-31": -47.6, "2006-12-31": -28.2, "2006-09-30": -44.8, "2006-06-30": "-59.30000", "2006-03-31": 9.7, "2005-12-31": 2.5, "2005-09-30": 15.2, "2005-06-30": "24.00000", "2005-03-31": 53.2}, "Net Total Equity Issued/Repurchased": {"2020-12-31": -0.6, "2020-09-30": -1.6, "2020-06-30": "-33.90000", "2020-03-31": -152.7, "2019-12-31": -99.4, "2019-09-30": -251.6, "2019-06-30": "-191.10000", "2019-03-31": -70.7, "2018-12-31": -208, "2018-09-30": -93.9, "2018-06-30": "-108.20000", "2018-03-31": -1.2, "2017-12-31": -1.3, "2017-09-30": -0.2, "2017-06-30": "-14.30000", "2017-03-31": -99.9, "2016-12-31": 0.6, "2016-09-30": 0.8, "2016-06-30": "-111.70000", "2016-03-31": -99.2, "2015-12-31": -90, "2015-09-30": -124, "2015-06-30": "-154.00000", "2015-03-31": -143.1, "2014-12-31": -88, "2014-09-30": -51, "2014-06-30": "-197.00000", "2014-03-31": -144, "2013-12-31": -171, "2013-09-30": 5, "2013-06-30": "-196.00000", "2013-03-31": -39, "2012-12-31": -138, "2012-09-30": 23, "2012-06-30": "-344.00000", "2012-03-31": 19.8, "2011-12-31": 10.5, "2011-09-30": -67, "2011-06-30": "-321.30000", "2011-03-31": -226.3, "2010-12-31": 45.8, "2010-09-30": -84.1, "2010-06-30": "-241.70000", "2010-03-31": -60.4, "2009-12-31": -58.2, "2009-09-30": -52.1, "2009-06-30": "-9.80000", "2009-03-31": 1.4, "2008-12-31": 8.7, "2008-09-30": -107, "2008-06-30": "-43.90000", "2008-03-31": -129.2, "2007-12-31": -44.4, "2007-09-30": -98.1, "2007-06-30": "-163.60000", "2007-03-31": -47.6, "2006-12-31": -28.2, "2006-09-30": -44.8, "2006-06-30": "-59.30000", "2006-03-31": 9.7, "2005-12-31": 2.5, "2005-09-30": 15.2, "2005-06-30": "24.00000", "2005-03-31": 53.2}, "Total Common And Preferred Stock Dividends Paid": {"2020-12-31": 0, "2020-09-30": 0, "2020-06-30": "-49.80000", "2020-03-31": -50.7, "2019-12-31": -51.3, "2019-09-30": -53.1, "2019-06-30": "-48.80000", "2019-03-31": -49.1, "2018-12-31": -50.3, "2018-09-30": -50.7, "2018-06-30": "-40.60000", "2018-03-31": -40.7, "2017-12-31": -40.6, "2017-09-30": -40.6, "2017-06-30": "-40.50000", "2017-03-31": -41.1, "2016-12-31": -41.1, "2016-09-30": -41.2, "2016-06-30": "-41.40000", "2016-03-31": -42.3, "2015-12-31": -42, "2015-09-30": -43, "2015-06-30": "-43.00000", "2015-03-31": -39.2, "2014-12-31": -40, "2014-09-30": -39, "2014-06-30": "-40.00000", "2014-03-31": -40, "2013-12-31": -36, "2013-09-30": -37, "2013-06-30": "-36.00000", "2013-03-31": 0, "2012-12-31": -73, "2012-09-30": -36, "2012-06-30": "-19.00000", "2012-03-31": -18.2, "2011-12-31": -18.4, "2011-09-30": -18.5, "2011-06-30": "-18.90000", "2011-03-31": -9.6, "2010-12-31": -9.5, "2010-09-30": -9.6, "2010-06-30": "-9.80000", "2010-03-31": -9.8, "2009-12-31": -5, "2009-09-30": -4.9, "2009-06-30": "-5.00000", "2009-03-31": -5, "2008-12-31": -4.9, "2008-09-30": -5, "2008-06-30": "-5.00000", "2008-03-31": -5, "2007-12-31": -5.2, "2007-09-30": -5.1, "2007-06-30": "-5.20000", "2007-03-31": -5.2, "2006-12-31": -5.2, "2006-09-30": -5.2, "2006-06-30": "-5.30000", "2006-03-31": -5.1, "2005-12-31": -5.3, "2005-09-30": -5.2, "2005-06-30": "-5.20000", "2005-03-31": -21.7}, "Financial Activities - Other": {"2020-12-31": -0.1, "2020-09-30": -0.1, "2020-06-30": "-8.50000", "2020-03-31": 0, "2019-12-31": -0.2, "2019-09-30": -0.7, "2019-06-30": "", "2019-03-31": 0, "2018-12-31": 0, "2018-09-30": -2.8, "2018-06-30": "", "2018-03-31": 0, "2017-12-31": 0, "2017-09-30": 0, "2017-06-30": "", "2017-03-31": 0, "2016-12-31": 0, "2016-09-30": 0, "2016-06-30": "", "2016-03-31": -8.9, "2015-12-31": 2, "2015-09-30": -1, "2015-06-30": "6.00000", "2015-03-31": -0.3, "2014-12-31": 2, "2014-09-30": 1, "2014-06-30": "4.00000", "2014-03-31": 2, "2013-12-31": 12, "2013-09-30": 3, "2013-06-30": "17.00000", "2013-03-31": 8, "2012-12-31": 6, "2012-09-30": 6, "2012-06-30": "20.00000", "2012-03-31": 13.9, "2011-12-31": 4.3, "2011-09-30": 10.6, "2011-06-30": "3.20000", "2011-03-31": 6.4, "2010-12-31": 27.2, "2010-09-30": 4.7, "2010-06-30": "1.80000", "2010-03-31": 9.9, "2009-12-31": 10.1, "2009-09-30": 3.2, "2009-06-30": "3.30000", "2009-03-31": 1.1, "2008-12-31": 3.3, "2008-09-30": 4.9, "2008-06-30": "2.80000", "2008-03-31": 0.5, "2007-12-31": 4.4, "2007-09-30": 3.3, "2007-06-30": "25.90000", "2007-03-31": -0.8, "2006-12-31": 14.6, "2006-09-30": 4.7, "2006-06-30": "3.70000", "2006-03-31": 5.1, "2005-12-31": 0, "2005-09-30": 0, "2005-06-30": "", "2005-03-31": 0}, "Cash Flow From Financial Activities": {"2020-12-31": -3.6, "2020-09-30": -305.8, "2020-06-30": "673.10000", "2020-03-31": 268.6, "2019-12-31": -153.8, "2019-09-30": -308.2, "2019-06-30": "-244.80000", "2019-03-31": -124.6, "2018-12-31": -262.6, "2018-09-30": -54.1, "2018-06-30": "-164.40000", "2018-03-31": -38.8, "2017-12-31": -48.9, "2017-09-30": -48.8, "2017-06-30": "-61.00000", "2017-03-31": -148.9, "2016-12-31": -141.6, "2016-09-30": -41.5, "2016-06-30": "-186.40000", "2016-03-31": -55, "2015-12-31": -252, "2015-09-30": 99, "2015-06-30": "-275.00000", "2015-03-31": -68.6, "2014-12-31": -227, "2014-09-30": 113, "2014-06-30": "-238.00000", "2014-03-31": -185, "2013-12-31": -465, "2013-09-30": 268, "2013-06-30": "-217.00000", "2013-03-31": -32, "2012-12-31": -209, "2012-09-30": -8, "2012-06-30": "-346.00000", "2012-03-31": 13.1, "2011-12-31": -105, "2011-09-30": 14.6, "2011-06-30": "-330.70000", "2011-03-31": -230.8, "2010-12-31": 60.8, "2010-09-30": -91.6, "2010-06-30": "-251.00000", "2010-03-31": -62.3, "2009-12-31": -54.5, "2009-09-30": -176.9, "2009-06-30": "-12.70000", "2009-03-31": -4.3, "2008-12-31": 5.9, "2008-09-30": -109.5, "2008-06-30": "-244.20000", "2008-03-31": -137.6, "2007-12-31": -46.4, "2007-09-30": -101.2, "2007-06-30": "24.70000", "2007-03-31": -54.9, "2006-12-31": 68.4, "2006-09-30": -46.6, "2006-06-30": "-62.10000", "2006-03-31": 8.5, "2005-12-31": -2.8, "2005-09-30": 9.7, "2005-06-30": "18.10000", "2005-03-31": 31.5}, "Net Cash Flow": {"2020-12-31": 609.7, "2020-09-30": -439.1, "2020-06-30": "831.10000", "2020-03-31": 540.4, "2019-12-31": 526.1, "2019-09-30": -128.1, "2019-06-30": "64.90000", "2019-03-31": -97, "2018-12-31": 127, "2018-09-30": 20.7, "2018-06-30": "-779.70000", "2018-03-31": 132.3, "2017-12-31": 64.3, "2017-09-30": 282.5, "2017-06-30": "164.60000", "2017-03-31": -258.8, "2016-12-31": 490.4, "2016-09-30": -22.6, "2016-06-30": "0.70000", "2016-03-31": -62.4, "2015-12-31": 147, "2015-09-30": -110, "2015-06-30": "-10.00000", "2015-03-31": -263.7, "2014-12-31": 280, "2014-09-30": -228, "2014-06-30": "-86.00000", "2014-03-31": -85, "2013-12-31": 43, "2013-09-30": -101, "2013-06-30": "-34.00000", "2013-03-31": -25, "2012-12-31": 455, "2012-09-30": 75, "2012-06-30": "-203.00000", "2012-03-31": -143.8, "2011-12-31": 408.1, "2011-09-30": -23.8, "2011-06-30": "-21.50000", "2011-03-31": -190.4, "2010-12-31": 207.5, "2010-09-30": 90.1, "2010-06-30": "-217.30000", "2010-03-31": -410.7, "2009-12-31": 550.3, "2009-09-30": -197.3, "2009-06-30": "139.60000", "2009-03-31": -93.1, "2008-12-31": 156.7, "2008-09-30": -136.2, "2008-06-30": "2.30000", "2008-03-31": -252.9, "2007-12-31": 331.4, "2007-09-30": -170.2, "2007-06-30": "79.30000", "2007-03-31": -187.9, "2006-12-31": 430.8, "2006-09-30": -108.2, "2006-06-30": "143.50000", "2006-03-31": -358.2, "2005-12-31": 260.7, "2005-09-30": -139.1, "2005-06-30": "171.80000", "2005-03-31": -1.8}, "Stock-Based Compensation": {"2020-12-31": 19.8, "2020-09-30": 19.5, "2020-06-30": "15.10000", "2020-03-31": 27.7, "2019-12-31": 22.1, "2019-09-30": 27.8, "2019-06-30": "23.00000", "2019-03-31": 23.3, "2018-12-31": 22.5, "2018-09-30": 21.3, "2018-06-30": "21.50000", "2018-03-31": 18.2, "2017-12-31": 16.9, "2017-09-30": 17.8, "2017-06-30": "21.60000", "2017-03-31": 17.2, "2016-12-31": 14.5, "2016-09-30": 14.2, "2016-06-30": "17.70000", "2016-03-31": 18, "2015-12-31": 25, "2015-09-30": 22, "2015-06-30": "32.00000", "2015-03-31": 20.5, "2014-12-31": 18, "2014-09-30": 19, "2014-06-30": "23.00000", "2014-03-31": 19, "2013-12-31": 31, "2013-09-30": 21, "2013-06-30": "22.00000", "2013-03-31": 23, "2012-12-31": 22, "2012-09-30": 21, "2012-06-30": "22.00000", "2012-03-31": 22.8, "2011-12-31": 21.2, "2011-09-30": 16.1, "2011-06-30": "17.90000", "2011-03-31": 21.5, "2010-12-31": 18.1, "2010-09-30": 15.3, "2010-06-30": "15.50000", "2010-03-31": 20, "2009-12-31": 15.3, "2009-09-30": 11.8, "2009-06-30": "12.60000", "2009-03-31": 12.4, "2008-12-31": 14.7, "2008-09-30": 12.3, "2008-06-30": "10.30000", "2008-03-31": 21.2, "2007-12-31": 20, "2007-09-30": 19.3, "2007-06-30": "10.20000", "2007-03-31": 12.4, "2006-12-31": 11.9, "2006-09-30": 11.8, "2006-06-30": "7.50000", "2006-03-31": 5.5, "2005-12-31": 10.1, "2005-09-30": 6.1, "2005-06-30": "4.90000", "2005-03-31": 12.9}, "Common Stock Dividends Paid": {"2020-12-31": 0, "2020-09-30": 0, "2020-06-30": "-49.80000", "2020-03-31": -50.7, "2019-12-31": -51.3, "2019-09-30": -53.1, "2019-06-30": "-48.80000", "2019-03-31": -49.1, "2018-12-31": -50.3, "2018-09-30": -50.7, "2018-06-30": "-40.60000", "2018-03-31": -40.7, "2017-12-31": -40.6, "2017-09-30": -40.6, "2017-06-30": "-40.50000", "2017-03-31": -41.1, "2016-12-31": -41.1, "2016-09-30": -41.2, "2016-06-30": "-41.40000", "2016-03-31": -42.3, "2015-12-31": -42, "2015-09-30": -43, "2015-06-30": "-43.00000", "2015-03-31": -39.2, "2014-12-31": -40, "2014-09-30": -39, "2014-06-30": "-40.00000", "2014-03-31": -40, "2013-12-31": -36, "2013-09-30": -37, "2013-06-30": "-36.00000", "2013-03-31": 0, "2012-12-31": -73, "2012-09-30": -36, "2012-06-30": "-19.00000", "2012-03-31": -18.2, "2011-12-31": -18.4, "2011-09-30": -18.5, "2011-06-30": "-18.90000", "2011-03-31": -9.6, "2010-12-31": -9.5, "2010-09-30": -9.6, "2010-06-30": "-9.80000", "2010-03-31": -9.8, "2009-12-31": -5, "2009-09-30": -4.9, "2009-06-30": "-5.00000", "2009-03-31": -5, "2008-12-31": -4.9, "2008-09-30": -5, "2008-06-30": "-5.00000", "2008-03-31": -5, "2007-12-31": -5.2, "2007-09-30": -5.1, "2007-06-30": "-5.20000", "2007-03-31": -5.2, "2006-12-31": -5.2, "2006-09-30": -5.2, "2006-06-30": "-5.30000", "2006-03-31": -5.1, "2005-12-31": -5.3, "2005-09-30": -5.2, "2005-06-30": "-5.20000", "2005-03-31": -21.7}}, "financial ratios": {"Current Ratio": {"2020-03-31": "1.61340", "2019-03-31": "2.99540", "2018-03-31": "2.23560", "2017-03-31": "2.54720", "2016-03-31": "2.54750", "2015-03-31": "2.80270", "2014-03-31": "3.43200", "2013-03-31": "2.64320", "2012-03-31": "3.06480", "2011-03-31": "2.97840", "2010-03-31": "3.04540", "2009-03-31": "3.05100", "2008-03-31": "2.08400", "2007-03-31": "2.63300", "2006-03-31": "1.63430", "2005-03-31": "2.27150"}, "Long-term Debt / Capital": {"2020-03-31": "0.12830", "2019-03-31": "0.17330", "2018-03-31": "0.07690", "2017-03-31": "0.15130", "2016-03-31": "0.13750", "2015-03-31": "0.07110", "2014-03-31": "0.06880", "2013-03-31": "", "2012-03-31": "0.06990", "2011-03-31": "0.08120", "2010-03-31": "0.08300", "2009-03-31": "0.12940", "2008-03-31": "0.16520", "2007-03-31": "0.14590", "2006-03-31": "", "2005-03-31": "0.14800"}, "Debt/Equity Ratio": {"2020-03-31": "0.43480", "2019-03-31": "0.20960", "2018-03-31": "0.17240", "2017-03-31": "0.17830", "2016-03-31": "0.19050", "2015-03-31": "0.13670", "2014-03-31": "0.07390", "2013-03-31": "0.07050", "2012-03-31": "0.07510", "2011-03-31": "0.08830", "2010-03-31": "0.09050", "2009-03-31": "0.14860", "2008-03-31": "0.28420", "2007-03-31": "0.17080", "2006-03-31": "0.13680", "2005-03-31": "0.17370"}, "Gross Margin": {"2020-03-31": "59.30880", "2019-03-31": "61.55550", "2018-03-31": "60.68450", "2017-03-31": "54.88070", "2016-03-31": "56.53730", "2015-03-31": "57.45050", "2014-03-31": "57.85240", "2013-03-31": "59.84160", "2012-03-31": "58.27990", "2011-03-31": "58.62410", "2010-03-31": "58.22770", "2009-03-31": "54.40830", "2008-03-31": "54.05830", "2007-03-31": "54.38840", "2006-03-31": "53.98390", "2005-03-31": "50.96210"}, "Operating Margin": {"2020-03-31": "5.14630", "2019-03-31": "8.89910", "2018-03-31": "8.05850", "2017-03-31": "-1.38740", "2016-03-31": "7.87010", "2015-03-31": "13.58740", "2014-03-31": "15.16780", "2013-03-31": "16.22750", "2012-03-31": "15.14580", "2011-03-31": "14.93030", "2010-03-31": "14.19790", "2009-03-31": "11.86520", "2008-03-31": "13.38910", "2007-03-31": "15.19300", "2006-03-31": "13.78960", "2005-03-31": "9.06700"}, "EBIT Margin": {"2020-03-31": "5.14630", "2019-03-31": "8.89910", "2018-03-31": "8.05850", "2017-03-31": "-1.38740", "2016-03-31": "7.87010", "2015-03-31": "13.58740", "2014-03-31": "15.16780", "2013-03-31": "16.22750", "2012-03-31": "15.14580", "2011-03-31": "14.93030", "2010-03-31": "14.19790", "2009-03-31": "11.86520", "2008-03-31": "13.38910", "2007-03-31": "15.19300", "2006-03-31": "13.78960", "2005-03-31": "9.06700"}, "EBITDA Margin": {"2020-03-31": "9.52140", "2019-03-31": "13.35500", "2018-03-31": "12.83340", "2017-03-31": "3.23470", "2016-03-31": "12.04830", "2015-03-31": "17.45080", "2014-03-31": "18.63090", "2013-03-31": "19.58240", "2012-03-31": "18.42570", "2011-03-31": "18.35950", "2010-03-31": "17.83730", "2009-03-31": "15.53930", "2008-03-31": "17.51400", "2007-03-31": "18.56170", "2006-03-31": "17.17960", "2005-03-31": "12.15590"}, "Pre-Tax Profit Margin": {"2020-03-31": "5.29890", "2019-03-31": "9.22700", "2018-03-31": "7.91290", "2017-03-31": "-1.57680", "2016-03-31": "7.45150", "2015-03-31": "12.95750", "2014-03-31": "14.71140", "2013-03-31": "15.68040", "2012-03-31": "14.79590", "2011-03-31": "14.58230", "2010-03-31": "13.84440", "2009-03-31": "11.70580", "2008-03-31": "13.20060", "2007-03-31": "14.97650", "2006-03-31": "13.42390", "2005-03-31": "9.00950"}, "Net Profit Margin": {"2020-03-31": "6.23880", "2019-03-31": "6.82560", "2018-03-31": "2.63330", "2017-03-31": "-1.49260", "2016-03-31": "5.35300", "2015-03-31": "9.21490", "2014-03-31": "10.41610", "2013-03-31": "10.79910", "2012-03-31": "9.92710", "2011-03-31": "10.02770", "2010-03-31": "9.63060", "2009-03-31": "8.08940", "2008-03-31": "8.60230", "2007-03-31": "9.33320", "2006-03-31": "8.22140", "2005-03-31": "5.76030"}, "Asset Turnover": {"2020-03-31": "0.84610", "2019-03-31": "1.06230", "2018-03-31": "1.00630", "2017-03-31": "1.17710", "2016-03-31": "1.19190", "2015-03-31": "1.24800", "2014-03-31": "1.22370", "2013-03-31": "1.28180", "2012-03-31": "1.26650", "2011-03-31": "1.13640", "2010-03-31": "1.07100", "2009-03-31": "1.15200", "2008-03-31": "1.11790", "2007-03-31": "1.14300", "2006-03-31": "1.21290", "2005-03-31": "1.21220"}, "Inventory Turnover Ratio": {"2020-03-31": "3.40460", "2019-03-31": "2.96770", "2018-03-31": "3.19270", "2017-03-31": "3.79240", "2016-03-31": "2.86190", "2015-03-31": "3.11170", "2014-03-31": "3.07840", "2013-03-31": "3.11270", "2012-03-31": "3.40070", "2011-03-31": "3.33570", "2010-03-31": "4.12660", "2009-03-31": "4.35760", "2008-03-31": "4.35420", "2007-03-31": "3.71840", "2006-03-31": "3.55080", "2005-03-31": "3.76870"}, "Receiveable Turnover": {"2020-03-31": "17.02070", "2019-03-31": "14.67460", "2018-03-31": "13.45730", "2017-03-31": "12.56190", "2016-03-31": "12.89430", "2015-03-31": "10.70270", "2014-03-31": "11.46150", "2013-03-31": "14.26080", "2012-03-31": "12.15450", "2011-03-31": "11.30700", "2010-03-31": "12.99300", "2009-03-31": "10.56830", "2008-03-31": "9.59890", "2007-03-31": "9.18800", "2006-03-31": "7.73710", "2005-03-31": "7.25350"}, "Days Sales In Receivables": {"2020-03-31": "21.44450", "2019-03-31": "24.87300", "2018-03-31": "27.12280", "2017-03-31": "29.05600", "2016-03-31": "28.30710", "2015-03-31": "34.10370", "2014-03-31": "31.84560", "2013-03-31": "25.59470", "2012-03-31": "30.03000", "2011-03-31": "32.28080", "2010-03-31": "28.09220", "2009-03-31": "34.53720", "2008-03-31": "38.02500", "2007-03-31": "39.72560", "2006-03-31": "47.17540", "2005-03-31": "50.32080"}, "ROE - Return On Equity": {"2020-03-31": "14.26980", "2019-03-31": "13.10840", "2018-03-31": "4.70870", "2017-03-31": "-3.00950", "2016-03-31": "10.58900", "2015-03-31": "18.04680", "2014-03-31": "19.23650", "2013-03-31": "19.81510", "2012-03-31": "18.64480", "2011-03-31": "17.17550", "2010-03-31": "15.38540", "2009-03-31": "14.84410", "2008-03-31": "17.65490", "2007-03-31": "17.16990", "2006-03-31": "15.02730", "2005-03-31": "11.36240"}, "Return On Tangible Equity": {"2020-03-31": "23.48160", "2019-03-31": "19.55170", "2018-03-31": "7.02060", "2017-03-31": "-4.56510", "2016-03-31": "15.35420", "2015-03-31": "25.80670", "2014-03-31": "28.00430", "2013-03-31": "30.13260", "2012-03-31": "29.74450", "2011-03-31": "29.86270", "2010-03-31": "27.13950", "2009-03-31": "28.59560", "2008-03-31": "39.60390", "2007-03-31": "32.15690", "2006-03-31": "28.22060", "2005-03-31": "17.79770"}, "ROA - Return On Assets": {"2020-03-31": "5.27890", "2019-03-31": "7.25080", "2018-03-31": "2.65000", "2017-03-31": "-1.75690", "2016-03-31": "6.38010", "2015-03-31": "11.50020", "2014-03-31": "12.74640", "2013-03-31": "13.84280", "2012-03-31": "12.57290", "2011-03-31": "11.39510", "2010-03-31": "10.31430", "2009-03-31": "9.31940", "2008-03-31": "9.66440", "2007-03-31": "10.66790", "2006-03-31": "9.97180", "2005-03-31": "6.98280"}, "ROI - Return On Investment": {"2020-03-31": "12.43890", "2019-03-31": "10.83670", "2018-03-31": "4.34670", "2017-03-31": "-2.55410", "2016-03-31": "9.13260", "2015-03-31": "16.76300", "2014-03-31": "17.91320", "2013-03-31": "19.81510", "2012-03-31": "17.34190", "2011-03-31": "15.78160", "2010-03-31": "14.10830", "2009-03-31": "12.92380", "2008-03-31": "14.73890", "2007-03-31": "14.66510", "2006-03-31": "15.02730", "2005-03-31": "9.68120"}, "Book Value Per Share": {"2020-03-31": "37.14620", "2019-03-31": "42.08960", "2018-03-31": "42.52640", "2017-03-31": "40.73580", "2016-03-31": "45.15680", "2015-03-31": "45.08690", "2014-03-31": "45.47920", "2013-03-31": "41.63920", "2012-03-31": "39.40130", "2011-03-31": "34.97040", "2010-03-31": "31.73730", "2009-03-31": "27.57160", "2008-03-31": "24.01710", "2007-03-31": "22.45100", "2006-03-31": "19.44590", "2005-03-31": "16.25320"}, "Operating Cash Flow Per Share": {"2020-03-31": 0.181, "2019-03-31": -2.2258, "2018-03-31": 0.3007, "2017-03-31": -0.3172, "2016-03-31": 1.8101, "2015-03-31": 0.1671, "2014-03-31": -1.0164, "2013-03-31": 1.6081, "2012-03-31": 2.2893, "2011-03-31": -1.971, "2010-03-31": 1.3061, "2009-03-31": 1.0323, "2008-03-31": -0.7884, "2007-03-31": 3.2093, "2006-03-31": 0.5199, "2005-03-31": 3.6695}, "Free Cash Flow Per Share": {"2020-03-31": -0.8759, "2019-03-31": -2.442, "2018-03-31": 1.776, "2017-03-31": 1.1114, "2016-03-31": 1.338, "2015-03-31": 0.0156, "2014-03-31": -2.31, "2013-03-31": 1.5108, "2012-03-31": 2.0247, "2011-03-31": -2.5674, "2010-03-31": 1.1451, "2009-03-31": 1.2698, "2008-03-31": -1.1421, "2007-03-31": 2.9788, "2006-03-31": 0.7128, "2005-03-31": 1.9971}}, "financial ratios, quarterly": {"Current Ratio": {"2020-12-31": "2.55030", "2020-09-30": "2.51470", "2020-06-30": "2.59400", "2020-03-31": "1.61340", "2019-12-31": "1.94260", "2019-09-30": "1.95090", "2019-06-30": "2.29670", "2019-03-31": "2.99540", "2018-12-31": "2.90210", "2018-09-30": "2.97600", "2018-06-30": "2.27030", "2018-03-31": "2.23560", "2017-12-31": "2.06600", "2017-09-30": "2.09070", "2017-06-30": "2.53650", "2017-03-31": "2.54720", "2016-12-31": "2.63600", "2016-09-30": "2.44540", "2016-06-30": "2.31640", "2016-03-31": "2.54750", "2015-12-31": "2.84350", "2015-09-30": "2.80130", "2015-06-30": "2.68840", "2015-03-31": "2.80270", "2014-12-31": "2.79730", "2014-09-30": "2.77470", "2014-06-30": "3.13010", "2014-03-31": "3.43200", "2013-12-31": "3.39630", "2013-09-30": "2.92120", "2013-06-30": "2.61580", "2013-03-31": "2.64320", "2012-12-31": "2.51930", "2012-09-30": "3.13430", "2012-06-30": "2.91460", "2012-03-31": "3.06480", "2011-12-31": "2.88650", "2011-09-30": "2.47140", "2011-06-30": "2.76940", "2011-03-31": "2.97840", "2010-12-31": "3.17110", "2010-09-30": "2.76310", "2010-06-30": "2.82850", "2010-03-31": "3.04540", "2009-12-31": "3.11310", "2009-09-30": "3.07020", "2009-06-30": "2.48570", "2009-03-31": "3.05100", "2008-12-31": "2.77860", "2008-09-30": "2.53910", "2008-06-30": "2.51860", "2008-03-31": "2.08400", "2007-12-31": "2.11640", "2007-09-30": "1.99330", "2007-06-30": "2.15240", "2007-03-31": "2.63300", "2006-12-31": "2.83480", "2006-09-30": "1.68050", "2006-06-30": "1.62060", "2006-03-31": "1.63430", "2005-12-31": "1.82710", "2005-09-30": "2.46780", "2005-06-30": "2.44610", "2005-03-31": "2.27150"}, "Long-term Debt / Capital": {"2020-12-31": "0.37740", "2020-09-30": "0.39060", "2020-06-30": "0.38950", "2020-03-31": "0.12830", "2019-12-31": "0.11280", "2019-09-30": "0.11970", "2019-06-30": "0.18680", "2019-03-31": "0.17330", "2018-12-31": "0.17000", "2018-09-30": "0.16500", "2018-06-30": "0.07760", "2018-03-31": "0.07690", "2017-12-31": "0.07850", "2017-09-30": "0.07680", "2017-06-30": "0.14940", "2017-03-31": "0.15130", "2016-12-31": "0.14030", "2016-09-30": "0.14230", "2016-06-30": "0.14440", "2016-03-31": "0.13750", "2015-12-31": "0.13550", "2015-09-30": "0.13540", "2015-06-30": "0.07240", "2015-03-31": "0.07110", "2014-12-31": "0.06860", "2014-09-30": "0.06930", "2014-06-30": "0.07020", "2014-03-31": "0.06880", "2013-12-31": "0.06920", "2013-09-30": "0.06990", "2013-06-30": "", "2013-03-31": "", "2012-12-31": "", "2012-09-30": "0.06640", "2012-06-30": "0.06990", "2012-03-31": "0.06990", "2011-12-31": "0.07000", "2011-09-30": "0.07480", "2011-06-30": "0.08480", "2011-03-31": "0.08120", "2010-12-31": "0.07460", "2010-09-30": "0.08250", "2010-06-30": "0.08110", "2010-03-31": "0.08300", "2009-12-31": "0.08840", "2009-09-30": "0.09310", "2009-06-30": "0.09360", "2009-03-31": "0.12940", "2008-12-31": "0.13470", "2008-09-30": "0.14810", "2008-06-30": "0.15900", "2008-03-31": "0.16520", "2007-12-31": "0.15450", "2007-09-30": "0.15910", "2007-06-30": "0.15320", "2007-03-31": "0.14590", "2006-12-31": "0.14590", "2006-09-30": "", "2006-06-30": "", "2006-03-31": "", "2005-12-31": "", "2005-09-30": "0.12470", "2005-06-30": "0.13380", "2005-03-31": "0.14800"}, "Debt/Equity Ratio": {"2020-12-31": "0.60620", "2020-09-30": "0.64110", "2020-06-30": "0.75520", "2020-03-31": "0.43480", "2019-12-31": "0.22280", "2019-09-30": "0.23800", "2019-06-30": "0.22970", "2019-03-31": "0.20960", "2018-12-31": "0.20480", "2018-09-30": "0.19750", "2018-06-30": "0.17160", "2018-03-31": "0.17240", "2017-12-31": "0.17270", "2017-09-30": "0.16820", "2017-06-30": "0.17570", "2017-03-31": "0.17830", "2016-12-31": "0.16320", "2016-09-30": "0.19230", "2016-06-30": "0.19410", "2016-03-31": "0.19050", "2015-12-31": "0.16060", "2015-09-30": "0.19080", "2015-06-30": "0.11870", "2015-03-31": "0.13670", "2014-12-31": "0.10130", "2014-09-30": "0.12660", "2014-06-30": "0.07550", "2014-03-31": "0.07390", "2013-12-31": "0.07440", "2013-09-30": "0.14610", "2013-06-30": "0.07210", "2013-03-31": "0.07050", "2012-12-31": "0.07270", "2012-09-30": "0.07110", "2012-06-30": "0.07520", "2012-03-31": "0.07510", "2011-12-31": "0.07520", "2011-09-30": "0.11040", "2011-06-30": "0.09510", "2011-03-31": "0.08830", "2010-12-31": "0.08060", "2010-09-30": "0.08990", "2010-06-30": "0.08820", "2010-03-31": "0.09050", "2009-12-31": "0.09700", "2009-09-30": "0.10270", "2009-06-30": "0.14760", "2009-03-31": "0.14860", "2008-12-31": "0.15570", "2008-09-30": "0.17390", "2008-06-30": "0.18910", "2008-03-31": "0.28420", "2007-12-31": "0.25760", "2007-09-30": "0.26870", "2007-06-30": "0.25560", "2007-03-31": "0.17080", "2006-12-31": "0.17080", "2006-09-30": "0.13150", "2006-06-30": "0.13910", "2006-03-31": "0.13680", "2005-12-31": "0.13200", "2005-09-30": "0.14250", "2005-06-30": "0.15440", "2005-03-31": "0.17370"}, "Gross Margin": {"2020-12-31": "64.93580", "2020-09-30": "66.97950", "2020-06-30": "71.52820", "2020-03-31": "46.65260", "2019-12-31": "62.20940", "2019-09-30": "61.48170", "2019-06-30": "64.44570", "2019-03-31": "59.87250", "2018-12-31": "61.39180", "2018-09-30": "60.87290", "2018-06-30": "64.41110", "2018-03-31": "59.41010", "2017-12-31": "60.67730", "2017-09-30": "59.83660", "2017-06-30": "63.18760", "2017-03-31": "52.32530", "2016-12-31": "57.34280", "2016-09-30": "52.41130", "2016-06-30": "57.63430", "2016-03-31": "54.17380", "2015-12-31": "56.21790", "2015-09-30": "56.49750", "2015-06-30": "59.70330", "2015-03-31": "55.37050", "2014-12-31": "57.00940", "2014-09-30": "56.77030", "2014-06-30": "61.06560", "2014-03-31": "56.24000", "2013-12-31": "58.16380", "2013-09-30": "56.60570", "2013-06-30": "60.73810", "2013-03-31": "59.30660", "2012-12-31": "59.26330", "2012-09-30": "58.80770", "2012-06-30": "62.27240", "2012-03-31": "57.05930", "2011-12-31": "57.13340", "2011-09-30": "56.63130", "2011-06-30": "62.99140", "2011-03-31": "56.78750", "2010-12-31": "58.64990", "2010-09-30": "57.95310", "2010-06-30": "61.75320", "2010-03-31": "59.03820", "2009-12-31": "58.17990", "2009-09-30": "57.10960", "2009-06-30": "58.72810", "2009-03-31": "51.81310", "2008-12-31": "53.49040", "2008-09-30": "55.16130", "2008-06-30": "57.32760", "2008-03-31": "54.34770", "2007-12-31": "53.27610", "2007-09-30": "53.51400", "2007-06-30": "55.31160", "2007-03-31": "54.11620", "2006-12-31": "53.68540", "2006-09-30": "54.21670", "2006-06-30": "55.73620", "2006-03-31": "54.04020", "2005-12-31": "53.39030", "2005-09-30": "53.67920", "2005-06-30": "55.11370", "2005-03-31": "52.85510"}, "Operating Margin": {"2020-12-31": "11.89280", "2020-09-30": "-1.70090", "2020-06-30": "-34.46150", "2020-03-31": "-22.27460", "2019-12-31": "12.81770", "2019-09-30": "13.66190", "2019-06-30": "10.02940", "2019-03-31": "1.85300", "2018-12-31": "11.22960", "2018-09-30": "12.41940", "2018-06-30": "9.35570", "2018-03-31": "1.66100", "2017-12-31": "11.52390", "2017-09-30": "11.61520", "2017-06-30": "6.70330", "2017-03-31": "-16.97330", "2016-12-31": "7.48280", "2016-09-30": "4.19090", "2016-06-30": "-2.01010", "2016-03-31": "3.62340", "2015-12-31": "9.71220", "2015-09-30": "11.67510", "2015-06-30": "5.93330", "2015-03-31": "10.09920", "2014-12-31": "15.49430", "2014-09-30": "14.34300", "2014-06-30": "14.28570", "2014-03-31": "12.05140", "2013-12-31": "16.57570", "2013-09-30": "15.40470", "2013-06-30": "16.69690", "2013-03-31": "11.07060", "2012-12-31": "16.52220", "2012-09-30": "18.68960", "2012-06-30": "18.33020", "2012-03-31": "8.37750", "2011-12-31": "14.95900", "2011-09-30": "18.41860", "2011-06-30": "18.48140", "2011-03-31": "8.21360", "2010-12-31": "15.91090", "2010-09-30": "20.06400", "2010-06-30": "15.10450", "2010-03-31": "12.84870", "2009-12-31": "13.86770", "2009-09-30": "17.89400", "2009-06-30": "11.39980", "2009-03-31": "3.21790", "2008-12-31": "13.30670", "2008-09-30": "16.99910", "2008-06-30": "13.16450", "2008-03-31": "11.62870", "2007-12-31": "13.44310", "2007-09-30": "14.82570", "2007-06-30": "13.62240", "2007-03-31": "11.64550", "2006-12-31": "16.10560", "2006-09-30": "18.41790", "2006-06-30": "13.98910", "2006-03-31": "11.91970", "2005-12-31": "14.42490", "2005-09-30": "17.22800", "2005-06-30": "10.66630", "2005-03-31": "4.59840"}, "EBIT Margin": {"2020-12-31": "11.89280", "2020-09-30": "-1.70090", "2020-06-30": "-34.46150", "2020-03-31": "-22.27460", "2019-12-31": "12.81770", "2019-09-30": "13.66190", "2019-06-30": "10.02940", "2019-03-31": "1.85300", "2018-12-31": "11.22960", "2018-09-30": "12.41940", "2018-06-30": "9.35570", "2018-03-31": "1.66100", "2017-12-31": "11.52390", "2017-09-30": "11.61520", "2017-06-30": "6.70330", "2017-03-31": "-16.97330", "2016-12-31": "7.48280", "2016-09-30": "4.19090", "2016-06-30": "-2.01010", "2016-03-31": "3.62340", "2015-12-31": "9.71220", "2015-09-30": "11.67510", "2015-06-30": "5.93330", "2015-03-31": "10.09920", "2014-12-31": "15.49430", "2014-09-30": "14.34300", "2014-06-30": "14.28570", "2014-03-31": "12.05140", "2013-12-31": "16.57570", "2013-09-30": "15.40470", "2013-06-30": "16.69690", "2013-03-31": "11.07060", "2012-12-31": "16.52220", "2012-09-30": "18.68960", "2012-06-30": "18.33020", "2012-03-31": "8.37750", "2011-12-31": "14.95900", "2011-09-30": "18.41860", "2011-06-30": "18.48140", "2011-03-31": "8.21360", "2010-12-31": "15.91090", "2010-09-30": "20.06400", "2010-06-30": "15.10450", "2010-03-31": "12.84870", "2009-12-31": "13.86770", "2009-09-30": "17.89400", "2009-06-30": "11.39980", "2009-03-31": "3.21790", "2008-12-31": "13.30670", "2008-09-30": "16.99910", "2008-06-30": "13.16450", "2008-03-31": "11.62860", "2007-12-31": "13.44310", "2007-09-30": "14.82570", "2007-06-30": "13.62240", "2007-03-31": "11.64550", "2006-12-31": "16.10560", "2006-09-30": "18.41790", "2006-06-30": "13.98910", "2006-03-31": "11.91970", "2005-12-31": "14.42490", "2005-09-30": "17.22800", "2005-06-30": "10.66630", "2005-03-31": "4.59840"}, "EBITDA Margin": {"2020-12-31": "", "2020-09-30": "", "2020-06-30": "", "2020-03-31": "", "2019-12-31": "", "2019-09-30": "", "2019-06-30": "", "2019-03-31": "", "2018-12-31": "", "2018-09-30": "", "2018-06-30": "", "2018-03-31": "", "2017-12-31": "", "2017-09-30": "", "2017-06-30": "", "2017-03-31": "", "2016-12-31": "", "2016-09-30": "", "2016-06-30": "", "2016-03-31": "", "2015-12-31": "", "2015-09-30": "", "2015-06-30": "", "2015-03-31": "", "2014-12-31": "", "2014-09-30": "", "2014-06-30": "", "2014-03-31": "", "2013-12-31": "", "2013-09-30": "", "2013-06-30": "", "2013-03-31": "", "2012-12-31": "", "2012-09-30": "", "2012-06-30": "", "2012-03-31": "", "2011-12-31": "", "2011-09-30": "", "2011-06-30": "", "2011-03-31": "", "2010-12-31": "", "2010-09-30": "", "2010-06-30": "", "2010-03-31": "", "2009-12-31": "", "2009-09-30": "", "2009-06-30": "", "2009-03-31": "", "2008-12-31": "", "2008-09-30": "", "2008-06-30": "", "2008-03-31": "", "2007-12-31": "", "2007-09-30": "", "2007-06-30": "", "2007-03-31": "", "2006-12-31": "", "2006-09-30": "", "2006-06-30": "", "2006-03-31": "", "2005-12-31": "", "2005-09-30": "", "2005-06-30": "", "2005-03-31": ""}, "Pre-Tax Profit Margin": {"2020-12-31": "11.32050", "2020-09-30": "-2.43820", "2020-06-30": "-35.40510", "2020-03-31": "-22.54140", "2019-12-31": "13.16050", "2019-09-30": "13.86710", "2019-06-30": "10.26040", "2019-03-31": "2.34440", "2018-12-31": "11.55990", "2018-09-30": "12.70330", "2018-06-30": "9.55700", "2018-03-31": "1.62830", "2017-12-31": "11.34730", "2017-09-30": "11.48900", "2017-06-30": "6.44350", "2017-03-31": "-17.15220", "2016-12-31": "7.17950", "2016-09-30": "4.04810", "2016-06-30": "-2.13890", "2016-03-31": "3.30270", "2015-12-31": "9.30110", "2015-09-30": "11.11680", "2015-06-30": "5.56240", "2015-03-31": "9.19750", "2014-12-31": "14.80570", "2014-09-30": "13.94180", "2014-06-30": "13.75880", "2014-03-31": "11.73010", "2013-12-31": "16.07940", "2013-09-30": "15.03920", "2013-06-30": "16.03150", "2013-03-31": "10.21900", "2012-12-31": "15.98050", "2012-09-30": "18.36740", "2012-06-30": "17.82800", "2012-03-31": "8.06330", "2011-12-31": "14.51600", "2011-09-30": "18.24530", "2011-06-30": "17.98350", "2011-03-31": "7.81410", "2010-12-31": "15.40050", "2010-09-30": "19.97260", "2010-06-30": "14.69700", "2010-03-31": "12.51960", "2009-12-31": "13.30490", "2009-09-30": "17.63210", "2009-06-30": "11.14580", "2009-03-31": "3.15260", "2008-12-31": "12.62780", "2008-09-30": "17.11810", "2008-06-30": "13.12860", "2008-03-31": "11.70920", "2007-12-31": "12.87600", "2007-09-30": "14.64860", "2007-06-30": "13.55700", "2007-03-31": "11.67460", "2006-12-31": "15.80830", "2006-09-30": "18.30650", "2006-06-30": "13.47530", "2006-03-31": "11.35360", "2005-12-31": "14.37470", "2005-09-30": "16.40060", "2005-06-30": "10.77270", "2005-03-31": "4.64540"}, "Net Profit Margin": {"2020-12-31": "8.36130", "2020-09-30": "-3.27610", "2020-06-30": "-26.19490", "2020-03-31": "-19.54320", "2019-12-31": "19.08380", "2019-09-30": "10.67280", "2019-06-30": "8.19570", "2019-03-31": "2.09870", "2018-12-31": "6.95330", "2018-09-30": "10.07160", "2018-06-30": "7.83830", "2018-03-31": "2.70080", "2017-12-31": "-4.98230", "2017-09-30": "8.64080", "2017-06-30": "4.41690", "2017-03-31": "-13.03180", "2016-12-31": "4.74160", "2016-09-30": "2.51020", "2016-06-30": "-1.43670", "2016-03-31": "2.21250", "2015-12-31": "6.73180", "2015-09-30": "8.12180", "2015-06-30": "3.95550", "2015-03-31": "6.58780", "2014-12-31": "10.57550", "2014-09-30": "10.08020", "2014-06-30": "9.48480", "2014-03-31": "8.19500", "2013-12-31": "11.76180", "2013-09-30": "10.70500", "2013-06-30": "10.94980", "2013-03-31": "7.72510", "2012-12-31": "11.70100", "2012-09-30": "11.49300", "2012-06-30": "12.11550", "2012-03-31": "5.81500", "2011-12-31": "9.35980", "2011-09-30": "12.25980", "2011-06-30": "12.06110", "2011-03-31": "5.13000", "2010-12-31": "10.87860", "2010-09-30": "13.39340", "2010-06-30": "10.47430", "2010-03-31": "8.53340", "2009-12-31": "8.93160", "2009-09-30": "12.91660", "2009-06-30": "7.50220", "2009-03-31": "3.63440", "2008-12-31": "8.41050", "2008-09-30": "11.26740", "2008-06-30": "8.54890", "2008-03-31": "8.34070", "2007-12-31": "8.87540", "2007-09-30": "8.87540", "2007-06-30": "8.25000", "2007-03-31": "7.09780", "2006-12-31": "9.66160", "2006-09-30": "11.74150", "2006-06-30": "8.41020", "2006-03-31": "6.42310", "2005-12-31": "9.11100", "2005-09-30": "10.14210", "2005-06-30": "6.74290", "2005-03-31": "2.59040"}, "Asset Turnover": {"2020-12-31": "0.17530", "2020-09-30": "0.15400", "2020-06-30": "0.06300", "2020-03-31": "0.17500", "2019-12-31": "0.23510", "2019-09-30": "0.23600", "2019-06-30": "0.19460", "2019-03-31": "0.25340", "2018-12-31": "0.28330", "2018-09-30": "0.27470", "2018-06-30": "0.23040", "2018-03-31": "0.24890", "2017-12-31": "0.26480", "2017-09-30": "0.27610", "2017-06-30": "0.23170", "2017-03-31": "0.27700", "2016-12-31": "0.28740", "2016-09-30": "0.30010", "2016-06-30": "0.25370", "2016-03-31": "0.30120", "2015-12-31": "0.30690", "2015-09-30": "0.30580", "2015-06-30": "0.26660", "2015-03-31": "0.30880", "2014-12-31": "0.32050", "2014-09-30": "0.31170", "2014-06-30": "0.27860", "2014-03-31": "0.30670", "2013-12-31": "0.33250", "2013-09-30": "0.30560", "2013-06-30": "0.30270", "2013-03-31": "0.30340", "2012-12-31": "0.33630", "2012-09-30": "0.33710", "2012-06-30": "0.30670", "2012-03-31": "0.29970", "2011-12-31": "0.33900", "2011-09-30": "0.35740", "2011-06-30": "0.30770", "2011-03-31": "0.28650", "2010-12-31": "0.30910", "2010-09-30": "0.31430", "2010-06-30": "0.25630", "2010-03-31": "0.28760", "2009-12-31": "0.26740", "2009-09-30": "0.30060", "2009-06-30": "0.22740", "2009-03-31": "0.28110", "2008-12-31": "0.28550", "2008-09-30": "0.33420", "2008-06-30": "0.26130", "2008-03-31": "0.28430", "2007-12-31": "0.29230", "2007-09-30": "0.31020", "2007-06-30": "0.26790", "2007-03-31": "0.27440", "2006-12-31": "0.32390", "2006-09-30": "0.35140", "2006-06-30": "0.29940", "2006-03-31": "0.31450", "2005-12-31": "0.32990", "2005-09-30": "0.35270", "2005-06-30": "0.27400", "2005-03-31": "0.33090"}, "Inventory Turnover Ratio": {"2020-12-31": "0.58010", "2020-09-30": "0.44430", "2020-06-30": "0.17950", "2020-03-31": "0.92330", "2019-12-31": "0.73140", "2019-09-30": "0.64910", "2019-06-30": "0.51390", "2019-03-31": "0.73880", "2018-12-31": "0.72860", "2018-09-30": "0.66520", "2018-06-30": "0.55610", "2018-03-31": "0.81530", "2017-12-31": "0.78220", "2017-09-30": "0.77310", "2017-06-30": "0.57670", "2017-03-31": "0.94290", "2016-12-31": "0.74330", "2016-09-30": "0.73860", "2016-06-30": "0.52950", "2016-03-31": "0.76250", "2015-12-31": "0.67030", "2015-09-30": "0.62100", "2015-06-30": "0.51340", "2015-03-31": "0.80750", "2014-12-31": "0.72170", "2014-09-30": "0.66720", "2014-06-30": "0.56360", "2014-03-31": "0.80100", "2013-12-31": "0.75470", "2013-09-30": "0.68400", "2013-06-30": "0.61630", "2013-03-31": "0.74670", "2012-12-31": "0.76650", "2012-09-30": "0.72340", "2012-06-30": "0.62340", "2012-03-31": "0.82830", "2011-12-31": "0.86510", "2011-09-30": "0.83570", "2011-06-30": "0.63030", "2011-03-31": "0.87820", "2010-12-31": "0.91740", "2010-09-30": "0.87950", "2010-06-30": "0.70060", "2010-03-31": "1.08670", "2009-12-31": "0.95430", "2009-09-30": "0.96560", "2009-06-30": "0.68990", "2009-03-31": "1.12360", "2008-12-31": "0.99520", "2008-09-30": "1.03460", "2008-06-30": "0.83650", "2008-03-31": "1.10020", "2007-12-31": "1.02080", "2007-09-30": "0.95000", "2007-06-30": "0.79100", "2007-03-31": "0.89810", "2006-12-31": "1.09460", "2006-09-30": "0.91100", "2006-06-30": "0.80310", "2006-03-31": "0.91970", "2005-12-31": "1.04680", "2005-09-30": "0.92750", "2005-06-30": "0.72180", "2005-03-31": "0.98890"}, "Receiveable Turnover": {"2020-12-31": "3.19320", "2020-09-30": "2.87520", "2020-06-30": "2.82450", "2020-03-31": "3.52060", "2019-12-31": "4.58660", "2019-09-30": "3.30150", "2019-06-30": "4.41400", "2019-03-31": "3.50000", "2018-12-31": "5.09990", "2018-09-30": "3.61920", "2018-06-30": "4.67740", "2018-03-31": "3.32870", "2017-12-31": "4.49810", "2017-09-30": "3.07730", "2017-06-30": "3.77660", "2017-03-31": "2.95580", "2016-12-31": "4.92700", "2016-09-30": "3.31620", "2016-06-30": "3.90000", "2016-03-31": "3.25820", "2015-12-31": "3.58380", "2015-09-30": "2.98940", "2015-06-30": "3.52510", "2015-03-31": "2.64790", "2014-12-31": "4.27100", "2014-09-30": "2.83640", "2014-06-30": "4.08610", "2014-03-31": "2.87230", "2013-12-31": "4.40920", "2013-09-30": "3.13420", "2013-06-30": "4.38460", "2013-03-31": "3.37580", "2012-12-31": "4.58290", "2012-09-30": "2.96030", "2012-06-30": "3.83860", "2012-03-31": "2.87630", "2011-12-31": "4.01240", "2011-09-30": "2.97870", "2011-06-30": "3.72020", "2011-03-31": "2.85040", "2010-12-31": "4.57850", "2010-09-30": "2.92780", "2010-06-30": "4.26990", "2010-03-31": "3.48930", "2009-12-31": "4.73150", "2009-09-30": "2.84870", "2009-06-30": "4.08990", "2009-03-31": "2.57820", "2008-12-31": "4.03220", "2008-09-30": "2.69050", "2008-06-30": "3.59110", "2008-03-31": "2.44080", "2007-12-31": "3.58190", "2007-09-30": "2.36500", "2007-06-30": "3.31360", "2007-03-31": "2.20600", "2006-12-31": "3.11800", "2006-09-30": "2.22330", "2006-06-30": "2.72690", "2006-03-31": "2.00640", "2005-12-31": "2.79100", "2005-09-30": "2.24000", "2005-06-30": "2.72820", "2005-03-31": "1.97980"}, "Days Sales In Receivables": {"2020-12-31": "28.18470", "2020-09-30": "31.30210", "2020-06-30": "31.86460", "2020-03-31": "25.56390", "2019-12-31": "19.62240", "2019-09-30": "27.26060", "2019-06-30": "20.38980", "2019-03-31": "25.71430", "2018-12-31": "17.64750", "2018-09-30": "24.86720", "2018-06-30": "19.24130", "2018-03-31": "27.03770", "2017-12-31": "20.00850", "2017-09-30": "29.24650", "2017-06-30": "23.83120", "2017-03-31": "30.44850", "2016-12-31": "18.26670", "2016-09-30": "27.13940", "2016-06-30": "23.07690", "2016-03-31": "27.62240", "2015-12-31": "25.11310", "2015-09-30": "30.10660", "2015-06-30": "25.53150", "2015-03-31": "33.98930", "2014-12-31": "21.07230", "2014-09-30": "31.73020", "2014-06-30": "22.02580", "2014-03-31": "31.33370", "2013-12-31": "20.41190", "2013-09-30": "28.71540", "2013-06-30": "20.52630", "2013-03-31": "26.66060", "2012-12-31": "19.63810", "2012-09-30": "30.40280", "2012-06-30": "23.44630", "2012-03-31": "31.28990", "2011-12-31": "22.43020", "2011-09-30": "30.21420", "2011-06-30": "24.19220", "2011-03-31": "31.57480", "2010-12-31": "19.65700", "2010-09-30": "30.74020", "2010-06-30": "21.07780", "2010-03-31": "25.79310", "2009-12-31": "19.02160", "2009-09-30": "31.59370", "2009-06-30": "22.00550", "2009-03-31": "34.90770", "2008-12-31": "22.32030", "2008-09-30": "33.45160", "2008-06-30": "25.06200", "2008-03-31": "36.87320", "2007-12-31": "25.12600", "2007-09-30": "38.05480", "2007-06-30": "27.16060", "2007-03-31": "40.79800", "2006-12-31": "28.86420", "2006-09-30": "40.47990", "2006-06-30": "33.00440", "2006-03-31": "44.85640", "2005-12-31": "32.24600", "2005-09-30": "40.17770", "2005-06-30": "32.98820", "2005-03-31": "45.45860"}, "ROE - Return On Equity": {"2020-12-31": "4.45020", "2020-09-30": "-1.53690", "2020-06-30": "-4.99710", "2020-03-31": "-9.24590", "2019-12-31": "10.72040", "2019-09-30": "6.25000", "2019-06-30": "3.88680", "2019-03-31": "0.96130", "2018-12-31": "3.57790", "2018-09-30": "4.91910", "2018-06-30": "3.18620", "2018-03-31": "1.19450", "2017-12-31": "-2.40060", "2017-09-30": "4.09730", "2017-06-30": "1.77080", "2017-03-31": "-6.18260", "2016-12-31": "2.25210", "2016-09-30": "1.27020", "2016-06-30": "-0.62540", "2016-03-31": "1.10590", "2015-12-31": "3.44370", "2015-09-30": "4.19840", "2015-06-30": "1.68110", "2015-03-31": "3.19200", "2014-12-31": "5.27610", "2014-09-30": "4.98880", "2014-06-30": "4.07860", "2014-03-31": "3.79280", "2013-12-31": "5.87510", "2013-09-30": "5.13660", "2013-06-30": "4.81260", "2013-03-31": "3.35540", "2012-12-31": "5.72990", "2012-09-30": "5.72740", "2012-06-30": "5.55910", "2012-03-31": "2.58450", "2011-12-31": "4.78790", "2011-09-30": "6.90030", "2011-06-30": "5.75010", "2011-03-31": "2.21500", "2010-12-31": "4.93410", "2010-09-30": "6.46810", "2010-06-30": "4.07310", "2010-03-31": "3.66100", "2009-12-31": "3.61170", "2009-09-30": "5.92540", "2009-06-30": "2.71280", "2009-03-31": "1.62700", "2008-12-31": "3.90810", "2008-09-30": "6.37520", "2008-06-30": "3.83190", "2008-03-31": "4.41900", "2007-12-31": "4.69560", "2007-09-30": "5.14090", "2007-06-30": "3.96300", "2007-03-31": "3.13500", "2006-12-31": "4.79180", "2006-09-30": "6.23040", "2006-06-30": "3.83400", "2006-03-31": "3.04450", "2005-12-31": "4.59150", "2005-09-30": "5.54570", "2005-06-30": "2.90860", "2005-03-31": "1.39470"}, "Return On Tangible Equity": {"2020-12-31": "7.40880", "2020-09-30": "-2.64550", "2020-06-30": "-8.52750", "2020-03-31": "-15.21450", "2019-12-31": "16.27220", "2019-09-30": "9.85660", "2019-06-30": "6.06960", "2019-03-31": "1.43380", "2018-12-31": "5.31070", "2018-09-30": "7.22100", "2018-06-30": "4.71680", "2018-03-31": "1.78100", "2017-12-31": "-3.60190", "2017-09-30": "6.07030", "2017-06-30": "2.67750", "2017-03-31": "-9.37840", "2016-12-31": "3.27160", "2016-09-30": "1.88300", "2016-06-30": "-0.93070", "2016-03-31": "1.60360", "2015-12-31": "4.93410", "2015-09-30": "6.03770", "2015-06-30": "2.41870", "2015-03-31": "4.56450", "2014-12-31": "7.45230", "2014-09-30": "7.16320", "2014-06-30": "5.96470", "2014-03-31": "5.52150", "2013-12-31": "8.55290", "2013-09-30": "7.57580", "2013-06-30": "7.31900", "2013-03-31": "5.10250", "2012-12-31": "8.86410", "2012-09-30": "9.01930", "2012-06-30": "9.12870", "2012-03-31": "4.12320", "2011-12-31": "7.87480", "2011-09-30": "11.78820", "2011-06-30": "10.24260", "2011-03-31": "3.85120", "2010-12-31": "8.31890", "2010-09-30": "11.39490", "2010-06-30": "7.36630", "2010-03-31": "6.45800", "2009-12-31": "6.41200", "2009-09-30": "10.66450", "2009-06-30": "5.09120", "2009-03-31": "3.13420", "2008-12-31": "7.72110", "2008-09-30": "13.27730", "2008-06-30": "8.19560", "2008-03-31": "9.91270", "2007-12-31": "10.33190", "2007-09-30": "12.34610", "2007-06-30": "9.47730", "2007-03-31": "5.87150", "2006-12-31": "8.18580", "2006-09-30": "11.01110", "2006-06-30": "7.07670", "2006-03-31": "5.71740", "2005-12-31": "6.95920", "2005-09-30": "8.65800", "2005-06-30": "4.41130", "2005-03-31": "2.18460"}, "ROA - Return On Assets": {"2020-12-31": "1.46590", "2020-09-30": "-0.50440", "2020-06-30": "-1.64980", "2020-03-31": "-3.42040", "2019-12-31": "4.48700", "2019-09-30": "2.51920", "2019-06-30": "1.59460", "2019-03-31": "0.53170", "2018-12-31": "1.96980", "2018-09-30": "2.76660", "2018-06-30": "1.80600", "2018-03-31": "0.67230", "2017-12-31": "-1.31960", "2017-09-30": "2.38540", "2017-06-30": "1.02340", "2017-03-31": "-3.60930", "2016-12-31": "1.36270", "2016-09-30": "0.75330", "2016-06-30": "-0.36450", "2016-03-31": "0.66630", "2015-12-31": "2.06590", "2015-09-30": "2.48330", "2015-06-30": "1.05470", "2015-03-31": "2.03410", "2014-12-31": "3.38900", "2014-09-30": "3.14160", "2014-06-30": "2.64270", "2014-03-31": "2.51310", "2013-12-31": "3.91090", "2013-09-30": "3.27160", "2013-06-30": "3.31500", "2013-03-31": "2.34400", "2012-12-31": "3.93500", "2012-09-30": "3.87440", "2012-06-30": "3.71580", "2012-03-31": "1.74290", "2011-12-31": "3.17280", "2011-09-30": "4.38220", "2011-06-30": "3.71150", "2011-03-31": "1.46960", "2010-12-31": "3.36220", "2010-09-30": "4.20920", "2010-06-30": "2.68500", "2010-03-31": "2.45430", "2009-12-31": "2.38850", "2009-09-30": "3.88230", "2009-06-30": "1.70640", "2009-03-31": "1.02150", "2008-12-31": "2.40120", "2008-09-30": "3.76500", "2008-06-30": "2.23390", "2008-03-31": "2.41900", "2007-12-31": "2.59400", "2007-09-30": "2.75340", "2007-06-30": "2.21000", "2007-03-31": "1.94780", "2006-12-31": "3.12980", "2006-09-30": "4.12640", "2006-06-30": "2.51840", "2006-03-31": "2.02030", "2005-12-31": "3.00580", "2005-09-30": "3.57670", "2005-06-30": "1.84780", "2005-03-31": "0.85710"}, "ROI - Return On Investment": {"2020-12-31": "2.77060", "2020-09-30": "-0.93650", "2020-06-30": "-3.05090", "2020-03-31": "-8.05960", "2019-12-31": "9.51090", "2019-09-30": "5.50200", "2019-06-30": "3.16070", "2019-03-31": "0.79470", "2018-12-31": "2.96980", "2018-09-30": "4.10770", "2018-06-30": "2.93880", "2018-03-31": "1.10270", "2017-12-31": "-2.21210", "2017-09-30": "3.78280", "2017-06-30": "1.50610", "2017-03-31": "-5.24720", "2016-12-31": "1.93620", "2016-09-30": "1.08940", "2016-06-30": "-0.53500", "2016-03-31": "0.95380", "2015-12-31": "2.97730", "2015-09-30": "3.62980", "2015-06-30": "1.55950", "2015-03-31": "2.96490", "2014-12-31": "4.91430", "2014-09-30": "4.64310", "2014-06-30": "3.79210", "2014-03-31": "3.53190", "2013-12-31": "5.46840", "2013-09-30": "4.77740", "2013-06-30": "4.81260", "2013-03-31": "3.35540", "2012-12-31": "5.72990", "2012-09-30": "5.34710", "2012-06-30": "5.17040", "2012-03-31": "2.40390", "2011-12-31": "4.45290", "2011-09-30": "6.38400", "2011-06-30": "5.26240", "2011-03-31": "2.03530", "2010-12-31": "4.56600", "2010-09-30": "5.93460", "2010-06-30": "3.74280", "2010-03-31": "3.35720", "2009-12-31": "3.29240", "2009-09-30": "5.37370", "2009-06-30": "2.45880", "2009-03-31": "1.41650", "2008-12-31": "3.38150", "2008-09-30": "5.43080", "2008-06-30": "3.22250", "2008-03-31": "3.68910", "2007-12-31": "3.97030", "2007-09-30": "4.32290", "2007-06-30": "3.35590", "2007-03-31": "2.67770", "2006-12-31": "4.09290", "2006-09-30": "6.23040", "2006-06-30": "3.83400", "2006-03-31": "3.04450", "2005-12-31": "4.59150", "2005-09-30": "4.85420", "2005-06-30": "2.51950", "2005-03-31": "1.18830"}, "Book Value Per Share": {"2020-12-31": "36.82630", "2020-09-30": "34.80300", "2020-06-30": "34.95900", "2020-03-31": "37.14620", "2019-12-31": "42.28630", "2019-09-30": "39.05630", "2019-06-30": "39.02590", "2019-03-31": "42.08960", "2018-12-31": "42.67050", "2018-09-30": "43.00620", "2018-06-30": "42.18250", "2018-03-31": "42.52640", "2017-12-31": "41.91270", "2017-09-30": "43.16850", "2017-06-30": "41.48270", "2017-03-31": "40.73580", "2016-12-31": "43.91730", "2016-09-30": "43.77130", "2016-06-30": "43.32930", "2016-03-31": "45.15680", "2015-12-31": "45.28570", "2015-09-30": "44.99410", "2015-06-30": "44.42240", "2015-03-31": "45.08690", "2014-12-31": "46.67810", "2014-09-30": "45.94070", "2014-06-30": "45.13640", "2014-03-31": "45.47920", "2013-12-31": "45.02230", "2013-09-30": "44.14820", "2013-06-30": "41.55800", "2013-03-31": "41.63920", "2012-12-31": "41.56230", "2012-09-30": "40.83500", "2012-06-30": "38.10980", "2012-03-31": "39.40130", "2011-12-31": "38.24160", "2011-09-30": "36.74160", "2011-06-30": "34.65040", "2011-03-31": "34.97040", "2010-12-31": "35.47820", "2010-09-30": "33.39470", "2010-06-30": "30.95830", "2010-03-31": "31.73730", "2009-12-31": "31.19780", "2009-09-30": "30.25860", "2009-06-30": "28.39520", "2009-03-31": "27.57160", "2008-12-31": "27.18870", "2008-09-30": "25.58660", "2008-06-30": "24.81920", "2008-03-31": "24.01710", "2007-12-31": "23.57660", "2007-09-30": "22.09660", "2007-06-30": "21.56920", "2007-03-31": "22.45100", "2006-12-31": "22.08810", "2006-09-30": "21.08250", "2006-06-30": "19.99810", "2006-03-31": "19.44590", "2005-12-31": "18.09490", "2005-09-30": "17.92480", "2005-06-30": "16.74810", "2005-03-31": "16.25320"}, "Operating Cash Flow Per Share": {"2020-12-31": 4.6581, "2020-09-30": 0.7889, "2020-06-30": "-0.96170", "2020-03-31": -0.0935, "2019-12-31": 7.2481, "2019-09-30": 0.1494, "2019-06-30": "2.47060", "2019-03-31": 1.181, "2018-12-31": 5.8245, "2018-09-30": -0.1802, "2018-06-30": "2.76830", "2018-03-31": 0.178, "2017-12-31": 6.3316, "2017-09-30": 1.2589, "2017-06-30": "4.05090", "2017-03-31": 1.3062, "2016-12-31": 7.4168, "2016-09-30": -0.1203, "2016-06-30": "2.91600", "2016-03-31": 1.871, "2015-12-31": 5.7091, "2015-09-30": 0.4615, "2015-06-30": "3.79430", "2015-03-31": 0.0258, "2014-12-31": 6.917, "2014-09-30": -1.5179, "2014-06-30": "4.60090", "2014-03-31": 1.5798, "2013-12-31": 5.8928, "2013-09-30": -0.7825, "2013-06-30": "3.16860", "2013-03-31": 1.261, "2012-12-31": 6.3272, "2012-09-30": 0.4583, "2012-06-30": "2.82860", "2012-03-31": 1.0036, "2011-12-31": 5.276, "2011-09-30": 0.7932, "2011-06-30": "2.19420", "2011-03-31": 0.9196, "2010-12-31": 3.7724, "2010-09-30": 0.57, "2010-06-30": "1.71570", "2010-03-31": 1.0167, "2009-12-31": 4.7775, "2009-09-30": 0.2747, "2009-06-30": "2.87980", "2009-03-31": 0.1868, "2008-12-31": 3.6444, "2008-09-30": -0.074, "2008-06-30": "3.88540", "2008-03-31": -0.0992, "2007-12-31": 4.2977, "2007-09-30": -0.2052, "2007-06-30": "2.61700", "2007-03-31": 1.3197, "2006-12-31": 3.6876, "2006-09-30": 0.2471, "2006-06-30": "2.14430", "2006-03-31": -0.3895, "2005-12-31": 2.7344, "2005-09-30": 0.0369, "2005-06-30": "1.80760", "2005-03-31": 3.6695}, "Free Cash Flow Per Share": {"2020-12-31": 4.3082, "2020-09-30": 0.347, "2020-06-30": "-1.25310", "2020-03-31": -0.7502, "2019-12-31": 6.0824, "2019-09-30": -0.9021, "2019-06-30": "2.11260", "2019-03-31": 0.5972, "2018-12-31": 5.3645, "2018-09-30": -0.8036, "2018-06-30": "2.26050", "2018-03-31": -0.2753, "2017-12-31": 5.7337, "2017-09-30": 0.8592, "2017-06-30": "3.54300", "2017-03-31": 0.5792, "2016-12-31": 6.6977, "2016-09-30": -1.1767, "2016-06-30": "1.98440", "2016-03-31": 0.8095, "2015-12-31": 4.2567, "2015-09-30": -1.1101, "2015-06-30": "3.01710", "2015-03-31": -0.994, "2014-12-31": 5.5193, "2014-09-30": -2.5486, "2014-06-30": "3.65850", "2014-03-31": 0.5542, "2013-12-31": 5.0003, "2013-09-30": -2.3946, "2013-06-30": "2.45970", "2013-03-31": 0.4055, "2012-12-31": 5.4898, "2012-09-30": -0.1424, "2012-06-30": "2.17670", "2012-03-31": -0.1576, "2011-12-31": 4.5627, "2011-09-30": 0.2255, "2011-06-30": "1.78820", "2011-03-31": 0.0842, "2010-12-31": 2.9813, "2010-09-30": -0.0017, "2010-06-30": "1.33030", "2010-03-31": 0.0581, "2009-12-31": 4.2705, "2009-09-30": -0.0715, "2009-06-30": "2.70440", "2009-03-31": -0.3494, "2008-12-31": 3.1923, "2008-09-30": -0.3624, "2008-06-30": "3.33590", "2008-03-31": -0.7084, "2007-12-31": 3.7265, "2007-09-30": -0.6719, "2007-06-30": "2.20040", "2007-03-31": 0.5762, "2006-12-31": 3.3138, "2006-09-30": -0.0265, "2006-06-30": "1.82520", "2006-03-31": -0.9636, "2005-12-31": 2.5227, "2005-09-30": -0.3478, "2005-06-30": "1.49860", "2005-03-31": 1.9971}}, "revenue": {"Ralph Lauren Annual Revenue (Millions of US $)": {"2020": "$6,160", "2019": "$6,313", "2018": "$6,182", "2017": "$6,653", "2016": "$7,405", "2015": "$7,620", "2014": "$7,450", "2013": "$6,945", "2012": "$6,860", "2011": "$5,660", "2010": "$4,979", "2009": "$5,019", "2008": "$4,880", "2007": "$4,295", "2006": "$3,746", "2005": "$3,305"}, "Ralph Lauren Quarterly Revenue (Millions of US $)": {"2020-12-31": "$1,433", "2020-09-30": "$1,194", "2020-06-30": "$488", "2020-03-31": "$1,274", "2019-12-31": "$1,751", "2019-09-30": "$1,706", "2019-06-30": "$1,429", "2019-03-31": "$1,506", "2018-12-31": "$1,726", "2018-09-30": "$1,691", "2018-06-30": "$1,391", "2018-03-31": "$1,529", "2017-12-31": "$1,642", "2017-09-30": "$1,664", "2017-06-30": "$1,347", "2017-03-31": "$1,565", "2016-12-31": "$1,715", "2016-09-30": "$1,821", "2016-06-30": "$1,552", "2016-03-31": "$1,871", "2015-12-31": "$1,946", "2015-09-30": "$1,970", "2015-06-30": "$1,618", "2015-03-31": "$1,885", "2014-12-31": "$2,033", "2014-09-30": "$1,994", "2014-06-30": "$1,708", "2014-03-31": "$1,867", "2013-12-31": "$2,015", "2013-09-30": "$1,915", "2013-06-30": "$1,653", "2013-03-31": "$1,644", "2012-12-31": "$1,846", "2012-09-30": "$1,862", "2012-06-30": "$1,593", "2012-03-31": "$1,623", "2011-12-31": "$1,806", "2011-09-30": "$1,905", "2011-06-30": "$1,526", "2011-03-31": "$1,427", "2010-12-31": "$1,548", "2010-09-30": "$1,532", "2010-06-30": "$1,153", "2010-03-31": "$1,337", "2009-12-31": "$1,244", "2009-09-30": "$1,374", "2009-06-30": "$1,024", "2009-03-31": "$1,224", "2008-12-31": "$1,252", "2008-09-30": "$1,429", "2008-06-30": "$1,114", "2008-03-31": "$1,241", "2007-12-31": "$1,270", "2007-09-30": "$1,299", "2007-06-30": "$1,070", "2007-03-31": "$1,031", "2006-12-31": "$1,144", "2006-09-30": "$1,167", "2006-06-30": "$954", "2006-03-31": "$972", "2005-12-31": "$996", "2005-09-30": "$1,027", "2005-06-30": "$752", "2005-03-31": "$902"}}, "gross-profit": {"Ralph Lauren Annual Gross Profit (Millions of US $)": {"2020": "$3,653", "2019": "$3,886", "2018": "$3,752", "2017": "$3,651", "2016": "$4,187", "2015": "$4,378", "2014": "$4,310", "2013": "$4,156", "2012": "$3,998", "2011": "$3,318", "2010": "$2,899", "2009": "$2,731", "2008": "$2,638", "2007": "$2,336", "2006": "$2,022", "2005": "$1,685"}, "Ralph Lauren Quarterly Gross Profit (Millions of US $)": {"2020-12-31": "$930", "2020-09-30": "$799", "2020-06-30": "$349", "2020-03-31": "$594", "2019-12-31": "$1,089", "2019-09-30": "$1,049", "2019-06-30": "$921", "2019-03-31": "$902", "2018-12-31": "$1,060", "2018-09-30": "$1,029", "2018-06-30": "$896", "2018-03-31": "$909", "2017-12-31": "$996", "2017-09-30": "$996", "2017-06-30": "$851", "2017-03-31": "$819", "2016-12-31": "$983", "2016-09-30": "$954", "2016-06-30": "$895", "2016-03-31": "$1,014", "2015-12-31": "$1,094", "2015-09-30": "$1,113", "2015-06-30": "$966", "2015-03-31": "$1,044", "2014-12-31": "$1,159", "2014-09-30": "$1,132", "2014-06-30": "$1,043", "2014-03-31": "$1,050", "2013-12-31": "$1,172", "2013-09-30": "$1,084", "2013-06-30": "$1,004", "2013-03-31": "$975", "2012-12-31": "$1,094", "2012-09-30": "$1,095", "2012-06-30": "$992", "2012-03-31": "$926", "2011-12-31": "$1,032", "2011-09-30": "$1,079", "2011-06-30": "$962", "2011-03-31": "$810", "2010-12-31": "$908", "2010-09-30": "$888", "2010-06-30": "$712", "2010-03-31": "$789", "2009-12-31": "$724", "2009-09-30": "$785", "2009-06-30": "$601", "2009-03-31": "$634", "2008-12-31": "$670", "2008-09-30": "$788", "2008-06-30": "$638", "2008-03-31": "$674", "2007-12-31": "$677", "2007-09-30": "$695", "2007-06-30": "$592", "2007-03-31": "$558", "2006-12-31": "$614", "2006-09-30": "$633", "2006-06-30": "$532", "2006-03-31": "$525", "2005-12-31": "$532", "2005-09-30": "$552", "2005-06-30": "$414", "2005-03-31": "$477"}}, "operating-income": {"Ralph Lauren Annual Operating Income (Millions of US $)": {"2020": "$317", "2019": "$562", "2018": "$498", "2017": "$-92", "2016": "$583", "2015": "$1,035", "2014": "$1,130", "2013": "$1,127", "2012": "$1,039", "2011": "$845", "2010": "$707", "2009": "$596", "2008": "$653", "2007": "$653", "2006": "$517", "2005": "$300"}, "Ralph Lauren Quarterly Operating Income (Millions of US $)": {"2020-12-31": "$170", "2020-09-30": "$-20", "2020-06-30": "$-168", "2020-03-31": "$-284", "2019-12-31": "$224", "2019-09-30": "$233", "2019-06-30": "$143", "2019-03-31": "$28", "2018-12-31": "$194", "2018-09-30": "$210", "2018-06-30": "$130", "2018-03-31": "$25", "2017-12-31": "$189", "2017-09-30": "$193", "2017-06-30": "$90", "2017-03-31": "$-266", "2016-12-31": "$128", "2016-09-30": "$76", "2016-06-30": "$-31", "2016-03-31": "$68", "2015-12-31": "$189", "2015-09-30": "$230", "2015-06-30": "$96", "2015-03-31": "$190", "2014-12-31": "$315", "2014-09-30": "$286", "2014-06-30": "$244", "2014-03-31": "$225", "2013-12-31": "$334", "2013-09-30": "$295", "2013-06-30": "$276", "2013-03-31": "$182", "2012-12-31": "$305", "2012-09-30": "$348", "2012-06-30": "$292", "2012-03-31": "$136", "2011-12-31": "$270", "2011-09-30": "$351", "2011-06-30": "$282", "2011-03-31": "$117", "2010-12-31": "$246", "2010-09-30": "$307", "2010-06-30": "$174", "2010-03-31": "$172", "2009-12-31": "$173", "2009-09-30": "$246", "2009-06-30": "$117", "2009-03-31": "$39", "2008-12-31": "$167", "2008-09-30": "$243", "2008-06-30": "$147", "2008-03-31": "$144", "2007-12-31": "$171", "2007-09-30": "$193", "2007-06-30": "$146", "2007-03-31": "$120", "2006-12-31": "$184", "2006-09-30": "$215", "2006-06-30": "$133", "2006-03-31": "$116", "2005-12-31": "$144", "2005-09-30": "$177", "2005-06-30": "$80", "2005-03-31": "$41"}}, "ebitda": {"Ralph Lauren Annual EBITDA (Millions of US $)": {"2020": "$587", "2019": "$843", "2018": "$793", "2017": "$215", "2016": "$892", "2015": "$1,330", "2014": "$1,388", "2013": "$1,360", "2012": "$1,264", "2011": "$1,039", "2010": "$888", "2009": "$780", "2008": "$855", "2007": "$797", "2006": "$644", "2005": "$402"}, "Ralph Lauren Quarterly EBITDA (Millions of US $)": {"2020-12-31": "$231", "2020-09-30": "$41", "2020-06-30": "$-104", "2020-03-31": "$-215", "2019-12-31": "$293", "2019-09-30": "$300", "2019-06-30": "$210", "2019-03-31": "$97", "2018-12-31": "$266", "2018-09-30": "$280", "2018-06-30": "$200", "2018-03-31": "$101", "2017-12-31": "$262", "2017-09-30": "$267", "2017-06-30": "$163", "2017-03-31": "$-190", "2016-12-31": "$206", "2016-09-30": "$152", "2016-06-30": "$47", "2016-03-31": "$150", "2015-12-31": "$265", "2015-09-30": "$307", "2015-06-30": "$170", "2015-03-31": "$266", "2014-12-31": "$393", "2014-09-30": "$358", "2014-06-30": "$313", "2014-03-31": "$290", "2013-12-31": "$401", "2013-09-30": "$361", "2013-06-30": "$336", "2013-03-31": "$241", "2012-12-31": "$366", "2012-09-30": "$405", "2012-06-30": "$348", "2012-03-31": "$193", "2011-12-31": "$327", "2011-09-30": "$407", "2011-06-30": "$338", "2011-03-31": "$169", "2010-12-31": "$297", "2010-09-30": "$354", "2010-06-30": "$220", "2010-03-31": "$220", "2009-12-31": "$217", "2009-09-30": "$291", "2009-06-30": "$161", "2009-03-31": "$86", "2008-12-31": "$212", "2008-09-30": "$290", "2008-06-30": "$193", "2008-03-31": "$198", "2007-12-31": "$224", "2007-09-30": "$244", "2007-06-30": "$189", "2007-03-31": "$161", "2006-12-31": "$217", "2006-09-30": "$249", "2006-06-30": "$171", "2006-03-31": "$148", "2005-12-31": "$180", "2005-09-30": "$207", "2005-06-30": "$109", "2005-03-31": "$70"}}, "net-income": {"Ralph Lauren Annual Net Income (Millions of US $)": {"2020": "$384", "2019": "$431", "2018": "$163", "2017": "$-99", "2016": "$396", "2015": "$702", "2014": "$776", "2013": "$750", "2012": "$681", "2011": "$568", "2010": "$480", "2009": "$406", "2008": "$420", "2007": "$401", "2006": "$308", "2005": "$190"}, "Ralph Lauren Quarterly Net Income (Millions of US $)": {"2020-12-31": "$120", "2020-09-30": "$-39", "2020-06-30": "$-128", "2020-03-31": "$-249", "2019-12-31": "$334", "2019-09-30": "$182", "2019-06-30": "$117", "2019-03-31": "$32", "2018-12-31": "$120", "2018-09-30": "$170", "2018-06-30": "$109", "2018-03-31": "$41", "2017-12-31": "$-82", "2017-09-30": "$144", "2017-06-30": "$60", "2017-03-31": "$-204", "2016-12-31": "$81", "2016-09-30": "$46", "2016-06-30": "$-22", "2016-03-31": "$41", "2015-12-31": "$131", "2015-09-30": "$160", "2015-06-30": "$64", "2015-03-31": "$124", "2014-12-31": "$215", "2014-09-30": "$201", "2014-06-30": "$162", "2014-03-31": "$153", "2013-12-31": "$237", "2013-09-30": "$205", "2013-06-30": "$181", "2013-03-31": "$127", "2012-12-31": "$216", "2012-09-30": "$214", "2012-06-30": "$193", "2012-03-31": "$94", "2011-12-31": "$169", "2011-09-30": "$234", "2011-06-30": "$184", "2011-03-31": "$73", "2010-12-31": "$168", "2010-09-30": "$205", "2010-06-30": "$121", "2010-03-31": "$114", "2009-12-31": "$111", "2009-09-30": "$178", "2009-06-30": "$77", "2009-03-31": "$45", "2008-12-31": "$105", "2008-09-30": "$161", "2008-06-30": "$95", "2008-03-31": "$104", "2007-12-31": "$113", "2007-09-30": "$115", "2007-06-30": "$88", "2007-03-31": "$73", "2006-12-31": "$111", "2006-09-30": "$137", "2006-06-30": "$80", "2006-03-31": "$62", "2005-12-31": "$91", "2005-09-30": "$104", "2005-06-30": "$51", "2005-03-31": "$23"}}, "eps-earnings-per-share-diluted": {"Ralph Lauren Annual EPS": {"2020": "$4.98", "2019": "$5.27", "2018": "$1.97", "2017": "$-1.20", "2016": "$4.62", "2015": "$7.88", "2014": "$8.43", "2013": "$8.00", "2012": "$7.13", "2011": "$5.75", "2010": "$4.73", "2009": "$4.01", "2008": "$3.99", "2007": "$3.73", "2006": "$2.87", "2005": "$1.83"}, "Ralph Lauren Quarterly EPS": {"2020-12-31": "$1.61", "2020-09-30": "$-0.53", "2020-06-30": "$-1.75", "2020-03-31": "$-3.24", "2019-12-31": "$4.41", "2019-09-30": "$2.34", "2019-06-30": "$1.47", "2019-03-31": "$0.41", "2018-12-31": "$1.48", "2018-09-30": "$2.07", "2018-06-30": "$1.31", "2018-03-31": "$0.50", "2017-12-31": "$-1.00", "2017-09-30": "$1.75", "2017-06-30": "$0.72", "2017-03-31": "$-2.46", "2016-12-31": "$0.98", "2016-09-30": "$0.55", "2016-06-30": "$-0.27", "2016-03-31": "$0.49", "2015-12-31": "$1.54", "2015-09-30": "$1.86", "2015-06-30": "$0.73", "2015-03-31": "$1.42", "2014-12-31": "$2.41", "2014-09-30": "$2.25", "2014-06-30": "$1.80", "2014-03-31": "$1.69", "2013-12-31": "$2.57", "2013-09-30": "$2.23", "2013-06-30": "$1.94", "2013-03-31": "$1.37", "2012-12-31": "$2.31", "2012-09-30": "$2.29", "2012-06-30": "$2.03", "2012-03-31": "$0.99", "2011-12-31": "$1.78", "2011-09-30": "$2.46", "2011-06-30": "$1.90", "2011-03-31": "$0.73", "2010-12-31": "$1.72", "2010-09-30": "$2.09", "2010-06-30": "$1.21", "2010-03-31": "$1.12", "2009-12-31": "$1.10", "2009-09-30": "$1.75", "2009-06-30": "$0.76", "2009-03-31": "$0.45", "2008-12-31": "$1.05", "2008-09-30": "$1.58", "2008-06-30": "$0.93", "2008-03-31": "$1.00", "2007-12-31": "$1.08", "2007-09-30": "$1.09", "2007-06-30": "$0.82", "2007-03-31": "$0.68", "2006-12-31": "$1.03", "2006-09-30": "$1.28", "2006-06-30": "$0.74", "2006-03-31": "$0.58", "2005-12-31": "$0.84", "2005-09-30": "$0.97", "2005-06-30": "$0.48", "2005-03-31": "$0.22"}}, "shares-outstanding": {"Ralph Lauren Annual Shares Outstanding (Millions of Shares)": {"2020": "77", "2019": "82", "2018": "83", "2017": "83", "2016": "86", "2015": "89", "2014": "92", "2013": "94", "2012": "96", "2011": "99", "2010": "101", "2009": "101", "2008": "105", "2007": "108", "2006": "107", "2005": "104"}, "Ralph Lauren Quarterly Shares Outstanding (Millions of Shares)": {"2020-12-31": "75", "2020-09-30": "74", "2020-06-30": "73", "2020-03-31": "77", "2019-12-31": "76", "2019-09-30": "78", "2019-06-30": "80", "2019-03-31": "82", "2018-12-31": "81", "2018-09-30": "82", "2018-06-30": "83", "2018-03-31": "83", "2017-12-31": "82", "2017-09-30": "82", "2017-06-30": "83", "2017-03-31": "83", "2016-12-31": "83", "2016-09-30": "83", "2016-06-30": "83", "2016-03-31": "86", "2015-12-31": "86", "2015-09-30": "86", "2015-06-30": "88", "2015-03-31": "89", "2014-12-31": "89", "2014-09-30": "89", "2014-06-30": "90", "2014-03-31": "92", "2013-12-31": "92", "2013-09-30": "92", "2013-06-30": "93", "2013-03-31": "94", "2012-12-31": "93", "2012-09-30": "93", "2012-06-30": "95", "2012-03-31": "96", "2011-12-31": "95", "2011-09-30": "95", "2011-06-30": "97", "2011-03-31": "99", "2010-12-31": "98", "2010-09-30": "98", "2010-06-30": "100", "2010-03-31": "101", "2009-12-31": "101", "2009-09-30": "102", "2009-06-30": "102", "2009-03-31": "101", "2008-12-31": "101", "2008-09-30": "102", "2008-06-30": "102", "2008-03-31": "105", "2007-12-31": "104", "2007-09-30": "105", "2007-06-30": "107", "2007-03-31": "108", "2006-12-31": "108", "2006-09-30": "107", "2006-06-30": "108", "2006-03-31": "107", "2005-12-31": "108", "2005-09-30": "107", "2005-06-30": "106", "2005-03-31": "104"}}, "total-assets": {"Ralph Lauren Annual Total Assets (Millions of US $)": {"2020": "$7,280", "2019": "$5,943", "2018": "$6,143", "2017": "$5,652", "2016": "$6,213", "2015": "$6,106", "2014": "$6,088", "2013": "$5,418", "2012": "$5,416", "2011": "$4,981", "2010": "$4,649", "2009": "$4,357", "2008": "$4,366", "2007": "$3,758", "2006": "$3,089", "2005": "$2,727"}, "Ralph Lauren Quarterly Total Assets (Millions of US $)": {"2020-12-31": "$8,172", "2020-09-30": "$7,752", "2020-06-30": "$7,740", "2020-03-31": "$7,280", "2019-12-31": "$7,446", "2019-09-30": "$7,229", "2019-06-30": "$7,344", "2019-03-31": "$5,943", "2018-12-31": "$6,092", "2018-09-30": "$6,156", "2018-06-30": "$6,035", "2018-03-31": "$6,143", "2017-12-31": "$6,199", "2017-09-30": "$6,028", "2017-06-30": "$5,814", "2017-03-31": "$5,652", "2016-12-31": "$5,966", "2016-09-30": "$6,067", "2016-06-30": "$6,118", "2016-03-31": "$6,213", "2015-12-31": "$6,341", "2015-09-30": "$6,443", "2015-06-30": "$6,068", "2015-03-31": "$6,106", "2014-12-31": "$6,344", "2014-09-30": "$6,398", "2014-06-30": "$6,130", "2014-03-31": "$6,088", "2013-12-31": "$6,060", "2013-09-30": "$6,266", "2013-06-30": "$5,460", "2013-03-31": "$5,418", "2012-12-31": "$5,489", "2012-09-30": "$5,524", "2012-06-30": "$5,194", "2012-03-31": "$5,416", "2011-12-31": "$5,327", "2011-09-30": "$5,328", "2011-06-30": "$4,960", "2011-03-31": "$4,981", "2010-12-31": "$5,009", "2010-09-30": "$4,875", "2010-06-30": "$4,499", "2010-03-31": "$4,649", "2009-12-31": "$4,651", "2009-09-30": "$4,572", "2009-06-30": "$4,501", "2009-03-31": "$4,357", "2008-12-31": "$4,385", "2008-09-30": "$4,276", "2008-06-30": "$4,262", "2008-03-31": "$4,366", "2007-12-31": "$4,345", "2007-09-30": "$4,188", "2007-06-30": "$3,995", "2007-03-31": "$3,758", "2006-12-31": "$3,531", "2006-09-30": "$3,320", "2006-06-30": "$3,185", "2006-03-31": "$3,089", "2005-12-31": "$3,017", "2005-09-30": "$2,913", "2005-06-30": "$2,744", "2005-03-31": "$2,727"}}, "cash-on-hand": {"Ralph Lauren Annual Cash on Hand (Millions of US $)": {"2020": "$2,116", "2019": "$1,988", "2018": "$2,004", "2017": "$1,353", "2016": "$1,086", "2015": "$1,144", "2014": "$1,285", "2013": "$1,299", "2012": "$1,187", "2011": "$1,047", "2010": "$1,147", "2009": "$820", "2008": "$626", "2007": "$564", "2006": "$286", "2005": "$351"}, "Ralph Lauren Quarterly Cash on Hand (Millions of US $)": {"2020-12-31": "$2,787", "2020-09-30": "$2,446", "2020-06-30": "$2,711", "2020-03-31": "$2,116", "2019-12-31": "$1,908", "2019-09-30": "$1,590", "2019-06-30": "$1,929", "2019-03-31": "$1,988", "2018-12-31": "$2,063", "2018-09-30": "$1,873", "2018-06-30": "$2,020", "2018-03-31": "$2,004", "2017-12-31": "$2,038", "2017-09-30": "$1,619", "2017-06-30": "$1,571", "2017-03-31": "$1,353", "2016-12-31": "$1,381", "2016-09-30": "$965", "2016-06-30": "$1,076", "2016-03-31": "$1,086", "2015-12-31": "$1,215", "2015-09-30": "$1,126", "2015-06-30": "$1,151", "2015-03-31": "$1,144", "2014-12-31": "$1,407", "2014-09-30": "$1,191", "2014-06-30": "$1,369", "2014-03-31": "$1,285", "2013-12-31": "$1,415", "2013-09-30": "$1,411", "2013-06-30": "$1,351", "2013-03-31": "$1,299", "2012-12-31": "$1,312", "2012-09-30": "$1,013", "2012-06-30": "$1,032", "2012-03-31": "$1,187", "2011-12-31": "$1,202", "2011-09-30": "$886", "2011-06-30": "$952", "2011-03-31": "$1,047", "2010-12-31": "$1,243", "2010-09-30": "$936", "2010-06-30": "$991", "2010-03-31": "$1,147", "2009-12-31": "$1,291", "2009-09-30": "$926", "2009-06-30": "$1,089", "2009-03-31": "$820", "2008-12-31": "$880", "2008-09-30": "$510", "2008-06-30": "$711", "2008-03-31": "$626", "2007-12-31": "$824", "2007-09-30": "$473", "2007-06-30": "$643", "2007-03-31": "$564", "2006-12-31": "$752", "2006-09-30": "$321", "2006-06-30": "$429", "2006-03-31": "$286", "2005-12-31": "$644", "2005-09-30": "$383", "2005-06-30": "$522", "2005-03-31": "$351"}}, "long-term-debt": {"Ralph Lauren Annual Long Term Debt (Millions of US $)": {"2020": "$396", "2019": "$689", "2018": "$288", "2017": "$588", "2016": "$597", "2015": "$298", "2014": "$298", "2013": "$", "2012": "$274", "2011": "$292", "2010": "$282", "2009": "$406", "2008": "$473", "2007": "$399", "2006": "$", "2005": "$291"}, "Ralph Lauren Quarterly Long Term Debt (Millions of US $)": {"2020-12-31": "$1,632", "2020-09-30": "$1,631", "2020-06-30": "$1,630", "2020-03-31": "$396", "2019-12-31": "$396", "2019-09-30": "$396", "2019-06-30": "$692", "2019-03-31": "$689", "2018-12-31": "$687", "2018-09-30": "$684", "2018-06-30": "$288", "2018-03-31": "$288", "2017-12-31": "$290", "2017-09-30": "$292", "2017-06-30": "$590", "2017-03-31": "$588", "2016-12-31": "$589", "2016-09-30": "$597", "2016-06-30": "$602", "2016-03-31": "$597", "2015-12-31": "$596", "2015-09-30": "$597", "2015-06-30": "$297", "2015-03-31": "$298", "2014-12-31": "$300", "2014-09-30": "$300", "2014-06-30": "$300", "2014-03-31": "$298", "2013-12-31": "$300", "2013-09-30": "$300", "2013-06-30": "", "2013-03-31": "", "2012-12-31": "", "2012-09-30": "$266", "2012-06-30": "$261", "2012-03-31": "$274", "2011-12-31": "$266", "2011-09-30": "$274", "2011-06-30": "$297", "2011-03-31": "$292", "2010-12-31": "$275", "2010-09-30": "$285", "2010-06-30": "$262", "2010-03-31": "$282", "2009-12-31": "$298", "2009-09-30": "$308", "2009-06-30": "$293", "2009-03-31": "$406", "2008-12-31": "$420", "2008-09-30": "$439", "2008-06-30": "$470", "2008-03-31": "$473", "2007-12-31": "$439", "2007-09-30": "$424", "2007-06-30": "$403", "2007-03-31": "$399", "2006-12-31": "$394", "2006-09-30": "", "2006-06-30": "", "2006-03-31": "", "2005-12-31": "", "2005-09-30": "$268", "2005-06-30": "$269", "2005-03-31": "$291"}}, "total-liabilities": {"Ralph Lauren Annual Total Liabilities (Millions of US $)": {"2020": "$4,587", "2019": "$2,656", "2018": "$2,686", "2017": "$2,352", "2016": "$2,470", "2015": "$2,215", "2014": "$2,054", "2013": "$1,633", "2012": "$1,764", "2011": "$1,676", "2010": "$1,532", "2009": "$1,621", "2008": "$1,976", "2007": "$1,423", "2006": "$1,039", "2005": "$1,051"}, "Ralph Lauren Quarterly Total Liabilities (Millions of US $)": {"2020-12-31": "$5,480", "2020-09-30": "$5,208", "2020-06-30": "$5,185", "2020-03-31": "$4,587", "2019-12-31": "$4,329", "2019-09-30": "$4,315", "2019-06-30": "$4,331", "2019-03-31": "$2,656", "2018-12-31": "$2,738", "2018-09-30": "$2,694", "2018-06-30": "$2,614", "2018-03-31": "$2,686", "2017-12-31": "$2,792", "2017-09-30": "$2,519", "2017-06-30": "$2,454", "2017-03-31": "$2,352", "2016-12-31": "$2,356", "2016-09-30": "$2,469", "2016-06-30": "$2,552", "2016-03-31": "$2,470", "2015-12-31": "$2,537", "2015-09-30": "$2,632", "2015-06-30": "$2,261", "2015-03-31": "$2,215", "2014-12-31": "$2,269", "2014-09-30": "$2,369", "2014-06-30": "$2,158", "2014-03-31": "$2,054", "2013-12-31": "$2,026", "2013-09-30": "$2,275", "2013-06-30": "$1,699", "2013-03-31": "$1,633", "2012-12-31": "$1,720", "2012-09-30": "$1,787", "2012-06-30": "$1,722", "2012-03-31": "$1,764", "2011-12-31": "$1,797", "2011-09-30": "$1,945", "2011-06-30": "$1,759", "2011-03-31": "$1,676", "2010-12-31": "$1,596", "2010-09-30": "$1,703", "2010-06-30": "$1,533", "2010-03-31": "$1,532", "2009-12-31": "$1,575", "2009-09-30": "$1,576", "2009-06-30": "$1,670", "2009-03-31": "$1,621", "2008-12-31": "$1,691", "2008-09-30": "$1,751", "2008-06-30": "$1,777", "2008-03-31": "$1,976", "2007-12-31": "$1,945", "2007-09-30": "$1,945", "2007-06-30": "$1,767", "2007-03-31": "$1,423", "2006-12-31": "$1,225", "2006-09-30": "$1,121", "2006-06-30": "$1,093", "2006-03-31": "$1,039", "2005-12-31": "$1,042", "2005-09-30": "$1,034", "2005-06-30": "$1,001", "2005-03-31": "$1,051"}}, "total-share-holder-equity": {"Ralph Lauren Annual Share Holder Equity (Millions of US $)": {"2020": "$2,693", "2019": "$3,287", "2018": "$3,457", "2017": "$3,300", "2016": "$3,744", "2015": "$3,891", "2014": "$4,034", "2013": "$3,785", "2012": "$3,653", "2011": "$3,305", "2010": "$3,117", "2009": "$2,735", "2008": "$2,390", "2007": "$2,335", "2006": "$2,050", "2005": "$1,676"}, "Ralph Lauren Quarterly Share Holder Equity (Millions of US $)": {"2020-12-31": "$2,692", "2020-09-30": "$2,544", "2020-06-30": "$2,556", "2020-03-31": "$2,693", "2019-12-31": "$3,117", "2019-09-30": "$2,914", "2019-06-30": "$3,013", "2019-03-31": "$3,287", "2018-12-31": "$3,354", "2018-09-30": "$3,462", "2018-06-30": "$3,421", "2018-03-31": "$3,457", "2017-12-31": "$3,408", "2017-09-30": "$3,510", "2017-06-30": "$3,360", "2017-03-31": "$3,300", "2016-12-31": "$3,610", "2016-09-30": "$3,598", "2016-06-30": "$3,566", "2016-03-31": "$3,744", "2015-12-31": "$3,804", "2015-09-30": "$3,811", "2015-06-30": "$3,807", "2015-03-31": "$3,891", "2014-12-31": "$4,075", "2014-09-30": "$4,029", "2014-06-30": "$3,972", "2014-03-31": "$4,034", "2013-12-31": "$4,034", "2013-09-30": "$3,991", "2013-06-30": "$3,761", "2013-03-31": "$3,785", "2012-12-31": "$3,770", "2012-09-30": "$3,736", "2012-06-30": "$3,472", "2012-03-31": "$3,653", "2011-12-31": "$3,530", "2011-09-30": "$3,384", "2011-06-30": "$3,202", "2011-03-31": "$3,305", "2010-12-31": "$3,413", "2010-09-30": "$3,173", "2010-06-30": "$2,966", "2010-03-31": "$3,117", "2009-12-31": "$3,076", "2009-09-30": "$2,996", "2009-06-30": "$2,831", "2009-03-31": "$2,735", "2008-12-31": "$2,694", "2008-09-30": "$2,525", "2008-06-30": "$2,484", "2008-03-31": "$2,390", "2007-12-31": "$2,400", "2007-09-30": "$2,243", "2007-06-30": "$2,228", "2007-03-31": "$2,335", "2006-12-31": "$2,306", "2006-09-30": "$2,199", "2006-06-30": "$2,092", "2006-03-31": "$2,050", "2005-12-31": "$1,975", "2005-09-30": "$1,879", "2005-06-30": "$1,743", "2005-03-31": "$1,676"}}, "profit-margins": {"current": "-6.75%"}, "gross margin": {"2020-12-31": "60.88%", "2020-09-30": "60.14%", "2020-06-30": "59.03%", "2020-03-31": "59.30%", "2019-12-31": "61.97%", "2019-09-30": "61.76%", "2019-06-30": "61.59%", "2019-03-31": "61.56%", "2018-12-31": "61.45%", "2018-09-30": "61.25%", "2018-06-30": "60.99%", "2018-03-31": "60.69%", "2017-12-31": "58.89%", "2017-09-30": "58.00%", "2017-06-30": "55.94%", "2017-03-31": "54.88%", "2016-12-31": "55.27%", "2016-09-30": "55.03%", "2016-06-30": "56.08%", "2016-03-31": "56.54%", "2015-12-31": "56.84%", "2015-09-30": "57.05%", "2015-06-30": "57.12%", "2015-03-31": "57.45%", "2014-12-31": "57.67%", "2014-09-30": "57.98%", "2014-06-30": "57.95%", "2014-03-31": "57.85%", "2013-12-31": "58.60%", "2013-09-30": "58.90%", "2013-06-30": "59.50%", "2013-03-31": "59.84%", "2012-12-31": "59.32%", "2012-09-30": "58.76%", "2012-06-30": "58.16%", "2012-03-31": "58.29%", "2011-12-31": "58.27%", "2011-09-30": "58.68%", "2011-06-30": "59.14%", "2011-03-31": "58.62%", "2010-12-31": "59.19%", "2010-09-30": "59.12%", "2010-06-30": "58.93%", "2010-03-31": "58.22%", "2009-12-31": "56.39%", "2009-09-30": "55.19%", "2009-06-30": "54.64%", "2009-03-31": "54.39%", "2008-12-31": "55.00%", "2008-09-30": "54.95%", "2008-06-30": "54.51%", "2008-03-31": "54.06%", "2007-12-31": "54.00%", "2007-09-30": "54.12%", "2007-06-30": "54.33%", "2007-03-31": "54.40%", "2006-12-31": "54.38%", "2006-09-30": "54.34%", "2006-06-30": "54.22%", "2006-03-31": "53.99%", "2005-12-31": "53.71%"}, "operating margin": {"2020-12-31": "-6.88%", "2020-09-30": "-5.27%", "2020-06-30": "0.10%", "2020-03-31": "5.13%", "2019-12-31": "9.82%", "2019-09-30": "9.39%", "2019-06-30": "9.05%", "2019-03-31": "8.90%", "2018-12-31": "8.82%", "2018-09-30": "8.86%", "2018-06-30": "8.63%", "2018-03-31": "8.04%", "2017-12-31": "3.31%", "2017-09-30": "2.30%", "2017-06-30": "0.43%", "2017-03-31": "-1.40%", "2016-12-31": "3.46%", "2016-09-30": "4.20%", "2016-06-30": "6.21%", "2016-03-31": "7.87%", "2015-12-31": "9.50%", "2015-09-30": "11.07%", "2015-06-30": "11.78%", "2015-03-31": "13.58%", "2014-12-31": "14.08%", "2014-09-30": "14.36%", "2014-06-30": "14.63%", "2014-03-31": "15.17%", "2013-12-31": "15.04%", "2013-09-30": "14.99%", "2013-06-30": "15.86%", "2013-03-31": "16.23%", "2012-12-31": "15.61%", "2012-09-30": "15.19%", "2012-06-30": "15.14%", "2012-03-31": "15.15%", "2011-12-31": "15.31%", "2011-09-30": "15.55%", "2011-06-30": "15.78%", "2011-03-31": "14.91%", "2010-12-31": "16.14%", "2010-09-30": "15.69%", "2010-06-30": "14.98%", "2010-03-31": "14.22%", "2009-12-31": "11.82%", "2009-09-30": "11.67%", "2009-06-30": "11.48%", "2009-03-31": "11.87%", "2008-12-31": "13.92%", "2008-09-30": "13.95%", "2008-06-30": "13.30%", "2008-03-31": "13.40%", "2007-12-31": "13.49%", "2007-09-30": "14.15%", "2007-06-30": "15.07%", "2007-03-31": "15.18%", "2006-12-31": "15.29%", "2006-09-30": "14.87%", "2006-06-30": "14.43%", "2006-03-31": "13.80%", "2005-12-31": "12.02%"}, "ebitda margin": {"2020-12-31": "-1.07%", "2020-09-30": "0.32%", "2020-06-30": "5.25%", "2020-03-31": "9.55%", "2019-12-31": "14.08%", "2019-09-30": "13.71%", "2019-06-30": "13.43%", "2019-03-31": "13.35%", "2018-12-31": "13.37%", "2018-09-30": "13.48%", "2018-06-30": "13.33%", "2018-03-31": "12.83%", "2017-12-31": "8.07%", "2017-09-30": "7.09%", "2017-06-30": "5.13%", "2017-03-31": "3.23%", "2016-12-31": "7.98%", "2016-09-30": "8.54%", "2016-06-30": "10.48%", "2016-03-31": "12.05%", "2015-12-31": "13.59%", "2015-09-30": "15.13%", "2015-06-30": "15.76%", "2015-03-31": "17.45%", "2014-12-31": "17.81%", "2014-09-30": "17.96%", "2014-06-30": "18.19%", "2014-03-31": "18.63%", "2013-12-31": "18.53%", "2013-09-30": "18.48%", "2013-06-30": "19.24%", "2013-03-31": "19.58%", "2012-12-31": "18.95%", "2012-09-30": "18.49%", "2012-06-30": "18.41%", "2012-03-31": "18.44%", "2011-12-31": "18.61%", "2011-09-30": "18.89%", "2011-06-30": "19.18%", "2011-03-31": "18.36%", "2010-12-31": "19.59%", "2010-09-30": "19.20%", "2010-06-30": "18.56%", "2010-03-31": "17.85%", "2009-12-31": "15.52%", "2009-09-30": "15.39%", "2009-06-30": "15.20%", "2009-03-31": "15.56%", "2008-12-31": "17.73%", "2008-09-30": "17.91%", "2008-06-30": "17.45%", "2008-03-31": "17.52%", "2007-12-31": "17.52%", "2007-09-30": "17.85%", "2007-06-30": "18.50%", "2007-03-31": "18.58%", "2006-12-31": "18.53%", "2006-09-30": "18.29%", "2006-06-30": "17.88%", "2006-03-31": "17.19%", "2005-12-31": "15.39%"}, "pre tax profit margin": {"2020-12-31": "-7.45%", "2020-09-30": "-5.50%", "2020-06-30": "0.13%", "2020-03-31": "5.31%", "2019-12-31": "10.15%", "2019-09-30": "9.72%", "2019-06-30": "9.40%", "2019-03-31": "9.23%", "2018-12-31": "9.04%", "2018-09-30": "8.94%", "2018-06-30": "8.59%", "2018-03-31": "7.91%", "2017-12-31": "3.14%", "2017-09-30": "2.10%", "2017-06-30": "0.23%", "2017-03-31": "-1.58%", "2016-12-31": "3.25%", "2016-09-30": "3.95%", "2016-06-30": "5.85%", "2016-03-31": "7.45%", "2015-12-31": "8.94%", "2015-09-30": "10.43%", "2015-06-30": "11.18%", "2015-03-31": "12.95%", "2014-12-31": "13.59%", "2014-09-30": "13.92%", "2014-06-30": "14.20%", "2014-03-31": "14.71%", "2013-12-31": "14.46%", "2013-09-30": "14.40%", "2013-06-30": "15.27%", "2013-03-31": "15.68%", "2012-12-31": "15.19%", "2012-09-30": "14.80%", "2012-06-30": "14.80%", "2012-03-31": "14.81%", "2011-12-31": "14.96%", "2011-09-30": "15.19%", "2011-06-30": "15.43%", "2011-03-31": "14.59%", "2010-12-31": "15.82%", "2010-09-30": "15.36%", "2010-06-30": "14.58%", "2010-03-31": "13.84%", "2009-12-31": "11.53%", "2009-09-30": "11.35%", "2009-06-30": "11.28%", "2009-03-31": "11.72%", "2008-12-31": "13.78%", "2008-09-30": "13.85%", "2008-06-30": "13.10%", "2008-03-31": "13.20%", "2007-12-31": "13.25%", "2007-09-30": "14.00%", "2007-06-30": "14.96%", "2007-03-31": "14.99%", "2006-12-31": "14.96%", "2006-09-30": "14.58%", "2006-06-30": "13.95%", "2006-03-31": "13.42%", "2005-12-31": "11.83%"}, "net profit margin": {"2020-12-31": "-6.74%", "2020-09-30": "-1.74%", "2020-06-30": "2.66%", "2020-03-31": "6.23%", "2019-12-31": "10.40%", "2019-09-30": "7.08%", "2019-06-30": "6.91%", "2019-03-31": "6.83%", "2018-12-31": "6.94%", "2018-09-30": "3.81%", "2018-06-30": "3.41%", "2018-03-31": "2.64%", "2017-12-31": "-1.32%", "2017-09-30": "1.29%", "2017-06-30": "-0.26%", "2017-03-31": "-1.49%", "2016-12-31": "2.10%", "2016-09-30": "2.73%", "2016-06-30": "4.22%", "2016-03-31": "5.35%", "2015-12-31": "6.46%", "2015-09-30": "7.50%", "2015-06-30": "8.02%", "2015-03-31": "9.21%", "2014-12-31": "9.62%", "2014-09-30": "9.93%", "2014-06-30": "10.09%", "2014-03-31": "10.42%", "2013-12-31": "10.38%", "2013-09-30": "10.33%", "2013-06-30": "10.54%", "2013-03-31": "10.80%", "2012-12-31": "10.36%", "2012-09-30": "9.73%", "2012-06-30": "9.96%", "2012-03-31": "9.93%", "2011-12-31": "9.90%", "2011-09-30": "10.29%", "2011-06-30": "10.44%", "2011-03-31": "10.02%", "2010-12-31": "10.92%", "2010-09-30": "10.46%", "2010-06-30": "10.26%", "2010-03-31": "9.64%", "2009-12-31": "8.45%", "2009-09-30": "8.31%", "2009-06-30": "7.87%", "2009-03-31": "8.09%", "2008-12-31": "9.23%", "2008-09-30": "9.36%", "2008-06-30": "8.67%", "2008-03-31": "8.61%", "2007-12-31": "8.33%", "2007-09-30": "8.52%", "2007-06-30": "9.27%", "2007-03-31": "9.33%", "2006-12-31": "9.20%", "2006-09-30": "9.05%", "2006-06-30": "8.53%", "2006-03-31": "8.22%", "2005-12-31": "7.32%"}, "pe ratio": {"current": "177.87", "2021-02-05": "0.00", "2020-12-31": "0.00", "2020-09-30": "0.00", "2020-06-30": "44.77", "2020-03-31": "13.81", "2019-12-31": "13.49", "2019-09-30": "16.56", "2019-06-30": "20.53", "2019-03-31": "24.01", "2018-12-31": "18.67", "2018-09-30": "45.92", "2018-06-30": "47.00", "2018-03-31": "54.05", "2017-12-31": "0.00", "2017-09-30": "85.88", "2017-06-30": "0.00", "2017-03-31": "0.00", "2016-12-31": "47.80", "2016-09-30": "40.33", "2016-06-30": "22.69", "2016-03-31": "18.99", "2015-12-31": "18.24", "2015-09-30": "16.64", "2015-06-30": "17.49", "2015-03-31": "14.96", "2014-12-31": "20.29", "2014-09-30": "17.66", "2014-06-30": "17.22", "2014-03-31": "16.91", "2013-12-31": "19.21", "2013-09-30": "18.46", "2013-06-30": "19.28", "2013-03-31": "18.49", "2012-12-31": "17.15", "2012-09-30": "18.54", "2012-06-30": "16.73", "2012-03-31": "21.14", "2011-12-31": "17.33", "2011-09-30": "16.40", "2011-06-30": "17.70", "2011-03-31": "18.46", "2010-12-31": "15.48", "2010-09-30": "13.94", "2010-06-30": "12.04", "2010-03-31": "15.35", "2009-12-31": "17.09", "2009-09-30": "16.35", "2009-06-30": "11.92", "2009-03-31": "9.00", "2008-12-31": "8.47", "2008-09-30": "12.34", "2008-06-30": "13.01", "2008-03-31": "12.40", "2007-12-31": "14.28", "2007-09-30": "18.20", "2007-06-30": "21.81", "2007-03-31": "20.00", "2006-12-31": "18.10"}, "price sales": {"2021-02-05": "1.85", "2020-12-31": "1.77", "2020-09-30": "1.09", "2020-06-30": "1.06", "2020-03-31": "0.84", "2019-12-31": "1.43", "2019-09-30": "1.18", "2019-06-30": "1.42", "2019-03-31": "1.64", "2018-12-31": "1.30", "2018-09-30": "1.74", "2018-06-30": "1.59", "2018-03-31": "1.42", "2017-12-31": "1.30", "2017-09-30": "1.10", "2017-06-30": "0.89", "2017-03-31": "0.95", "2016-12-31": "1.01", "2016-09-30": "1.10", "2016-06-30": "0.95", "2016-03-31": "1.02", "2015-12-31": "1.18", "2015-09-30": "1.25", "2015-06-30": "1.40", "2015-03-31": "1.38", "2014-12-31": "1.96", "2014-09-30": "1.75", "2014-06-30": "1.74", "2014-03-31": "1.76", "2013-12-31": "2.00", "2013-09-30": "1.91", "2013-06-30": "2.03", "2013-03-31": "2.00", "2012-12-31": "1.78", "2012-09-30": "1.81", "2012-06-30": "1.67", "2012-03-31": "2.10", "2011-12-31": "1.72", "2011-09-30": "1.69", "2011-06-30": "1.85", "2011-03-31": "1.85", "2010-12-31": "1.70", "2010-09-30": "1.46", "2010-06-30": "1.24", "2010-03-31": "1.48", "2009-12-31": "1.44", "2009-09-30": "1.36", "2009-06-30": "0.94", "2009-03-31": "0.73", "2008-12-31": "0.79", "2008-09-30": "1.16", "2008-06-30": "1.13", "2008-03-31": "1.07", "2007-12-31": "1.19", "2007-09-30": "1.55", "2007-06-30": "2.02", "2007-03-31": "1.87", "2006-12-31": "1.67"}, "price book": {"current": "2.95", "2021-02-05": "2.95", "2020-12-31": "2.82", "2020-09-30": "1.95", "2020-06-30": "2.07", "2020-03-31": "1.80", "2019-12-31": "2.75", "2019-09-30": "2.41", "2019-06-30": "2.85", "2019-03-31": "2.99", "2018-12-31": "2.35", "2018-09-30": "3.08", "2018-06-30": "2.85", "2018-03-31": "2.50", "2017-12-31": "2.35", "2017-09-30": "1.93", "2017-06-30": "1.67", "2017-03-31": "1.87", "2016-12-31": "1.90", "2016-09-30": "2.13", "2016-06-30": "1.90", "2016-03-31": "1.94", "2015-12-31": "2.23", "2015-09-30": "2.37", "2015-06-30": "2.68", "2015-03-31": "2.61", "2014-12-31": "3.54", "2014-09-30": "3.19", "2014-06-30": "3.16", "2014-03-31": "3.13", "2013-12-31": "3.46", "2013-09-30": "3.28", "2013-06-30": "3.67", "2013-03-31": "3.55", "2012-12-31": "3.14", "2012-09-30": "3.22", "2012-06-30": "3.19", "2012-03-31": "3.82", "2011-12-31": "3.12", "2011-09-30": "3.04", "2011-06-30": "3.30", "2011-03-31": "3.04", "2010-12-31": "2.68", "2010-09-30": "2.31", "2010-06-30": "2.02", "2010-03-31": "2.29", "2009-12-31": "2.22", "2009-09-30": "2.16", "2009-06-30": "1.61", "2009-03-31": "1.31", "2008-12-31": "1.42", "2008-09-30": "2.21", "2008-06-30": "2.15", "2008-03-31": "2.06", "2007-12-31": "2.22", "2007-09-30": "2.98", "2007-06-30": "3.85", "2007-03-31": "3.32", "2006-12-31": "2.97", "2006-09-30": "2.59", "2006-06-30": "2.32", "2006-03-31": "2.63"}, "price fcf": {"2021-02-05": "", "2020-12-31": "$2.65", "2020-09-30": "$4.43", "2020-06-30": "$3.18", "2020-03-31": "$6.54", "2019-12-31": "$7.89", "2019-09-30": "$7.17", "2019-06-30": "$7.27", "2019-03-31": "$7.42", "2018-12-31": "$6.55", "2018-09-30": "$6.92", "2018-06-30": "$8.58", "2018-03-31": "$9.86", "2017-12-31": "$10.72", "2017-09-30": "$11.68", "2017-06-30": "$9.64", "2017-03-31": "$8.08", "2016-12-31": "$8.31", "2016-09-30": "$5.87", "2016-06-30": "$5.94", "2016-03-31": "$6.97", "2015-12-31": "$5.17", "2015-09-30": "$6.43", "2015-06-30": "$4.99", "2015-03-31": "$5.64", "2014-12-31": "$7.18", "2014-09-30": "$6.66", "2014-06-30": "$6.82", "2014-03-31": "$5.62", "2013-12-31": "$5.47", "2013-09-30": "$5.96", "2013-06-30": "$8.21", "2013-03-31": "$7.93", "2012-12-31": "$7.37", "2012-09-30": "$6.44", "2012-06-30": "$6.81", "2012-03-31": "$6.42", "2011-12-31": "$6.66", "2011-09-30": "$5.08", "2011-06-30": "$4.85", "2011-03-31": "$4.39", "2010-12-31": "$4.37", "2010-09-30": "$5.66", "2010-06-30": "$5.59", "2010-03-31": "$6.96", "2009-12-31": "$6.55", "2009-09-30": "$5.48", "2009-06-30": "$5.18", "2009-03-31": "$5.82", "2008-12-31": "$5.46", "2008-09-30": "$5.99", "2008-06-30": "$5.68", "2008-03-31": "$4.55", "2007-12-31": "$5.83", "2007-09-30": "$5.42", "2007-06-30": "$6.06", "2007-03-31": "$5.69", "2006-12-31": "$7.82"}, "net worth": {"value": "$7.93B"}, "current ratio": {"current": "2.55", "2020-12-31": "2.55", "2020-09-30": "2.52", "2020-06-30": "2.59", "2020-03-31": "1.61", "2019-12-31": "1.94", "2019-09-30": "1.95", "2019-06-30": "2.30", "2019-03-31": "3.00", "2018-12-31": "2.90", "2018-09-30": "2.98", "2018-06-30": "2.27", "2018-03-31": "2.24", "2017-12-31": "2.07", "2017-09-30": "2.09", "2017-06-30": "2.54", "2017-03-31": "2.55", "2016-12-31": "2.64", "2016-09-30": "2.45", "2016-06-30": "2.32", "2016-03-31": "2.55", "2015-12-31": "2.84", "2015-09-30": "2.80", "2015-06-30": "2.69", "2015-03-31": "2.80", "2014-12-31": "2.80", "2014-09-30": "2.78", "2014-06-30": "3.13", "2014-03-31": "3.43", "2013-12-31": "3.40", "2013-09-30": "2.92", "2013-06-30": "2.62", "2013-03-31": "2.64", "2012-12-31": "2.52", "2012-09-30": "3.13", "2012-06-30": "2.92", "2012-03-31": "3.07", "2011-12-31": "2.89", "2011-09-30": "2.47", "2011-06-30": "2.77", "2011-03-31": "2.98", "2010-12-31": "3.17", "2010-09-30": "2.76", "2010-06-30": "2.83", "2010-03-31": "3.05", "2009-12-31": "3.11", "2009-09-30": "3.07", "2009-06-30": "2.49", "2009-03-31": "3.05", "2008-12-31": "2.78", "2008-09-30": "2.54", "2008-06-30": "2.52", "2008-03-31": "2.08", "2007-12-31": "2.12", "2007-09-30": "1.99", "2007-06-30": "2.15", "2007-03-31": "2.63", "2006-12-31": "2.84", "2006-09-30": "1.68", "2006-06-30": "1.62", "2006-03-31": "1.63", "2005-12-31": "1.83", "2005-09-30": "2.47", "2005-06-30": "2.45", "2005-03-31": "2.27"}, "quick ratio": {"2020-12-31": "2.03", "2020-09-30": "1.94", "2020-06-30": "2.07", "2020-03-31": "1.26", "2019-12-31": "1.43", "2019-09-30": "1.37", "2019-06-30": "1.68", "2019-03-31": "2.31", "2018-12-31": "2.18", "2018-09-30": "2.18", "2018-06-30": "1.70", "2018-03-31": "1.76", "2017-12-31": "1.58", "2017-09-30": "1.55", "2017-06-30": "1.83", "2017-03-31": "1.87", "2016-12-31": "1.78", "2016-09-30": "1.48", "2016-06-30": "1.36", "2016-03-31": "1.61", "2015-12-31": "1.80", "2015-09-30": "1.72", "2015-06-30": "1.66", "2015-03-31": "1.92", "2014-12-31": "1.84", "2014-09-30": "1.77", "2014-06-30": "2.02", "2014-03-31": "2.38", "2013-12-31": "2.26", "2013-09-30": "1.92", "2013-06-30": "1.72", "2013-03-31": "1.84", "2012-12-31": "1.70", "2012-09-30": "2.03", "2012-06-30": "1.88", "2012-03-31": "2.18", "2011-12-31": "1.97", "2011-09-30": "1.59", "2011-06-30": "1.78", "2011-03-31": "2.13", "2010-12-31": "2.29", "2010-09-30": "1.94", "2010-06-30": "2.00", "2010-03-31": "2.37", "2009-12-31": "2.39", "2009-09-30": "2.24", "2009-06-30": "1.80", "2009-03-31": "2.27", "2008-12-31": "1.97", "2008-09-30": "1.70", "2008-06-30": "1.72", "2008-03-31": "1.52", "2007-12-31": "1.48", "2007-09-30": "1.29", "2007-06-30": "1.39", "2007-03-31": "1.81", "2006-12-31": "2.04", "2006-09-30": "1.04", "2006-06-30": "1.03", "2006-03-31": "1.06", "2005-12-31": "1.32", "2005-09-30": "1.64", "2005-06-30": "1.66", "2005-03-31": "1.58"}, "debt equity ratio": {"current": "0.61", "2020-12-31": "2.04", "2020-09-30": "2.05", "2020-06-30": "2.03", "2020-03-31": "1.70", "2019-12-31": "1.39", "2019-09-30": "1.48", "2019-06-30": "1.44", "2019-03-31": "0.81", "2018-12-31": "0.82", "2018-09-30": "0.78", "2018-06-30": "0.76", "2018-03-31": "0.78", "2017-12-31": "0.82", "2017-09-30": "0.72", "2017-06-30": "0.73", "2017-03-31": "0.71", "2016-12-31": "0.65", "2016-09-30": "0.69", "2016-06-30": "0.72", "2016-03-31": "0.66", "2015-12-31": "0.67", "2015-09-30": "0.69", "2015-06-30": "0.59", "2015-03-31": "0.57", "2014-12-31": "0.56", "2014-09-30": "0.59", "2014-06-30": "0.54", "2014-03-31": "0.51", "2013-12-31": "0.50", "2013-09-30": "0.57", "2013-06-30": "0.45", "2013-03-31": "0.43", "2012-12-31": "0.46", "2012-09-30": "0.48", "2012-06-30": "0.50", "2012-03-31": "0.48", "2011-12-31": "0.51", "2011-09-30": "0.58", "2011-06-30": "0.55", "2011-03-31": "0.51", "2010-12-31": "0.47", "2010-09-30": "0.54", "2010-06-30": "0.52", "2010-03-31": "0.49", "2009-12-31": "0.51", "2009-09-30": "0.53", "2009-06-30": "0.59", "2009-03-31": "0.59", "2008-12-31": "0.63", "2008-09-30": "0.69", "2008-06-30": "0.72", "2008-03-31": "0.83", "2007-12-31": "0.81", "2007-09-30": "0.87", "2007-06-30": "0.79", "2007-03-31": "0.61", "2006-12-31": "0.53", "2006-09-30": "0.51", "2006-06-30": "0.52", "2006-03-31": "0.51", "2005-12-31": "0.53", "2005-09-30": "0.55", "2005-06-30": "0.57", "2005-03-31": "0.63"}, "return on equity": {"2020-12-31": "-11.29%", "2020-09-30": "-3.01%", "2020-06-30": "4.93%", "2020-03-31": "13.09%", "2019-12-31": "21.57%", "2019-09-30": "14.35%", "2019-06-30": "13.39%", "2019-03-31": "12.75%", "2018-12-31": "12.85%", "2018-09-30": "6.92%", "2018-06-30": "6.15%", "2018-03-31": "4.75%", "2017-12-31": "-2.42%", "2017-09-30": "2.35%", "2017-06-30": "-0.49%", "2017-03-31": "-2.81%", "2016-12-31": "4.02%", "2016-09-30": "5.33%", "2016-06-30": "8.31%", "2016-03-31": "10.44%", "2015-12-31": "12.51%", "2015-09-30": "14.45%", "2015-06-30": "15.29%", "2015-03-31": "17.59%", "2014-12-31": "18.15%", "2014-09-30": "18.74%", "2014-06-30": "18.89%", "2014-03-31": "19.62%", "2013-12-31": "19.27%", "2013-09-30": "19.05%", "2013-06-30": "19.61%", "2013-03-31": "20.32%", "2012-12-31": "19.60%", "2012-09-30": "18.62%", "2012-06-30": "19.66%", "2012-03-31": "19.78%", "2011-12-31": "19.67%", "2011-09-30": "19.81%", "2011-06-30": "19.25%", "2011-03-31": "17.64%", "2010-12-31": "19.20%", "2010-09-30": "17.87%", "2010-06-30": "17.24%", "2010-03-31": "15.97%", "2009-12-31": "14.13%", "2009-09-30": "14.39%", "2009-06-30": "14.39%", "2009-03-31": "15.56%", "2008-12-31": "18.43%", "2008-09-30": "19.31%", "2008-06-30": "17.95%", "2008-03-31": "18.14%", "2007-12-31": "16.90%", "2007-09-30": "16.99%", "2007-06-30": "18.04%", "2007-03-31": "17.96%", "2006-12-31": "18.04%", "2006-09-30": "17.80%", "2006-06-30": "16.86%", "2006-03-31": "16.11%", "2005-12-31": "14.79%"}, "return on assets": {"2020-12-31": "-3.83%", "2020-09-30": "-1.09%", "2020-06-30": "1.87%", "2020-03-31": "5.24%", "2019-12-31": "9.51%", "2019-09-30": "6.78%", "2019-06-30": "6.88%", "2019-03-31": "7.12%", "2018-12-31": "7.21%", "2018-09-30": "3.88%", "2018-06-30": "3.47%", "2018-03-31": "2.70%", "2017-12-31": "-1.38%", "2017-09-30": "1.38%", "2017-06-30": "-0.29%", "2017-03-31": "-1.66%", "2016-12-31": "2.40%", "2016-09-30": "3.17%", "2016-06-30": "4.94%", "2016-03-31": "6.32%", "2015-12-31": "7.68%", "2015-09-30": "9.02%", "2015-06-30": "9.70%", "2015-03-31": "11.24%", "2014-12-31": "11.71%", "2014-09-30": "12.21%", "2014-06-30": "12.34%", "2014-03-31": "13.00%", "2013-12-31": "12.93%", "2013-09-30": "12.88%", "2013-06-30": "13.48%", "2013-03-31": "13.87%", "2012-12-31": "13.26%", "2012-09-30": "12.49%", "2012-06-30": "12.98%", "2012-03-31": "12.95%", "2011-12-31": "12.82%", "2011-09-30": "13.00%", "2011-06-30": "12.71%", "2011-03-31": "11.71%", "2010-12-31": "12.78%", "2010-09-30": "11.80%", "2010-06-30": "11.41%", "2010-03-31": "10.45%", "2009-12-31": "9.09%", "2009-09-30": "9.09%", "2009-06-30": "8.86%", "2009-03-31": "9.40%", "2008-12-31": "10.76%", "2008-09-30": "10.97%", "2008-06-30": "9.95%", "2008-03-31": "9.94%", "2007-12-31": "9.55%", "2007-09-30": "10.01%", "2007-06-30": "11.20%", "2007-03-31": "11.63%", "2006-12-31": "11.89%", "2006-09-30": "11.74%", "2006-06-30": "11.05%", "2006-03-31": "10.47%", "2005-12-31": "9.44%"}, "return on investments": {"2020-12-31": "-7.66%", "2020-09-30": "-6.63%", "2020-06-30": "0.14%", "2020-03-31": "9.28%", "2019-12-31": "17.32%", "2019-09-30": "15.91%", "2019-06-30": "14.49%", "2019-03-31": "14.16%", "2018-12-31": "14.30%", "2018-09-30": "14.49%", "2018-06-30": "14.37%", "2018-03-31": "13.08%", "2017-12-31": "5.37%", "2017-09-30": "3.66%", "2017-06-30": "0.69%", "2017-03-31": "-2.26%", "2016-12-31": "5.70%", "2016-09-30": "7.06%", "2016-06-30": "10.53%", "2016-03-31": "13.52%", "2015-12-31": "16.49%", "2015-09-30": "19.47%", "2015-06-30": "20.87%", "2015-03-31": "24.12%", "2014-12-31": "24.73%", "2014-09-30": "25.23%", "2014-06-30": "25.49%", "2014-03-31": "34.88%", "2013-12-31": "50.41%", "2013-09-30": "98.63%", "2013-06-30": "111.04%", "2013-03-31": "58.28%", "2012-12-31": "37.08%", "2012-09-30": "27.07%", "2012-06-30": "27.76%", "2012-03-31": "27.93%", "2011-12-31": "28.05%", "2011-09-30": "27.59%", "2011-06-30": "26.74%", "2011-03-31": "24.16%", "2010-12-31": "26.11%", "2010-09-30": "24.55%", "2010-06-30": "23.00%", "2010-03-31": "21.45%", "2009-12-31": "17.77%", "2009-09-30": "17.95%", "2009-06-30": "18.34%", "2009-03-31": "19.58%", "2008-12-31": "23.57%", "2008-09-30": "24.27%", "2008-06-30": "23.14%", "2008-03-31": "23.78%", "2007-12-31": "23.18%", "2007-09-30": "23.97%", "2007-06-30": "32.98%", "2007-03-31": "47.99%", "2006-12-31": "96.00%", "2006-09-30": "inf%", "2006-06-30": "106.19%", "2006-03-31": "49.72%", "2005-12-31": "28.86%"}, "return on tangible equity": {"2020-12-31": "-19.00%", "2020-09-30": "-4.92%", "2020-06-30": "7.90%", "2020-03-31": "20.57%", "2019-12-31": "33.11%", "2019-09-30": "21.89%", "2019-06-30": "20.07%", "2019-03-31": "18.88%", "2018-12-31": "19.03%", "2018-09-30": "10.28%", "2018-06-30": "9.15%", "2018-03-31": "7.10%", "2017-12-31": "-3.63%", "2017-09-30": "3.50%", "2017-06-30": "-0.73%", "2017-03-31": "-4.18%", "2016-12-31": "5.90%", "2016-09-30": "7.79%", "2016-06-30": "12.06%", "2016-03-31": "15.04%", "2015-12-31": "17.95%", "2015-09-30": "20.66%", "2015-06-30": "21.85%", "2015-03-31": "25.23%", "2014-12-31": "26.16%", "2014-09-30": "27.22%", "2014-06-30": "27.62%", "2014-03-31": "28.95%", "2013-12-31": "28.74%", "2013-09-30": "28.86%", "2013-06-30": "30.21%", "2013-03-31": "31.87%", "2012-12-31": "31.13%", "2012-09-30": "30.03%", "2012-06-30": "32.35%", "2012-03-31": "33.16%", "2011-12-31": "33.74%", "2011-09-30": "34.22%", "2011-06-30": "33.50%", "2011-03-31": "30.79%", "2010-12-31": "33.63%", "2010-09-30": "31.75%", "2010-06-30": "30.81%", "2010-03-31": "28.77%", "2009-12-31": "25.99%", "2009-09-30": "27.19%", "2009-06-30": "28.19%", "2009-03-31": "31.48%", "2008-12-31": "38.72%", "2008-09-30": "41.76%", "2008-06-30": "40.17%", "2008-03-31": "41.77%", "2007-12-31": "37.01%", "2007-09-30": "34.69%", "2007-06-30": "34.28%", "2007-03-31": "32.25%", "2006-12-31": "32.38%", "2006-09-30": "31.02%", "2006-06-30": "28.49%", "2006-03-31": "25.95%", "2005-12-31": "22.77%"}, "dividend yield history": {"last payout": "$0.00", "last yield": "0.00%"}}