{"ticker": "RRC", "price": {"title": "Range Resources Historical Annual Stock Price Data", "value": 9.26, "historical": {"2021": {"Average Stock Price": "8.8500", "Year Open": "7.1300", "Year High": "10.2000", "Year Low": "7.1300", "Year Close": "9.2600", "Annual % Change": "38.21%"}, "2020": {"Average Stock Price": "5.8539", "Year Open": "4.4100", "Year High": "9.3900", "Year Low": "1.9400", "Year Close": "6.7000", "Annual % Change": "38.14%"}, "2019": {"Average Stock Price": "7.0408", "Year Open": "9.9600", "Year High": "11.8700", "Year Low": "3.3300", "Year Close": "4.8500", "Annual % Change": "-49.32%"}, "2018": {"Average Stock Price": "15.3355", "Year Open": "17.9200", "Year High": "18.4800", "Year Low": "9.4200", "Year Close": "9.5700", "Annual % Change": "-43.90%"}, "2017": {"Average Stock Price": "23.3233", "Year Open": "32.6000", "Year High": "35.7100", "Year Low": "15.6300", "Year Close": "17.0600", "Annual % Change": "-50.35%"}, "2016": {"Average Stock Price": "36.3440", "Year Open": "25.7500", "Year High": "46.4500", "Year Low": "20.4500", "Year Close": "34.3600", "Annual % Change": "39.62%"}, "2015": {"Average Stock Price": "43.7273", "Year Open": "55.4000", "Year High": "64.7500", "Year Low": "21.1700", "Year Close": "24.6100", "Annual % Change": "-53.96%"}, "2014": {"Average Stock Price": "78.7673", "Year Open": "81.7400", "Year High": "93.7000", "Year Low": "52.2800", "Year Close": "53.4500", "Annual % Change": "-36.60%"}, "2013": {"Average Stock Price": "76.2072", "Year Open": "62.0500", "Year High": "84.3100", "Year Low": "62.0500", "Year Close": "84.3100", "Annual % Change": "34.19%"}, "2012": {"Average Stock Price": "63.1148", "Year Open": "61.1800", "Year High": "73.2800", "Year Low": "54.0200", "Year Close": "62.8300", "Annual % Change": "1.44%"}, "2011": {"Average Stock Price": "58.0278", "Year Open": "45.6200", "Year High": "74.4000", "Year Low": "44.7400", "Year Close": "61.9400", "Annual % Change": "37.71%"}, "2010": {"Average Stock Price": "43.7674", "Year Open": "52.6000", "Year High": "53.9300", "Year Low": "32.8000", "Year Close": "44.9800", "Annual % Change": "-9.77%"}, "2009": {"Average Stock Price": "44.4895", "Year Open": "37.0800", "Year High": "58.7400", "Year Low": "31.1800", "Year Close": "49.8500", "Annual % Change": "44.95%"}, "2008": {"Average Stock Price": "52.3295", "Year Open": "52.7100", "Year High": "75.0000", "Year Low": "26.8600", "Year Close": "34.3900", "Annual % Change": "-33.04%"}, "2007": {"Average Stock Price": "37.4645", "Year Open": "25.8300", "Year High": "51.6300", "Year Low": "25.6900", "Year Close": "51.3600", "Annual % Change": "87.04%"}, "2006": {"Average Stock Price": "26.7074", "Year Open": "27.5600", "Year High": "31.2300", "Year Low": "21.9900", "Year Close": "27.4600", "Annual % Change": "4.25%"}, "2005": {"Average Stock Price": "19.5006", "Year Open": "12.7333", "Year High": "28.0100", "Year Low": "12.5667", "Year Close": "26.3400", "Annual % Change": "93.11%"}, "2004": {"Average Stock Price": "9.5932", "Year Open": "6.3267", "Year High": "14.3400", "Year Low": "6.3267", "Year Close": "13.6400", "Annual % Change": "116.51%"}, "2003": {"Average Stock Price": "4.4502", "Year Open": "3.7667", "Year High": "6.5200", "Year Low": "3.3667", "Year Close": "6.3000", "Annual % Change": "75.00%"}, "2002": {"Average Stock Price": "3.3219", "Year Open": "2.9333", "Year High": "3.9200", "Year Low": "2.7000", "Year Close": "3.6000", "Annual % Change": "18.68%"}, "2001": {"Average Stock Price": "3.5835", "Year Open": "4.4587", "Year High": "4.5833", "Year Low": "2.6533", "Year Close": "3.0333", "Annual % Change": "-33.82%"}, "2000": {"Average Stock Price": "2.2716", "Year Open": "1.8733", "Year High": "4.5833", "Year Low": "0.9587", "Year Close": "4.5833", "Annual % Change": "115.65%"}, "1999": {"Average Stock Price": "2.6991", "Year Open": "2.4167", "Year High": "4.6667", "Year Low": "1.2500", "Year Close": "2.1253", "Annual % Change": "-7.27%"}, "1998": {"Average Stock Price": "6.9475", "Year Open": "10.7067", "Year High": "11.5800", "Year Low": "1.9587", "Year Close": "2.2920", "Annual % Change": "-78.84%"}, "1997": {"Average Stock Price": "12.1170", "Year Open": "12.6667", "Year High": "15.4200", "Year Low": "10.0000", "Year Close": "10.8333", "Annual % Change": "-5.14%"}, "1996": {"Average Stock Price": "8.8217", "Year Open": "6.4200", "Year High": "11.5800", "Year Low": "6.3333", "Year Close": "11.4200", "Annual % Change": "75.69%"}, "1995": {"Average Stock Price": "5.2110", "Year Open": "4.5800", "Year High": "6.5000", "Year Low": "3.7933", "Year Close": "6.5000", "Annual % Change": "41.92%"}, "1994": {"Average Stock Price": "5.1956", "Year Open": "4.9200", "Year High": "6.1667", "Year Low": "4.4200", "Year Close": "4.5800", "Annual % Change": "-5.24%"}, "1993": {"Average Stock Price": "4.6162", "Year Open": "2.5800", "Year High": "6.3333", "Year Low": "2.5800", "Year Close": "4.8333", "Annual % Change": "70.59%"}}}, "market cap": {"value": "$2.37B"}, "income statement": {"Revenue": {"2019-12-31": "2827.61500", "2018-12-31": "3282.64500", "2017-12-31": "2611.03000", "2016-12-31": "1099.93900", "2015-12-31": "1598.06800", "2014-12-31": "2426.05700", "2013-12-31": "1770.42800", "2012-12-31": "1457.70400", "2011-12-31": "1230.64200", "2010-12-31": "961.39700", "2009-12-31": "819.16600", "2008-12-31": "1324.67300", "2007-12-31": "860.36500", "2006-12-31": "744.81200", "2005-12-31": "509.10300"}, "Cost Of Goods Sold": {"2019-12-31": "396.57500", "2018-12-31": "530.16400", "2017-12-31": "273.97300", "2016-12-31": "200.90100", "2015-12-31": "137.27200", "2014-12-31": "193.52800", "2013-12-31": "196.19500", "2012-12-31": "90.24100", "2011-12-31": "93.35300", "2010-12-31": "70.26700", "2009-12-31": "44.27600", "2008-12-31": "67.69000", "2007-12-31": "45.78200", "2006-12-31": "44.08800", "2005-12-31": "29.52900"}, "Gross Profit": {"2019-12-31": "2431.04000", "2018-12-31": "2752.48100", "2017-12-31": "2337.05700", "2016-12-31": "899.03800", "2015-12-31": "1460.79600", "2014-12-31": "2232.52900", "2013-12-31": "1574.23300", "2012-12-31": "1367.46300", "2011-12-31": "1137.28900", "2010-12-31": "891.13000", "2009-12-31": "774.89000", "2008-12-31": "1256.98300", "2007-12-31": "814.58300", "2006-12-31": "700.72400", "2005-12-31": "479.57400"}, "Research And Development Expenses": {"2019-12-31": "", "2018-12-31": "", "2017-12-31": "", "2016-12-31": "", "2015-12-31": "", "2014-12-31": "", "2013-12-31": "", "2012-12-31": "", "2011-12-31": "", "2010-12-31": "", "2009-12-31": "", "2008-12-31": "", "2007-12-31": "", "2006-12-31": "", "2005-12-31": ""}, "SG&A Expenses": {"2019-12-31": "1554.64900", "2018-12-31": "1513.30800", "2017-12-31": "1171.72300", "2016-12-31": "872.81200", "2015-12-31": "760.97700", "2014-12-31": "733.75300", "2013-12-31": "720.74400", "2012-12-31": "549.28300", "2011-12-31": "412.58400", "2010-12-31": "325.78900", "2009-12-31": "276.29100", "2008-12-31": "289.86700", "2007-12-31": "219.61200", "2006-12-31": "167.56200", "2005-12-31": "122.13200"}, "Other Operating Income Or Expenses": {"2019-12-31": "5.96600", "2018-12-31": "19.00400", "2017-12-31": "47.14500", "2016-12-31": "-18.63400", "2015-12-31": "-527.61700", "2014-12-31": "38.15500", "2013-12-31": "-63.04900", "2012-12-31": "-42.75700", "2011-12-31": "-81.89000", "2010-12-31": "-4.74100", "2009-12-31": "-34.48200", "2008-12-31": "24.68900", "2007-12-31": "-35.43800", "2006-12-31": "-6.87300", "2005-12-31": "-29.47400"}, "Operating Expenses": {"2019-12-31": "2494.10100", "2018-12-31": "4301.13200", "2017-12-31": "2023.54300", "2016-12-31": "1616.44900", "2015-12-31": "2007.02100", "2014-12-31": "1440.15800", "2013-12-31": "1472.38500", "2012-12-31": "1127.50900", "2011-12-31": "929.04800", "2010-12-31": "676.03500", "2009-12-31": "622.19700", "2008-12-31": "632.69900", "2007-12-31": "521.41000", "2006-12-31": "373.00500", "2005-12-31": "295.49900"}, "Operating Income": {"2019-12-31": "333.51420", "2018-12-31": "-1018.48700", "2017-12-31": "587.48710", "2016-12-31": "-516.51000", "2015-12-31": "-408.95300", "2014-12-31": "985.89880", "2013-12-31": "298.04300", "2012-12-31": "330.19510", "2011-12-31": "301.59390", "2010-12-31": "285.36190", "2009-12-31": "196.96900", "2008-12-31": "691.97400", "2007-12-31": "338.95500", "2006-12-31": "371.80700", "2005-12-31": "213.60400"}, "Total Non-Operating Income/Expense": {"2019-12-31": "-2550.10200", "2018-12-31": "-758.48300", "2017-12-31": "-505.36700", "2016-12-31": "-285.62800", "2015-12-31": "-643.40900", "2014-12-31": "44.98600", "2013-12-31": "-148.46400", "2012-12-31": "-305.13900", "2011-12-31": "-223.33100", "2010-12-31": "-145.75400", "2009-12-31": "-112.19600", "2008-12-31": "-147.10300", "2007-12-31": "-88.97300", "2006-12-31": "-56.10600", "2005-12-31": "-37.61900"}, "Pre-Tax Income": {"2019-12-31": "-2216.58800", "2018-12-31": "-1776.97000", "2017-12-31": "82.12000", "2016-12-31": "-802.13800", "2015-12-31": "-1052.36200", "2014-12-31": "1030.88500", "2013-12-31": "149.57900", "2012-12-31": "25.05600", "2011-12-31": "78.26300", "2010-12-31": "139.60800", "2009-12-31": "84.77300", "2008-12-31": "544.87100", "2007-12-31": "249.98200", "2006-12-31": "315.70100", "2005-12-31": "175.98500"}, "Income Taxes": {"2019-12-31": "-500.29100", "2018-12-31": "-30.48900", "2017-12-31": "-251.02600", "2016-12-31": "-280.75000", "2015-12-31": "-338.67700", "2014-12-31": "396.50300", "2013-12-31": "33.85700", "2012-12-31": "12.05400", "2011-12-31": "35.55700", "2010-12-31": "50.91000", "2009-12-31": "45.79300", "2008-12-31": "193.83100", "2007-12-31": "96.30700", "2006-12-31": "121.75200", "2005-12-31": "65.88000"}, "Income After Taxes": {"2019-12-31": "-1716.29700", "2018-12-31": "-1746.48100", "2017-12-31": "333.14600", "2016-12-31": "-521.38800", "2015-12-31": "-713.68510", "2014-12-31": "634.38200", "2013-12-31": "115.72200", "2012-12-31": "13.00200", "2011-12-31": "42.70600", "2010-12-31": "88.69800", "2009-12-31": "38.98000", "2008-12-31": "351.04000", "2007-12-31": "153.67500", "2006-12-31": "193.94900", "2005-12-31": "110.10500"}, "Other Income": {"2019-12-31": "", "2018-12-31": "", "2017-12-31": "", "2016-12-31": "", "2015-12-31": "", "2014-12-31": "", "2013-12-31": "", "2012-12-31": "", "2011-12-31": "", "2010-12-31": "", "2009-12-31": "", "2008-12-31": "", "2007-12-31": "", "2006-12-31": "", "2005-12-31": ""}, "Income From Continuous Operations": {"2019-12-31": "-1716.29700", "2018-12-31": "-1746.48100", "2017-12-31": "333.14600", "2016-12-31": "-521.38800", "2015-12-31": "-713.68510", "2014-12-31": "634.38200", "2013-12-31": "115.72200", "2012-12-31": "13.00200", "2011-12-31": "42.70600", "2010-12-31": "88.69800", "2009-12-31": "38.98000", "2008-12-31": "351.04000", "2007-12-31": "153.67500", "2006-12-31": "193.94900", "2005-12-31": "110.10500"}, "Income From Discontinued Operations": {"2019-12-31": "", "2018-12-31": "", "2017-12-31": "", "2016-12-31": "", "2015-12-31": "", "2014-12-31": "", "2013-12-31": "", "2012-12-31": "", "2011-12-31": "15.32000", "2010-12-31": "-327.95400", "2009-12-31": "-92.85000", "2008-12-31": "", "2007-12-31": "63.59300", "2006-12-31": "-35.24700", "2005-12-31": "0.90600"}, "Net Income": {"2019-12-31": "-1716.54800", "2018-12-31": "-1746.72600", "2017-12-31": "329.39500", "2016-12-31": "-521.38800", "2015-12-31": "-714.13500", "2014-12-31": "623.65700", "2013-12-31": "113.75600", "2012-12-31": "12.54200", "2011-12-31": "56.98900", "2010-12-31": "-239.71000", "2009-12-31": "-53.87000", "2008-12-31": "351.04000", "2007-12-31": "217.26800", "2006-12-31": "158.70200", "2005-12-31": "111.01100"}, "EBITDA": {"2019-12-31": "1984.44600", "2018-12-31": "1283.30600", "2017-12-31": "1281.60300", "2016-12-31": "57.80200", "2015-12-31": "791.75900", "2014-12-31": "1589.64900", "2013-12-31": "822.05900", "2012-12-31": "834.14210", "2011-12-31": "706.95400", "2010-12-31": "577.17690", "2009-12-31": "473.80200", "2008-12-31": "994.70500", "2007-12-31": "561.81000", "2006-12-31": "528.11600", "2005-12-31": "329.63000"}, "EBIT": {"2019-12-31": "333.51420", "2018-12-31": "-1018.48700", "2017-12-31": "587.48710", "2016-12-31": "-516.51000", "2015-12-31": "-408.95300", "2014-12-31": "985.89880", "2013-12-31": "298.04300", "2012-12-31": "330.19510", "2011-12-31": "301.59390", "2010-12-31": "285.36190", "2009-12-31": "196.96900", "2008-12-31": "691.97400", "2007-12-31": "338.95500", "2006-12-31": "371.80700", "2005-12-31": "213.60400"}, "Basic Shares Outstanding": {"2019-12-31": "247.97000", "2018-12-31": "246.17100", "2017-12-31": "245.09100", "2016-12-31": "189.86800", "2015-12-31": "166.38900", "2014-12-31": "163.62500", "2013-12-31": "160.43800", "2012-12-31": "159.43100", "2011-12-31": "158.03000", "2010-12-31": "156.87400", "2009-12-31": "154.51400", "2008-12-31": "151.11600", "2007-12-31": "143.79100", "2006-12-31": "133.75100", "2005-12-31": "124.13000"}, "Shares Outstanding": {"2019-12-31": "247.97000", "2018-12-31": "246.17100", "2017-12-31": "245.45800", "2016-12-31": "189.86800", "2015-12-31": "166.38900", "2014-12-31": "164.40300", "2013-12-31": "161.40700", "2012-12-31": "160.30700", "2011-12-31": "159.44100", "2010-12-31": "158.42800", "2009-12-31": "158.77800", "2008-12-31": "155.94300", "2007-12-31": "149.91100", "2006-12-31": "138.71100", "2005-12-31": "129.12600"}, "Basic EPS": {"2019-12-31": "-6.92000", "2018-12-31": "-7.10000", "2017-12-31": "1.34000", "2016-12-31": "-2.75000", "2015-12-31": "-4.29000", "2014-12-31": "3.81000", "2013-12-31": "0.71000", "2012-12-31": "0.08000", "2011-12-31": "0.36000", "2010-12-31": "-1.53000", "2009-12-31": "-0.35000", "2008-12-31": "2.32000", "2007-12-31": "1.51000", "2006-12-31": "1.19000", "2005-12-31": "0.89000"}, "EPS - Earnings Per Share": {"2019-12-31": "-6.92000", "2018-12-31": "-7.10000", "2017-12-31": "1.34000", "2016-12-31": "-2.75000", "2015-12-31": "-4.29000", "2014-12-31": "3.79000", "2013-12-31": "0.70000", "2012-12-31": "0.08000", "2011-12-31": "0.36000", "2010-12-31": "-1.52000", "2009-12-31": "-0.35000", "2008-12-31": "2.25000", "2007-12-31": "1.45000", "2006-12-31": "1.14000", "2005-12-31": "0.86000"}}, "income statement, quarterly": {"Revenue": {"2020-09-30": "299.34500", "2020-06-30": "376.54600", "2020-03-31": "693.92000", "2019-12-31": "605.60390", "2019-09-30": "622.44500", "2019-06-30": "851.42900", "2019-03-31": "748.13700", "2018-12-31": "1072.63700", "2018-09-30": "811.22500", "2018-06-30": "656.18400", "2018-03-31": "742.59900", "2017-12-31": "679.03200", "2017-09-30": "482.23200", "2017-06-30": "673.11100", "2017-03-31": "776.65500", "2016-12-31": "253.52190", "2016-09-30": "413.20700", "2016-06-30": "101.79700", "2016-03-31": "331.41300", "2015-12-31": "410.72700", "2015-09-30": "479.93300", "2015-06-30": "244.60100", "2015-03-31": "462.80700", "2014-12-31": "586.57590", "2014-09-30": "616.61500", "2014-06-30": "765.52400", "2014-03-31": "457.34200", "2013-12-31": "335.79500", "2013-09-30": "442.03800", "2013-06-30": "673.35600", "2013-03-31": "319.23900", "2012-12-31": "458.03790", "2012-09-30": "299.78000", "2012-06-30": "448.93100", "2012-03-31": "250.95500", "2011-12-31": "312.05290", "2011-09-30": "370.63600", "2011-06-30": "335.29500", "2011-03-31": "212.65800", "2010-12-31": "276.64200", "2010-09-30": "195.15500", "2010-06-30": "191.17500", "2010-03-31": "298.42500", "2009-12-31": "158.65600", "2009-09-30": "203.64100", "2009-06-30": "180.43200", "2009-03-31": "276.43700", "2008-12-31": "344.86200", "2008-09-30": "622.67000", "2008-06-30": "151.80300", "2008-03-31": "205.33800", "2007-12-31": "221.65700", "2007-09-30": "242.35300", "2007-06-30": "243.51400", "2007-03-31": "152.84100", "2006-12-31": "176.56700", "2006-09-30": "219.62500", "2006-06-30": "169.39000", "2006-03-31": "179.23000", "2005-12-31": "139.66900", "2005-09-30": "141.79000", "2005-06-30": "119.68400", "2005-03-31": "107.96000"}, "Cost Of Goods Sold": {"2020-09-30": "56.05300", "2020-06-30": "46.18800", "2020-03-31": "39.70100", "2019-12-31": "55.88200", "2019-09-30": "90.95100", "2019-06-30": "109.22600", "2019-03-31": "140.51600", "2018-12-31": "232.22600", "2018-09-30": "124.37900", "2018-06-30": "110.24600", "2018-03-31": "63.31300", "2017-12-31": "59.02400", "2017-09-30": "82.54000", "2017-06-30": "70.35500", "2017-03-31": "62.05400", "2016-12-31": "60.15500", "2016-09-30": "51.56500", "2016-06-30": "47.71000", "2016-03-31": "41.47100", "2015-12-31": "39.20200", "2015-09-30": "36.56600", "2015-06-30": "32.05600", "2015-03-31": "29.44800", "2014-12-31": "56.00800", "2014-09-30": "40.14900", "2014-06-30": "48.39600", "2014-03-31": "48.97500", "2013-12-31": "55.75700", "2013-09-30": "71.61300", "2013-06-30": "29.73000", "2013-03-31": "39.09500", "2012-12-31": "23.01600", "2012-09-30": "19.63900", "2012-06-30": "22.00800", "2012-03-31": "25.57800", "2011-12-31": "36.96800", "2011-09-30": "17.60600", "2011-06-30": "11.59200", "2011-03-31": "27.18700", "2010-12-31": "26.48300", "2010-09-30": "15.22500", "2010-06-30": "14.42000", "2010-03-31": "14.13900", "2009-12-31": "8.66700", "2009-09-30": "10.90200", "2009-06-30": "11.36800", "2009-03-31": "13.33900", "2008-12-31": "12.48600", "2008-09-30": "19.14900", "2008-06-30": "19.46200", "2008-03-31": "16.59300", "2007-12-31": "16.11400", "2007-09-30": "6.23300", "2007-06-30": "11.72500", "2007-03-31": "11.71000", "2006-12-31": "10.89500", "2006-09-30": "16.50800", "2006-06-30": "7.76300", "2006-03-31": "8.92200", "2005-12-31": "9.40900", "2005-09-30": "7.72500", "2005-06-30": "9.12400", "2005-03-31": "3.27100"}, "Gross Profit": {"2020-09-30": "243.29200", "2020-06-30": "330.35800", "2020-03-31": "654.21900", "2019-12-31": "549.72190", "2019-09-30": "531.49400", "2019-06-30": "742.20300", "2019-03-31": "607.62100", "2018-12-31": "840.41080", "2018-09-30": "686.84590", "2018-06-30": "545.93800", "2018-03-31": "679.28600", "2017-12-31": "620.00800", "2017-09-30": "399.69200", "2017-06-30": "602.75600", "2017-03-31": "714.60100", "2016-12-31": "193.36690", "2016-09-30": "361.64200", "2016-06-30": "54.08700", "2016-03-31": "289.94200", "2015-12-31": "371.52500", "2015-09-30": "443.36700", "2015-06-30": "212.54500", "2015-03-31": "433.35900", "2014-12-31": "530.56790", "2014-09-30": "576.46600", "2014-06-30": "717.12800", "2014-03-31": "408.36700", "2013-12-31": "280.03800", "2013-09-30": "370.42500", "2013-06-30": "643.62600", "2013-03-31": "280.14400", "2012-12-31": "435.02190", "2012-09-30": "280.14100", "2012-06-30": "426.92300", "2012-03-31": "225.37700", "2011-12-31": "275.08490", "2011-09-30": "353.03000", "2011-06-30": "323.70300", "2011-03-31": "185.47100", "2010-12-31": "250.15900", "2010-09-30": "179.93000", "2010-06-30": "176.75500", "2010-03-31": "284.28600", "2009-12-31": "149.98900", "2009-09-30": "192.73900", "2009-06-30": "169.06400", "2009-03-31": "263.09800", "2008-12-31": "332.37600", "2008-09-30": "603.52100", "2008-06-30": "132.34100", "2008-03-31": "188.74500", "2007-12-31": "205.54300", "2007-09-30": "236.12000", "2007-06-30": "231.78900", "2007-03-31": "141.13100", "2006-12-31": "165.67200", "2006-09-30": "203.11700", "2006-06-30": "161.62700", "2006-03-31": "170.30800", "2005-12-31": "130.26000", "2005-09-30": "134.06500", "2005-06-30": "110.56000", "2005-03-31": "104.68900"}, "Research And Development Expenses": {"2020-09-30": "", "2020-06-30": "", "2020-03-31": "", "2019-12-31": "", "2019-09-30": "", "2019-06-30": "", "2019-03-31": "", "2018-12-31": "", "2018-09-30": "", "2018-06-30": "", "2018-03-31": "", "2017-12-31": "", "2017-09-30": "", "2017-06-30": "", "2017-03-31": "", "2016-12-31": "", "2016-09-30": "", "2016-06-30": "", "2016-03-31": "", "2015-12-31": "", "2015-09-30": "", "2015-06-30": "", "2015-03-31": "", "2014-12-31": "", "2014-09-30": "", "2014-06-30": "", "2014-03-31": "", "2013-12-31": "", "2013-09-30": "", "2013-06-30": "", "2013-03-31": "", "2012-12-31": "", "2012-09-30": "", "2012-06-30": "", "2012-03-31": "", "2011-12-31": "", "2011-09-30": "", "2011-06-30": "", "2011-03-31": "", "2010-12-31": "", "2010-09-30": "", "2010-06-30": "", "2010-03-31": "", "2009-12-31": "", "2009-09-30": "", "2009-06-30": "", "2009-03-31": "", "2008-12-31": "", "2008-09-30": "", "2008-06-30": "", "2008-03-31": "", "2007-12-31": "", "2007-09-30": "", "2007-06-30": "", "2007-03-31": "", "2006-12-31": "", "2006-09-30": "", "2006-06-30": "", "2006-03-31": "", "2005-12-31": "", "2005-09-30": "", "2005-06-30": "", "2005-03-31": ""}, "SG&A Expenses": {"2020-09-30": "331.88200", "2020-06-30": "347.11400", "2020-03-31": "368.07300", "2019-12-31": "385.05900", "2019-09-30": "380.04000", "2019-06-30": "395.72000", "2019-03-31": "393.83000", "2018-12-31": "400.85700", "2018-09-30": "388.63700", "2018-06-30": "362.72100", "2018-03-31": "361.09300", "2017-12-31": "330.53100", "2017-09-30": "293.56100", "2017-06-30": "285.30100", "2017-03-31": "262.33000", "2016-12-31": "258.43100", "2016-09-30": "208.89200", "2016-06-30": "209.62800", "2016-03-31": "195.86100", "2015-12-31": "192.76700", "2015-09-30": "188.20600", "2015-06-30": "195.18400", "2015-03-31": "184.82000", "2014-12-31": "191.78900", "2014-09-30": "187.64200", "2014-06-30": "179.47600", "2014-03-31": "174.84600", "2013-12-31": "172.67700", "2013-09-30": "148.23800", "2013-06-30": "211.78400", "2013-03-31": "188.04500", "2012-12-31": "141.95800", "2012-09-30": "134.54400", "2012-06-30": "127.57600", "2012-03-31": "145.20500", "2011-12-31": "108.61900", "2011-09-30": "105.48300", "2011-06-30": "103.84500", "2011-03-31": "94.63700", "2010-12-31": "137.61000", "2010-09-30": "68.96100", "2010-06-30": "62.67000", "2010-03-31": "56.54800", "2009-12-31": "67.44900", "2009-09-30": "68.63900", "2009-06-30": "71.49500", "2009-03-31": "68.70800", "2008-12-31": "72.05100", "2008-09-30": "76.39200", "2008-06-30": "77.22200", "2008-03-31": "64.20200", "2007-12-31": "57.84700", "2007-09-30": "57.37700", "2007-06-30": "53.88400", "2007-03-31": "50.50400", "2006-12-31": "46.17600", "2006-09-30": "44.38000", "2006-06-30": "37.99200", "2006-03-31": "39.01400", "2005-12-31": "29.89400", "2005-09-30": "34.37800", "2005-06-30": "30.69400", "2005-03-31": "27.16600"}, "Other Operating Income Or Expenses": {"2020-09-30": "-527.87000", "2020-06-30": "-22.88400", "2020-03-31": "-70.05800", "2019-12-31": "-7.44100", "2019-09-30": "8.05200", "2019-06-30": "8.93600", "2019-03-31": "-3.58100", "2018-12-31": "40.68600", "2018-09-30": "0.11300", "2018-06-30": "-21.91700", "2018-03-31": "0.12200", "2017-12-31": "78.03500", "2017-09-30": "-54.42900", "2017-06-30": "14.56200", "2017-03-31": "8.97700", "2016-12-31": "11.83500", "2016-09-30": "11.50000", "2016-06-30": "-25.75100", "2016-03-31": "-16.21800", "2015-12-31": "-75.70500", "2015-09-30": "-458.45100", "2015-06-30": "6.86500", "2015-03-31": "-0.32600", "2014-12-31": "25.43200", "2014-09-30": "46.19800", "2014-06-30": "-35.51000", "2014-03-31": "2.03500", "2013-12-31": "-22.03900", "2013-09-30": "-4.78700", "2013-06-30": "6.13700", "2013-03-31": "-42.36000", "2012-12-31": "-19.92100", "2012-09-30": "-21.33300", "2012-06-30": "-9.33300", "2012-03-31": "7.83000", "2011-12-31": "-9.64000", "2011-09-30": "-47.39800", "2011-06-30": "5.77800", "2011-03-31": "-30.63000", "2010-12-31": "-15.49200", "2010-09-30": "5.34700", "2010-06-30": "14.13500", "2010-03-31": "-8.73100", "2009-12-31": "-4.00700", "2009-09-30": "-17.28500", "2009-06-30": "-0.75600", "2009-03-31": "-12.43400", "2008-12-31": "15.32400", "2008-09-30": "37.51500", "2008-06-30": "-7.53900", "2008-03-31": "-20.61100", "2007-12-31": "-7.09600", "2007-09-30": "-7.76100", "2007-06-30": "-9.33400", "2007-03-31": "-11.24700", "2006-12-31": "-7.22000", "2006-09-30": "2.63800", "2006-06-30": "2.18800", "2006-03-31": "-4.47900", "2005-12-31": "-2.68100", "2005-09-30": "-17.45000", "2005-06-30": "-5.27600", "2005-03-31": "-4.06700"}, "Operating Expenses": {"2020-09-30": "1011.97200", "2020-06-30": "520.81200", "2020-03-31": "580.81800", "2019-12-31": "579.25090", "2019-09-30": "600.69000", "2019-06-30": "637.51500", "2019-03-31": "676.64500", "2018-12-31": "2381.50300", "2018-09-30": "677.16900", "2018-06-30": "655.91000", "2018-03-31": "586.55000", "2017-12-31": "474.43790", "2017-09-30": "590.27900", "2017-06-30": "493.59800", "2017-03-31": "465.22800", "2016-12-31": "456.41290", "2016-09-30": "380.44600", "2016-06-30": "405.47900", "2016-03-31": "374.11100", "2015-12-31": "435.65100", "2015-09-30": "837.21590", "2015-06-30": "372.27000", "2015-03-31": "361.88400", "2014-12-31": "368.90410", "2014-09-30": "324.04300", "2014-06-30": "396.74300", "2014-03-31": "350.46800", "2013-12-31": "377.43100", "2013-09-30": "354.98100", "2013-06-30": "355.37200", "2013-03-31": "384.60100", "2012-12-31": "298.11080", "2012-09-30": "298.57500", "2012-06-30": "267.71900", "2012-03-31": "263.10400", "2011-12-31": "252.31900", "2011-09-30": "264.10600", "2011-06-30": "187.95300", "2011-03-31": "224.67000", "2010-12-31": "252.47310", "2010-09-30": "148.56900", "2010-06-30": "130.76800", "2010-03-31": "144.22500", "2009-12-31": "77.03000", "2009-09-30": "194.03400", "2009-06-30": "172.33200", "2009-03-31": "178.80100", "2008-12-31": "150.10600", "2008-09-30": "134.71600", "2008-06-30": "176.33800", "2008-03-31": "171.53900", "2007-12-31": "145.83700", "2007-09-30": "128.37200", "2007-06-30": "126.40800", "2007-03-31": "120.79300", "2006-12-31": "112.52100", "2006-09-30": "98.85600", "2006-06-30": "77.56200", "2006-03-31": "84.06600", "2005-12-31": "63.25000", "2005-09-30": "92.45300", "2005-06-30": "75.53000", "2005-03-31": "64.26600"}, "Operating Income": {"2020-09-30": "-712.62700", "2020-06-30": "-144.26600", "2020-03-31": "113.10200", "2019-12-31": "26.35300", "2019-09-30": "21.75500", "2019-06-30": "213.91400", "2019-03-31": "71.49210", "2018-12-31": "-1308.86600", "2018-09-30": "134.05600", "2018-06-30": "0.27400", "2018-03-31": "156.04900", "2017-12-31": "204.59410", "2017-09-30": "-108.04700", "2017-06-30": "179.51310", "2017-03-31": "311.42700", "2016-12-31": "-202.89100", "2016-09-30": "32.76100", "2016-06-30": "-303.68200", "2016-03-31": "-42.69800", "2015-12-31": "-24.92400", "2015-09-30": "-357.28290", "2015-06-30": "-127.66900", "2015-03-31": "100.92300", "2014-12-31": "217.67190", "2014-09-30": "292.57200", "2014-06-30": "368.78100", "2014-03-31": "106.87400", "2013-12-31": "-41.63610", "2013-09-30": "87.05700", "2013-06-30": "317.98400", "2013-03-31": "-65.36200", "2012-12-31": "159.92710", "2012-09-30": "1.20500", "2012-06-30": "181.21200", "2012-03-31": "-12.14900", "2011-12-31": "59.73390", "2011-09-30": "106.53000", "2011-06-30": "147.34200", "2011-03-31": "-12.01200", "2010-12-31": "24.16890", "2010-09-30": "46.58600", "2010-06-30": "60.40700", "2010-03-31": "154.20000", "2009-12-31": "81.62600", "2009-09-30": "9.60700", "2009-06-30": "8.10000", "2009-03-31": "97.63600", "2008-12-31": "194.75600", "2008-09-30": "487.95400", "2008-06-30": "-24.53500", "2008-03-31": "33.79900", "2007-12-31": "75.82000", "2007-09-30": "113.98100", "2007-06-30": "117.10600", "2007-03-31": "32.04800", "2006-12-31": "64.04600", "2006-09-30": "120.76900", "2006-06-30": "91.82800", "2006-03-31": "95.16400", "2005-12-31": "76.41900", "2005-09-30": "49.33700", "2005-06-30": "44.15400", "2005-03-31": "43.69400"}, "Total Non-Operating Income/Expense": {"2020-09-30": "-72.67200", "2020-06-30": "-45.58300", "2020-03-31": "82.09100", "2019-12-31": "-2330.53200", "2019-09-30": "-96.55500", "2019-06-30": "-58.63000", "2019-03-31": "-64.38500", "2018-12-31": "-524.34000", "2018-09-30": "-61.38000", "2018-06-30": "-108.62800", "2018-03-31": "-64.13500", "2017-12-31": "-332.48900", "2017-09-30": "-91.64500", "2017-06-30": "-52.31200", "2017-03-31": "-28.92100", "2016-12-31": "-53.39900", "2016-09-30": "-88.43700", "2016-06-30": "-50.74200", "2016-03-31": "-93.05000", "2015-12-31": "-461.19000", "2015-09-30": "-78.44600", "2015-06-30": "-52.90000", "2015-03-31": "-50.87300", "2014-12-31": "232.43000", "2014-09-30": "-52.63200", "2014-06-30": "-79.41600", "2014-03-31": "-55.39600", "2013-12-31": "41.48400", "2013-09-30": "-56.01300", "2013-06-30": "-76.50700", "2013-03-31": "-57.42800", "2012-12-31": "-77.00100", "2012-09-30": "-84.11500", "2012-06-30": "-86.52900", "2012-03-31": "-57.49400", "2011-12-31": "-62.34000", "2011-09-30": "-50.81200", "2011-06-30": "-68.86300", "2011-03-31": "-41.31600", "2010-12-31": "-44.12500", "2010-09-30": "-43.14900", "2010-06-30": "-30.99800", "2010-03-31": "-27.48200", "2009-12-31": "59.20000", "2009-09-30": "-54.68600", "2009-06-30": "-70.50900", "2009-03-31": "-46.20100", "2008-12-31": "-64.77600", "2008-09-30": "-30.42800", "2008-06-30": "-27.31600", "2008-03-31": "-24.58300", "2007-12-31": "-32.61700", "2007-09-30": "-19.93500", "2007-06-30": "-17.57300", "2007-03-31": "-18.84800", "2006-12-31": "-17.84000", "2006-09-30": "-16.38900", "2006-06-30": "-11.64300", "2006-03-31": "-10.23400", "2005-12-31": "-9.57800", "2005-09-30": "-9.91000", "2005-06-30": "-9.54700", "2005-03-31": "-8.58400"}, "Pre-Tax Income": {"2020-09-30": "-785.29900", "2020-06-30": "-189.84900", "2020-03-31": "195.19300", "2019-12-31": "-2304.17900", "2019-09-30": "-74.80000", "2019-06-30": "155.28400", "2019-03-31": "7.10700", "2018-12-31": "-1833.20600", "2018-09-30": "72.67600", "2018-06-30": "-108.35400", "2018-03-31": "91.91400", "2017-12-31": "-127.89500", "2017-09-30": "-199.69200", "2017-06-30": "127.20100", "2017-03-31": "282.50600", "2016-12-31": "-256.29000", "2016-09-30": "-55.67600", "2016-06-30": "-354.42400", "2016-03-31": "-135.74800", "2015-12-31": "-486.11400", "2015-09-30": "-435.72900", "2015-06-30": "-180.56900", "2015-03-31": "50.05000", "2014-12-31": "450.10200", "2014-09-30": "239.94000", "2014-06-30": "289.36500", "2014-03-31": "51.47800", "2013-12-31": "-0.15200", "2013-09-30": "31.04400", "2013-06-30": "241.47700", "2013-03-31": "-122.79000", "2012-12-31": "82.92600", "2012-09-30": "-82.91000", "2012-06-30": "94.68300", "2012-03-31": "-69.64300", "2011-12-31": "-2.61400", "2011-09-30": "55.72600", "2011-06-30": "78.47900", "2011-03-31": "-53.32800", "2010-12-31": "-19.95600", "2010-09-30": "3.43700", "2010-06-30": "29.40900", "2010-03-31": "126.71800", "2009-12-31": "140.82600", "2009-09-30": "-45.07900", "2009-06-30": "-62.40900", "2009-03-31": "51.43500", "2008-12-31": "129.98000", "2008-09-30": "457.52600", "2008-06-30": "-51.85100", "2008-03-31": "9.21600", "2007-12-31": "43.20300", "2007-09-30": "94.04600", "2007-06-30": "99.53300", "2007-03-31": "13.20000", "2006-12-31": "46.20600", "2006-09-30": "104.38000", "2006-06-30": "80.18500", "2006-03-31": "84.93000", "2005-12-31": "66.84100", "2005-09-30": "39.42700", "2005-06-30": "34.60700", "2005-03-31": "35.11000"}, "Income Taxes": {"2020-09-30": "-105.25100", "2020-06-30": "-43.28000", "2020-03-31": "50.21800", "2019-12-31": "-498.85900", "2019-09-30": "-47.21900", "2019-06-30": "40.09900", "2019-03-31": "5.68800", "2018-12-31": "-68.78400", "2018-09-30": "24.13700", "2018-06-30": "-28.51800", "2018-03-31": "42.67600", "2017-12-31": "-349.08000", "2017-09-30": "-71.99200", "2017-06-30": "57.65100", "2017-03-31": "112.39500", "2016-12-31": "-95.58100", "2016-09-30": "-13.70500", "2016-06-30": "-129.48800", "2016-03-31": "-41.97600", "2015-12-31": "-164.28700", "2015-09-30": "-134.78100", "2015-06-30": "-61.97500", "2015-03-31": "22.36600", "2014-12-31": "166.04800", "2014-09-30": "93.52200", "2014-06-30": "117.97600", "2014-03-31": "18.95700", "2013-12-31": "-28.32800", "2013-09-30": "11.87100", "2013-06-30": "97.49400", "2013-03-31": "-47.18000", "2012-12-31": "29.96400", "2012-09-30": "-29.07400", "2012-06-30": "39.00700", "2012-03-31": "-27.84300", "2011-12-31": "0.21100", "2011-09-30": "22.54000", "2011-06-30": "32.70300", "2011-03-31": "-19.89700", "2010-12-31": "-10.64900", "2010-09-30": "0.78400", "2010-06-30": "11.76300", "2010-03-31": "49.01200", "2009-12-31": "64.75300", "2009-09-30": "-15.26100", "2009-06-30": "-22.52600", "2009-03-31": "18.82700", "2008-12-31": "33.27500", "2008-09-30": "172.57600", "2008-06-30": "-19.49600", "2008-03-31": "7.47600", "2007-12-31": "22.19300", "2007-09-30": "34.93500", "2007-06-30": "34.34800", "2007-03-31": "4.83100", "2006-12-31": "20.40400", "2006-09-30": "39.32200", "2006-06-30": "30.29800", "2006-03-31": "31.72800", "2005-12-31": "25.06500", "2005-09-30": "14.76200", "2005-06-30": "12.94600", "2005-03-31": "13.10700"}, "Income After Taxes": {"2020-09-30": "-680.04800", "2020-06-30": "-146.56900", "2020-03-31": "144.97500", "2019-12-31": "-1805.32000", "2019-09-30": "-27.58100", "2019-06-30": "115.18500", "2019-03-31": "1.41900", "2018-12-31": "-1764.42200", "2018-09-30": "48.53900", "2018-06-30": "-79.83600", "2018-03-31": "49.23800", "2017-12-31": "221.18500", "2017-09-30": "-127.70000", "2017-06-30": "69.55000", "2017-03-31": "170.11100", "2016-12-31": "-160.70900", "2016-09-30": "-41.97100", "2016-06-30": "-224.93600", "2016-03-31": "-93.77200", "2015-12-31": "-321.82710", "2015-09-30": "-300.94800", "2015-06-30": "-118.59400", "2015-03-31": "27.68400", "2014-12-31": "284.05400", "2014-09-30": "146.41800", "2014-06-30": "171.38900", "2014-03-31": "32.52100", "2013-12-31": "28.17600", "2013-09-30": "19.17300", "2013-06-30": "143.98300", "2013-03-31": "-75.61000", "2012-12-31": "52.96200", "2012-09-30": "-53.83600", "2012-06-30": "55.67600", "2012-03-31": "-41.80000", "2011-12-31": "-2.82500", "2011-09-30": "33.18600", "2011-06-30": "45.77600", "2011-03-31": "-33.43100", "2010-12-31": "-9.30700", "2010-09-30": "2.65300", "2010-06-30": "17.64600", "2010-03-31": "77.70600", "2009-12-31": "76.07300", "2009-09-30": "-29.81800", "2009-06-30": "-39.88300", "2009-03-31": "32.60800", "2008-12-31": "96.70500", "2008-09-30": "284.95000", "2008-06-30": "-32.35500", "2008-03-31": "1.74000", "2007-12-31": "21.01000", "2007-09-30": "59.11100", "2007-06-30": "65.18500", "2007-03-31": "8.36900", "2006-12-31": "25.80200", "2006-09-30": "65.05800", "2006-06-30": "49.88700", "2006-03-31": "53.20200", "2005-12-31": "41.77600", "2005-09-30": "24.66500", "2005-06-30": "21.66100", "2005-03-31": "22.00300"}, "Other Income": {"2020-09-30": "", "2020-06-30": "", "2020-03-31": "", "2019-12-31": "", "2019-09-30": "", "2019-06-30": "", "2019-03-31": "", "2018-12-31": "", "2018-09-30": "", "2018-06-30": "", "2018-03-31": "", "2017-12-31": "", "2017-09-30": "", "2017-06-30": "", "2017-03-31": "", "2016-12-31": "", "2016-09-30": "", "2016-06-30": "", "2016-03-31": "", "2015-12-31": "", "2015-09-30": "", "2015-06-30": "", "2015-03-31": "", "2014-12-31": "", "2014-09-30": "", "2014-06-30": "", "2014-03-31": "", "2013-12-31": "", "2013-09-30": "", "2013-06-30": "", "2013-03-31": "", "2012-12-31": "", "2012-09-30": "", "2012-06-30": "", "2012-03-31": "", "2011-12-31": "", "2011-09-30": "", "2011-06-30": "", "2011-03-31": "", "2010-12-31": "", "2010-09-30": "", "2010-06-30": "", "2010-03-31": "", "2009-12-31": "", "2009-09-30": "", "2009-06-30": "", "2009-03-31": "", "2008-12-31": "", "2008-09-30": "", "2008-06-30": "", "2008-03-31": "", "2007-12-31": "", "2007-09-30": "", "2007-06-30": "", "2007-03-31": "", "2006-12-31": "", "2006-09-30": "", "2006-06-30": "", "2006-03-31": "", "2005-12-31": "", "2005-09-30": "", "2005-06-30": "", "2005-03-31": ""}, "Income From Continuous Operations": {"2020-09-30": "-680.04800", "2020-06-30": "-146.56900", "2020-03-31": "144.97500", "2019-12-31": "-1805.32000", "2019-09-30": "-27.58100", "2019-06-30": "115.18500", "2019-03-31": "1.41900", "2018-12-31": "-1764.42200", "2018-09-30": "48.53900", "2018-06-30": "-79.83600", "2018-03-31": "49.23800", "2017-12-31": "221.18500", "2017-09-30": "-127.70000", "2017-06-30": "69.55000", "2017-03-31": "170.11100", "2016-12-31": "-160.70900", "2016-09-30": "-41.97100", "2016-06-30": "-224.93600", "2016-03-31": "-93.77200", "2015-12-31": "-321.82710", "2015-09-30": "-300.94800", "2015-06-30": "-118.59400", "2015-03-31": "27.68400", "2014-12-31": "284.05400", "2014-09-30": "146.41800", "2014-06-30": "171.38900", "2014-03-31": "32.52100", "2013-12-31": "28.17600", "2013-09-30": "19.17300", "2013-06-30": "143.98300", "2013-03-31": "-75.61000", "2012-12-31": "52.96200", "2012-09-30": "-53.83600", "2012-06-30": "55.67600", "2012-03-31": "-41.80000", "2011-12-31": "-2.82500", "2011-09-30": "33.18600", "2011-06-30": "45.77600", "2011-03-31": "-33.43100", "2010-12-31": "-9.30700", "2010-09-30": "2.65300", "2010-06-30": "17.64600", "2010-03-31": "77.70600", "2009-12-31": "76.07300", "2009-09-30": "-29.81800", "2009-06-30": "-39.88300", "2009-03-31": "32.60800", "2008-12-31": "96.70500", "2008-09-30": "284.95000", "2008-06-30": "-32.35500", "2008-03-31": "1.74000", "2007-12-31": "21.01000", "2007-09-30": "59.11100", "2007-06-30": "65.18500", "2007-03-31": "8.36900", "2006-12-31": "25.80200", "2006-09-30": "65.05800", "2006-06-30": "49.88700", "2006-03-31": "53.20200", "2005-12-31": "41.77600", "2005-09-30": "24.66500", "2005-06-30": "21.66100", "2005-03-31": "22.00300"}, "Income From Discontinued Operations": {"2020-09-30": "", "2020-06-30": "", "2020-03-31": "", "2019-12-31": "", "2019-09-30": "", "2019-06-30": "", "2019-03-31": "", "2018-12-31": "", "2018-09-30": "", "2018-06-30": "", "2018-03-31": "", "2017-12-31": "", "2017-09-30": "", "2017-06-30": "", "2017-03-31": "", "2016-12-31": "", "2016-09-30": "", "2016-06-30": "", "2016-03-31": "", "2015-12-31": "", "2015-09-30": "", "2015-06-30": "", "2015-03-31": "", "2014-12-31": "", "2014-09-30": "", "2014-06-30": "", "2014-03-31": "", "2013-12-31": "", "2013-09-30": "", "2013-06-30": "", "2013-03-31": "", "2012-12-31": "", "2012-09-30": "", "2012-06-30": "", "2012-03-31": "", "2011-12-31": "-0.16400", "2011-09-30": "1.56900", "2011-06-30": "5.51700", "2011-03-31": "8.39800", "2010-12-31": "-308.41200", "2010-09-30": "-10.82100", "2010-06-30": "-8.59400", "2010-03-31": "-0.12700", "2009-12-31": "", "2009-09-30": "", "2009-06-30": "", "2009-03-31": "", "2008-12-31": "", "2008-09-30": "", "2008-06-30": "", "2008-03-31": "", "2007-12-31": "", "2007-09-30": "-0.19600", "2007-06-30": "-0.97900", "2007-03-31": "64.76800", "2006-12-31": "-25.37500", "2006-09-30": "-13.72800", "2006-06-30": "1.38300", "2006-03-31": "2.47300", "2005-12-31": "", "2005-09-30": "", "2005-06-30": "", "2005-03-31": ""}, "Net Income": {"2020-09-30": "-680.04800", "2020-06-30": "-146.56900", "2020-03-31": "143.12000", "2019-12-31": "-1803.89800", "2019-09-30": "-27.64800", "2019-06-30": "113.59300", "2019-03-31": "1.40500", "2018-12-31": "-1763.50900", "2018-09-30": "47.94900", "2018-06-30": "-79.83600", "2018-03-31": "48.67000", "2017-12-31": "218.18500", "2017-09-30": "-127.70000", "2017-06-30": "68.79900", "2017-03-31": "170.11100", "2016-12-31": "-160.54100", "2016-09-30": "-42.02700", "2016-06-30": "-224.99200", "2016-03-31": "-93.82800", "2015-12-31": "-322.27700", "2015-09-30": "-300.94800", "2015-06-30": "-118.59400", "2015-03-31": "27.68400", "2014-12-31": "278.65200", "2014-09-30": "143.94800", "2014-06-30": "168.53600", "2014-03-31": "32.52100", "2013-12-31": "28.97700", "2013-09-30": "18.83800", "2013-06-30": "141.66000", "2013-03-31": "-75.71900", "2012-12-31": "53.73000", "2012-09-30": "-53.95500", "2012-06-30": "54.68000", "2012-03-31": "-41.91300", "2011-12-31": "-2.51600", "2011-09-30": "34.14500", "2011-06-30": "50.39300", "2011-03-31": "-25.03300", "2010-12-31": "-318.17300", "2010-09-30": "-8.16800", "2010-06-30": "9.05200", "2010-03-31": "77.57900", "2009-12-31": "-16.77700", "2009-09-30": "-29.81800", "2009-06-30": "-39.88300", "2009-03-31": "32.60800", "2008-12-31": "96.70500", "2008-09-30": "284.95000", "2008-06-30": "-32.35500", "2008-03-31": "1.74000", "2007-12-31": "21.01000", "2007-09-30": "58.91500", "2007-06-30": "64.20600", "2007-03-31": "73.13700", "2006-12-31": "0.42700", "2006-09-30": "51.33000", "2006-06-30": "51.27000", "2006-03-31": "55.67500", "2005-12-31": "42.68200", "2005-09-30": "24.66500", "2005-06-30": "21.66100", "2005-03-31": "22.00300"}, "EBITDA": {"2020-09-30": "-612.87990", "2020-06-30": "-37.89900", "2020-03-31": "294.74500", "2019-12-31": "1254.44900", "2019-09-30": "161.12500", "2019-06-30": "356.85500", "2019-03-31": "212.01710", "2018-12-31": "478.59220", "2018-09-30": "300.10900", "2018-06-30": "177.66600", "2018-03-31": "326.93900", "2017-12-31": "368.77310", "2017-09-30": "117.00800", "2017-06-30": "333.26410", "2017-03-31": "462.55800", "2016-12-31": "-51.44200", "2016-09-30": "166.19600", "2016-06-30": "-179.56200", "2016-03-31": "122.61000", "2015-12-31": "192.80500", "2015-09-30": "323.42510", "2015-06-30": "25.95800", "2015-03-31": "249.57100", "2014-12-31": "360.50790", "2014-09-30": "436.64000", "2014-06-30": "554.07200", "2014-03-31": "238.42900", "2013-12-31": "89.45290", "2013-09-30": "227.48500", "2013-06-30": "453.30200", "2013-03-31": "51.81900", "2012-12-31": "324.61110", "2012-09-30": "127.62200", "2012-06-30": "292.05900", "2012-03-31": "89.85000", "2011-12-31": "158.53090", "2011-09-30": "240.90500", "2011-06-30": "247.39200", "2011-03-31": "60.12600", "2010-12-31": "98.23690", "2010-09-30": "122.84000", "2010-06-30": "129.42100", "2010-03-31": "226.67900", "2009-12-31": "81.77700", "2009-09-30": "110.92300", "2009-06-30": "98.09600", "2009-03-31": "183.00600", "2008-12-31": "276.41200", "2008-09-30": "565.29300", "2008-06-30": "48.43900", "2008-03-31": "104.56100", "2007-12-31": "141.21000", "2007-09-30": "171.57300", "2007-06-30": "169.12100", "2007-03-31": "79.90600", "2006-12-31": "112.88200", "2006-09-30": "161.75100", "2006-06-30": "126.26200", "2006-03-31": "127.22100", "2005-12-31": "98.08600", "2005-09-30": "82.64500", "2005-06-30": "75.00600", "2005-03-31": "73.89300"}, "EBIT": {"2020-09-30": "-712.62700", "2020-06-30": "-144.26600", "2020-03-31": "113.10200", "2019-12-31": "26.35310", "2019-09-30": "21.75500", "2019-06-30": "213.91400", "2019-03-31": "71.49210", "2018-12-31": "-1308.86600", "2018-09-30": "134.05600", "2018-06-30": "0.27400", "2018-03-31": "156.04900", "2017-12-31": "204.59400", "2017-09-30": "-108.04700", "2017-06-30": "179.51310", "2017-03-31": "311.42700", "2016-12-31": "-202.89100", "2016-09-30": "32.76100", "2016-06-30": "-303.68200", "2016-03-31": "-42.69800", "2015-12-31": "-24.92410", "2015-09-30": "-357.28290", "2015-06-30": "-127.66900", "2015-03-31": "100.92300", "2014-12-31": "217.67180", "2014-09-30": "292.57200", "2014-06-30": "368.78100", "2014-03-31": "106.87400", "2013-12-31": "-41.63610", "2013-09-30": "87.05700", "2013-06-30": "317.98400", "2013-03-31": "-65.36200", "2012-12-31": "159.92710", "2012-09-30": "1.20500", "2012-06-30": "181.21200", "2012-03-31": "-12.14900", "2011-12-31": "59.73400", "2011-09-30": "106.53000", "2011-06-30": "147.34200", "2011-03-31": "-12.01200", "2010-12-31": "24.16900", "2010-09-30": "46.58600", "2010-06-30": "60.40700", "2010-03-31": "154.20000", "2009-12-31": "81.62600", "2009-09-30": "9.60700", "2009-06-30": "8.10000", "2009-03-31": "97.63600", "2008-12-31": "194.75600", "2008-09-30": "487.95400", "2008-06-30": "-24.53500", "2008-03-31": "33.79900", "2007-12-31": "75.82000", "2007-09-30": "113.98100", "2007-06-30": "117.10600", "2007-03-31": "32.04800", "2006-12-31": "64.04600", "2006-09-30": "120.76900", "2006-06-30": "91.82800", "2006-03-31": "95.16400", "2005-12-31": "76.41900", "2005-09-30": "49.33700", "2005-06-30": "44.15400", "2005-03-31": "43.69400"}, "Basic Shares Outstanding": {"2020-09-30": "239.89500", "2020-06-30": "239.47200", "2020-03-31": "246.21800", "2019-12-31": "247.97000", "2019-09-30": "248.08200", "2019-06-30": "247.77000", "2019-03-31": "247.77600", "2018-12-31": "246.17100", "2018-09-30": "246.45100", "2018-06-30": "245.88000", "2018-03-31": "245.70900", "2017-12-31": "245.09100", "2017-09-30": "245.24400", "2017-06-30": "245.17700", "2017-03-31": "244.65200", "2016-12-31": "189.86800", "2016-09-30": "180.68300", "2016-06-30": "167.12600", "2016-03-31": "166.80300", "2015-12-31": "166.38900", "2015-09-30": "166.51700", "2015-06-30": "166.42100", "2015-03-31": "166.03900", "2014-12-31": "163.62500", "2014-09-30": "165.84100", "2014-06-30": "161.90900", "2014-03-31": "160.79400", "2013-12-31": "160.43800", "2013-09-30": "160.50000", "2013-06-30": "160.56500", "2013-03-31": "160.12500", "2012-12-31": "159.43100", "2012-09-30": "159.56300", "2012-06-30": "159.41200", "2012-03-31": "158.91300", "2011-12-31": "158.03000", "2011-09-30": "158.15400", "2011-06-30": "157.99700", "2011-03-31": "157.54500", "2010-12-31": "156.87400", "2010-09-30": "157.10900", "2010-06-30": "156.82000", "2010-03-31": "156.39300", "2009-12-31": "154.51400", "2009-09-30": "154.65300", "2009-06-30": "154.38900", "2009-03-31": "153.71900", "2008-12-31": "151.11600", "2008-09-30": "152.76500", "2008-06-30": "150.77200", "2008-03-31": "147.74200", "2007-12-31": "143.79100", "2007-09-30": "147.18200", "2007-06-30": "145.16900", "2007-03-31": "139.21300", "2006-12-31": "133.75100", "2006-09-30": "136.98300", "2006-06-30": "130.75300", "2006-03-31": "130.74200", "2005-12-31": "124.13000", "2005-09-30": "129.61700", "2005-06-30": "123.73800", "2005-03-31": "122.03000"}, "Shares Outstanding": {"2020-09-30": "239.89500", "2020-06-30": "239.47200", "2020-03-31": "247.68400", "2019-12-31": "247.97000", "2019-09-30": "248.08200", "2019-06-30": "248.43600", "2019-03-31": "249.15400", "2018-12-31": "246.17100", "2018-09-30": "247.16600", "2018-06-30": "245.88000", "2018-03-31": "246.59400", "2017-12-31": "245.45800", "2017-09-30": "245.24400", "2017-06-30": "245.33500", "2017-03-31": "244.80300", "2016-12-31": "189.86800", "2016-09-30": "180.68300", "2016-06-30": "167.12600", "2016-03-31": "166.80300", "2015-12-31": "166.38900", "2015-09-30": "166.51700", "2015-06-30": "166.42100", "2015-03-31": "166.06600", "2014-12-31": "164.40300", "2014-09-30": "166.46000", "2014-06-30": "162.81300", "2014-03-31": "161.82500", "2013-12-31": "161.40700", "2013-09-30": "161.37400", "2013-06-30": "161.41400", "2013-03-31": "160.12500", "2012-12-31": "160.30700", "2012-09-30": "159.56300", "2012-06-30": "160.03000", "2012-03-31": "158.91300", "2011-12-31": "159.44100", "2011-09-30": "159.32200", "2011-06-30": "158.83300", "2011-03-31": "157.54500", "2010-12-31": "158.42800", "2010-09-30": "158.18400", "2010-06-30": "158.47200", "2010-03-31": "160.29200", "2009-12-31": "158.77800", "2009-09-30": "154.65300", "2009-06-30": "154.38900", "2009-03-31": "157.23100", "2008-12-31": "155.94300", "2008-09-30": "157.72900", "2008-06-30": "150.77200", "2008-03-31": "153.79000", "2007-12-31": "149.91100", "2007-09-30": "152.39100", "2007-06-30": "150.18200", "2007-03-31": "143.23000", "2006-12-31": "138.71100", "2006-09-30": "142.02200", "2006-06-30": "135.95800", "2006-03-31": "134.54900", "2005-12-31": "129.12600", "2005-09-30": "132.53000", "2005-06-30": "126.25900", "2005-03-31": "124.60100"}, "Basic EPS": {"2020-09-30": "-2.83000", "2020-06-30": "-0.61000", "2020-03-31": "0.58000", "2019-12-31": "-7.28000", "2019-09-30": "-0.11000", "2019-06-30": "0.46000", "2019-03-31": "0.01000", "2018-12-31": "-7.17000", "2018-09-30": "0.19000", "2018-06-30": "-0.32000", "2018-03-31": "0.20000", "2017-12-31": "0.89000", "2017-09-30": "-0.52000", "2017-06-30": "0.28000", "2017-03-31": "0.69000", "2016-12-31": "-0.61000", "2016-09-30": "-0.23000", "2016-06-30": "-1.35000", "2016-03-31": "-0.56000", "2015-12-31": "-1.93000", "2015-09-30": "-1.81000", "2015-06-30": "-0.71000", "2015-03-31": "0.16000", "2014-12-31": "1.70000", "2014-09-30": "0.87000", "2014-06-30": "1.04000", "2014-03-31": "0.20000", "2013-12-31": "0.18000", "2013-09-30": "0.12000", "2013-06-30": "0.88000", "2013-03-31": "-0.47000", "2012-12-31": "0.34000", "2012-09-30": "-0.34000", "2012-06-30": "0.34000", "2012-03-31": "-0.26000", "2011-12-31": "-0.02000", "2011-09-30": "0.22000", "2011-06-30": "0.32000", "2011-03-31": "-0.16000", "2010-12-31": "-2.04000", "2010-09-30": "-0.05000", "2010-06-30": "0.06000", "2010-03-31": "0.50000", "2009-12-31": "-0.11000", "2009-09-30": "-0.19000", "2009-06-30": "-0.26000", "2009-03-31": "0.21000", "2008-12-31": "0.66000", "2008-09-30": "1.87000", "2008-06-30": "-0.22000", "2008-03-31": "0.01000", "2007-12-31": "0.14000", "2007-09-30": "0.40000", "2007-06-30": "0.44000", "2007-03-31": "0.53000", "2006-12-31": "0.00000", "2006-09-30": "0.37000", "2006-06-30": "0.39000", "2006-03-31": "0.43000", "2005-12-31": "0.34000", "2005-09-30": "0.19000", "2005-06-30": "0.18000", "2005-03-31": "0.18000"}, "EPS - Earnings Per Share": {"2020-09-30": "-2.83000", "2020-06-30": "-0.61000", "2020-03-31": "0.58000", "2019-12-31": "-7.28000", "2019-09-30": "-0.11000", "2019-06-30": "0.46000", "2019-03-31": "0.01000", "2018-12-31": "-7.17000", "2018-09-30": "0.19000", "2018-06-30": "-0.32000", "2018-03-31": "0.20000", "2017-12-31": "0.89000", "2017-09-30": "-0.52000", "2017-06-30": "0.28000", "2017-03-31": "0.69000", "2016-12-31": "-0.61000", "2016-09-30": "-0.23000", "2016-06-30": "-1.35000", "2016-03-31": "-0.56000", "2015-12-31": "-1.93000", "2015-09-30": "-1.81000", "2015-06-30": "-0.71000", "2015-03-31": "0.16000", "2014-12-31": "1.69000", "2014-09-30": "0.86000", "2014-06-30": "1.04000", "2014-03-31": "0.20000", "2013-12-31": "0.17000", "2013-09-30": "0.12000", "2013-06-30": "0.88000", "2013-03-31": "-0.47000", "2012-12-31": "0.34000", "2012-09-30": "-0.34000", "2012-06-30": "0.34000", "2012-03-31": "-0.26000", "2011-12-31": "-0.01000", "2011-09-30": "0.21000", "2011-06-30": "0.32000", "2011-03-31": "-0.16000", "2010-12-31": "-2.01000", "2010-09-30": "-0.05000", "2010-06-30": "0.06000", "2010-03-31": "0.48000", "2009-12-31": "-0.11000", "2009-09-30": "-0.19000", "2009-06-30": "-0.26000", "2009-03-31": "0.21000", "2008-12-31": "0.65000", "2008-09-30": "1.81000", "2008-06-30": "-0.22000", "2008-03-31": "0.01000", "2007-12-31": "0.12000", "2007-09-30": "0.39000", "2007-06-30": "0.43000", "2007-03-31": "0.51000", "2006-12-31": "-0.01000", "2006-09-30": "0.36000", "2006-06-30": "0.38000", "2006-03-31": "0.41000", "2005-12-31": "0.32000", "2005-09-30": "0.19000", "2005-06-30": "0.17000", "2005-03-31": "0.18000"}}, "balance sheet": {"Cash On Hand": {"2019-12-31": "0.54600", "2018-12-31": "0.54500", "2017-12-31": "0.44800", "2016-12-31": "0.31400", "2015-12-31": "0.47100", "2014-12-31": "0.44800", "2013-12-31": "0.34800", "2012-12-31": "0.25200", "2011-12-31": "0.09200", "2010-12-31": "2.84800", "2009-12-31": "0.76700", "2008-12-31": "0.75300", "2007-12-31": "4.01800", "2006-12-31": "2.38200", "2005-12-31": "4.75000"}, "Receivables": {"2019-12-31": "272.90000", "2018-12-31": "490.72300", "2017-12-31": "348.83300", "2016-12-31": "241.71800", "2015-12-31": "123.84200", "2014-12-31": "188.94100", "2013-12-31": "179.66700", "2012-12-31": "167.49500", "2011-12-31": "127.18000", "2010-12-31": "88.53600", "2009-12-31": "123.62200", "2008-12-31": "162.20100", "2007-12-31": "166.48400", "2006-12-31": "125.42100", "2005-12-31": "128.53200"}, "Inventory": {"2019-12-31": "", "2018-12-31": "", "2017-12-31": "21.34600", "2016-12-31": "26.57300", "2015-12-31": "33.21700", "2014-12-31": "17.85400", "2013-12-31": "12.45100", "2012-12-31": "22.31500", "2011-12-31": "14.07000", "2010-12-31": "21.35200", "2009-12-31": "21.29200", "2008-12-31": "19.92700", "2007-12-31": "11.38700", "2006-12-31": "10.06900", "2005-12-31": "12.59300"}, "Pre-Paid Expenses": {"2019-12-31": "", "2018-12-31": "", "2017-12-31": "", "2016-12-31": "", "2015-12-31": "", "2014-12-31": "", "2013-12-31": "", "2012-12-31": "", "2011-12-31": "", "2010-12-31": "", "2009-12-31": "", "2008-12-31": "", "2007-12-31": "", "2006-12-31": "", "2005-12-31": ""}, "Other Current Assets": {"2019-12-31": "154.35600", "2018-12-31": "110.91700", "2017-12-31": "58.60700", "2016-12-31": "13.27800", "2015-12-31": "281.54400", "2014-12-31": "363.04900", "2013-12-31": "4.42100", "2012-12-31": "137.55200", "2011-12-31": "173.92100", "2010-12-31": "123.25500", "2009-12-31": "21.54500", "2008-12-31": "221.43000", "2007-12-31": "53.01800", "2006-12-31": "172.89200", "2005-12-31": "0.42500"}, "Total Current Assets": {"2019-12-31": "427.80200", "2018-12-31": "602.18500", "2017-12-31": "429.23400", "2016-12-31": "281.88300", "2015-12-31": "439.07400", "2014-12-31": "570.29200", "2013-12-31": "248.30100", "2012-12-31": "327.61400", "2011-12-31": "315.26300", "2010-12-31": "1113.57000", "2009-12-31": "175.28000", "2008-12-31": "404.31100", "2007-12-31": "261.81400", "2006-12-31": "388.92500", "2005-12-31": "207.97700"}, "Property, Plant, And Equipment": {"2019-12-31": "6046.41000", "2018-12-31": "9032.96100", "2017-12-31": "9581.40300", "2016-12-31": "9273.21000", "2015-12-31": "6380.76000", "2014-12-31": "8015.15400", "2013-12-31": "6791.22100", "2012-12-31": "6137.75100", "2011-12-31": "5210.24400", "2010-12-31": "4158.06200", "2009-12-31": "4990.65400", "2008-12-31": "4928.27400", "2007-12-31": "3564.93400", "2006-12-31": "2655.23100", "2005-12-31": "1780.42600"}, "Long-Term Investments": {"2019-12-31": "", "2018-12-31": "", "2017-12-31": "", "2016-12-31": "", "2015-12-31": "", "2014-12-31": "", "2013-12-31": "129.03400", "2012-12-31": "132.44900", "2011-12-31": "138.13000", "2010-12-31": "155.10500", "2009-12-31": "146.80900", "2008-12-31": "147.12600", "2007-12-31": "113.72200", "2006-12-31": "13.61800", "2005-12-31": ""}, "Goodwill And Intangible Assets": {"2019-12-31": "", "2018-12-31": "", "2017-12-31": "1641.19700", "2016-12-31": "1654.29200", "2015-12-31": "", "2014-12-31": "", "2013-12-31": "", "2012-12-31": "", "2011-12-31": "", "2010-12-31": "", "2009-12-31": "", "2008-12-31": "", "2007-12-31": "", "2006-12-31": "", "2005-12-31": ""}, "Other Long-Term Assets": {"2019-12-31": "76.13800", "2018-12-31": "73.00800", "2017-12-31": "77.00700", "2016-12-31": "72.86000", "2015-12-31": "80.19700", "2014-12-31": "119.15800", "2013-12-31": "130.53000", "2012-12-31": "130.92100", "2011-12-31": "181.83300", "2010-12-31": "84.97700", "2009-12-31": "83.13800", "2008-12-31": "72.16800", "2007-12-31": "76.03800", "2006-12-31": "129.90000", "2005-12-31": "30.58200"}, "Total Long-Term Assets": {"2019-12-31": "6122.54800", "2018-12-31": "9105.96900", "2017-12-31": "11299.61000", "2016-12-31": "11000.36000", "2015-12-31": "6460.95700", "2014-12-31": "8134.31200", "2013-12-31": "7050.78500", "2012-12-31": "6401.12100", "2011-12-31": "5530.20700", "2010-12-31": "4398.14400", "2009-12-31": "5220.60100", "2008-12-31": "5147.56800", "2007-12-31": "3754.69400", "2006-12-31": "2798.74900", "2005-12-31": "1811.00800"}, "Total Assets": {"2019-12-31": "6612.40300", "2018-12-31": "9708.15400", "2017-12-31": "11728.84000", "2016-12-31": "11282.25000", "2015-12-31": "6900.03100", "2014-12-31": "8704.60400", "2013-12-31": "7299.08600", "2012-12-31": "6728.73500", "2011-12-31": "5845.47000", "2010-12-31": "5511.71400", "2009-12-31": "5395.88100", "2008-12-31": "5551.87900", "2007-12-31": "4016.50800", "2006-12-31": "3187.67400", "2005-12-31": "2018.98500"}, "Total Current Liabilities": {"2019-12-31": "566.54400", "2018-12-31": "754.81100", "2017-12-31": "755.47300", "2016-12-31": "702.65300", "2015-12-31": "351.72000", "2014-12-31": "639.67700", "2013-12-31": "495.56100", "2012-12-31": "455.14300", "2011-12-31": "511.93200", "2010-12-31": "443.69000", "2009-12-31": "314.10400", "2008-12-31": "353.51400", "2007-12-31": "305.43300", "2006-12-31": "251.68500", "2005-12-31": "321.76000"}, "Long Term Debt": {"2019-12-31": "3172.93700", "2018-12-31": "3836.86100", "2017-12-31": "4108.80600", "2016-12-31": "3773.51700", "2015-12-31": "2651.30300", "2014-12-31": "3030.82400", "2013-12-31": "3140.51600", "2012-12-31": "2878.18500", "2011-12-31": "1974.96700", "2010-12-31": "1960.53600", "2009-12-31": "1707.83300", "2008-12-31": "1790.66800", "2007-12-31": "1150.65800", "2006-12-31": "1048.78200", "2005-12-31": "616.14800"}, "Other Non-Current Liabilities": {"2019-12-31": "260.10000", "2018-12-31": "322.84100", "2017-12-31": "295.83200", "2016-12-31": "335.13300", "2015-12-31": "254.61100", "2014-12-31": "284.99400", "2013-12-31": "229.04000", "2012-12-31": "152.10900", "2011-12-31": "86.47300", "2010-12-31": "73.29700", "2009-12-31": "82.84900", "2008-12-31": "83.89000", "2007-12-31": "121.38600", "2006-12-31": "72.30900", "2005-12-31": "135.84500"}, "Total Long Term Liabilities": {"2019-12-31": "3698.37100", "2018-12-31": "4893.91200", "2017-12-31": "5199.09600", "2016-12-31": "5171.22400", "2015-12-31": "3788.65300", "2014-12-31": "4607.49800", "2013-12-31": "4389.07300", "2012-12-31": "3916.20000", "2011-12-31": "2941.11800", "2010-12-31": "2844.26300", "2009-12-31": "2703.18800", "2008-12-31": "2747.02300", "2007-12-31": "1983.05300", "2006-12-31": "1679.82800", "2005-12-31": "1000.30200"}, "Total Liabilities": {"2019-12-31": "4264.91500", "2018-12-31": "5648.72300", "2017-12-31": "5954.56900", "2016-12-31": "5873.87700", "2015-12-31": "4140.37300", "2014-12-31": "5247.17500", "2013-12-31": "4884.63400", "2012-12-31": "4371.34300", "2011-12-31": "3453.05000", "2010-12-31": "3287.95300", "2009-12-31": "3017.29200", "2008-12-31": "3100.53700", "2007-12-31": "2288.48600", "2006-12-31": "1931.51300", "2005-12-31": "1322.06200"}, "Common Stock Net": {"2019-12-31": "2.51400", "2018-12-31": "2.49500", "2017-12-31": "2.48100", "2016-12-31": "2.47100", "2015-12-31": "1.69300", "2014-12-31": "1.68700", "2013-12-31": "1.63400", "2012-12-31": "1.62600", "2011-12-31": "1.61300", "2010-12-31": "1.60100", "2009-12-31": "1.58300", "2008-12-31": "1.55600", "2007-12-31": "1.49700", "2006-12-31": "1.38900", "2005-12-31": "1.29900"}, "Retained Earnings (Accumulated Deficit)": {"2019-12-31": "-3306.83400", "2018-12-31": "-1570.46200", "2017-12-31": "195.99000", "2016-12-31": "-117.31700", "2015-12-31": "317.58700", "2014-12-31": "1058.35500", "2013-12-31": "450.58300", "2012-12-31": "360.99000", "2011-12-31": "373.96900", "2010-12-31": "341.69900", "2009-12-31": "606.52900", "2008-12-31": "685.56800", "2007-12-31": "371.80000", "2006-12-31": "160.31300", "2005-12-31": "13.80000"}, "Comprehensive Income": {"2019-12-31": "-0.78800", "2018-12-31": "-0.65800", "2017-12-31": "-1.33200", "2016-12-31": "0.00000", "2015-12-31": "", "2014-12-31": "", "2013-12-31": "6.23600", "2012-12-31": "83.90900", "2011-12-31": "156.62700", "2010-12-31": "67.47000", "2009-12-31": "6.42100", "2008-12-31": "77.50700", "2007-12-31": "-26.82500", "2006-12-31": "36.52100", "2005-12-31": "-147.12700"}, "Other Share Holders Equity": {"2019-12-31": "", "2018-12-31": "", "2017-12-31": "", "2016-12-31": "", "2015-12-31": "", "2014-12-31": "", "2013-12-31": "", "2012-12-31": "", "2011-12-31": "", "2010-12-31": "", "2009-12-31": "", "2008-12-31": "", "2007-12-31": "", "2006-12-31": "", "2005-12-31": ""}, "Share Holder Equity": {"2019-12-31": "2347.48800", "2018-12-31": "4059.43100", "2017-12-31": "5774.27200", "2016-12-31": "5408.36800", "2015-12-31": "2759.65800", "2014-12-31": "3457.42900", "2013-12-31": "2414.45200", "2012-12-31": "2357.39200", "2011-12-31": "2392.42000", "2010-12-31": "2223.76100", "2009-12-31": "2378.58900", "2008-12-31": "2451.34200", "2007-12-31": "1728.02200", "2006-12-31": "1256.16100", "2005-12-31": "696.92300"}, "Total Liabilities And Share Holders Equity": {"2019-12-31": "6612.40300", "2018-12-31": "9708.15400", "2017-12-31": "11728.84000", "2016-12-31": "11282.25000", "2015-12-31": "6900.03100", "2014-12-31": "8704.60400", "2013-12-31": "7299.08600", "2012-12-31": "6728.73500", "2011-12-31": "5845.47000", "2010-12-31": "5511.71400", "2009-12-31": "5395.88100", "2008-12-31": "5551.87900", "2007-12-31": "4016.50800", "2006-12-31": "3187.67400", "2005-12-31": "2018.98500"}}, "balance sheet, quarterly": {"Cash On Hand": {"2020-09-30": "0.51700", "2020-06-30": "0.56800", "2020-03-31": "0.52800", "2019-12-31": "0.54600", "2019-09-30": "0.35400", "2019-06-30": "0.50700", "2019-03-31": "0.48800", "2018-12-31": "0.54500", "2018-09-30": "0.35700", "2018-06-30": "0.41500", "2018-03-31": "0.52700", "2017-12-31": "0.44800", "2017-09-30": "0.52900", "2017-06-30": "0.52000", "2017-03-31": "0.54500", "2016-12-31": "0.31400", "2016-09-30": "0.54200", "2016-06-30": "0.38200", "2016-03-31": "0.52900", "2015-12-31": "0.47100", "2015-09-30": "0.49000", "2015-06-30": "0.52100", "2015-03-31": "0.51900", "2014-12-31": "0.44800", "2014-09-30": "0.46800", "2014-06-30": "0.29200", "2014-03-31": "0.24600", "2013-12-31": "0.34800", "2013-09-30": "0.25500", "2013-06-30": "0.28400", "2013-03-31": "0.19400", "2012-12-31": "0.25200", "2012-09-30": "0.15100", "2012-06-30": "0.15800", "2012-03-31": "122.89800", "2011-12-31": "0.09200", "2011-09-30": "51.88400", "2011-06-30": "288.83900", "2011-03-31": "1.68100", "2010-12-31": "2.84800", "2010-09-30": "2.07800", "2010-06-30": "166.85800", "2010-03-31": "286.51400", "2009-12-31": "0.76700", "2009-09-30": "0.85900", "2009-06-30": "2.15200", "2009-03-31": "0.75600", "2008-12-31": "0.75300", "2008-09-30": "0.26500", "2008-06-30": "0.07300", "2008-03-31": "0.09000", "2007-12-31": "4.01800", "2007-09-30": "0.18700", "2007-06-30": "16.59400", "2007-03-31": "167.85500", "2006-12-31": "2.38200", "2006-09-30": "2.25100", "2006-06-30": "6.78800", "2006-03-31": "1.34900", "2005-12-31": "4.75000", "2005-09-30": "1.38800", "2005-06-30": "4.94100", "2005-03-31": "18.97900"}, "Receivables": {"2020-09-30": "182.69800", "2020-06-30": "169.15100", "2020-03-31": "188.16200", "2019-12-31": "272.90000", "2019-09-30": "249.19000", "2019-06-30": "289.29500", "2019-03-31": "356.71600", "2018-12-31": "490.72300", "2018-09-30": "397.53600", "2018-06-30": "362.49000", "2018-03-31": "294.44800", "2017-12-31": "348.83300", "2017-09-30": "285.16600", "2017-06-30": "261.12900", "2017-03-31": "246.39200", "2016-12-31": "241.71800", "2016-09-30": "183.88300", "2016-06-30": "81.41800", "2016-03-31": "104.89400", "2015-12-31": "123.84200", "2015-09-30": "110.79200", "2015-06-30": "115.00600", "2015-03-31": "134.26100", "2014-12-31": "188.94100", "2014-09-30": "172.42900", "2014-06-30": "183.74900", "2014-03-31": "221.30400", "2013-12-31": "179.66700", "2013-09-30": "151.40700", "2013-06-30": "159.98100", "2013-03-31": "152.67000", "2012-12-31": "167.49500", "2012-09-30": "120.12000", "2012-06-30": "104.95200", "2012-03-31": "108.88400", "2011-12-31": "127.18000", "2011-09-30": "86.17200", "2011-06-30": "66.77200", "2011-03-31": "75.53000", "2010-12-31": "88.53600", "2010-09-30": "97.60100", "2010-06-30": "101.29900", "2010-03-31": "113.46700", "2009-12-31": "123.62200", "2009-09-30": "97.17200", "2009-06-30": "99.06500", "2009-03-31": "110.37200", "2008-12-31": "162.20100", "2008-09-30": "246.68200", "2008-06-30": "253.51200", "2008-03-31": "195.01300", "2007-12-31": "166.48400", "2007-09-30": "146.61800", "2007-06-30": "144.97300", "2007-03-31": "134.13200", "2006-12-31": "125.42100", "2006-09-30": "121.36200", "2006-06-30": "100.52000", "2006-03-31": "92.50800", "2005-12-31": "128.53200", "2005-09-30": "99.95300", "2005-06-30": "64.86200", "2005-03-31": "63.72500"}, "Inventory": {"2020-09-30": "", "2020-06-30": "", "2020-03-31": "", "2019-12-31": "", "2019-09-30": "25.89500", "2019-06-30": "26.70600", "2019-03-31": "25.12800", "2018-12-31": "", "2018-09-30": "24.48800", "2018-06-30": "21.96700", "2018-03-31": "30.06400", "2017-12-31": "21.34600", "2017-09-30": "21.37900", "2017-06-30": "18.40600", "2017-03-31": "20.14600", "2016-12-31": "26.57300", "2016-09-30": "36.44500", "2016-06-30": "20.66200", "2016-03-31": "25.22400", "2015-12-31": "33.21700", "2015-09-30": "23.03800", "2015-06-30": "20.91400", "2015-03-31": "17.31500", "2014-12-31": "17.85400", "2014-09-30": "16.96100", "2014-06-30": "18.66400", "2014-03-31": "17.35300", "2013-12-31": "12.45100", "2013-09-30": "12.89800", "2013-06-30": "16.13100", "2013-03-31": "16.60000", "2012-12-31": "22.31500", "2012-09-30": "18.42300", "2012-06-30": "15.99700", "2012-03-31": "14.58900", "2011-12-31": "14.07000", "2011-09-30": "13.60000", "2011-06-30": "11.91200", "2011-03-31": "18.60500", "2010-12-31": "21.35200", "2010-09-30": "23.69900", "2010-06-30": "21.39100", "2010-03-31": "21.74300", "2009-12-31": "21.29200", "2009-09-30": "20.73500", "2009-06-30": "22.17900", "2009-03-31": "22.05200", "2008-12-31": "19.92700", "2008-09-30": "15.86900", "2008-06-30": "40.37100", "2008-03-31": "9.38100", "2007-12-31": "11.38700", "2007-09-30": "12.10200", "2007-06-30": "10.23800", "2007-03-31": "12.81900", "2006-12-31": "10.06900", "2006-09-30": "15.49300", "2006-06-30": "14.68000", "2006-03-31": "14.25500", "2005-12-31": "12.59300", "2005-09-30": "14.24300", "2005-06-30": "15.90300", "2005-03-31": "7.69100"}, "Pre-Paid Expenses": {"2020-09-30": "", "2020-06-30": "", "2020-03-31": "", "2019-12-31": "", "2019-09-30": "", "2019-06-30": "", "2019-03-31": "", "2018-12-31": "", "2018-09-30": "", "2018-06-30": "", "2018-03-31": "", "2017-12-31": "", "2017-09-30": "", "2017-06-30": "", "2017-03-31": "", "2016-12-31": "", "2016-09-30": "", "2016-06-30": "", "2016-03-31": "", "2015-12-31": "", "2015-09-30": "", "2015-06-30": "", "2015-03-31": "", "2014-12-31": "", "2014-09-30": "", "2014-06-30": "", "2014-03-31": "", "2013-12-31": "", "2013-09-30": "", "2013-06-30": "", "2013-03-31": "", "2012-12-31": "", "2012-09-30": "", "2012-06-30": "", "2012-03-31": "", "2011-12-31": "", "2011-09-30": "", "2011-06-30": "", "2011-03-31": "", "2010-12-31": "", "2010-09-30": "", "2010-06-30": "", "2010-03-31": "", "2009-12-31": "", "2009-09-30": "", "2009-06-30": "", "2009-03-31": "", "2008-12-31": "", "2008-09-30": "", "2008-06-30": "", "2008-03-31": "", "2007-12-31": "", "2007-09-30": "", "2007-06-30": "", "2007-03-31": "", "2006-12-31": "", "2006-09-30": "", "2006-06-30": "", "2006-03-31": "", "2005-12-31": "", "2005-09-30": "", "2005-06-30": "", "2005-03-31": ""}, "Other Current Assets": {"2020-09-30": "25.93200", "2020-06-30": "162.12000", "2020-03-31": "278.42700", "2019-12-31": "154.35600", "2019-09-30": "137.01900", "2019-06-30": "142.59100", "2019-03-31": "6.14600", "2018-12-31": "110.91700", "2018-09-30": "0.10300", "2018-06-30": "", "2018-03-31": "12.90800", "2017-12-31": "58.60700", "2017-09-30": "30.17600", "2017-06-30": "80.55900", "2017-03-31": "30.45400", "2016-12-31": "13.27800", "2016-09-30": "158.34000", "2016-06-30": "43.25000", "2016-03-31": "261.07900", "2015-12-31": "281.54400", "2015-09-30": "289.10800", "2015-06-30": "237.16700", "2015-03-31": "358.54400", "2014-12-31": "363.04900", "2014-09-30": "44.77400", "2014-06-30": "5.46300", "2014-03-31": "0.08000", "2013-12-31": "4.42100", "2013-09-30": "55.99300", "2013-06-30": "97.05200", "2013-03-31": "188.53000", "2012-12-31": "137.55200", "2012-09-30": "131.84100", "2012-06-30": "251.23600", "2012-03-31": "216.50800", "2011-12-31": "173.92100", "2011-09-30": "136.48800", "2011-06-30": "53.67400", "2011-03-31": "62.28600", "2010-12-31": "123.25500", "2010-09-30": "153.58500", "2010-06-30": "83.86400", "2010-03-31": "139.22200", "2009-12-31": "21.54500", "2009-09-30": "78.41000", "2009-06-30": "169.85600", "2009-03-31": "279.38300", "2008-12-31": "221.43000", "2008-09-30": "23.95800", "2008-06-30": "1.60300", "2008-03-31": "", "2007-12-31": "53.01800", "2007-09-30": "72.15300", "2007-06-30": "65.28500", "2007-03-31": "30.44300", "2006-12-31": "172.89200", "2006-09-30": "169.83300", "2006-06-30": "143.48200", "2006-03-31": "0.20000", "2005-12-31": "0.42500", "2005-09-30": "0.58000", "2005-06-30": "0.64100", "2005-03-31": "0.72100"}, "Total Current Assets": {"2020-09-30": "209.14700", "2020-06-30": "331.83900", "2020-03-31": "467.11700", "2019-12-31": "427.80200", "2019-09-30": "412.45800", "2019-06-30": "459.09900", "2019-03-31": "388.47800", "2018-12-31": "602.18500", "2018-09-30": "422.48400", "2018-06-30": "384.87200", "2018-03-31": "337.94700", "2017-12-31": "429.23400", "2017-09-30": "337.25000", "2017-06-30": "360.61400", "2017-03-31": "297.53700", "2016-12-31": "281.88300", "2016-09-30": "379.21000", "2016-06-30": "145.71200", "2016-03-31": "391.72600", "2015-12-31": "439.07400", "2015-09-30": "423.42800", "2015-06-30": "373.60800", "2015-03-31": "510.63900", "2014-12-31": "570.29200", "2014-09-30": "236.64200", "2014-06-30": "247.57900", "2014-03-31": "279.34500", "2013-12-31": "248.30100", "2013-09-30": "222.73200", "2013-06-30": "273.44800", "2013-03-31": "370.64000", "2012-12-31": "327.61400", "2012-09-30": "270.53500", "2012-06-30": "372.34300", "2012-03-31": "462.87900", "2011-12-31": "315.26300", "2011-09-30": "290.77000", "2011-06-30": "443.88800", "2011-03-31": "1015.93600", "2010-12-31": "1113.57000", "2010-09-30": "276.96300", "2010-06-30": "373.41200", "2010-03-31": "560.94600", "2009-12-31": "175.28000", "2009-09-30": "197.17600", "2009-06-30": "293.25200", "2009-03-31": "412.56300", "2008-12-31": "404.31100", "2008-09-30": "315.35600", "2008-06-30": "438.11100", "2008-03-31": "273.03300", "2007-12-31": "261.81400", "2007-09-30": "231.06000", "2007-06-30": "237.09000", "2007-03-31": "345.24900", "2006-12-31": "388.92500", "2006-09-30": "311.58600", "2006-06-30": "302.84500", "2006-03-31": "145.28100", "2005-12-31": "207.97700", "2005-09-30": "212.68400", "2005-06-30": "122.59600", "2005-03-31": "134.81800"}, "Property, Plant, And Equipment": {"2020-09-30": "5675.40000", "2020-06-30": "5997.34900", "2020-03-31": "5995.36100", "2019-12-31": "6046.41000", "2019-09-30": "8301.88100", "2019-06-30": "9128.02000", "2019-03-31": "9114.09400", "2018-12-31": "9032.96100", "2018-09-30": "9725.13800", "2018-06-30": "9718.31200", "2018-03-31": "9663.57000", "2017-12-31": "9581.40300", "2017-09-30": "9584.38000", "2017-06-30": "9521.60200", "2017-03-31": "9376.61600", "2016-12-31": "9273.21000", "2016-09-30": "9224.40800", "2016-06-30": "6157.14200", "2016-03-31": "6234.61600", "2015-12-31": "6380.76000", "2015-09-30": "7814.62800", "2015-06-30": "8272.97200", "2015-03-31": "8140.96500", "2014-12-31": "8015.15400", "2014-09-30": "7668.64000", "2014-06-30": "7434.00800", "2014-03-31": "6944.73500", "2013-12-31": "6791.22100", "2013-09-30": "6542.21800", "2013-06-30": "6369.99800", "2013-03-31": "6222.24700", "2012-12-31": "6137.75100", "2012-09-30": "6102.36900", "2012-06-30": "5817.65800", "2012-03-31": "5489.58500", "2011-12-31": "5210.24400", "2011-09-30": "4901.09900", "2011-06-30": "4609.81100", "2011-03-31": "4356.11000", "2010-12-31": "4158.06200", "2010-09-30": "5273.75300", "2010-06-30": "5136.32000", "2010-03-31": "4823.36600", "2009-12-31": "4990.65400", "2009-09-30": "4966.21700", "2009-06-30": "4916.63300", "2009-03-31": "5084.84700", "2008-12-31": "4928.27400", "2008-09-30": "4740.21800", "2008-06-30": "4233.71100", "2008-03-31": "4026.16000", "2007-12-31": "3564.93400", "2007-09-30": "3420.70300", "2007-06-30": "3249.59500", "2007-03-31": "2840.97100", "2006-12-31": "2655.23100", "2006-09-30": "2590.33700", "2006-06-30": "2475.76800", "2006-03-31": "1845.30200", "2005-12-31": "1780.42600", "2005-09-30": "1732.84000", "2005-06-30": "1655.66200", "2005-03-31": "1458.82800"}, "Long-Term Investments": {"2020-09-30": "", "2020-06-30": "", "2020-03-31": "", "2019-12-31": "", "2019-09-30": "", "2019-06-30": "", "2019-03-31": "", "2018-12-31": "", "2018-09-30": "", "2018-06-30": "", "2018-03-31": "", "2017-12-31": "", "2017-09-30": "", "2017-06-30": "", "2017-03-31": "", "2016-12-31": "", "2016-09-30": "", "2016-06-30": "", "2016-03-31": "", "2015-12-31": "", "2015-09-30": "", "2015-06-30": "", "2015-03-31": "", "2014-12-31": "", "2014-09-30": "", "2014-06-30": "", "2014-03-31": "123.79100", "2013-12-31": "129.03400", "2013-09-30": "127.23600", "2013-06-30": "132.11500", "2013-03-31": "129.95400", "2012-12-31": "132.44900", "2012-09-30": "135.86700", "2012-06-30": "135.82500", "2012-03-31": "137.87300", "2011-12-31": "138.13000", "2011-09-30": "136.24400", "2011-06-30": "139.93500", "2011-03-31": "142.35300", "2010-12-31": "155.10500", "2010-09-30": "152.26900", "2010-06-30": "150.74800", "2010-03-31": "147.66200", "2009-12-31": "146.80900", "2009-09-30": "151.82400", "2009-06-30": "150.97900", "2009-03-31": "152.13200", "2008-12-31": "147.12600", "2008-09-30": "140.39400", "2008-06-30": "127.81200", "2008-03-31": "114.76600", "2007-12-31": "113.72200", "2007-09-30": "111.73500", "2007-06-30": "109.99200", "2007-03-31": "14.76100", "2006-12-31": "13.61800", "2006-09-30": "12.52300", "2006-06-30": "12.26800", "2006-03-31": "", "2005-12-31": "", "2005-09-30": "", "2005-06-30": "", "2005-03-31": ""}, "Goodwill And Intangible Assets": {"2020-09-30": "", "2020-06-30": "", "2020-03-31": "", "2019-12-31": "", "2019-09-30": "", "2019-06-30": "", "2019-03-31": "", "2018-12-31": "", "2018-09-30": "1641.19700", "2018-06-30": "1641.19700", "2018-03-31": "1641.19700", "2017-12-31": "1641.19700", "2017-09-30": "1641.19700", "2017-06-30": "1646.71000", "2017-03-31": "1654.29200", "2016-12-31": "1654.29200", "2016-09-30": "1630.98100", "2016-06-30": "", "2016-03-31": "", "2015-12-31": "", "2015-09-30": "", "2015-06-30": "", "2015-03-31": "", "2014-12-31": "", "2014-09-30": "", "2014-06-30": "", "2014-03-31": "", "2013-12-31": "", "2013-09-30": "", "2013-06-30": "", "2013-03-31": "", "2012-12-31": "", "2012-09-30": "", "2012-06-30": "", "2012-03-31": "", "2011-12-31": "", "2011-09-30": "", "2011-06-30": "", "2011-03-31": "", "2010-12-31": "", "2010-09-30": "", "2010-06-30": "", "2010-03-31": "", "2009-12-31": "", "2009-09-30": "", "2009-06-30": "", "2009-03-31": "", "2008-12-31": "", "2008-09-30": "", "2008-06-30": "", "2008-03-31": "", "2007-12-31": "", "2007-09-30": "", "2007-06-30": "", "2007-03-31": "", "2006-12-31": "", "2006-09-30": "", "2006-06-30": "", "2006-03-31": "", "2005-12-31": "", "2005-09-30": "", "2005-06-30": "", "2005-03-31": ""}, "Other Long-Term Assets": {"2020-09-30": "84.58800", "2020-06-30": "70.65600", "2020-03-31": "70.74800", "2019-12-31": "76.13800", "2019-09-30": "92.64600", "2019-06-30": "92.29600", "2019-03-31": "83.16300", "2018-12-31": "73.00800", "2018-09-30": "77.31700", "2018-06-30": "81.69600", "2018-03-31": "87.45400", "2017-12-31": "77.00700", "2017-09-30": "74.91200", "2017-06-30": "92.41000", "2017-03-31": "93.30300", "2016-12-31": "72.86000", "2016-09-30": "92.66000", "2016-06-30": "77.32500", "2016-03-31": "78.80800", "2015-12-31": "80.19700", "2015-09-30": "159.84700", "2015-06-30": "159.35100", "2015-03-31": "193.28800", "2014-12-31": "119.15800", "2014-09-30": "129.16800", "2014-06-30": "118.97100", "2014-03-31": "134.90400", "2013-12-31": "130.53000", "2013-09-30": "138.44400", "2013-06-30": "154.62100", "2013-03-31": "143.69000", "2012-12-31": "130.92100", "2012-09-30": "148.94900", "2012-06-30": "218.06800", "2012-03-31": "187.60800", "2011-12-31": "181.83300", "2011-09-30": "148.36500", "2011-06-30": "116.27300", "2011-03-31": "100.84800", "2010-12-31": "84.97700", "2010-09-30": "134.18000", "2010-06-30": "102.36500", "2010-03-31": "110.12700", "2009-12-31": "83.13800", "2009-09-30": "81.16500", "2009-06-30": "75.13500", "2009-03-31": "65.71600", "2008-12-31": "72.16800", "2008-09-30": "75.22600", "2008-06-30": "80.02200", "2008-03-31": "73.73600", "2007-12-31": "76.03800", "2007-09-30": "84.92800", "2007-06-30": "78.99900", "2007-03-31": "79.90300", "2006-12-31": "129.90000", "2006-09-30": "136.80400", "2006-06-30": "80.90500", "2006-03-31": "44.37000", "2005-12-31": "30.58200", "2005-09-30": "24.90000", "2005-06-30": "24.42000", "2005-03-31": "23.50800"}, "Total Long-Term Assets": {"2020-09-30": "5759.98800", "2020-06-30": "6068.00500", "2020-03-31": "6066.10900", "2019-12-31": "6122.54800", "2019-09-30": "8394.52700", "2019-06-30": "9220.31500", "2019-03-31": "9197.25700", "2018-12-31": "9105.96900", "2018-09-30": "11443.65000", "2018-06-30": "11441.21000", "2018-03-31": "11392.22000", "2017-12-31": "11299.61000", "2017-09-30": "11300.49000", "2017-06-30": "11260.72000", "2017-03-31": "11124.21000", "2016-12-31": "11000.36000", "2016-09-30": "10948.05000", "2016-06-30": "6234.46700", "2016-03-31": "6313.42400", "2015-12-31": "6460.95700", "2015-09-30": "7974.47500", "2015-06-30": "8432.32200", "2015-03-31": "8334.25300", "2014-12-31": "8134.31200", "2014-09-30": "7797.80800", "2014-06-30": "7552.97900", "2014-03-31": "7203.43000", "2013-12-31": "7050.78500", "2013-09-30": "6807.89700", "2013-06-30": "6656.73400", "2013-03-31": "6495.89100", "2012-12-31": "6401.12100", "2012-09-30": "6387.18600", "2012-06-30": "6171.55100", "2012-03-31": "5815.06600", "2011-12-31": "5530.20700", "2011-09-30": "5185.70800", "2011-06-30": "4866.01900", "2011-03-31": "4599.31100", "2010-12-31": "4398.14400", "2010-09-30": "5560.20200", "2010-06-30": "5389.43300", "2010-03-31": "5081.15500", "2009-12-31": "5220.60100", "2009-09-30": "5199.20600", "2009-06-30": "5142.74700", "2009-03-31": "5302.69500", "2008-12-31": "5147.56800", "2008-09-30": "4955.83800", "2008-06-30": "4441.54500", "2008-03-31": "4214.66200", "2007-12-31": "3754.69400", "2007-09-30": "3617.36600", "2007-06-30": "3438.58600", "2007-03-31": "2935.63500", "2006-12-31": "2798.74900", "2006-09-30": "2739.66400", "2006-06-30": "2568.94100", "2006-03-31": "1889.67200", "2005-12-31": "1811.00800", "2005-09-30": "1757.74000", "2005-06-30": "1680.08200", "2005-03-31": "1482.33600"}, "Total Assets": {"2020-09-30": "6012.89800", "2020-06-30": "6452.21100", "2020-03-31": "6589.63800", "2019-12-31": "6612.40300", "2019-09-30": "8854.19900", "2019-06-30": "9728.30800", "2019-03-31": "9635.06400", "2018-12-31": "9708.15400", "2018-09-30": "11866.14000", "2018-06-30": "11826.08000", "2018-03-31": "11730.17000", "2017-12-31": "11728.84000", "2017-09-30": "11637.74000", "2017-06-30": "11621.34000", "2017-03-31": "11421.75000", "2016-12-31": "11282.25000", "2016-09-30": "11327.26000", "2016-06-30": "6380.17900", "2016-03-31": "6705.15000", "2015-12-31": "6900.03100", "2015-09-30": "8397.90400", "2015-06-30": "8805.93100", "2015-03-31": "8844.88700", "2014-12-31": "8704.60400", "2014-09-30": "8034.45000", "2014-06-30": "7800.55800", "2014-03-31": "7482.77500", "2013-12-31": "7299.08600", "2013-09-30": "7030.63000", "2013-06-30": "6930.18200", "2013-03-31": "6866.53100", "2012-12-31": "6728.73500", "2012-09-30": "6657.72000", "2012-06-30": "6543.89400", "2012-03-31": "6277.94500", "2011-12-31": "5845.47000", "2011-09-30": "5476.47800", "2011-06-30": "5309.90700", "2011-03-31": "5615.24700", "2010-12-31": "5511.71400", "2010-09-30": "5837.16500", "2010-06-30": "5762.84500", "2010-03-31": "5642.10100", "2009-12-31": "5395.88100", "2009-09-30": "5396.38200", "2009-06-30": "5435.99900", "2009-03-31": "5715.25800", "2008-12-31": "5551.87900", "2008-09-30": "5271.19400", "2008-06-30": "4879.65600", "2008-03-31": "4487.69500", "2007-12-31": "4016.50800", "2007-09-30": "3848.42600", "2007-06-30": "3675.67600", "2007-03-31": "3280.88400", "2006-12-31": "3187.67400", "2006-09-30": "3051.25000", "2006-06-30": "2871.78600", "2006-03-31": "2034.95300", "2005-12-31": "2018.98500", "2005-09-30": "1970.42400", "2005-06-30": "1802.67800", "2005-03-31": "1617.15400"}, "Total Current Liabilities": {"2020-09-30": "630.12000", "2020-06-30": "530.25300", "2020-03-31": "490.12500", "2019-12-31": "566.54400", "2019-09-30": "557.43000", "2019-06-30": "613.63100", "2019-03-31": "670.80000", "2018-12-31": "754.81100", "2018-09-30": "753.86700", "2018-06-30": "740.00900", "2018-03-31": "678.84600", "2017-12-31": "755.47300", "2017-09-30": "671.36600", "2017-06-30": "596.99200", "2017-03-31": "631.08000", "2016-12-31": "702.65300", "2016-09-30": "462.13400", "2016-06-30": "339.61300", "2016-03-31": "338.23400", "2015-12-31": "351.72000", "2015-09-30": "465.81200", "2015-06-30": "506.75200", "2015-03-31": "611.30500", "2014-12-31": "639.67700", "2014-09-30": "466.41200", "2014-06-30": "558.87000", "2014-03-31": "548.53500", "2013-12-31": "495.56100", "2013-09-30": "453.58300", "2013-06-30": "504.37600", "2013-03-31": "607.66300", "2012-12-31": "455.14300", "2012-09-30": "545.74400", "2012-06-30": "540.50000", "2012-03-31": "554.53500", "2011-12-31": "511.93200", "2011-09-30": "406.92700", "2011-06-30": "352.04000", "2011-03-31": "350.47200", "2010-12-31": "443.69000", "2010-09-30": "378.64700", "2010-06-30": "351.62100", "2010-03-31": "337.90600", "2009-12-31": "314.10400", "2009-09-30": "246.36400", "2009-06-30": "237.26600", "2009-03-31": "313.97000", "2008-12-31": "353.51400", "2008-09-30": "422.48800", "2008-06-30": "872.37600", "2008-03-31": "502.05600", "2007-12-31": "305.43300", "2007-09-30": "243.96700", "2007-06-30": "250.31500", "2007-03-31": "184.94400", "2006-12-31": "251.68500", "2006-09-30": "216.00800", "2006-06-30": "278.11100", "2006-03-31": "208.38400", "2005-12-31": "321.76000", "2005-09-30": "398.60200", "2005-06-30": "200.35700", "2005-03-31": "205.58000"}, "Long Term Debt": {"2020-09-30": "3042.13200", "2020-06-30": "3165.13300", "2020-03-31": "3187.02900", "2019-12-31": "3172.93700", "2019-09-30": "3133.99000", "2019-06-30": "3792.45500", "2019-03-31": "3790.64900", "2018-12-31": "3836.86100", "2018-09-30": "4160.90000", "2018-06-30": "4207.16200", "2018-03-31": "4081.69400", "2017-12-31": "4108.80600", "2017-09-30": "3981.96200", "2017-06-30": "3848.58900", "2017-03-31": "3738.79500", "2016-12-31": "3773.51700", "2016-09-30": "3826.70900", "2016-06-30": "2566.96100", "2016-03-31": "2589.06500", "2015-12-31": "2651.30300", "2015-09-30": "3587.00000", "2015-06-30": "3464.00000", "2015-03-31": "3262.00000", "2014-12-31": "3030.82400", "2014-09-30": "2999.00000", "2014-06-30": "2830.00000", "2014-03-31": "3234.86600", "2013-12-31": "3140.51600", "2013-09-30": "3067.17000", "2013-06-30": "2948.83500", "2013-03-31": "2936.50500", "2012-12-31": "2878.18500", "2012-09-30": "2849.86900", "2012-06-30": "2623.56200", "2012-03-31": "2388.26000", "2011-12-31": "1974.96700", "2011-09-30": "1787.67800", "2011-06-30": "1787.39800", "2011-03-31": "2166.81600", "2010-12-31": "1960.53600", "2010-09-30": "1851.26000", "2010-06-30": "1859.56200", "2010-03-31": "1738.19400", "2009-12-31": "1707.83300", "2009-09-30": "1781.48000", "2009-06-30": "1786.13400", "2009-03-31": "1904.77000", "2008-12-31": "1790.66800", "2008-09-30": "1647.45900", "2008-06-30": "1303.35600", "2008-03-31": "1439.75700", "2007-12-31": "1150.65800", "2007-09-30": "1113.06200", "2007-06-30": "1043.46700", "2007-03-31": "1134.37400", "2006-12-31": "1048.78200", "2006-09-30": "981.39400", "2006-06-30": "894.70200", "2006-03-31": "593.12500", "2005-12-31": "616.14800", "2005-09-30": "626.67300", "2005-06-30": "612.49900", "2005-03-31": "609.62900"}, "Other Non-Current Liabilities": {"2020-09-30": "513.65800", "2020-06-30": "159.68100", "2020-03-31": "143.91400", "2019-12-31": "260.10000", "2019-09-30": "244.69200", "2019-06-30": "325.14600", "2019-03-31": "321.63800", "2018-12-31": "322.84100", "2018-09-30": "315.56400", "2018-06-30": "320.22100", "2018-03-31": "297.64800", "2017-12-31": "295.83200", "2017-09-30": "313.02800", "2017-06-30": "302.42700", "2017-03-31": "303.20200", "2016-12-31": "335.13300", "2016-09-30": "281.60500", "2016-06-30": "275.10600", "2016-03-31": "255.38400", "2015-12-31": "254.61100", "2015-09-30": "1143.27300", "2015-06-30": "297.77300", "2015-03-31": "294.74200", "2014-12-31": "284.99400", "2014-09-30": "253.94000", "2014-06-30": "256.61200", "2014-03-31": "235.43100", "2013-12-31": "229.04000", "2013-09-30": "151.91600", "2013-06-30": "148.11600", "2013-03-31": "158.41400", "2012-12-31": "152.10900", "2012-09-30": "125.34900", "2012-06-30": "93.91900", "2012-03-31": "91.02500", "2011-12-31": "86.47300", "2011-09-30": "77.63300", "2011-06-30": "81.31800", "2011-03-31": "96.41000", "2010-12-31": "73.29700", "2010-09-30": "73.15900", "2010-06-30": "72.33100", "2010-03-31": "70.82500", "2009-12-31": "82.84900", "2009-09-30": "91.28600", "2009-06-30": "86.76600", "2009-03-31": "86.42500", "2008-12-31": "83.89000", "2008-09-30": "90.76500", "2008-06-30": "294.95700", "2008-03-31": "171.00500", "2007-12-31": "121.38600", "2007-09-30": "85.92000", "2007-06-30": "83.26500", "2007-03-31": "75.91000", "2006-12-31": "72.30900", "2006-09-30": "77.81700", "2006-06-30": "104.01000", "2006-03-31": "117.48500", "2005-12-31": "135.84500", "2005-09-30": "167.86700", "2005-06-30": "106.62100", "2005-03-31": "94.95100"}, "Total Long Term Liabilities": {"2020-09-30": "3720.27400", "2020-06-30": "3586.14200", "2020-03-31": "3624.92500", "2019-12-31": "3698.37100", "2019-09-30": "4138.57700", "2019-06-30": "4932.42400", "2019-03-31": "4901.60100", "2018-12-31": "4893.91200", "2018-09-30": "5294.98100", "2018-06-30": "5322.03300", "2018-03-31": "5216.73000", "2017-12-31": "5199.09600", "2017-09-30": "5428.89300", "2017-06-30": "5362.45300", "2017-03-31": "5208.18900", "2016-12-31": "5171.22400", "2016-09-30": "5404.31200", "2016-06-30": "3575.63900", "2016-03-31": "3695.57200", "2015-12-31": "3788.65300", "2015-09-30": "4847.41000", "2015-06-30": "4917.76500", "2015-03-31": "4744.12600", "2014-12-31": "4607.49800", "2014-09-30": "4399.12100", "2014-06-30": "4221.51400", "2014-03-31": "4484.55900", "2013-12-31": "4389.07300", "2013-09-30": "4186.04600", "2013-06-30": "4040.02300", "2013-03-31": "4001.47600", "2012-12-31": "3916.20000", "2012-09-30": "3830.14900", "2012-06-30": "3586.67300", "2012-03-31": "3330.32100", "2011-12-31": "2941.11800", "2011-09-30": "2745.79800", "2011-06-30": "2712.94000", "2011-03-31": "3081.15700", "2010-12-31": "2844.26300", "2010-09-30": "2883.24800", "2010-06-30": "2884.38500", "2010-03-31": "2769.25900", "2009-12-31": "2703.18800", "2009-09-30": "2764.68900", "2009-06-30": "2755.90700", "2009-03-31": "2892.71700", "2008-12-31": "2747.02300", "2008-09-30": "2594.75300", "2008-06-30": "2283.42500", "2008-03-31": "2341.64100", "2007-12-31": "1983.05300", "2007-09-30": "1895.64700", "2007-06-30": "1777.25200", "2007-03-31": "1797.02600", "2006-12-31": "1679.82800", "2006-09-30": "1611.11300", "2006-06-30": "1506.85600", "2006-03-31": "1011.92600", "2005-12-31": "1000.30200", "2005-09-30": "1004.16600", "2005-06-30": "919.70500", "2005-03-31": "867.47900"}, "Total Liabilities": {"2020-09-30": "4350.39400", "2020-06-30": "4116.39500", "2020-03-31": "4115.05000", "2019-12-31": "4264.91500", "2019-09-30": "4696.00700", "2019-06-30": "5546.05500", "2019-03-31": "5572.40100", "2018-12-31": "5648.72300", "2018-09-30": "6048.84800", "2018-06-30": "6062.04200", "2018-03-31": "5895.57600", "2017-12-31": "5954.56900", "2017-09-30": "6100.25900", "2017-06-30": "5959.44500", "2017-03-31": "5839.26900", "2016-12-31": "5873.87700", "2016-09-30": "5866.44600", "2016-06-30": "3915.25200", "2016-03-31": "4033.80600", "2015-12-31": "4140.37300", "2015-09-30": "5313.22200", "2015-06-30": "5424.51700", "2015-03-31": "5355.43100", "2014-12-31": "5247.17500", "2014-09-30": "4865.53300", "2014-06-30": "4780.38400", "2014-03-31": "5033.09400", "2013-12-31": "4884.63400", "2013-09-30": "4639.62900", "2013-06-30": "4544.39900", "2013-03-31": "4609.13900", "2012-12-31": "4371.34300", "2012-09-30": "4375.89300", "2012-06-30": "4127.17300", "2012-03-31": "3884.85600", "2011-12-31": "3453.05000", "2011-09-30": "3152.72500", "2011-06-30": "3064.98000", "2011-03-31": "3431.62900", "2010-12-31": "3287.95300", "2010-09-30": "3261.89500", "2010-06-30": "3236.00600", "2010-03-31": "3107.16500", "2009-12-31": "3017.29200", "2009-09-30": "3011.05300", "2009-06-30": "2993.17300", "2009-03-31": "3206.68700", "2008-12-31": "3100.53700", "2008-09-30": "3017.24100", "2008-06-30": "3155.80100", "2008-03-31": "2843.69700", "2007-12-31": "2288.48600", "2007-09-30": "2139.61400", "2007-06-30": "2027.56700", "2007-03-31": "1981.97000", "2006-12-31": "1931.51300", "2006-09-30": "1827.12100", "2006-06-30": "1784.96700", "2006-03-31": "1220.31000", "2005-12-31": "1322.06200", "2005-09-30": "1402.76800", "2005-06-30": "1120.06200", "2005-03-31": "1073.05900"}, "Common Stock Net": {"2020-09-30": "2.56200", "2020-06-30": "2.56000", "2020-03-31": "2.55600", "2019-12-31": "2.51400", "2019-09-30": "2.51400", "2019-06-30": "2.51400", "2019-03-31": "2.51200", "2018-12-31": "2.49500", "2018-09-30": "2.49500", "2018-06-30": "2.49400", "2018-03-31": "2.49200", "2017-12-31": "2.48100", "2017-09-30": "2.48100", "2017-06-30": "2.48100", "2017-03-31": "2.47600", "2016-12-31": "2.47100", "2016-09-30": "2.47100", "2016-06-30": "1.70100", "2016-03-31": "1.69800", "2015-12-31": "1.69300", "2015-09-30": "1.69300", "2015-06-30": "1.69300", "2015-03-31": "1.69000", "2014-12-31": "1.68700", "2014-09-30": "1.68700", "2014-06-30": "1.68700", "2014-03-31": "1.63800", "2013-12-31": "1.63400", "2013-09-30": "1.63400", "2013-06-30": "1.63400", "2013-03-31": "1.63000", "2012-12-31": "1.62600", "2012-09-30": "1.62600", "2012-06-30": "1.62400", "2012-03-31": "1.62200", "2011-12-31": "1.61300", "2011-09-30": "1.61100", "2011-06-30": "1.61000", "2011-03-31": "1.60700", "2010-12-31": "1.60100", "2010-09-30": "1.60000", "2010-06-30": "1.60000", "2010-03-31": "1.59400", "2009-12-31": "1.58300", "2009-09-30": "1.57600", "2009-06-30": "1.57300", "2009-03-31": "1.56500", "2008-12-31": "1.55600", "2008-09-30": "1.55200", "2008-06-30": "1.55100", "2008-03-31": "1.50100", "2007-12-31": "1.49700", "2007-09-30": "1.49000", "2007-06-30": "1.48400", "2007-03-31": "1.39600", "2006-12-31": "1.38900", "2006-09-30": "1.38500", "2006-06-30": "1.37900", "2006-03-31": "1.31200", "2005-12-31": "1.29900", "2005-09-30": "0.86500", "2005-06-30": "0.86300", "2005-03-31": "0.81500"}, "Retained Earnings (Accumulated Deficit)": {"2020-09-30": "-3988.55000", "2020-06-30": "-3308.50200", "2020-03-31": "-3161.85900", "2019-12-31": "-3306.83400", "2019-09-30": "-1496.52100", "2019-06-30": "-1463.91200", "2019-03-31": "-1574.07000", "2018-12-31": "-1570.46200", "2018-09-30": "198.95000", "2018-06-30": "155.43200", "2018-03-31": "240.25700", "2017-12-31": "195.99000", "2017-09-30": "-20.23200", "2017-06-30": "112.43000", "2017-03-31": "47.84300", "2016-12-31": "-117.31700", "2016-09-30": "-52.68400", "2016-06-30": "-5.85500", "2016-03-31": "222.48200", "2015-12-31": "317.58700", "2015-09-30": "646.18900", "2015-06-30": "953.91100", "2015-03-31": "1079.28000", "2014-12-31": "1058.35500", "2014-09-30": "781.04900", "2014-06-30": "641.37900", "2014-03-31": "476.55400", "2013-12-31": "450.58300", "2013-09-30": "428.94800", "2013-06-30": "416.30600", "2013-03-31": "278.85900", "2012-12-31": "360.99000", "2012-09-30": "314.53400", "2012-06-30": "374.87300", "2012-03-31": "325.69600", "2011-12-31": "373.96900", "2011-09-30": "383.40900", "2011-06-30": "355.09900", "2011-03-31": "310.24600", "2010-12-31": "341.69900", "2010-09-30": "665.82200", "2010-06-30": "680.39200", "2010-03-31": "677.73500", "2009-12-31": "606.52900", "2009-09-30": "629.63200", "2009-06-30": "665.75200", "2009-03-31": "718.41000", "2008-12-31": "685.56800", "2008-09-30": "604.60400", "2008-06-30": "325.48800", "2008-03-31": "366.26300", "2007-12-31": "371.80000", "2007-09-30": "343.47300", "2007-06-30": "289.02100", "2007-03-31": "229.26700", "2006-12-31": "160.31300", "2006-09-30": "164.05400", "2006-06-30": "115.49400", "2006-03-31": "66.57300", "2005-12-31": "13.80000", "2005-09-30": "-26.25800", "2005-06-30": "-49.19600", "2005-03-31": "-69.22400"}, "Comprehensive Income": {"2020-09-30": "-0.57400", "2020-06-30": "-0.64400", "2020-03-31": "-0.71500", "2019-12-31": "-0.78800", "2019-09-30": "-0.47800", "2019-06-30": "-0.53800", "2019-03-31": "-0.59800", "2018-12-31": "-0.65800", "2018-09-30": "-1.12400", "2018-06-30": "-1.19400", "2018-03-31": "-1.26300", "2017-12-31": "-1.33200", "2017-09-30": "", "2017-06-30": "", "2017-03-31": "", "2016-12-31": "", "2016-09-30": "", "2016-06-30": "", "2016-03-31": "", "2015-12-31": "", "2015-09-30": "", "2015-06-30": "", "2015-03-31": "", "2014-12-31": "", "2014-09-30": "-0.22200", "2014-06-30": "1.95000", "2014-03-31": "4.99600", "2013-12-31": "6.23600", "2013-09-30": "19.73300", "2013-06-30": "36.88800", "2013-03-31": "56.05100", "2012-12-31": "83.90900", "2012-09-30": "67.29700", "2012-06-30": "157.03800", "2012-03-31": "200.15900", "2011-12-31": "156.62700", "2011-09-30": "86.20900", "2011-06-30": "45.94000", "2011-03-31": "43.69400", "2010-12-31": "67.47000", "2010-09-30": "99.98800", "2010-06-30": "42.62200", "2010-03-31": "58.25000", "2009-12-31": "6.42100", "2009-09-30": "19.40200", "2009-06-30": "54.86800", "2009-03-31": "91.35500", "2008-12-31": "77.50700", "2008-09-30": "-31.32100", "2008-06-30": "-279.42800", "2008-03-31": "-110.53300", "2007-12-31": "-26.82500", "2007-09-30": "12.97400", "2007-06-30": "11.23900", "2007-03-31": "-2.10500", "2006-12-31": "36.52100", "2006-09-30": "11.86600", "2006-06-30": "-69.77000", "2006-03-31": "-93.49100", "2005-12-31": "-147.12700", "2005-09-30": "-224.79600", "2005-06-30": "-82.05800", "2005-03-31": "-90.49200"}, "Other Share Holders Equity": {"2020-09-30": "", "2020-06-30": "", "2020-03-31": "", "2019-12-31": "", "2019-09-30": "", "2019-06-30": "", "2019-03-31": "", "2018-12-31": "", "2018-09-30": "", "2018-06-30": "", "2018-03-31": "", "2017-12-31": "", "2017-09-30": "", "2017-06-30": "", "2017-03-31": "", "2016-12-31": "", "2016-09-30": "", "2016-06-30": "", "2016-03-31": "", "2015-12-31": "", "2015-09-30": "", "2015-06-30": "", "2015-03-31": "", "2014-12-31": "", "2014-09-30": "", "2014-06-30": "", "2014-03-31": "", "2013-12-31": "", "2013-09-30": "", "2013-06-30": "", "2013-03-31": "", "2012-12-31": "", "2012-09-30": "", "2012-06-30": "", "2012-03-31": "", "2011-12-31": "", "2011-09-30": "", "2011-06-30": "", "2011-03-31": "", "2010-12-31": "", "2010-09-30": "", "2010-06-30": "", "2010-03-31": "", "2009-12-31": "", "2009-09-30": "", "2009-06-30": "", "2009-03-31": "", "2008-12-31": "", "2008-09-30": "", "2008-06-30": "", "2008-03-31": "", "2007-12-31": "", "2007-09-30": "", "2007-06-30": "", "2007-03-31": "", "2006-12-31": "", "2006-09-30": "", "2006-06-30": "", "2006-03-31": "", "2005-12-31": "", "2005-09-30": "", "2005-06-30": "", "2005-03-31": ""}, "Share Holder Equity": {"2020-09-30": "1662.50400", "2020-06-30": "2335.81600", "2020-03-31": "2474.58800", "2019-12-31": "2347.48800", "2019-09-30": "4158.19200", "2019-06-30": "4182.25300", "2019-03-31": "4062.66300", "2018-12-31": "4059.43100", "2018-09-30": "5817.28800", "2018-06-30": "5764.03500", "2018-03-31": "5834.59200", "2017-12-31": "5774.27200", "2017-09-30": "5537.48000", "2017-06-30": "5661.89100", "2017-03-31": "5582.47600", "2016-12-31": "5408.36800", "2016-09-30": "5460.81300", "2016-06-30": "2464.92700", "2016-03-31": "2671.34400", "2015-12-31": "2759.65800", "2015-09-30": "3084.68200", "2015-06-30": "3381.41400", "2015-03-31": "3489.45600", "2014-12-31": "3457.42900", "2014-09-30": "3168.91700", "2014-06-30": "3020.17400", "2014-03-31": "2449.68100", "2013-12-31": "2414.45200", "2013-09-30": "2391.00100", "2013-06-30": "2385.78300", "2013-03-31": "2257.39200", "2012-12-31": "2357.39200", "2012-09-30": "2281.82700", "2012-06-30": "2416.72100", "2012-03-31": "2393.08900", "2011-12-31": "2392.42000", "2011-09-30": "2323.75300", "2011-06-30": "2244.92700", "2011-03-31": "2183.61800", "2010-12-31": "2223.76100", "2010-09-30": "2575.27000", "2010-06-30": "2526.83900", "2010-03-31": "2534.93600", "2009-12-31": "2378.58900", "2009-09-30": "2385.32900", "2009-06-30": "2442.82600", "2009-03-31": "2508.57100", "2008-12-31": "2451.34200", "2008-09-30": "2253.95300", "2008-06-30": "1723.85500", "2008-03-31": "1643.99800", "2007-12-31": "1728.02200", "2007-09-30": "1708.81200", "2007-06-30": "1648.10900", "2007-03-31": "1298.91400", "2006-12-31": "1256.16100", "2006-09-30": "1224.12900", "2006-06-30": "1086.81900", "2006-03-31": "814.64300", "2005-12-31": "696.92300", "2005-09-30": "567.65600", "2005-06-30": "682.61600", "2005-03-31": "544.09500"}, "Total Liabilities And Share Holders Equity": {"2020-09-30": "6012.89800", "2020-06-30": "6452.21100", "2020-03-31": "6589.63800", "2019-12-31": "6612.40300", "2019-09-30": "8854.19900", "2019-06-30": "9728.30800", "2019-03-31": "9635.06400", "2018-12-31": "9708.15400", "2018-09-30": "11866.14000", "2018-06-30": "11826.08000", "2018-03-31": "11730.17000", "2017-12-31": "11728.84000", "2017-09-30": "11637.74000", "2017-06-30": "11621.34000", "2017-03-31": "11421.75000", "2016-12-31": "11282.25000", "2016-09-30": "11327.26000", "2016-06-30": "6380.17900", "2016-03-31": "6705.15000", "2015-12-31": "6900.03100", "2015-09-30": "8397.90400", "2015-06-30": "8805.93100", "2015-03-31": "8844.88700", "2014-12-31": "8704.60400", "2014-09-30": "8034.45000", "2014-06-30": "7800.55800", "2014-03-31": "7482.77500", "2013-12-31": "7299.08600", "2013-09-30": "7030.63000", "2013-06-30": "6930.18200", "2013-03-31": "6866.53100", "2012-12-31": "6728.73500", "2012-09-30": "6657.72000", "2012-06-30": "6543.89400", "2012-03-31": "6277.94500", "2011-12-31": "5845.47000", "2011-09-30": "5476.47800", "2011-06-30": "5309.90700", "2011-03-31": "5615.24700", "2010-12-31": "5511.71400", "2010-09-30": "5837.16500", "2010-06-30": "5762.84500", "2010-03-31": "5642.10100", "2009-12-31": "5395.88100", "2009-09-30": "5396.38200", "2009-06-30": "5435.99900", "2009-03-31": "5715.25800", "2008-12-31": "5551.87900", "2008-09-30": "5271.19400", "2008-06-30": "4879.65600", "2008-03-31": "4487.69500", "2007-12-31": "4016.50800", "2007-09-30": "3848.42600", "2007-06-30": "3675.67600", "2007-03-31": "3280.88400", "2006-12-31": "3187.67400", "2006-09-30": "3051.25000", "2006-06-30": "2871.78600", "2006-03-31": "2034.95300", "2005-12-31": "2018.98500", "2005-09-30": "1970.42400", "2005-06-30": "1802.67800", "2005-03-31": "1617.15400"}}, "cash flow statement": {"Net Income/Loss": {"2019-12-31": "-1716.29700", "2018-12-31": "-1746.48100", "2017-12-31": "333.14600", "2016-12-31": "-521.38800", "2015-12-31": "-713.68500", "2014-12-31": "634.38200", "2013-12-31": "115.72200", "2012-12-31": "13.00200", "2011-12-31": "58.02600", "2010-12-31": "-239.25600", "2009-12-31": "-53.87000", "2008-12-31": "351.04000", "2007-12-31": "217.26800", "2006-12-31": "158.70200", "2005-12-31": "111.01100"}, "Total Depreciation And Amortization - Cash Flow": {"2019-12-31": "1650.93200", "2018-12-31": "2301.79300", "2017-12-31": "694.11600", "2016-12-31": "574.31200", "2015-12-31": "1200.71200", "2014-12-31": "603.75000", "2013-12-31": "524.01600", "2012-12-31": "503.94700", "2011-12-31": "405.36000", "2010-12-31": "291.81500", "2009-12-31": "276.83300", "2008-12-31": "302.73100", "2007-12-31": "222.85500", "2006-12-31": "156.30900", "2005-12-31": "116.02600"}, "Other Non-Cash Items": {"2019-12-31": "744.66890", "2018-12-31": "443.60210", "2017-12-31": "-163.83900", "2016-12-31": "440.53200", "2015-12-31": "213.50400", "2014-12-31": "-253.01600", "2013-12-31": "146.57000", "2012-12-31": "154.63800", "2011-12-31": "209.22000", "2010-12-31": "466.83700", "2009-12-31": "404.47900", "2008-12-31": "150.78200", "2007-12-31": "215.21600", "2006-12-31": "144.58100", "2005-12-31": "137.80200"}, "Total Non-Cash Items": {"2019-12-31": "2395.60100", "2018-12-31": "2745.39500", "2017-12-31": "530.27700", "2016-12-31": "1014.84400", "2015-12-31": "1414.21600", "2014-12-31": "350.73400", "2013-12-31": "670.58600", "2012-12-31": "658.58500", "2011-12-31": "614.58000", "2010-12-31": "758.65200", "2009-12-31": "681.31200", "2008-12-31": "453.51300", "2007-12-31": "438.07100", "2006-12-31": "300.89000", "2005-12-31": "253.82800"}, "Change In Accounts Receivable": {"2019-12-31": "214.19600", "2018-12-31": "-142.38100", "2017-12-31": "-102.86600", "2016-12-31": "-20.58600", "2015-12-31": "64.70400", "2014-12-31": "-5.32900", "2013-12-31": "-21.21200", "2012-12-31": "-38.01700", "2011-12-31": "-37.78900", "2010-12-31": "-6.51200", "2009-12-31": "13.39600", "2008-12-31": "6.70100", "2007-12-31": "-50.57000", "2006-12-31": "30.18500", "2005-12-31": "-64.33300"}, "Change In Inventories": {"2019-12-31": "4.52000", "2018-12-31": "0.13800", "2017-12-31": "-2.97900", "2016-12-31": "6.22000", "2015-12-31": "-14.86800", "2014-12-31": "-4.52100", "2013-12-31": "3.78500", "2012-12-31": "-7.37600", "2011-12-31": "0.86500", "2010-12-31": "-0.33300", "2009-12-31": "-1.46300", "2008-12-31": "-9.24600", "2007-12-31": "-1.04000", "2006-12-31": "-1.15700", "2005-12-31": "-3.45200"}, "Change In Accounts Payable": {"2019-12-31": "-60.37400", "2018-12-31": "-4.27400", "2017-12-31": "45.91200", "2016-12-31": "-27.25900", "2015-12-31": "-26.19700", "2014-12-31": "-1.02300", "2013-12-31": "-13.55500", "2012-12-31": "13.65400", "2011-12-31": "0.73800", "2010-12-31": "2.86700", "2009-12-31": "-44.76500", "2008-12-31": "10.66300", "2007-12-31": "28.64000", "2006-12-31": "-5.04900", "2005-12-31": "27.47200"}, "Change In Assets/Liabilities": {"2019-12-31": "", "2018-12-31": "", "2017-12-31": "", "2016-12-31": "", "2015-12-31": "", "2014-12-31": "", "2013-12-31": "", "2012-12-31": "", "2011-12-31": "", "2010-12-31": "", "2009-12-31": "", "2008-12-31": "", "2007-12-31": "", "2006-12-31": "", "2005-12-31": ""}, "Total Change In Assets/Liabilities": {"2019-12-31": "2.53900", "2018-12-31": "-8.22400", "2017-12-31": "-47.16900", "2016-12-31": "-106.38800", "2015-12-31": "-9.12900", "2014-12-31": "-10.76300", "2013-12-31": "-42.77000", "2012-12-31": "-24.48800", "2011-12-31": "-40.96900", "2010-12-31": "-6.07400", "2009-12-31": "-35.76700", "2008-12-31": "20.21400", "2007-12-31": "-13.04800", "2006-12-31": "20.28300", "2005-12-31": "-39.09400"}, "Cash Flow From Operating Activities": {"2019-12-31": "681.84300", "2018-12-31": "990.69000", "2017-12-31": "816.25400", "2016-12-31": "387.06800", "2015-12-31": "691.40200", "2014-12-31": "974.35300", "2013-12-31": "743.53800", "2012-12-31": "647.09900", "2011-12-31": "631.63700", "2010-12-31": "513.32200", "2009-12-31": "591.67500", "2008-12-31": "824.76700", "2007-12-31": "642.29100", "2006-12-31": "479.87500", "2005-12-31": "325.74500"}, "Net Change In Property, Plant, And Equipment": {"2019-12-31": "-748.42500", "2018-12-31": "-1022.99600", "2017-12-31": "-1212.53600", "2016-12-31": "-512.78600", "2015-12-31": "-1109.96500", "2014-12-31": "-1424.25300", "2013-12-31": "-1297.32200", "2012-12-31": "-1694.45500", "2011-12-31": "-1437.65200", "2010-12-31": "-747.80400", "2009-12-31": "-528.71500", "2008-12-31": "-918.02600", "2007-12-31": "-808.44200", "2006-12-31": "-501.69400", "2005-12-31": "-277.70600"}, "Net Change In Intangible Assets": {"2019-12-31": "", "2018-12-31": "", "2017-12-31": "", "2016-12-31": "", "2015-12-31": "", "2014-12-31": "", "2013-12-31": "", "2012-12-31": "", "2011-12-31": "", "2010-12-31": "", "2009-12-31": "", "2008-12-31": "", "2007-12-31": "", "2006-12-31": "", "2005-12-31": ""}, "Net Acquisitions/Divestitures": {"2019-12-31": "", "2018-12-31": "", "2017-12-31": "", "2016-12-31": "7.18000", "2015-12-31": "", "2014-12-31": "", "2013-12-31": "", "2012-12-31": "", "2011-12-31": "", "2010-12-31": "-296.50300", "2009-12-31": "", "2008-12-31": "-834.75800", "2007-12-31": "-336.45300", "2006-12-31": "-360.14900", "2005-12-31": "-153.60000"}, "Net Change In Short-term Investments": {"2019-12-31": "2.96600", "2018-12-31": "3.01300", "2017-12-31": "1.01100", "2016-12-31": "3.01600", "2015-12-31": "0.36700", "2014-12-31": "-2.81400", "2013-12-31": "-5.43500", "2012-12-31": "-2.32200", "2011-12-31": "-4.97800", "2010-12-31": "1.90200", "2009-12-31": "-1.39100", "2008-12-31": "-3.06200", "2007-12-31": "-8.00400", "2006-12-31": "", "2005-12-31": ""}, "Net Change In Long-Term Investments": {"2019-12-31": "", "2018-12-31": "", "2017-12-31": "", "2016-12-31": "", "2015-12-31": "", "2014-12-31": "", "2013-12-31": "", "2012-12-31": "", "2011-12-31": "", "2010-12-31": "-0.04500", "2009-12-31": "7.07600", "2008-12-31": "-44.16200", "2007-12-31": "-94.63000", "2006-12-31": "-21.00900", "2005-12-31": ""}, "Net Change In Investments - Total": {"2019-12-31": "2.96600", "2018-12-31": "3.01300", "2017-12-31": "1.01100", "2016-12-31": "3.01600", "2015-12-31": "0.36700", "2014-12-31": "-2.81400", "2013-12-31": "-5.43500", "2012-12-31": "-2.32200", "2011-12-31": "-4.97800", "2010-12-31": "1.85700", "2009-12-31": "5.68500", "2008-12-31": "-47.22400", "2007-12-31": "-102.63400", "2006-12-31": "-21.00900", "2005-12-31": ""}, "Investing Activities - Other": {"2019-12-31": "784.93700", "2018-12-31": "324.54900", "2017-12-31": "72.46800", "2016-12-31": "193.75500", "2015-12-31": "890.82600", "2014-12-31": "181.61100", "2013-12-31": "319.32100", "2012-12-31": "168.21900", "2011-12-31": "894.64900", "2010-12-31": "243.59200", "2009-12-31": "49.22300", "2008-12-31": "68.23100", "2007-12-31": "226.95700", "2006-12-31": "-28.80700", "2005-12-31": "-1.07100"}, "Cash Flow From Investing Activities": {"2019-12-31": "39.47800", "2018-12-31": "-695.43400", "2017-12-31": "-1139.05700", "2016-12-31": "-308.83500", "2015-12-31": "-218.77200", "2014-12-31": "-1245.45600", "2013-12-31": "-983.43600", "2012-12-31": "-1528.55800", "2011-12-31": "-547.98100", "2010-12-31": "-798.85800", "2009-12-31": "-473.80700", "2008-12-31": "-1731.77700", "2007-12-31": "-1020.57200", "2006-12-31": "-911.65900", "2005-12-31": "-432.37700"}, "Net Long-Term Debt": {"2019-12-31": "-661.43210", "2018-12-31": "-268.00000", "2017-12-31": "328.50000", "2016-12-31": "-83.01200", "2015-12-31": "-394.87500", "2014-12-31": "-89.00000", "2013-12-31": "251.93700", "2012-12-31": "892.62500", "2011-12-31": "-0.69700", "2010-12-31": "247.54200", "2009-12-31": "-83.79900", "2008-12-31": "639.50000", "2007-12-31": "105.37700", "2006-12-31": "432.30000", "2005-12-31": "-4.71600"}, "Net Current Debt": {"2019-12-31": "-25.74700", "2018-12-31": "-5.56300", "2017-12-31": "17.18000", "2016-12-31": "18.39300", "2015-12-31": "-37.08900", "2014-12-31": "3.37100", "2013-12-31": "5.61000", "2012-12-31": "-1.12600", "2011-12-31": "-51.47400", "2010-12-31": "64.10000", "2009-12-31": "-22.37000", "2008-12-31": "4.42000", "2007-12-31": "", "2006-12-31": "", "2005-12-31": ""}, "Debt Issuance/Retirement Net - Total": {"2019-12-31": "-687.17910", "2018-12-31": "-273.56300", "2017-12-31": "345.68000", "2016-12-31": "-64.61900", "2015-12-31": "-431.96400", "2014-12-31": "-85.62900", "2013-12-31": "257.54700", "2012-12-31": "891.49900", "2011-12-31": "-52.17100", "2010-12-31": "311.64200", "2009-12-31": "-106.16900", "2008-12-31": "643.92000", "2007-12-31": "105.37700", "2006-12-31": "432.30000", "2005-12-31": "-4.71600"}, "Net Common Equity Issued/Repurchased": {"2019-12-31": "-6.24100", "2018-12-31": "9.74700", "2017-12-31": "4.48200", "2016-12-31": "13.10200", "2015-12-31": "8.29800", "2014-12-31": "412.52600", "2013-12-31": "21.02400", "2012-12-31": "28.70600", "2011-12-31": "13.51800", "2010-12-31": "11.14900", "2009-12-31": "19.88300", "2008-12-31": "293.16000", "2007-12-31": "297.30800", "2006-12-31": "16.26500", "2005-12-31": "111.66200"}, "Net Total Equity Issued/Repurchased": {"2019-12-31": "-6.24100", "2018-12-31": "9.74700", "2017-12-31": "4.48200", "2016-12-31": "13.10200", "2015-12-31": "8.29800", "2014-12-31": "412.52600", "2013-12-31": "21.02400", "2012-12-31": "28.70600", "2011-12-31": "13.51800", "2010-12-31": "11.14900", "2009-12-31": "19.88300", "2008-12-31": "293.16000", "2007-12-31": "297.30800", "2006-12-31": "16.26500", "2005-12-31": "111.66200"}, "Total Common And Preferred Stock Dividends Paid": {"2019-12-31": "-20.07000", "2018-12-31": "-19.94000", "2017-12-31": "-19.83900", "2016-12-31": "-16.68200", "2015-12-31": "-27.08300", "2014-12-31": "-26.61000", "2013-12-31": "-26.12900", "2012-12-31": "-25.98100", "2011-12-31": "-25.75600", "2010-12-31": "-25.57400", "2009-12-31": "-25.16900", "2008-12-31": "-24.62500", "2007-12-31": "-19.08200", "2006-12-31": "-12.18900", "2005-12-31": "-9.82700"}, "Financial Activities - Other": {"2019-12-31": "-7.83000", "2018-12-31": "-11.40300", "2017-12-31": "-7.38600", "2016-12-31": "-10.19100", "2015-12-31": "-21.85800", "2014-12-31": "-29.08400", "2013-12-31": "-12.44800", "2012-12-31": "-12.60500", "2011-12-31": "-22.00300", "2010-12-31": "-9.60000", "2009-12-31": "-6.39900", "2008-12-31": "-8.71000", "2007-12-31": "-3.68600", "2006-12-31": "-6.96000", "2005-12-31": "-4.11900"}, "Cash Flow From Financial Activities": {"2019-12-31": "-721.32000", "2018-12-31": "-295.15900", "2017-12-31": "322.93700", "2016-12-31": "-78.39000", "2015-12-31": "-472.60700", "2014-12-31": "271.20300", "2013-12-31": "239.99400", "2012-12-31": "881.61900", "2011-12-31": "-86.41200", "2010-12-31": "287.61700", "2009-12-31": "-117.85400", "2008-12-31": "903.74500", "2007-12-31": "379.91700", "2006-12-31": "429.41600", "2005-12-31": "93.00000"}, "Net Cash Flow": {"2019-12-31": "0.00100", "2018-12-31": "0.09700", "2017-12-31": "0.13400", "2016-12-31": "-0.15700", "2015-12-31": "0.02300", "2014-12-31": "0.10000", "2013-12-31": "0.09600", "2012-12-31": "0.16000", "2011-12-31": "-2.75600", "2010-12-31": "2.08100", "2009-12-31": "0.01400", "2008-12-31": "-3.26500", "2007-12-31": "1.63600", "2006-12-31": "-2.36800", "2005-12-31": "-13.63200"}, "Stock-Based Compensation": {"2019-12-31": "24.89100", "2018-12-31": "29.75700", "2017-12-31": "30.70600", "2016-12-31": "74.68500", "2015-12-31": "-20.41100", "2014-12-31": "-4.29500", "2013-12-31": "119.39800", "2012-12-31": "", "2011-12-31": "", "2010-12-31": "", "2009-12-31": "", "2008-12-31": "", "2007-12-31": "", "2006-12-31": "", "2005-12-31": ""}, "Common Stock Dividends Paid": {"2019-12-31": "-20.07000", "2018-12-31": "-19.94000", "2017-12-31": "-19.83900", "2016-12-31": "-16.68200", "2015-12-31": "-27.08300", "2014-12-31": "-26.61000", "2013-12-31": "-26.12900", "2012-12-31": "-25.98100", "2011-12-31": "-25.75600", "2010-12-31": "-25.57400", "2009-12-31": "-25.16900", "2008-12-31": "-24.62500", "2007-12-31": "-19.08200", "2006-12-31": "-12.18900", "2005-12-31": "-7.61400"}}, "cash flow statement, quarterly": {"Net Income/Loss": {"2020-09-30": -680.048, "2020-06-30": -146.569, "2020-03-31": "144.97500", "2019-12-31": -1805.32, "2019-09-30": -27.581, "2019-06-30": 115.185, "2019-03-31": "1.41900", "2018-12-31": -1764.422, "2018-09-30": 48.539, "2018-06-30": -79.836, "2018-03-31": "49.23800", "2017-12-31": 221.185, "2017-09-30": -127.7, "2017-06-30": 69.55, "2017-03-31": "170.11100", "2016-12-31": -160.709, "2016-09-30": -41.971, "2016-06-30": -224.936, "2016-03-31": "-93.77200", "2015-12-31": -321.827, "2015-09-30": -300.948, "2015-06-30": -118.594, "2015-03-31": "27.68400", "2014-12-31": 284.054, "2014-09-30": 146.418, "2014-06-30": 171.389, "2014-03-31": "32.52100", "2013-12-31": 28.171, "2013-09-30": 19.178, "2013-06-30": 143.983, "2013-03-31": "-75.61000", "2012-12-31": 52.962, "2012-09-30": -53.836, "2012-06-30": 55.676, "2012-03-31": "-41.80000", "2011-12-31": -2.989, "2011-09-30": 34.755, "2011-06-30": 51.293, "2011-03-31": "-25.03300", "2010-12-31": -317.719, "2010-09-30": -8.168, "2010-06-30": 9.052, "2010-03-31": "77.57900", "2009-12-31": -16.777, "2009-09-30": -29.818, "2009-06-30": -39.883, "2009-03-31": "32.60800", "2008-12-31": 93.596, "2008-09-30": 284.95, "2008-06-30": -29.246, "2008-03-31": "1.74000", "2007-12-31": 21.01, "2007-09-30": 58.915, "2007-06-30": 64.206, "2007-03-31": "73.13700", "2006-12-31": 0.427, "2006-09-30": 51.33, "2006-06-30": 51.27, "2006-03-31": "55.67500", "2005-12-31": 42.682, "2005-09-30": 24.665, "2005-06-30": 21.661, "2005-03-31": "22.00300"}, "Total Depreciation And Amortization - Cash Flow": {"2020-09-30": 99.747, "2020-06-30": 106.367, "2020-03-31": "181.64300", "2019-12-31": 1228.096, "2019-09-30": 139.37, "2019-06-30": 142.941, "2019-03-31": "140.52500", "2018-12-31": 1787.458, "2018-09-30": 166.053, "2018-06-30": 177.392, "2018-03-31": "170.89000", "2017-12-31": 164.179, "2017-09-30": 225.055, "2017-06-30": 153.751, "2017-03-31": "151.13100", "2016-12-31": 151.449, "2016-09-30": 133.435, "2016-06-30": 124.12, "2016-03-31": "165.30800", "2015-12-31": 217.729, "2015-09-30": 680.708, "2015-06-30": 153.627, "2015-03-31": "148.64800", "2014-12-31": 142.836, "2014-09-30": 144.068, "2014-06-30": 185.291, "2014-03-31": "131.55500", "2013-12-31": 131.089, "2013-09-30": 140.428, "2013-06-30": 135.318, "2013-03-31": "117.18100", "2012-12-31": 164.684, "2012-09-30": 126.417, "2012-06-30": 110.847, "2012-03-31": "101.99900", "2011-12-31": 98.797, "2011-09-30": 134.375, "2011-06-30": 100.05, "2011-03-31": "72.13800", "2010-12-31": 74.068, "2010-09-30": 76.254, "2010-06-30": 69.014, "2010-03-31": "72.47900", "2009-12-31": 0.151, "2009-09-30": 101.316, "2009-06-30": 89.996, "2009-03-31": "85.37000", "2008-12-31": 81.656, "2008-09-30": 77.339, "2008-06-30": 72.974, "2008-03-31": "70.76200", "2007-12-31": 65.39, "2007-09-30": 57.592, "2007-06-30": 52.015, "2007-03-31": "47.85800", "2006-12-31": 48.836, "2006-09-30": 40.982, "2006-06-30": 34.434, "2006-03-31": "32.05700", "2005-12-31": 21.667, "2005-09-30": 33.308, "2005-06-30": 30.852, "2005-03-31": "30.19900"}, "Other Non-Cash Items": {"2020-09-30": 629.927, "2020-06-30": 102.122, "2020-03-31": "-211.39800", "2019-12-31": 736.4429, "2019-09-30": 4.134, "2019-06-30": -115.121, "2019-03-31": "119.21300", "2018-12-31": 180.5881, "2018-09-30": 37.722, "2018-06-30": 129.403, "2018-03-31": "95.88900", "2017-12-31": -132.454, "2017-09-30": 87.496, "2017-06-30": -44.32, "2017-03-31": "-74.56100", "2016-12-31": 248.906, "2016-09-30": -15.146, "2016-06-30": 184.591, "2016-03-31": "22.18100", "2015-12-31": 293.159, "2015-09-30": -215.949, "2015-06-30": 118.04, "2015-03-31": "18.25400", "2014-12-31": -168.235, "2014-09-30": -50.781, "2014-06-30": -120.891, "2014-03-31": "86.89100", "2013-12-31": 76.151, "2013-09-30": 66.257, "2013-06-30": -119.716, "2013-03-31": "123.87800", "2012-12-31": 19.154, "2012-09-30": 100.653, "2012-06-30": -24.513, "2012-03-31": "59.34400", "2011-12-31": 97.663, "2011-09-30": 5.94, "2011-06-30": 5.957, "2011-03-31": "99.66000", "2010-12-31": 376.544, "2010-09-30": 66.2, "2010-06-30": 37.142, "2010-03-31": "-13.04900", "2009-12-31": 189.213, "2009-09-30": 88.497, "2009-06-30": 97.24, "2009-03-31": "29.52900", "2008-12-31": -16.909, "2008-09-30": -153.314, "2008-06-30": 162.522, "2008-03-31": "158.48300", "2007-12-31": 98.444, "2007-09-30": 45.307, "2007-06-30": 37.399, "2007-03-31": "34.06600", "2006-12-31": 69.413, "2006-09-30": 16.797, "2006-06-30": 22.971, "2006-03-31": "35.40000", "2005-12-31": 63.192, "2005-09-30": 36.623, "2005-06-30": 20.003, "2005-03-31": "17.98400"}, "Total Non-Cash Items": {"2020-09-30": 729.674, "2020-06-30": 208.489, "2020-03-31": "-29.75500", "2019-12-31": 1964.539, "2019-09-30": 143.504, "2019-06-30": 27.82, "2019-03-31": "259.73800", "2018-12-31": 1968.0459, "2018-09-30": 203.7751, "2018-06-30": 306.795, "2018-03-31": "266.77900", "2017-12-31": 31.7249, "2017-09-30": 312.5511, "2017-06-30": 109.431, "2017-03-31": "76.57000", "2016-12-31": 400.355, "2016-09-30": 118.289, "2016-06-30": 308.711, "2016-03-31": "187.48900", "2015-12-31": 510.888, "2015-09-30": 464.759, "2015-06-30": 271.667, "2015-03-31": "166.90200", "2014-12-31": -25.399, "2014-09-30": 93.287, "2014-06-30": 64.4, "2014-03-31": "218.44600", "2013-12-31": 207.24, "2013-09-30": 206.685, "2013-06-30": 15.602, "2013-03-31": "241.05900", "2012-12-31": 183.838, "2012-09-30": 227.07, "2012-06-30": 86.334, "2012-03-31": "161.34300", "2011-12-31": 196.46, "2011-09-30": 140.315, "2011-06-30": 106.007, "2011-03-31": "171.79800", "2010-12-31": 450.612, "2010-09-30": 142.454, "2010-06-30": 106.156, "2010-03-31": "59.43000", "2009-12-31": 189.364, "2009-09-30": 189.813, "2009-06-30": 187.236, "2009-03-31": "114.89900", "2008-12-31": 64.747, "2008-09-30": -75.975, "2008-06-30": 235.496, "2008-03-31": "229.24500", "2007-12-31": 163.834, "2007-09-30": 102.899, "2007-06-30": 89.414, "2007-03-31": "81.92400", "2006-12-31": 118.249, "2006-09-30": 57.779, "2006-06-30": 57.405, "2006-03-31": "67.45700", "2005-12-31": 84.859, "2005-09-30": 69.931, "2005-06-30": 50.855, "2005-03-31": "48.18300"}, "Change In Accounts Receivable": {"2020-09-30": -12.047, "2020-06-30": 19.045, "2020-03-31": "84.34500", "2019-12-31": -27.318, "2019-09-30": 40.086, "2019-06-30": 67.422, "2019-03-31": "134.00600", "2018-12-31": -92.668, "2018-09-30": -35.288, "2018-06-30": -68.338, "2018-03-31": "53.91300", "2017-12-31": -63.172, "2017-09-30": -26.084, "2017-06-30": -8.92, "2017-03-31": "-4.69000", "2016-12-31": -52.571, "2016-09-30": -9.97, "2016-06-30": 23.203, "2016-03-31": "18.75200", "2015-12-31": -14.744, "2015-09-30": 5.753, "2015-06-30": 19.26, "2015-03-31": "54.43500", "2014-12-31": -18.427, "2014-09-30": 11.823, "2014-06-30": 42.918, "2014-03-31": "-41.64300", "2013-12-31": -27.72, "2013-09-30": 8.651, "2013-06-30": -3.435, "2013-03-31": "1.29200", "2012-12-31": -28.538, "2012-09-30": -21.09, "2012-06-30": -0.336, "2012-03-31": "11.94700", "2011-12-31": -3.433, "2011-09-30": -24.357, "2011-06-30": 0.529, "2011-03-31": "-10.52800", "2010-12-31": -4.777, "2010-09-30": -9.796, "2010-06-30": -0.05, "2010-03-31": "8.11100", "2009-12-31": -24.977, "2009-09-30": -8.08, "2009-06-30": 1.057, "2009-03-31": "45.39600", "2008-12-31": 71.169, "2008-09-30": 30.189, "2008-06-30": -63.301, "2008-03-31": "-31.35600", "2007-12-31": -20.975, "2007-09-30": -2.416, "2007-06-30": -19.786, "2007-03-31": "-7.39300", "2006-12-31": 0.862, "2006-09-30": -8.975, "2006-06-30": 6.035, "2006-03-31": "32.26300", "2005-12-31": -47.379, "2005-09-30": -35.01, "2005-06-30": 0.328, "2005-03-31": "17.72800"}, "Change In Inventories": {"2020-09-30": 0, "2020-06-30": 4.432, "2020-03-31": "-4.43200", "2019-12-31": 4.52, "2019-09-30": 0, "2019-06-30": 4.763, "2019-03-31": "-4.76300", "2018-12-31": 0.96, "2018-09-30": -1.618, "2018-06-30": 6.09, "2018-03-31": "-5.29400", "2017-12-31": -1.475, "2017-09-30": -5.22, "2017-06-30": 0.848, "2017-03-31": "2.86800", "2016-12-31": 6.996, "2016-09-30": -11.276, "2016-06-30": 5.167, "2016-03-31": "5.33300", "2015-12-31": -7.795, "2015-09-30": -3.324, "2015-06-30": -2.677, "2015-03-31": "-1.07200", "2014-12-31": 0.814, "2014-09-30": 1.537, "2014-06-30": -1.514, "2014-03-31": "-5.35800", "2013-12-31": 0.526, "2013-09-30": 1.714, "2013-06-30": 1.379, "2013-03-31": "0.16600", "2012-12-31": -1.982, "2012-09-30": -2.57, "2012-06-30": -1.927, "2012-03-31": "-0.89700", "2011-12-31": -0.01, "2011-09-30": -1.894, "2011-06-30": -0.805, "2011-03-31": "3.57400", "2010-12-31": 2.074, "2010-09-30": -2.745, "2010-06-30": 1.038, "2010-03-31": "-0.70000", "2009-12-31": -0.656, "2009-09-30": 1.347, "2009-06-30": -0.432, "2009-03-31": "-1.72200", "2008-12-31": -3.983, "2008-09-30": 24.576, "2008-06-30": -31.117, "2008-03-31": "1.27800", "2007-12-31": 0.632, "2007-09-30": -1.932, "2007-06-30": 2.52, "2007-03-31": "-2.26000", "2006-12-31": 0.754, "2006-09-30": -0.049, "2006-06-30": -0.232, "2006-03-31": "-1.63000", "2005-12-31": 3.427, "2005-09-30": 1.195, "2005-06-30": -7.557, "2005-03-31": "-0.51700"}, "Change In Accounts Payable": {"2020-09-30": -25.467, "2020-06-30": -46.013, "2020-03-31": "18.66000", "2019-12-31": -7.729, "2019-09-30": -23.513, "2019-06-30": 1.299, "2019-03-31": "-30.43100", "2018-12-31": 2.255, "2018-09-30": -21.144, "2018-06-30": -32.838, "2018-03-31": "47.45300", "2017-12-31": 1.197, "2017-09-30": 26.289, "2017-06-30": -5.958, "2017-03-31": "24.38400", "2016-12-31": 14.009, "2016-09-30": -22.074, "2016-06-30": -31.116, "2016-03-31": "11.92200", "2015-12-31": -13.039, "2015-09-30": -16.65, "2015-06-30": -3.606, "2015-03-31": "7.09800", "2014-12-31": 12.332, "2014-09-30": -33.47, "2014-06-30": 10.118, "2014-03-31": "9.99700", "2013-12-31": 15.679, "2013-09-30": -18.853, "2013-06-30": -27.442, "2013-03-31": "17.06100", "2012-12-31": 2.58, "2012-09-30": 32.996, "2012-06-30": -30.884, "2012-03-31": "8.96200", "2011-12-31": 8, "2011-09-30": -12.277, "2011-06-30": 2.713, "2011-03-31": "2.30200", "2010-12-31": -9.498, "2010-09-30": -1.494, "2010-06-30": -3.593, "2010-03-31": "17.45200", "2009-12-31": 22.311, "2009-09-30": 4.932, "2009-06-30": -33.909, "2009-03-31": "-38.09900", "2008-12-31": 7.736, "2008-09-30": -19.457, "2008-06-30": 20.927, "2008-03-31": "1.45700", "2007-12-31": 17.043, "2007-09-30": 20.081, "2007-06-30": 40.427, "2007-03-31": "-48.91100", "2006-12-31": 12.752, "2006-09-30": -12.285, "2006-06-30": 9.754, "2006-03-31": "-15.27000", "2005-12-31": 21.937, "2005-09-30": 20.701, "2005-06-30": -1.498, "2005-03-31": "-13.66800"}, "Change In Assets/Liabilities": {"2020-09-30": -1.73, "2020-06-30": -4.056, "2020-03-31": "", "2019-12-31": 4.024, "2019-09-30": 1.011, "2019-06-30": -5.035, "2019-03-31": "", "2018-12-31": 0, "2018-09-30": 0, "2018-06-30": 0, "2018-03-31": "", "2017-12-31": 0, "2017-09-30": 0, "2017-06-30": 0, "2017-03-31": "", "2016-12-31": 0, "2016-09-30": 0, "2016-06-30": 0, "2016-03-31": "", "2015-12-31": 0, "2015-09-30": 0, "2015-06-30": 0, "2015-03-31": "", "2014-12-31": 0, "2014-09-30": 0, "2014-06-30": 0, "2014-03-31": "", "2013-12-31": 0, "2013-09-30": 0, "2013-06-30": 0, "2013-03-31": "", "2012-12-31": 0, "2012-09-30": 0, "2012-06-30": 0, "2012-03-31": "", "2011-12-31": 0, "2011-09-30": 0, "2011-06-30": 0, "2011-03-31": "", "2010-12-31": 0, "2010-09-30": 0, "2010-06-30": 0, "2010-03-31": "", "2009-12-31": 0, "2009-09-30": 0, "2009-06-30": 0, "2009-03-31": "", "2008-12-31": 0, "2008-09-30": 0, "2008-06-30": 0, "2008-03-31": "", "2007-12-31": 0, "2007-09-30": 0, "2007-06-30": 0, "2007-03-31": "", "2006-12-31": 0, "2006-09-30": 0, "2006-06-30": 0, "2006-03-31": "", "2005-12-31": 0, "2005-09-30": 0, "2005-06-30": 0, "2005-03-31": ""}, "Total Change In Assets/Liabilities": {"2020-09-30": -73.92, "2020-06-30": 16.842, "2020-03-31": "9.28600", "2019-12-31": -26.807, "2019-09-30": -12.008, "2019-06-30": 41.817, "2019-03-31": "-0.46300", "2018-12-31": 12.119, "2018-09-30": -22.882, "2018-06-30": -52.016, "2018-03-31": "54.55500", "2017-12-31": -37.188, "2017-09-30": 4.353, "2017-06-30": 6.485, "2017-03-31": "-20.81900", "2016-12-31": -58.415, "2016-09-30": -43.682, "2016-06-30": -1.359, "2016-03-31": "-2.93200", "2015-12-31": -13.219, "2015-09-30": -18.393, "2015-06-30": 6.431, "2015-03-31": "16.05200", "2014-12-31": 60.76, "2014-09-30": -26.29, "2014-06-30": 24.513, "2014-03-31": "-69.74600", "2013-12-31": 5.261, "2013-09-30": -2.886, "2013-06-30": -80.945, "2013-03-31": "35.80000", "2012-12-31": -50.824, "2012-09-30": 4.943, "2012-06-30": -15.041, "2012-03-31": "36.43400", "2011-12-31": -10.179, "2011-09-30": -36.23, "2011-06-30": 11.583, "2011-03-31": "-6.14300", "2010-12-31": -18.439, "2010-09-30": 4.145, "2010-06-30": -7.645, "2010-03-31": "15.86500", "2009-12-31": -24.68, "2009-09-30": 15.339, "2009-06-30": -28.08, "2009-03-31": "1.65400", "2008-12-31": 66.036, "2008-09-30": 46.551, "2008-06-30": -67.691, "2008-03-31": "-24.68200", "2007-12-31": 1.728, "2007-09-30": 17.242, "2007-06-30": 31.41, "2007-03-31": "-63.42800", "2006-12-31": 13.059, "2006-09-30": -18.548, "2006-06-30": 23.395, "2006-03-31": "2.37700", "2005-12-31": -20.794, "2005-09-30": -16.894, "2005-06-30": 5.259, "2005-03-31": "-6.66500"}, "Cash Flow From Operating Activities": {"2020-09-30": -24.294, "2020-06-30": 78.762, "2020-03-31": "124.50600", "2019-12-31": 132.412, "2019-09-30": 103.915, "2019-06-30": 184.822, "2019-03-31": "260.69400", "2018-12-31": 215.743, "2018-09-30": 229.432, "2018-06-30": 174.943, "2018-03-31": "370.57200", "2017-12-31": 215.722, "2017-09-30": 189.204, "2017-06-30": 185.466, "2017-03-31": "225.86200", "2016-12-31": 181.231, "2016-09-30": 32.636, "2016-06-30": 82.416, "2016-03-31": "90.78500", "2015-12-31": 175.842, "2015-09-30": 145.418, "2015-06-30": 159.504, "2015-03-31": "210.63800", "2014-12-31": 319.415, "2014-09-30": 213.415, "2014-06-30": 260.302, "2014-03-31": "181.22100", "2013-12-31": 240.672, "2013-09-30": 222.977, "2013-06-30": 78.64, "2013-03-31": "201.24900", "2012-12-31": 185.976, "2012-09-30": 178.177, "2012-06-30": 126.969, "2012-03-31": "155.97700", "2011-12-31": 183.292, "2011-09-30": 138.84, "2011-06-30": 168.883, "2011-03-31": "140.62200", "2010-12-31": 114.454, "2010-09-30": 138.431, "2010-06-30": 107.563, "2010-03-31": "152.87400", "2009-12-31": 147.907, "2009-09-30": 175.334, "2009-06-30": 119.273, "2009-03-31": "149.16100", "2008-12-31": 224.379, "2008-09-30": 255.526, "2008-06-30": 138.559, "2008-03-31": "206.30300", "2007-12-31": 186.572, "2007-09-30": 179.056, "2007-06-30": 185.03, "2007-03-31": "91.63300", "2006-12-31": 131.735, "2006-09-30": 90.561, "2006-06-30": 132.07, "2006-03-31": "125.50900", "2005-12-31": 106.747, "2005-09-30": 77.702, "2005-06-30": 77.775, "2005-03-31": "63.52100"}, "Net Change In Property, Plant, And Equipment": {"2020-09-30": -72.486, "2020-06-30": -128.741, "2020-03-31": "-141.66900", "2019-12-31": -157.4721, "2019-09-30": -177.6179, "2019-06-30": -199.099, "2019-03-31": "-214.23600", "2018-12-31": -189.751, "2018-09-30": -209.05, "2018-06-30": -289.96, "2018-03-31": "-334.23500", "2017-12-31": -389.815, "2017-09-30": -312.124, "2017-06-30": -293.58, "2017-03-31": "-217.01700", "2016-12-31": -142.595, "2016-09-30": -104.224, "2016-06-30": -138.824, "2016-03-31": "-127.14300", "2015-12-31": -144.647, "2015-09-30": -241.128, "2015-06-30": -335.612, "2015-03-31": "-388.57800", "2014-12-31": -401.933, "2014-09-30": -360.376, "2014-06-30": -381.839, "2014-03-31": "-280.10500", "2013-12-31": -314.996, "2013-09-30": -360.152, "2013-06-30": -352.708, "2013-03-31": "-269.46600", "2012-12-31": -365.191, "2012-09-30": -398.2201, "2012-06-30": -478.2109, "2012-03-31": "-452.83300", "2011-12-31": -420.834, "2011-09-30": -477.213, "2011-06-30": -287.817, "2011-03-31": "-251.78800", "2010-12-31": 54.743, "2010-09-30": -469.882, "2010-06-30": -172.339, "2010-03-31": "-160.32600", "2009-12-31": -81.38, "2009-09-30": -156.487, "2009-06-30": -125.519, "2009-03-31": "-165.32900", "2008-12-31": -250.972, "2008-09-30": -239.846, "2008-06-30": -213.251, "2008-03-31": "-213.95700", "2007-12-31": -187.078, "2007-09-30": -232.105, "2007-06-30": -199.152, "2007-03-31": "-190.10700", "2006-12-31": -163.299, "2006-09-30": -143.716, "2006-06-30": -100.218, "2006-03-31": "-94.46100", "2005-12-31": -76.395, "2005-09-30": -90.471, "2005-06-30": -65.898, "2005-03-31": "-44.94200"}, "Net Change In Intangible Assets": {"2020-09-30": 0, "2020-06-30": 0, "2020-03-31": "", "2019-12-31": 0, "2019-09-30": 0, "2019-06-30": 0, "2019-03-31": "", "2018-12-31": 0, "2018-09-30": 0, "2018-06-30": 0, "2018-03-31": "", "2017-12-31": 0, "2017-09-30": 0, "2017-06-30": 0, "2017-03-31": "", "2016-12-31": 0, "2016-09-30": 0, "2016-06-30": 0, "2016-03-31": "", "2015-12-31": 0, "2015-09-30": 0, "2015-06-30": 0, "2015-03-31": "", "2014-12-31": 0, "2014-09-30": 0, "2014-06-30": 0, "2014-03-31": "", "2013-12-31": 0, "2013-09-30": 0, "2013-06-30": 0, "2013-03-31": "", "2012-12-31": 0, "2012-09-30": 0, "2012-06-30": 0, "2012-03-31": "", "2011-12-31": 0, "2011-09-30": 0, "2011-06-30": 0, "2011-03-31": "", "2010-12-31": 0, "2010-09-30": 0, "2010-06-30": 0, "2010-03-31": "", "2009-12-31": 0, "2009-09-30": 0, "2009-06-30": 0, "2009-03-31": "", "2008-12-31": 0, "2008-09-30": 0, "2008-06-30": 0, "2008-03-31": "", "2007-12-31": 0, "2007-09-30": 0, "2007-06-30": 0, "2007-03-31": "", "2006-12-31": 0, "2006-09-30": 0, "2006-06-30": 0, "2006-03-31": "", "2005-12-31": 0, "2005-09-30": 0, "2005-06-30": 0, "2005-03-31": ""}, "Net Acquisitions/Divestitures": {"2020-09-30": 0, "2020-06-30": 0, "2020-03-31": "", "2019-12-31": 0, "2019-09-30": 0, "2019-06-30": 0, "2019-03-31": "", "2018-12-31": 0, "2018-09-30": 0, "2018-06-30": 0, "2018-03-31": "", "2017-12-31": 0, "2017-09-30": 0, "2017-06-30": 0, "2017-03-31": "", "2016-12-31": 0, "2016-09-30": 7.18, "2016-06-30": 0, "2016-03-31": "", "2015-12-31": 0, "2015-09-30": 0, "2015-06-30": 0, "2015-03-31": "", "2014-12-31": 0, "2014-09-30": 0, "2014-06-30": 0, "2014-03-31": "", "2013-12-31": 0, "2013-09-30": 0, "2013-06-30": 0, "2013-03-31": "", "2012-12-31": 0, "2012-09-30": 0, "2012-06-30": 0, "2012-03-31": "", "2011-12-31": 0, "2011-09-30": 73.07, "2011-06-30": -48.754, "2011-03-31": "-24.31600", "2010-12-31": -296.503, "2010-09-30": 187.192, "2010-06-30": -167.343, "2010-03-31": "-19.84900", "2009-12-31": 118.724, "2009-09-30": -11.403, "2009-06-30": -22.916, "2009-03-31": "-84.40500", "2008-12-31": -100.991, "2008-09-30": -395.505, "2008-06-30": -4.904, "2008-03-31": "-333.35800", "2007-12-31": -26.793, "2007-09-30": -27.606, "2007-06-30": -225.567, "2007-03-31": "-56.48700", "2006-12-31": -23.414, "2006-09-30": -28.219, "2006-06-30": -298.536, "2006-03-31": "-9.98000", "2005-12-31": -8.259, "2005-09-30": -8.345, "2005-06-30": -134.385, "2005-03-31": "-2.61100"}, "Net Change In Short-term Investments": {"2020-09-30": 1.139, "2020-06-30": 4.235, "2020-03-31": "0.74500", "2019-12-31": -1.637, "2019-09-30": 1.547, "2019-06-30": 1.111, "2019-03-31": "1.94500", "2018-12-31": 0.655, "2018-09-30": 4.17, "2018-06-30": -0.587, "2018-03-31": "-1.22500", "2017-12-31": -2.334, "2017-09-30": 1.654, "2017-06-30": 3.848, "2017-03-31": "-2.15700", "2016-12-31": -1.424, "2016-09-30": 3.558, "2016-06-30": 1.711, "2016-03-31": "-0.82900", "2015-12-31": -4.207, "2015-09-30": -0.521, "2015-06-30": 4.837, "2015-03-31": "0.25800", "2014-12-31": -4.967, "2014-09-30": 0.061, "2014-06-30": 1.029, "2014-03-31": "1.06300", "2013-12-31": -1.081, "2013-09-30": -0.483, "2013-06-30": 7.749, "2013-03-31": "-11.62000", "2012-12-31": 10.19, "2012-09-30": -8.23, "2012-06-30": -3.404, "2012-03-31": "-0.87800", "2011-12-31": 2.196, "2011-09-30": -4.962, "2011-06-30": 0.491, "2011-03-31": "-2.70300", "2010-12-31": 3.358, "2010-09-30": -0.199, "2010-06-30": -0.18, "2010-03-31": "-1.07700", "2009-12-31": 2.386, "2009-09-30": -2.153, "2009-06-30": -0.726, "2009-03-31": "-0.89800", "2008-12-31": -0.367, "2008-09-30": -0.167, "2008-06-30": -1.324, "2008-03-31": "-1.20400", "2007-12-31": -7.103, "2007-09-30": -0.901, "2007-06-30": 0, "2007-03-31": "", "2006-12-31": 0, "2006-09-30": 0, "2006-06-30": 0, "2006-03-31": "", "2005-12-31": 0, "2005-09-30": 0, "2005-06-30": 0, "2005-03-31": ""}, "Net Change In Long-Term Investments": {"2020-09-30": 0, "2020-06-30": 0, "2020-03-31": "", "2019-12-31": 0, "2019-09-30": 0, "2019-06-30": 0, "2019-03-31": "", "2018-12-31": 0, "2018-09-30": 0, "2018-06-30": 0, "2018-03-31": "", "2017-12-31": 0, "2017-09-30": 0, "2017-06-30": 0, "2017-03-31": "", "2016-12-31": 0, "2016-09-30": 0, "2016-06-30": 0, "2016-03-31": "", "2015-12-31": 0, "2015-09-30": 0, "2015-06-30": 0, "2015-03-31": "", "2014-12-31": -1.103, "2014-09-30": 0, "2014-06-30": -1.408, "2014-03-31": "2.51100", "2013-12-31": -3.799, "2013-09-30": 1.914, "2013-06-30": 0, "2013-03-31": "1.88500", "2012-12-31": 0, "2012-09-30": 0, "2012-06-30": 0, "2012-03-31": "", "2011-12-31": 0, "2011-09-30": 0, "2011-06-30": 0, "2011-03-31": "", "2010-12-31": -0.045, "2010-09-30": 0, "2010-06-30": 0, "2010-03-31": "", "2009-12-31": 13.175, "2009-09-30": 0.301, "2009-06-30": -6.648, "2009-03-31": "0.24800", "2008-12-31": -18.702, "2008-09-30": -14.66, "2008-06-30": -10.8, "2008-03-31": "", "2007-12-31": -1.317, "2007-09-30": -0.001, "2007-06-30": -93.391, "2007-03-31": "0.07900", "2006-12-31": -0.001, "2006-09-30": -0.223, "2006-06-30": -20.785, "2006-03-31": "", "2005-12-31": 0, "2005-09-30": 0, "2005-06-30": 0, "2005-03-31": ""}, "Net Change In Investments - Total": {"2020-09-30": 1.139, "2020-06-30": 4.235, "2020-03-31": "0.74500", "2019-12-31": -1.637, "2019-09-30": 1.547, "2019-06-30": 1.111, "2019-03-31": "1.94500", "2018-12-31": 0.655, "2018-09-30": 4.17, "2018-06-30": -0.587, "2018-03-31": "-1.22500", "2017-12-31": -2.334, "2017-09-30": 1.654, "2017-06-30": 3.848, "2017-03-31": "-2.15700", "2016-12-31": -1.424, "2016-09-30": 3.558, "2016-06-30": 1.711, "2016-03-31": "-0.82900", "2015-12-31": -4.207, "2015-09-30": -0.521, "2015-06-30": 4.837, "2015-03-31": "0.25800", "2014-12-31": -6.07, "2014-09-30": 0.061, "2014-06-30": -0.379, "2014-03-31": "3.57400", "2013-12-31": -4.88, "2013-09-30": 1.431, "2013-06-30": 7.749, "2013-03-31": "-9.73500", "2012-12-31": 10.19, "2012-09-30": -8.23, "2012-06-30": -3.404, "2012-03-31": "-0.87800", "2011-12-31": 2.196, "2011-09-30": -4.962, "2011-06-30": 0.491, "2011-03-31": "-2.70300", "2010-12-31": 3.313, "2010-09-30": -0.199, "2010-06-30": -0.18, "2010-03-31": "-1.07700", "2009-12-31": 15.561, "2009-09-30": -1.852, "2009-06-30": -7.374, "2009-03-31": "-0.65000", "2008-12-31": -19.069, "2008-09-30": -14.827, "2008-06-30": -12.124, "2008-03-31": "-1.20400", "2007-12-31": -8.42, "2007-09-30": -0.902, "2007-06-30": -93.391, "2007-03-31": "0.07900", "2006-12-31": -0.001, "2006-09-30": -0.223, "2006-06-30": -20.785, "2006-03-31": "", "2005-12-31": 0, "2005-09-30": 0, "2005-06-30": 0, "2005-03-31": ""}, "Investing Activities - Other": {"2020-09-30": 245.012, "2020-06-30": 0.012, "2020-03-31": "1.05900", "2019-12-31": 0.41, "2019-09-30": 750.161, "2019-06-30": 34.034, "2019-03-31": "0.33200", "2018-12-31": 300.21, "2018-09-30": 23.973, "2018-06-30": 0.326, "2018-03-31": "0.04000", "2017-12-31": 44.885, "2017-09-30": 0.295, "2017-06-30": 1.235, "2017-03-31": "26.05300", "2016-12-31": 1.921, "2016-09-30": 1.031, "2016-06-30": 77.724, "2016-03-31": "113.07900", "2015-12-31": 876.076, "2015-09-30": 0.524, "2015-06-30": 3.566, "2015-03-31": "10.66000", "2014-12-31": 34.485, "2014-09-30": 0.986, "2014-06-30": 145.846, "2014-03-31": "0.29400", "2013-12-31": 7.573, "2013-09-30": 15.68, "2013-06-30": 257.872, "2013-03-31": "38.19600", "2012-12-31": 136.137, "2012-09-30": 16.462, "2012-06-30": 5.768, "2012-03-31": "9.85200", "2011-12-31": 13.662, "2011-09-30": 16.855, "2011-06-30": 857.154, "2011-03-31": "6.97800", "2010-12-31": -34.596, "2010-09-30": -13.388, "2010-06-30": 2.246, "2010-03-31": "289.33000", "2009-12-31": -141.611, "2009-09-30": -0.367, "2009-06-30": 190.916, "2009-03-31": "0.28500", "2008-12-31": 27.034, "2008-09-30": 41.197, "2008-06-30": -63.291, "2008-03-31": "63.29100", "2007-12-31": 0.003, "2007-09-30": 0.002, "2007-06-30": -7.357, "2007-03-31": "234.30900", "2006-12-31": -10.343, "2006-09-30": -11.755, "2006-06-30": -3.702, "2006-03-31": "-3.00700", "2005-12-31": -6.212, "2005-09-30": 3.837, "2005-06-30": 0.73, "2005-03-31": "0.57400"}, "Cash Flow From Investing Activities": {"2020-09-30": 173.665, "2020-06-30": -124.494, "2020-03-31": "-139.86500", "2019-12-31": -158.699, "2019-09-30": 574.09, "2019-06-30": -163.954, "2019-03-31": "-211.95900", "2018-12-31": 111.114, "2018-09-30": -180.907, "2018-06-30": -290.221, "2018-03-31": "-335.42000", "2017-12-31": -347.264, "2017-09-30": -310.175, "2017-06-30": -288.497, "2017-03-31": "-193.12100", "2016-12-31": -142.098, "2016-09-30": -92.455, "2016-06-30": -59.389, "2016-03-31": "-14.89300", "2015-12-31": 727.222, "2015-09-30": -241.125, "2015-06-30": -327.209, "2015-03-31": "-377.66000", "2014-12-31": -373.518, "2014-09-30": -359.329, "2014-06-30": -236.372, "2014-03-31": "-276.23700", "2013-12-31": -312.303, "2013-09-30": -343.041, "2013-06-30": -87.087, "2013-03-31": "-241.00500", "2012-12-31": -218.864, "2012-09-30": -389.988, "2012-06-30": -475.847, "2012-03-31": "-443.85900", "2011-12-31": -404.976, "2011-09-30": -392.25, "2011-06-30": 521.074, "2011-03-31": "-271.82900", "2010-12-31": -273.043, "2010-09-30": -296.277, "2010-06-30": -337.616, "2010-03-31": "108.07800", "2009-12-31": -88.706, "2009-09-30": -170.109, "2009-06-30": 35.107, "2009-03-31": "-250.09900", "2008-12-31": -343.998, "2008-09-30": -608.981, "2008-06-30": -293.57, "2008-03-31": "-485.22800", "2007-12-31": -222.288, "2007-09-30": -260.611, "2007-06-30": -525.467, "2007-03-31": "-12.20600", "2006-12-31": -197.057, "2006-09-30": -183.913, "2006-06-30": -423.241, "2006-03-31": "-107.44800", "2005-12-31": -90.866, "2005-09-30": -94.979, "2005-06-30": -199.553, "2005-03-31": "-46.97900"}, "Net Long-Term Debt": {"2020-09-30": -135.6521, "2020-06-30": 44.1171, "2020-03-31": "49.90100", "2019-12-31": 43.8418, "2019-09-30": -657.2739, "2019-06-30": 0, "2019-03-31": "-48.00000", "2018-12-31": -323, "2018-09-30": -48, "2018-06-30": 132, "2018-03-31": "-29.00000", "2017-12-31": 125, "2017-09-30": 132, "2017-06-30": 108, "2017-03-31": "-36.50000", "2016-12-31": -55.001, "2016-09-30": 63.989, "2016-06-30": -28, "2016-03-31": "-64.00000", "2015-12-31": -892, "2015-09-30": 106.125, "2015-06-30": 202, "2015-03-31": "189.00000", "2014-12-31": 74, "2014-09-30": 169, "2014-06-30": -426, "2014-03-31": "94.00000", "2013-12-31": 73, "2013-09-30": 118, "2013-06-30": 2.937, "2013-03-31": "58.00000", "2012-12-31": 18.625, "2012-09-30": 226, "2012-06-30": 235, "2012-03-31": "413.00000", "2011-12-31": 187.0009, "2011-09-30": -0.3659, "2011-06-30": -393.332, "2011-03-31": "206.00000", "2010-12-31": 109, "2010-09-30": -12.458, "2010-06-30": 121, "2010-03-31": "30.00000", "2009-12-31": -74, "2009-09-30": -5, "2009-06-30": -118.799, "2009-03-31": "114.00000", "2008-12-31": 143, "2008-09-30": 344, "2008-06-30": -136.5, "2008-03-31": "289.00000", "2007-12-31": 41.377, "2007-09-30": 69.5, "2007-06-30": -91, "2007-03-31": "85.50000", "2006-12-31": 67.3, "2006-09-30": 86.6, "2006-06-30": 301.5, "2006-03-31": "-23.10000", "2005-12-31": -10.6, "2005-09-30": 14.1, "2005-06-30": 2.787, "2005-03-31": "-11.00300"}, "Net Current Debt": {"2020-09-30": -9.454, "2020-06-30": 2.59, "2020-03-31": "-1.93300", "2019-12-31": -1.003, "2019-09-30": -15.982, "2019-06-30": -15.98, "2019-03-31": "7.21800", "2018-12-31": 0.09, "2018-09-30": 1.665, "2018-06-30": -8.24, "2018-03-31": "0.92200", "2017-12-31": 11.592, "2017-09-30": -5.251, "2017-06-30": -0.964, "2017-03-31": "11.80300", "2016-12-31": 17.961, "2016-09-30": 7.236, "2016-06-30": -0.436, "2016-03-31": "-6.36800", "2015-12-31": 3.034, "2015-09-30": -4.202, "2015-06-30": -20.58, "2015-03-31": "-15.34100", "2014-12-31": 15.676, "2014-09-30": -16.984, "2014-06-30": 5.801, "2014-03-31": "-1.12200", "2013-12-31": 0.906, "2013-09-30": 5.859, "2013-06-30": 11.303, "2013-03-31": "-12.45800", "2012-12-31": 14.624, "2012-09-30": -19.096, "2012-06-30": -9.623, "2012-03-31": "12.96900", "2011-12-31": -11.713, "2011-09-30": 18.504, "2011-06-30": 2.714, "2011-03-31": "-60.97900", "2010-12-31": 56.491, "2010-09-30": 20.994, "2010-06-30": -8.223, "2010-03-31": "-5.16200", "2009-12-31": 15.32, "2009-09-30": 0.522, "2009-06-30": -25.486, "2009-03-31": "-12.72600", "2008-12-31": -16.365, "2008-09-30": 17.894, "2008-06-30": 14.593, "2008-03-31": "-11.70200", "2007-12-31": -1.554, "2007-09-30": 1.554, "2007-06-30": 0, "2007-03-31": "", "2006-12-31": 0, "2006-09-30": 0, "2006-06-30": 0, "2006-03-31": "", "2005-12-31": 0, "2005-09-30": 0, "2005-06-30": 0, "2005-03-31": ""}, "Debt Issuance/Retirement Net - Total": {"2020-09-30": -145.1061, "2020-06-30": 46.7071, "2020-03-31": "47.96800", "2019-12-31": 42.8388, "2019-09-30": -673.2559, "2019-06-30": -15.98, "2019-03-31": "-40.78200", "2018-12-31": -322.91, "2018-09-30": -46.335, "2018-06-30": 123.76, "2018-03-31": "-28.07800", "2017-12-31": 136.592, "2017-09-30": 126.749, "2017-06-30": 107.036, "2017-03-31": "-24.69700", "2016-12-31": -37.04, "2016-09-30": 71.225, "2016-06-30": -28.436, "2016-03-31": "-70.36800", "2015-12-31": -888.966, "2015-09-30": 101.923, "2015-06-30": 181.42, "2015-03-31": "173.65900", "2014-12-31": 89.676, "2014-09-30": 152.016, "2014-06-30": -420.199, "2014-03-31": "92.87800", "2013-12-31": 73.906, "2013-09-30": 123.859, "2013-06-30": 14.24, "2013-03-31": "45.54200", "2012-12-31": 33.249, "2012-09-30": 206.904, "2012-06-30": 225.377, "2012-03-31": "425.96900", "2011-12-31": 175.2879, "2011-09-30": 18.1381, "2011-06-30": -390.618, "2011-03-31": "145.02100", "2010-12-31": 165.491, "2010-09-30": 8.536, "2010-06-30": 112.777, "2010-03-31": "24.83800", "2009-12-31": -58.68, "2009-09-30": -4.478, "2009-06-30": -144.285, "2009-03-31": "101.27400", "2008-12-31": 126.635, "2008-09-30": 361.894, "2008-06-30": -121.907, "2008-03-31": "277.29800", "2007-12-31": 39.823, "2007-09-30": 71.054, "2007-06-30": -91, "2007-03-31": "85.50000", "2006-12-31": 67.3, "2006-09-30": 86.6, "2006-06-30": 301.5, "2006-03-31": "-23.10000", "2005-12-31": -10.6, "2005-09-30": 14.1, "2005-06-30": 2.787, "2005-03-31": "-11.00300"}, "Net Common Equity Issued/Repurchased": {"2020-09-30": 0.548, "2020-06-30": -0.315, "2020-03-31": "-22.53500", "2019-12-31": -6.908, "2019-09-30": 0.154, "2019-06-30": 0.339, "2019-03-31": "0.17400", "2018-12-31": 1.234, "2018-09-30": 2.864, "2018-06-30": 5.014, "2018-03-31": "0.63500", "2017-12-31": 0, "2017-09-30": 0.334, "2017-06-30": 1.131, "2017-03-31": "3.01700", "2016-12-31": 2.717, "2016-09-30": 0.072, "2016-06-30": 8.899, "2016-03-31": "1.41400", "2015-12-31": 0.36, "2015-09-30": 0.754, "2015-06-30": 5.291, "2015-03-31": "1.89300", "2014-12-31": 0.239, "2014-09-30": 0.822, "2014-06-30": 402.879, "2014-03-31": "8.58600", "2013-12-31": 4.354, "2013-09-30": 2.836, "2013-06-30": 1.059, "2013-03-31": "12.77500", "2012-12-31": 6.245, "2012-09-30": 11.554, "2012-06-30": 8.473, "2012-03-31": "2.43400", "2011-12-31": 1.055, "2011-09-30": 5.112, "2011-06-30": 3.556, "2011-03-31": "3.79500", "2010-12-31": 0.437, "2010-09-30": 0.367, "2010-06-30": 4.015, "2010-03-31": "6.33000", "2009-12-31": 5.713, "2009-09-30": 4.5, "2009-06-30": 3.746, "2009-03-31": "5.92400", "2008-12-31": 2.693, "2008-09-30": -1.839, "2008-06-30": 288.602, "2008-03-31": "3.70400", "2007-12-31": 6.667, "2007-09-30": 1.078, "2007-06-30": 284.663, "2007-03-31": "4.90000", "2006-12-31": 3.721, "2006-09-30": 6.883, "2006-06-30": 0.95, "2006-03-31": "4.71100", "2005-12-31": 0.706, "2005-09-30": 1.361, "2005-06-30": 107.594, "2005-03-31": "2.00100"}, "Net Total Equity Issued/Repurchased": {"2020-09-30": 0.548, "2020-06-30": -0.315, "2020-03-31": "-22.53500", "2019-12-31": -6.908, "2019-09-30": 0.154, "2019-06-30": 0.339, "2019-03-31": "0.17400", "2018-12-31": 1.234, "2018-09-30": 2.864, "2018-06-30": 5.014, "2018-03-31": "0.63500", "2017-12-31": 0, "2017-09-30": 0.334, "2017-06-30": 1.131, "2017-03-31": "3.01700", "2016-12-31": 2.717, "2016-09-30": 0.072, "2016-06-30": 8.899, "2016-03-31": "1.41400", "2015-12-31": 0.36, "2015-09-30": 0.754, "2015-06-30": 5.291, "2015-03-31": "1.89300", "2014-12-31": 0.239, "2014-09-30": 0.822, "2014-06-30": 402.879, "2014-03-31": "8.58600", "2013-12-31": 4.354, "2013-09-30": 2.836, "2013-06-30": 1.059, "2013-03-31": "12.77500", "2012-12-31": 6.245, "2012-09-30": 11.554, "2012-06-30": 8.473, "2012-03-31": "2.43400", "2011-12-31": 1.055, "2011-09-30": 5.112, "2011-06-30": 3.556, "2011-03-31": "3.79500", "2010-12-31": 0.437, "2010-09-30": 0.367, "2010-06-30": 4.015, "2010-03-31": "6.33000", "2009-12-31": 5.713, "2009-09-30": 4.5, "2009-06-30": 3.746, "2009-03-31": "5.92400", "2008-12-31": 2.693, "2008-09-30": -1.839, "2008-06-30": 288.602, "2008-03-31": "3.70400", "2007-12-31": 6.667, "2007-09-30": 1.078, "2007-06-30": 284.663, "2007-03-31": "4.90000", "2006-12-31": 3.721, "2006-09-30": 6.883, "2006-06-30": 0.95, "2006-03-31": "4.71100", "2005-12-31": 0.706, "2005-09-30": 1.361, "2005-06-30": 107.594, "2005-03-31": "2.00100"}, "Total Common And Preferred Stock Dividends Paid": {"2020-09-30": 0, "2020-06-30": 0, "2020-03-31": "", "2019-12-31": -4.993, "2019-09-30": -5.028, "2019-06-30": -5.026, "2019-03-31": "-5.02300", "2018-12-31": -4.99, "2018-09-30": -4.99, "2018-06-30": -4.989, "2018-03-31": "-4.97100", "2017-12-31": -4.963, "2017-09-30": -4.962, "2017-06-30": -4.963, "2017-03-31": "-4.95100", "2016-12-31": -5.028, "2016-09-30": -4.858, "2016-06-30": -3.401, "2016-03-31": "-3.39500", "2015-12-31": -6.775, "2015-09-30": -6.774, "2015-06-30": -6.775, "2015-03-31": "-6.75900", "2014-12-31": -6.748, "2014-09-30": -6.748, "2014-06-30": -6.564, "2014-03-31": "-6.55000", "2013-12-31": -6.536, "2013-09-30": -6.536, "2013-06-30": -6.536, "2013-03-31": "-6.52100", "2012-12-31": -6.506, "2012-09-30": -6.503, "2012-06-30": -6.499, "2012-03-31": "-6.47300", "2011-12-31": -6.451, "2011-09-30": -6.445, "2011-06-30": -6.44, "2011-03-31": "-6.42000", "2010-12-31": -6.404, "2010-09-30": -6.402, "2010-06-30": -6.395, "2010-03-31": "-6.37300", "2009-12-31": -6.326, "2009-09-30": -6.302, "2009-06-30": -6.284, "2009-03-31": "-6.25700", "2008-12-31": -6.221, "2008-09-30": -6.208, "2008-06-30": -6.193, "2008-03-31": "-6.00300", "2007-12-31": -5.984, "2007-09-30": -4.463, "2007-06-30": -4.452, "2007-03-31": "-4.18300", "2006-12-31": -4.168, "2006-09-30": -2.77, "2006-06-30": -2.628, "2006-03-31": "-2.62300", "2005-12-31": -2.624, "2005-09-30": -1.727, "2005-06-30": -1.633, "2005-03-31": "-3.84300"}, "Financial Activities - Other": {"2020-09-30": -4.864, "2020-06-30": -0.62, "2020-03-31": "-10.09200", "2019-12-31": -4.459, "2019-09-30": -0.028, "2019-06-30": -0.182, "2019-03-31": "-3.16100", "2018-12-31": -0.003, "2018-09-30": -0.122, "2018-06-30": -8.619, "2018-03-31": "-2.65900", "2017-12-31": -0.168, "2017-09-30": -1.141, "2017-06-30": -0.198, "2017-03-31": "-5.87900", "2016-12-31": -0.01, "2016-09-30": -6.46, "2016-06-30": -0.236, "2016-03-31": "-3.48500", "2015-12-31": -7.702, "2015-09-30": -0.227, "2015-06-30": -12.229, "2015-03-31": "-1.70000", "2014-12-31": -29.084, "2014-09-30": 0, "2014-06-30": 0, "2014-03-31": "", "2013-12-31": 0, "2013-09-30": -0.124, "2013-06-30": -0.226, "2013-03-31": "-12.09800", "2012-12-31": 0.001, "2012-09-30": -0.151, "2012-06-30": -1.213, "2012-03-31": "-11.24200", "2011-12-31": 0, "2011-09-30": -0.35, "2011-06-30": -9.297, "2011-03-31": "-12.35600", "2010-12-31": -0.165, "2010-09-30": -9.435, "2010-06-30": 0, "2010-03-31": "", "2009-12-31": 0, "2009-09-30": -0.238, "2009-06-30": -6.161, "2009-03-31": "", "2008-12-31": -3, "2008-09-30": -0.2, "2008-06-30": -5.508, "2008-03-31": "-0.00200", "2007-12-31": -0.959, "2007-09-30": -2.521, "2007-06-30": -0.035, "2007-03-31": "-0.17100", "2006-12-31": -1.4, "2006-09-30": -1.898, "2006-06-30": -3.212, "2006-03-31": "-0.45000", "2005-12-31": -0.001, "2005-09-30": -0.01, "2005-06-30": -1.008, "2005-03-31": "-3.10000"}, "Cash Flow From Financial Activities": {"2020-09-30": -149.422, "2020-06-30": 45.772, "2020-03-31": "15.34100", "2019-12-31": 26.479, "2019-09-30": -678.158, "2019-06-30": -20.849, "2019-03-31": "-48.79200", "2018-12-31": -326.669, "2018-09-30": -48.583, "2018-06-30": 115.166, "2018-03-31": "-35.07300", "2017-12-31": 131.461, "2017-09-30": 120.98, "2017-06-30": 103.006, "2017-03-31": "-32.51000", "2016-12-31": -39.361, "2016-09-30": 59.979, "2016-06-30": -23.174, "2016-03-31": "-75.83400", "2015-12-31": -903.083, "2015-09-30": 95.676, "2015-06-30": 167.707, "2015-03-31": "167.09300", "2014-12-31": 54.083, "2014-09-30": 146.09, "2014-06-30": -23.884, "2014-03-31": "94.91400", "2013-12-31": 71.724, "2013-09-30": 120.035, "2013-06-30": 8.537, "2013-03-31": "39.69800", "2012-12-31": 32.989, "2012-09-30": 211.804, "2012-06-30": 226.138, "2012-03-31": "410.68800", "2011-12-31": 169.892, "2011-09-30": 16.455, "2011-06-30": -402.799, "2011-03-31": "130.04000", "2010-12-31": 159.359, "2010-09-30": -6.934, "2010-06-30": 110.397, "2010-03-31": "24.79500", "2009-12-31": -59.293, "2009-09-30": -6.518, "2009-06-30": -152.984, "2009-03-31": "100.94100", "2008-12-31": 120.107, "2008-09-30": 353.647, "2008-06-30": 154.994, "2008-03-31": "274.99700", "2007-12-31": 39.547, "2007-09-30": 65.148, "2007-06-30": 189.176, "2007-03-31": "86.04600", "2006-12-31": 65.453, "2006-09-30": 88.815, "2006-06-30": 296.61, "2006-03-31": "-21.46200", "2005-12-31": -12.519, "2005-09-30": 13.724, "2005-06-30": 107.74, "2005-03-31": "-15.94500"}, "Net Cash Flow": {"2020-09-30": -0.051, "2020-06-30": 0.04, "2020-03-31": "-0.01800", "2019-12-31": 0.192, "2019-09-30": -0.153, "2019-06-30": 0.019, "2019-03-31": "-0.05700", "2018-12-31": 0.188, "2018-09-30": -0.058, "2018-06-30": -0.112, "2018-03-31": "0.07900", "2017-12-31": -0.081, "2017-09-30": 0.009, "2017-06-30": -0.025, "2017-03-31": "0.23100", "2016-12-31": -0.228, "2016-09-30": 0.16, "2016-06-30": -0.147, "2016-03-31": "0.05800", "2015-12-31": -0.019, "2015-09-30": -0.031, "2015-06-30": 0.002, "2015-03-31": "0.07100", "2014-12-31": -0.02, "2014-09-30": 0.176, "2014-06-30": 0.046, "2014-03-31": "-0.10200", "2013-12-31": 0.093, "2013-09-30": -0.029, "2013-06-30": 0.09, "2013-03-31": "-0.05800", "2012-12-31": 0.101, "2012-09-30": -0.007, "2012-06-30": -122.74, "2012-03-31": "122.80600", "2011-12-31": -51.792, "2011-09-30": -236.955, "2011-06-30": 287.158, "2011-03-31": "-1.16700", "2010-12-31": 0.77, "2010-09-30": -164.78, "2010-06-30": -119.656, "2010-03-31": "285.74700", "2009-12-31": -0.092, "2009-09-30": -1.293, "2009-06-30": 1.396, "2009-03-31": "0.00300", "2008-12-31": 0.488, "2008-09-30": 0.192, "2008-06-30": -0.017, "2008-03-31": "-3.92800", "2007-12-31": 3.831, "2007-09-30": -16.407, "2007-06-30": -151.261, "2007-03-31": "165.47300", "2006-12-31": 0.131, "2006-09-30": -4.537, "2006-06-30": 5.439, "2006-03-31": "-3.40100", "2005-12-31": 3.362, "2005-09-30": -3.553, "2005-06-30": -14.038, "2005-03-31": "0.59700"}, "Stock-Based Compensation": {"2020-09-30": 15.267, "2020-06-30": 22.637, "2020-03-31": "0.47600", "2019-12-31": 10.481, "2019-09-30": 0.683, "2019-06-30": -0.385, "2019-03-31": "14.11200", "2018-12-31": -11.495, "2018-09-30": 7.085, "2018-06-30": 15.64, "2018-03-31": "18.52700", "2017-12-31": 26.769, "2017-09-30": 1.985, "2017-06-30": 0.99, "2017-03-31": "0.96200", "2016-12-31": 1.996, "2016-09-30": 0.971, "2016-06-30": 42.59, "2016-03-31": "29.12800", "2015-12-31": -20.411, "2015-09-30": -19.792, "2015-06-30": 10.574, "2015-03-31": "9.21800", "2014-12-31": -4.295, "2014-09-30": -47.912, "2014-06-30": 35.319, "2014-03-31": "12.59300", "2013-12-31": 119.398, "2013-09-30": 0, "2013-06-30": 0, "2013-03-31": "", "2012-12-31": 0, "2012-09-30": 0, "2012-06-30": 0, "2012-03-31": "", "2011-12-31": 0, "2011-09-30": 0, "2011-06-30": 0, "2011-03-31": "", "2010-12-31": 0, "2010-09-30": 0, "2010-06-30": 0, "2010-03-31": "", "2009-12-31": 0, "2009-09-30": 0, "2009-06-30": 0, "2009-03-31": "", "2008-12-31": -13.413, "2008-09-30": 13.413, "2008-06-30": -27.211, "2008-03-31": "27.21100", "2007-12-31": -46.77, "2007-09-30": 46.77, "2007-06-30": -16.437, "2007-03-31": "16.43700", "2006-12-31": -13.839, "2006-09-30": 2.085, "2006-06-30": 3.698, "2006-03-31": "8.05600", "2005-12-31": 0, "2005-09-30": 0, "2005-06-30": 0, "2005-03-31": ""}, "Common Stock Dividends Paid": {"2020-09-30": 0, "2020-06-30": 0, "2020-03-31": "0.00000", "2019-12-31": -4.993, "2019-09-30": -5.028, "2019-06-30": -5.026, "2019-03-31": "-5.02300", "2018-12-31": -4.99, "2018-09-30": -4.99, "2018-06-30": -4.989, "2018-03-31": "-4.97100", "2017-12-31": -4.963, "2017-09-30": -4.962, "2017-06-30": -4.963, "2017-03-31": "-4.95100", "2016-12-31": -5.028, "2016-09-30": -4.858, "2016-06-30": -3.401, "2016-03-31": "-3.39500", "2015-12-31": -6.775, "2015-09-30": -6.774, "2015-06-30": -6.775, "2015-03-31": "-6.75900", "2014-12-31": -6.748, "2014-09-30": -6.748, "2014-06-30": -6.564, "2014-03-31": "-6.55000", "2013-12-31": -6.536, "2013-09-30": -6.536, "2013-06-30": -6.536, "2013-03-31": "-6.52100", "2012-12-31": -6.506, "2012-09-30": -6.503, "2012-06-30": -6.499, "2012-03-31": "-6.47300", "2011-12-31": -6.451, "2011-09-30": -6.445, "2011-06-30": -6.44, "2011-03-31": "-6.42000", "2010-12-31": -6.404, "2010-09-30": -6.402, "2010-06-30": -6.395, "2010-03-31": "-6.37300", "2009-12-31": -6.326, "2009-09-30": -6.302, "2009-06-30": -6.284, "2009-03-31": "-6.25700", "2008-12-31": -6.221, "2008-09-30": -6.208, "2008-06-30": -6.193, "2008-03-31": "-6.00300", "2007-12-31": -5.984, "2007-09-30": -4.463, "2007-06-30": -4.452, "2007-03-31": "-4.18300", "2006-12-31": -4.168, "2006-09-30": -2.77, "2006-06-30": -2.628, "2006-03-31": "-2.62300", "2005-12-31": -2.624, "2005-09-30": -1.727, "2005-06-30": -1.633, "2005-03-31": "-1.63000"}}, "financial ratios": {"Current Ratio": {"2019-12-31": "0.75510", "2018-12-31": "0.79780", "2017-12-31": "0.56820", "2016-12-31": "0.40120", "2015-12-31": "1.24840", "2014-12-31": "0.89150", "2013-12-31": "0.50110", "2012-12-31": "0.71980", "2011-12-31": "0.61580", "2010-12-31": "2.50980", "2009-12-31": "0.55800", "2008-12-31": "1.14370", "2007-12-31": "0.85720", "2006-12-31": "1.54530", "2005-12-31": "0.64640"}, "Long-term Debt / Capital": {"2019-12-31": "0.57480", "2018-12-31": "0.48590", "2017-12-31": "0.41570", "2016-12-31": "0.41100", "2015-12-31": "0.49000", "2014-12-31": "0.46710", "2013-12-31": "0.56540", "2012-12-31": "0.54970", "2011-12-31": "0.45220", "2010-12-31": "0.46850", "2009-12-31": "0.41790", "2008-12-31": "0.42210", "2007-12-31": "0.39970", "2006-12-31": "0.45500", "2005-12-31": "0.46920"}, "Debt/Equity Ratio": {"2019-12-31": "1.35160", "2018-12-31": "0.94520", "2017-12-31": "0.71160", "2016-12-31": "0.69770", "2015-12-31": "0.96070", "2014-12-31": "0.87660", "2013-12-31": "1.30070", "2012-12-31": "1.22090", "2011-12-31": "0.82550", "2010-12-31": "0.88160", "2009-12-31": "0.71800", "2008-12-31": "0.73050", "2007-12-31": "0.66590", "2006-12-31": "0.83490", "2005-12-31": "0.88410"}, "Gross Margin": {"2019-12-31": "85.97490", "2018-12-31": "83.84950", "2017-12-31": "89.50710", "2016-12-31": "81.73530", "2015-12-31": "91.41010", "2014-12-31": "92.02290", "2013-12-31": "88.91820", "2012-12-31": "93.80940", "2011-12-31": "92.41430", "2010-12-31": "92.69120", "2009-12-31": "94.59500", "2008-12-31": "94.89010", "2007-12-31": "94.67880", "2006-12-31": "94.08070", "2005-12-31": "94.19980"}, "Operating Margin": {"2019-12-31": "11.79490", "2018-12-31": "-31.02640", "2017-12-31": "22.50020", "2016-12-31": "-46.95810", "2015-12-31": "-25.59050", "2014-12-31": "40.63790", "2013-12-31": "16.83450", "2012-12-31": "22.65170", "2011-12-31": "24.50700", "2010-12-31": "29.68200", "2009-12-31": "24.04510", "2008-12-31": "52.23730", "2007-12-31": "39.39670", "2006-12-31": "49.91960", "2005-12-31": "41.95690"}, "EBIT Margin": {"2019-12-31": "11.79490", "2018-12-31": "-31.02640", "2017-12-31": "22.50020", "2016-12-31": "-46.95810", "2015-12-31": "-25.59050", "2014-12-31": "40.63790", "2013-12-31": "16.83450", "2012-12-31": "22.65170", "2011-12-31": "24.50700", "2010-12-31": "29.68200", "2009-12-31": "24.04510", "2008-12-31": "52.23730", "2007-12-31": "39.39670", "2006-12-31": "49.91960", "2005-12-31": "41.95690"}, "EBITDA Margin": {"2019-12-31": "70.18090", "2018-12-31": "39.09370", "2017-12-31": "49.08420", "2016-12-31": "5.25500", "2015-12-31": "49.54480", "2014-12-31": "65.52400", "2013-12-31": "46.43280", "2012-12-31": "57.22300", "2011-12-31": "57.44600", "2010-12-31": "60.03520", "2009-12-31": "57.83960", "2008-12-31": "75.09060", "2007-12-31": "65.29900", "2006-12-31": "70.90590", "2005-12-31": "64.74720"}, "Pre-Tax Profit Margin": {"2019-12-31": "-78.39070", "2018-12-31": "-54.13230", "2017-12-31": "3.14510", "2016-12-31": "-72.92570", "2015-12-31": "-65.85220", "2014-12-31": "42.49220", "2013-12-31": "8.44870", "2012-12-31": "1.71890", "2011-12-31": "6.35950", "2010-12-31": "14.52140", "2009-12-31": "10.34870", "2008-12-31": "41.13250", "2007-12-31": "29.05530", "2006-12-31": "42.38670", "2005-12-31": "34.56770"}, "Net Profit Margin": {"2019-12-31": "-60.70660", "2018-12-31": "-53.21090", "2017-12-31": "12.61550", "2016-12-31": "-47.40150", "2015-12-31": "-44.68740", "2014-12-31": "25.70660", "2013-12-31": "6.42530", "2012-12-31": "0.86040", "2011-12-31": "4.63080", "2010-12-31": "-24.93350", "2009-12-31": "-6.57620", "2008-12-31": "26.50010", "2007-12-31": "25.25300", "2006-12-31": "21.30770", "2005-12-31": "21.80520"}, "Asset Turnover": {"2019-12-31": "0.42760", "2018-12-31": "0.33810", "2017-12-31": "0.22260", "2016-12-31": "0.09750", "2015-12-31": "0.23160", "2014-12-31": "0.27870", "2013-12-31": "0.24260", "2012-12-31": "0.21660", "2011-12-31": "0.21050", "2010-12-31": "0.17440", "2009-12-31": "0.15180", "2008-12-31": "0.23860", "2007-12-31": "0.21420", "2006-12-31": "0.23370", "2005-12-31": "0.25220"}, "Inventory Turnover Ratio": {"2019-12-31": "", "2018-12-31": "", "2017-12-31": "12.83490", "2016-12-31": "7.56030", "2015-12-31": "4.13260", "2014-12-31": "10.83950", "2013-12-31": "15.75740", "2012-12-31": "4.04400", "2011-12-31": "6.63490", "2010-12-31": "3.29090", "2009-12-31": "2.07950", "2008-12-31": "3.39690", "2007-12-31": "4.02060", "2006-12-31": "4.37860", "2005-12-31": "2.34490"}, "Receiveable Turnover": {"2019-12-31": "10.36140", "2018-12-31": "6.68940", "2017-12-31": "7.48500", "2016-12-31": "4.55050", "2015-12-31": "12.90410", "2014-12-31": "12.84030", "2013-12-31": "9.85390", "2012-12-31": "8.70300", "2011-12-31": "9.67640", "2010-12-31": "10.85880", "2009-12-31": "6.62640", "2008-12-31": "8.16690", "2007-12-31": "5.16790", "2006-12-31": "5.93850", "2005-12-31": "3.96090"}, "Days Sales In Receivables": {"2019-12-31": "35.22700", "2018-12-31": "54.56390", "2017-12-31": "48.76390", "2016-12-31": "80.21090", "2015-12-31": "28.28560", "2014-12-31": "28.42620", "2013-12-31": "37.04100", "2012-12-31": "41.93970", "2011-12-31": "37.72070", "2010-12-31": "33.61320", "2009-12-31": "55.08290", "2008-12-31": "44.69280", "2007-12-31": "70.62890", "2006-12-31": "61.46340", "2005-12-31": "92.15070"}, "ROE - Return On Equity": {"2019-12-31": "-73.11210", "2018-12-31": "-43.02280", "2017-12-31": "5.76950", "2016-12-31": "-9.64040", "2015-12-31": "-25.86140", "2014-12-31": "18.34840", "2013-12-31": "4.79290", "2012-12-31": "0.55150", "2011-12-31": "1.78510", "2010-12-31": "3.98860", "2009-12-31": "1.63880", "2008-12-31": "14.32030", "2007-12-31": "8.89310", "2006-12-31": "15.43980", "2005-12-31": "15.79870"}, "Return On Tangible Equity": {"2019-12-31": "-73.11210", "2018-12-31": "-43.02280", "2017-12-31": "8.06050", "2016-12-31": "-13.88860", "2015-12-31": "-25.86140", "2014-12-31": "18.34840", "2013-12-31": "4.79290", "2012-12-31": "0.55150", "2011-12-31": "1.78510", "2010-12-31": "3.98860", "2009-12-31": "1.63880", "2008-12-31": "14.32030", "2007-12-31": "8.89310", "2006-12-31": "15.43980", "2005-12-31": "15.79870"}, "ROA - Return On Assets": {"2019-12-31": "-25.95570", "2018-12-31": "-17.98980", "2017-12-31": "2.84040", "2016-12-31": "-4.62130", "2015-12-31": "-10.34320", "2014-12-31": "7.28790", "2013-12-31": "1.58540", "2012-12-31": "0.19320", "2011-12-31": "0.73060", "2010-12-31": "1.60930", "2009-12-31": "0.72240", "2008-12-31": "6.32290", "2007-12-31": "3.82610", "2006-12-31": "6.08430", "2005-12-31": "5.45350"}, "ROI - Return On Investment": {"2019-12-31": "-31.08990", "2018-12-31": "-22.11770", "2017-12-31": "3.37090", "2016-12-31": "-5.67840", "2015-12-31": "-13.18960", "2014-12-31": "9.77740", "2013-12-31": "2.08320", "2012-12-31": "0.24830", "2011-12-31": "0.97780", "2010-12-31": "2.11980", "2009-12-31": "0.95390", "2008-12-31": "8.27530", "2007-12-31": "5.33840", "2006-12-31": "8.41450", "2005-12-31": "8.38530"}, "Book Value Per Share": {"2019-12-31": "9.40380", "2018-12-31": "16.26960", "2017-12-31": "23.27130", "2016-12-31": "21.88350", "2015-12-31": "16.29890", "2014-12-31": "20.50330", "2013-12-31": "14.78160", "2012-12-31": "14.50580", "2011-12-31": "14.84760", "2010-12-31": "13.90640", "2009-12-31": "15.04300", "2008-12-31": "15.77690", "2007-12-31": "11.55780", "2006-12-31": "9.04160", "2005-12-31": "5.36480"}, "Operating Cash Flow Per Share": {"2019-12-31": -1.2747, "2018-12-31": 0.699, "2017-12-31": 1.2868, "2016-12-31": -2.1167, "2015-12-31": -1.7713, "2014-12-31": 1.32, "2013-12-31": 0.57, "2012-12-31": 0.075, "2011-12-31": 0.7215, "2010-12-31": -0.4863, "2009-12-31": -1.5625, "2008-12-31": 1.0044, "2007-12-31": 0.825, "2006-12-31": 0.9368, "2005-12-31": 2.5227}, "Free Cash Flow Per Share": {"2019-12-31": -0.1373, "2018-12-31": 1.4833, "2017-12-31": -0.9524, "2016-12-31": 1.8535, "2015-12-31": 0.221, "2014-12-31": 0.6944, "2013-12-31": 3.1024, "2012-12-31": -1.4781, "2011-12-31": -3.5752, "2010-12-31": -1.8766, "2009-12-31": 0.9945, "2008-12-31": 0.5103, "2007-12-31": -0.951, "2006-12-31": -0.5293, "2005-12-31": 0.372}}, "financial ratios, quarterly": {"Current Ratio": {"2020-09-30": "0.33190", "2020-06-30": "0.62580", "2020-03-31": "0.95310", "2019-12-31": "0.75510", "2019-09-30": "0.73990", "2019-06-30": "0.74820", "2019-03-31": "0.57910", "2018-12-31": "0.79780", "2018-09-30": "0.56040", "2018-06-30": "0.52010", "2018-03-31": "0.49780", "2017-12-31": "0.56820", "2017-09-30": "0.50230", "2017-06-30": "0.60410", "2017-03-31": "0.47150", "2016-12-31": "0.40120", "2016-09-30": "0.82060", "2016-06-30": "0.42910", "2016-03-31": "1.15820", "2015-12-31": "1.24840", "2015-09-30": "0.90900", "2015-06-30": "0.73730", "2015-03-31": "0.83530", "2014-12-31": "0.89150", "2014-09-30": "0.50740", "2014-06-30": "0.44300", "2014-03-31": "0.50930", "2013-12-31": "0.50110", "2013-09-30": "0.49110", "2013-06-30": "0.54220", "2013-03-31": "0.60990", "2012-12-31": "0.71980", "2012-09-30": "0.49570", "2012-06-30": "0.68890", "2012-03-31": "0.83470", "2011-12-31": "0.61580", "2011-09-30": "0.71460", "2011-06-30": "1.26090", "2011-03-31": "2.89880", "2010-12-31": "2.50980", "2010-09-30": "0.73150", "2010-06-30": "1.06200", "2010-03-31": "1.66010", "2009-12-31": "0.55800", "2009-09-30": "0.80030", "2009-06-30": "1.23600", "2009-03-31": "1.31400", "2008-12-31": "1.14370", "2008-09-30": "0.74640", "2008-06-30": "0.50220", "2008-03-31": "0.54380", "2007-12-31": "0.85720", "2007-09-30": "0.94710", "2007-06-30": "0.94720", "2007-03-31": "1.86680", "2006-12-31": "1.54530", "2006-09-30": "1.44250", "2006-06-30": "1.08890", "2006-03-31": "0.69720", "2005-12-31": "0.64640", "2005-09-30": "0.53360", "2005-06-30": "0.61190", "2005-03-31": "0.65580"}, "Long-term Debt / Capital": {"2020-09-30": "0.64660", "2020-06-30": "0.57540", "2020-03-31": "0.56290", "2019-12-31": "0.57480", "2019-09-30": "0.42980", "2019-06-30": "0.47560", "2019-03-31": "0.48270", "2018-12-31": "0.48590", "2018-09-30": "0.41700", "2018-06-30": "0.42190", "2018-03-31": "0.41160", "2017-12-31": "0.41570", "2017-09-30": "0.41830", "2017-06-30": "0.40470", "2017-03-31": "0.40110", "2016-12-31": "0.41100", "2016-09-30": "0.41200", "2016-06-30": "0.51010", "2016-03-31": "0.49220", "2015-12-31": "0.49000", "2015-09-30": "0.53760", "2015-06-30": "0.50600", "2015-03-31": "0.48320", "2014-12-31": "0.46710", "2014-09-30": "0.48620", "2014-06-30": "0.48370", "2014-03-31": "0.56910", "2013-12-31": "0.56540", "2013-09-30": "0.56190", "2013-06-30": "0.55280", "2013-03-31": "0.56540", "2012-12-31": "0.54970", "2012-09-30": "0.55530", "2012-06-30": "0.52050", "2012-03-31": "0.49950", "2011-12-31": "0.45220", "2011-09-30": "0.43480", "2011-06-30": "0.44330", "2011-03-31": "0.49810", "2010-12-31": "0.46850", "2010-09-30": "0.41820", "2010-06-30": "0.42390", "2010-03-31": "0.40680", "2009-12-31": "0.41790", "2009-09-30": "0.42750", "2009-06-30": "0.42240", "2009-03-31": "0.43160", "2008-12-31": "0.42210", "2008-09-30": "0.42230", "2008-06-30": "0.43050", "2008-03-31": "0.46690", "2007-12-31": "0.39970", "2007-09-30": "0.39440", "2007-06-30": "0.38770", "2007-03-31": "0.46620", "2006-12-31": "0.45500", "2006-09-30": "0.44500", "2006-06-30": "0.45150", "2006-03-31": "0.42130", "2005-12-31": "0.46920", "2005-09-30": "0.52470", "2005-06-30": "0.47290", "2005-03-31": "0.52840"}, "Debt/Equity Ratio": {"2020-09-30": "1.85710", "2020-06-30": "1.38040", "2020-03-31": "1.28790", "2019-12-31": "1.35160", "2019-09-30": "0.75370", "2019-06-30": "0.90680", "2019-03-31": "0.93300", "2018-12-31": "0.94520", "2018-09-30": "0.71530", "2018-06-30": "0.72990", "2018-03-31": "0.69960", "2017-12-31": "0.71160", "2017-09-30": "0.71910", "2017-06-30": "0.67970", "2017-03-31": "0.66970", "2016-12-31": "0.69770", "2016-09-30": "0.70080", "2016-06-30": "1.04140", "2016-03-31": "0.96920", "2015-12-31": "0.96070", "2015-09-30": "1.16280", "2015-06-30": "1.02440", "2015-03-31": "0.93480", "2014-12-31": "0.87660", "2014-09-30": "0.94640", "2014-06-30": "0.93700", "2014-03-31": "1.32050", "2013-12-31": "1.30070", "2013-09-30": "1.28280", "2013-06-30": "1.23600", "2013-03-31": "1.30080", "2012-12-31": "1.22090", "2012-09-30": "1.24890", "2012-06-30": "1.08560", "2012-03-31": "0.99800", "2011-12-31": "0.82550", "2011-09-30": "0.76930", "2011-06-30": "0.79620", "2011-03-31": "0.99230", "2010-12-31": "0.88160", "2010-09-30": "0.71890", "2010-06-30": "0.73590", "2010-03-31": "0.68570", "2009-12-31": "0.71800", "2009-09-30": "0.74680", "2009-06-30": "0.73120", "2009-03-31": "0.75930", "2008-12-31": "0.73050", "2008-09-30": "0.73090", "2008-06-30": "0.75610", "2008-03-31": "0.87580", "2007-12-31": "0.66590", "2007-09-30": "0.65140", "2007-06-30": "0.63310", "2007-03-31": "0.87330", "2006-12-31": "0.83490", "2006-09-30": "0.80170", "2006-06-30": "0.82320", "2006-03-31": "0.72810", "2005-12-31": "0.88410", "2005-09-30": "1.10400", "2005-06-30": "0.89730", "2005-03-31": "1.23500"}, "Gross Margin": {"2020-09-30": "81.27480", "2020-06-30": "87.73380", "2020-03-31": "94.27870", "2019-12-31": "90.77250", "2019-09-30": "85.38810", "2019-06-30": "87.17150", "2019-03-31": "81.21790", "2018-12-31": "78.35000", "2018-09-30": "84.66780", "2018-06-30": "83.19890", "2018-03-31": "91.47410", "2017-12-31": "91.30770", "2017-09-30": "82.88380", "2017-06-30": "89.54780", "2017-03-31": "92.01010", "2016-12-31": "76.27230", "2016-09-30": "87.52080", "2016-06-30": "53.13220", "2016-03-31": "87.48660", "2015-12-31": "90.45550", "2015-09-30": "92.38100", "2015-06-30": "86.89460", "2015-03-31": "93.63710", "2014-12-31": "90.45170", "2014-09-30": "93.48880", "2014-06-30": "93.67810", "2014-03-31": "89.29140", "2013-12-31": "83.39560", "2013-09-30": "83.79940", "2013-06-30": "95.58480", "2013-03-31": "87.75370", "2012-12-31": "94.97510", "2012-09-30": "93.44890", "2012-06-30": "95.09770", "2012-03-31": "89.80770", "2011-12-31": "88.15330", "2011-09-30": "95.24980", "2011-06-30": "96.54280", "2011-03-31": "87.21560", "2010-12-31": "90.42700", "2010-09-30": "92.19850", "2010-06-30": "92.45720", "2010-03-31": "95.26210", "2009-12-31": "94.53720", "2009-09-30": "94.64650", "2009-06-30": "93.69960", "2009-03-31": "95.17470", "2008-12-31": "96.37940", "2008-09-30": "96.92470", "2008-06-30": "87.17940", "2008-03-31": "91.91920", "2007-12-31": "92.73020", "2007-09-30": "97.42810", "2007-06-30": "95.18510", "2007-03-31": "92.33840", "2006-12-31": "93.82950", "2006-09-30": "92.48360", "2006-06-30": "95.41710", "2006-03-31": "95.02200", "2005-12-31": "93.26340", "2005-09-30": "94.55180", "2005-06-30": "92.37660", "2005-03-31": "96.97020"}, "Operating Margin": {"2020-09-30": "-238.06210", "2020-06-30": "-38.31300", "2020-03-31": "16.29900", "2019-12-31": "4.35150", "2019-09-30": "3.49510", "2019-06-30": "25.12410", "2019-03-31": "9.55600", "2018-12-31": "-122.02320", "2018-09-30": "16.52510", "2018-06-30": "0.04180", "2018-03-31": "21.01390", "2017-12-31": "30.13030", "2017-09-30": "-22.40560", "2017-06-30": "26.66920", "2017-03-31": "40.09850", "2016-12-31": "-80.02900", "2016-09-30": "7.92850", "2016-06-30": "-298.32120", "2016-03-31": "-12.88360", "2015-12-31": "-6.06830", "2015-09-30": "-74.44430", "2015-06-30": "-52.19480", "2015-03-31": "21.80670", "2014-12-31": "37.10890", "2014-09-30": "47.44810", "2014-06-30": "48.17370", "2014-03-31": "23.36850", "2013-12-31": "-12.39930", "2013-09-30": "19.69450", "2013-06-30": "47.22380", "2013-03-31": "-20.47430", "2012-12-31": "34.91570", "2012-09-30": "0.40200", "2012-06-30": "40.36520", "2012-03-31": "-4.84110", "2011-12-31": "19.14220", "2011-09-30": "28.74250", "2011-06-30": "43.94400", "2011-03-31": "-5.64850", "2010-12-31": "8.73650", "2010-09-30": "23.87130", "2010-06-30": "31.59780", "2010-03-31": "51.67130", "2009-12-31": "51.44840", "2009-09-30": "4.71760", "2009-06-30": "4.48920", "2009-03-31": "35.31940", "2008-12-31": "56.47360", "2008-09-30": "78.36480", "2008-06-30": "-16.16240", "2008-03-31": "16.46020", "2007-12-31": "34.20600", "2007-09-30": "47.03100", "2007-06-30": "48.09010", "2007-03-31": "20.96820", "2006-12-31": "36.27290", "2006-09-30": "54.98870", "2006-06-30": "54.21100", "2006-03-31": "53.09600", "2005-12-31": "54.71440", "2005-09-30": "34.79580", "2005-06-30": "36.89220", "2005-03-31": "40.47240"}, "EBIT Margin": {"2020-09-30": "-238.06210", "2020-06-30": "-38.31300", "2020-03-31": "16.29900", "2019-12-31": "4.35150", "2019-09-30": "3.49510", "2019-06-30": "25.12410", "2019-03-31": "9.55600", "2018-12-31": "-122.02320", "2018-09-30": "16.52510", "2018-06-30": "0.04180", "2018-03-31": "21.01390", "2017-12-31": "30.13020", "2017-09-30": "-22.40560", "2017-06-30": "26.66920", "2017-03-31": "40.09850", "2016-12-31": "-80.02900", "2016-09-30": "7.92850", "2016-06-30": "-298.32120", "2016-03-31": "-12.88360", "2015-12-31": "-6.06830", "2015-09-30": "-74.44430", "2015-06-30": "-52.19480", "2015-03-31": "21.80670", "2014-12-31": "37.10890", "2014-09-30": "47.44810", "2014-06-30": "48.17370", "2014-03-31": "23.36850", "2013-12-31": "-12.39930", "2013-09-30": "19.69450", "2013-06-30": "47.22380", "2013-03-31": "-20.47430", "2012-12-31": "34.91570", "2012-09-30": "0.40200", "2012-06-30": "40.36520", "2012-03-31": "-4.84110", "2011-12-31": "19.14230", "2011-09-30": "28.74250", "2011-06-30": "43.94400", "2011-03-31": "-5.64850", "2010-12-31": "8.73650", "2010-09-30": "23.87130", "2010-06-30": "31.59780", "2010-03-31": "51.67130", "2009-12-31": "51.44840", "2009-09-30": "4.71760", "2009-06-30": "4.48920", "2009-03-31": "35.31940", "2008-12-31": "56.47360", "2008-09-30": "78.36480", "2008-06-30": "-16.16240", "2008-03-31": "16.46020", "2007-12-31": "34.20600", "2007-09-30": "47.03100", "2007-06-30": "48.09010", "2007-03-31": "20.96820", "2006-12-31": "36.27290", "2006-09-30": "54.98870", "2006-06-30": "54.21100", "2006-03-31": "53.09600", "2005-12-31": "54.71440", "2005-09-30": "34.79580", "2005-06-30": "36.89220", "2005-03-31": "40.47240"}, "EBITDA Margin": {"2020-09-30": "", "2020-06-30": "", "2020-03-31": "", "2019-12-31": "", "2019-09-30": "", "2019-06-30": "", "2019-03-31": "", "2018-12-31": "", "2018-09-30": "", "2018-06-30": "", "2018-03-31": "", "2017-12-31": "", "2017-09-30": "", "2017-06-30": "", "2017-03-31": "", "2016-12-31": "", "2016-09-30": "", "2016-06-30": "", "2016-03-31": "", "2015-12-31": "", "2015-09-30": "", "2015-06-30": "", "2015-03-31": "", "2014-12-31": "", "2014-09-30": "", "2014-06-30": "", "2014-03-31": "", "2013-12-31": "", "2013-09-30": "", "2013-06-30": "", "2013-03-31": "", "2012-12-31": "", "2012-09-30": "", "2012-06-30": "", "2012-03-31": "", "2011-12-31": "", "2011-09-30": "", "2011-06-30": "", "2011-03-31": "", "2010-12-31": "", "2010-09-30": "", "2010-06-30": "", "2010-03-31": "", "2009-12-31": "", "2009-09-30": "", "2009-06-30": "", "2009-03-31": "", "2008-12-31": "", "2008-09-30": "", "2008-06-30": "", "2008-03-31": "", "2007-12-31": "", "2007-09-30": "", "2007-06-30": "", "2007-03-31": "", "2006-12-31": "", "2006-09-30": "", "2006-06-30": "", "2006-03-31": "", "2005-12-31": "", "2005-09-30": "", "2005-06-30": "", "2005-03-31": ""}, "Pre-Tax Profit Margin": {"2020-09-30": "-262.33910", "2020-06-30": "-50.41850", "2020-03-31": "28.12900", "2019-12-31": "-380.47620", "2019-09-30": "-12.01710", "2019-06-30": "18.23800", "2019-03-31": "0.95000", "2018-12-31": "-170.90650", "2018-09-30": "8.95880", "2018-06-30": "-16.51270", "2018-03-31": "12.37730", "2017-12-31": "-18.83490", "2017-09-30": "-41.41000", "2017-06-30": "18.89750", "2017-03-31": "36.37470", "2016-12-31": "-101.09180", "2016-09-30": "-13.47410", "2016-06-30": "-348.16740", "2016-03-31": "-40.96040", "2015-12-31": "-118.35450", "2015-09-30": "-90.78950", "2015-06-30": "-73.82190", "2015-03-31": "10.81440", "2014-12-31": "76.73380", "2014-09-30": "38.91250", "2014-06-30": "37.79960", "2014-03-31": "11.25590", "2013-12-31": "-0.04530", "2013-09-30": "7.02290", "2013-06-30": "35.86170", "2013-03-31": "-38.46330", "2012-12-31": "18.10460", "2012-09-30": "-27.65700", "2012-06-30": "21.09080", "2012-03-31": "-27.75120", "2011-12-31": "-0.83770", "2011-09-30": "15.03520", "2011-06-30": "23.40600", "2011-03-31": "-25.07690", "2010-12-31": "-7.21370", "2010-09-30": "1.76120", "2010-06-30": "15.38330", "2010-03-31": "42.46230", "2009-12-31": "88.76190", "2009-09-30": "-22.13650", "2009-06-30": "-34.58870", "2009-03-31": "18.60640", "2008-12-31": "37.69040", "2008-09-30": "73.47810", "2008-06-30": "-34.15680", "2008-03-31": "4.48820", "2007-12-31": "19.49090", "2007-09-30": "38.80540", "2007-06-30": "40.87360", "2007-03-31": "8.63640", "2006-12-31": "26.16910", "2006-09-30": "47.52650", "2006-06-30": "47.33750", "2006-03-31": "47.38600", "2005-12-31": "47.85670", "2005-09-30": "27.80660", "2005-06-30": "28.91530", "2005-03-31": "32.52130"}, "Net Profit Margin": {"2020-09-30": "-227.17870", "2020-06-30": "-38.92460", "2020-03-31": "20.62490", "2019-12-31": "-297.86760", "2019-09-30": "-4.44180", "2019-06-30": "13.34150", "2019-03-31": "0.18780", "2018-12-31": "-164.40880", "2018-09-30": "5.91070", "2018-06-30": "-12.16670", "2018-03-31": "6.55400", "2017-12-31": "32.13180", "2017-09-30": "-26.48100", "2017-06-30": "10.22110", "2017-03-31": "21.90300", "2016-12-31": "-63.32430", "2016-09-30": "-10.17090", "2016-06-30": "-221.02030", "2016-03-31": "-28.31150", "2015-12-31": "-78.46500", "2015-09-30": "-62.70630", "2015-06-30": "-48.48470", "2015-03-31": "5.98180", "2014-12-31": "47.50480", "2014-09-30": "23.34490", "2014-06-30": "22.01580", "2014-03-31": "7.11090", "2013-12-31": "8.62940", "2013-09-30": "4.26160", "2013-06-30": "21.03790", "2013-03-31": "-23.71860", "2012-12-31": "11.73050", "2012-09-30": "-17.99820", "2012-06-30": "12.18010", "2012-03-31": "-16.70140", "2011-12-31": "-0.80630", "2011-09-30": "9.21250", "2011-06-30": "15.02950", "2011-03-31": "-11.77150", "2010-12-31": "-115.01260", "2010-09-30": "-4.18540", "2010-06-30": "4.73490", "2010-03-31": "25.99620", "2009-12-31": "-10.57450", "2009-09-30": "-14.64240", "2009-06-30": "-22.10420", "2009-03-31": "11.79580", "2008-12-31": "28.04170", "2008-09-30": "45.76260", "2008-06-30": "-21.31380", "2008-03-31": "0.84740", "2007-12-31": "9.47860", "2007-09-30": "24.30960", "2007-06-30": "26.36650", "2007-03-31": "47.85170", "2006-12-31": "0.24180", "2006-09-30": "23.37170", "2006-06-30": "30.26740", "2006-03-31": "31.06340", "2005-12-31": "30.55940", "2005-09-30": "17.39540", "2005-06-30": "18.09850", "2005-03-31": "20.38070"}, "Asset Turnover": {"2020-09-30": "0.04980", "2020-06-30": "0.05840", "2020-03-31": "0.10530", "2019-12-31": "0.09160", "2019-09-30": "0.07030", "2019-06-30": "0.08750", "2019-03-31": "0.07760", "2018-12-31": "0.11050", "2018-09-30": "0.06840", "2018-06-30": "0.05550", "2018-03-31": "0.06330", "2017-12-31": "0.05790", "2017-09-30": "0.04140", "2017-06-30": "0.05790", "2017-03-31": "0.06800", "2016-12-31": "0.02250", "2016-09-30": "0.03650", "2016-06-30": "0.01600", "2016-03-31": "0.04940", "2015-12-31": "0.05950", "2015-09-30": "0.05710", "2015-06-30": "0.02780", "2015-03-31": "0.05230", "2014-12-31": "0.06740", "2014-09-30": "0.07670", "2014-06-30": "0.09810", "2014-03-31": "0.06110", "2013-12-31": "0.04600", "2013-09-30": "0.06290", "2013-06-30": "0.09720", "2013-03-31": "0.04650", "2012-12-31": "0.06810", "2012-09-30": "0.04500", "2012-06-30": "0.06860", "2012-03-31": "0.04000", "2011-12-31": "0.05340", "2011-09-30": "0.06770", "2011-06-30": "0.06310", "2011-03-31": "0.03790", "2010-12-31": "0.05020", "2010-09-30": "0.03340", "2010-06-30": "0.03320", "2010-03-31": "0.05290", "2009-12-31": "0.02940", "2009-09-30": "0.03770", "2009-06-30": "0.03320", "2009-03-31": "0.04840", "2008-12-31": "0.06210", "2008-09-30": "0.11810", "2008-06-30": "0.03110", "2008-03-31": "0.04580", "2007-12-31": "0.05520", "2007-09-30": "0.06300", "2007-06-30": "0.06630", "2007-03-31": "0.04660", "2006-12-31": "0.05540", "2006-09-30": "0.07200", "2006-06-30": "0.05900", "2006-03-31": "0.08810", "2005-12-31": "0.06920", "2005-09-30": "0.07200", "2005-06-30": "0.06640", "2005-03-31": "0.06680"}, "Inventory Turnover Ratio": {"2020-09-30": "", "2020-06-30": "", "2020-03-31": "", "2019-12-31": "", "2019-09-30": "3.51230", "2019-06-30": "4.08990", "2019-03-31": "5.59200", "2018-12-31": "", "2018-09-30": "5.07920", "2018-06-30": "5.01870", "2018-03-31": "2.10590", "2017-12-31": "2.76510", "2017-09-30": "3.86080", "2017-06-30": "3.82240", "2017-03-31": "3.08020", "2016-12-31": "2.26380", "2016-09-30": "1.41490", "2016-06-30": "2.30910", "2016-03-31": "1.64410", "2015-12-31": "1.18020", "2015-09-30": "1.58720", "2015-06-30": "1.53280", "2015-03-31": "1.70070", "2014-12-31": "3.13700", "2014-09-30": "2.36710", "2014-06-30": "2.59300", "2014-03-31": "2.82230", "2013-12-31": "4.47810", "2013-09-30": "5.55230", "2013-06-30": "1.84300", "2013-03-31": "2.35510", "2012-12-31": "1.03140", "2012-09-30": "1.06600", "2012-06-30": "1.37580", "2012-03-31": "1.75320", "2011-12-31": "2.62740", "2011-09-30": "1.29460", "2011-06-30": "0.97310", "2011-03-31": "1.46130", "2010-12-31": "1.24030", "2010-09-30": "0.64240", "2010-06-30": "0.67410", "2010-03-31": "0.65030", "2009-12-31": "0.40710", "2009-09-30": "0.52580", "2009-06-30": "0.51260", "2009-03-31": "0.60490", "2008-12-31": "0.62660", "2008-09-30": "1.20670", "2008-06-30": "0.48210", "2008-03-31": "1.76880", "2007-12-31": "1.41510", "2007-09-30": "0.51500", "2007-06-30": "1.14520", "2007-03-31": "0.91350", "2006-12-31": "1.08200", "2006-09-30": "1.06550", "2006-06-30": "0.52880", "2006-03-31": "0.62590", "2005-12-31": "0.74720", "2005-09-30": "0.54240", "2005-06-30": "0.57370", "2005-03-31": "0.42530"}, "Receiveable Turnover": {"2020-09-30": "1.63850", "2020-06-30": "2.22610", "2020-03-31": "3.68790", "2019-12-31": "2.21910", "2019-09-30": "2.49790", "2019-06-30": "2.94310", "2019-03-31": "2.09730", "2018-12-31": "2.18580", "2018-09-30": "2.04060", "2018-06-30": "1.81020", "2018-03-31": "2.52200", "2017-12-31": "1.94660", "2017-09-30": "1.69110", "2017-06-30": "2.57770", "2017-03-31": "3.15210", "2016-12-31": "1.04880", "2016-09-30": "2.24710", "2016-06-30": "1.25030", "2016-03-31": "3.15950", "2015-12-31": "3.31650", "2015-09-30": "4.33180", "2015-06-30": "2.12690", "2015-03-31": "3.44710", "2014-12-31": "3.10450", "2014-09-30": "3.57610", "2014-06-30": "4.16610", "2014-03-31": "2.06660", "2013-12-31": "1.86900", "2013-09-30": "2.91950", "2013-06-30": "4.20900", "2013-03-31": "2.09100", "2012-12-31": "2.73460", "2012-09-30": "2.49570", "2012-06-30": "4.27750", "2012-03-31": "2.30480", "2011-12-31": "2.45360", "2011-09-30": "4.30110", "2011-06-30": "5.02150", "2011-03-31": "2.81550", "2010-12-31": "3.12460", "2010-09-30": "1.99950", "2010-06-30": "1.88720", "2010-03-31": "2.63010", "2009-12-31": "1.28340", "2009-09-30": "2.09570", "2009-06-30": "1.82140", "2009-03-31": "2.50460", "2008-12-31": "2.12610", "2008-09-30": "2.52420", "2008-06-30": "0.59880", "2008-03-31": "1.05290", "2007-12-31": "1.33140", "2007-09-30": "1.65300", "2007-06-30": "1.67970", "2007-03-31": "1.13950", "2006-12-31": "1.40780", "2006-09-30": "1.80970", "2006-06-30": "1.68510", "2006-03-31": "1.93750", "2005-12-31": "1.08660", "2005-09-30": "1.41860", "2005-06-30": "1.84520", "2005-03-31": "1.69420"}, "Days Sales In Receivables": {"2020-09-30": "54.92930", "2020-06-30": "40.42960", "2020-03-31": "24.40420", "2019-12-31": "40.55620", "2019-09-30": "36.03070", "2019-06-30": "30.57980", "2019-03-31": "42.91250", "2018-12-31": "41.17430", "2018-09-30": "44.10400", "2018-06-30": "49.71790", "2018-03-31": "35.68590", "2017-12-31": "46.23490", "2017-09-30": "53.22120", "2017-06-30": "34.91490", "2017-03-31": "28.55230", "2016-12-31": "85.80960", "2016-09-30": "40.05130", "2016-06-30": "71.98270", "2016-03-31": "28.48550", "2015-12-31": "27.13670", "2015-09-30": "20.77640", "2015-06-30": "42.31600", "2015-03-31": "26.10910", "2014-12-31": "28.98980", "2014-09-30": "25.16740", "2014-06-30": "21.60270", "2014-03-31": "43.55030", "2013-12-31": "48.15450", "2013-09-30": "30.82680", "2013-06-30": "21.38290", "2013-03-31": "43.04080", "2012-12-31": "32.91110", "2012-09-30": "36.06250", "2012-06-30": "21.04040", "2012-03-31": "39.04910", "2011-12-31": "36.68030", "2011-09-30": "20.92480", "2011-06-30": "17.92300", "2011-03-31": "31.96540", "2010-12-31": "28.80340", "2010-09-30": "45.01080", "2010-06-30": "47.68880", "2010-03-31": "34.21980", "2009-12-31": "70.12640", "2009-09-30": "42.94560", "2009-06-30": "49.41390", "2009-03-31": "35.93400", "2008-12-31": "42.33020", "2008-09-30": "35.65510", "2008-06-30": "150.30060", "2008-03-31": "85.47450", "2007-12-31": "67.59800", "2007-09-30": "54.44790", "2007-06-30": "53.58040", "2007-03-31": "78.98330", "2006-12-31": "63.92980", "2006-09-30": "49.73290", "2006-06-30": "53.40810", "2006-03-31": "46.45270", "2005-12-31": "82.82350", "2005-09-30": "63.44430", "2005-06-30": "48.77490", "2005-03-31": "53.12380"}, "ROE - Return On Equity": {"2020-09-30": "-40.90510", "2020-06-30": "-6.27490", "2020-03-31": "5.85860", "2019-12-31": "-76.90430", "2019-09-30": "-0.66330", "2019-06-30": "2.75410", "2019-03-31": "0.03490", "2018-12-31": "-43.46480", "2018-09-30": "0.83440", "2018-06-30": "-1.38510", "2018-03-31": "0.84390", "2017-12-31": "3.83050", "2017-09-30": "-2.30610", "2017-06-30": "1.22840", "2017-03-31": "3.04720", "2016-12-31": "-2.97150", "2016-09-30": "-0.76860", "2016-06-30": "-9.12550", "2016-03-31": "-3.51030", "2015-12-31": "-11.66190", "2015-09-30": "-9.75620", "2015-06-30": "-3.50720", "2015-03-31": "0.79340", "2014-12-31": "8.21580", "2014-09-30": "4.62040", "2014-06-30": "5.67480", "2014-03-31": "1.32760", "2013-12-31": "1.16700", "2013-09-30": "0.80190", "2013-06-30": "6.03500", "2013-03-31": "-3.34940", "2012-12-31": "2.24660", "2012-09-30": "-2.35930", "2012-06-30": "2.30380", "2012-03-31": "-1.74670", "2011-12-31": "-0.11810", "2011-09-30": "1.42810", "2011-06-30": "2.03910", "2011-03-31": "-1.53100", "2010-12-31": "-0.41850", "2010-09-30": "0.10300", "2010-06-30": "0.69830", "2010-03-31": "3.06540", "2009-12-31": "3.19820", "2009-09-30": "-1.25010", "2009-06-30": "-1.63270", "2009-03-31": "1.29990", "2008-12-31": "3.94500", "2008-09-30": "12.64220", "2008-06-30": "-1.87690", "2008-03-31": "0.10580", "2007-12-31": "1.21580", "2007-09-30": "3.45920", "2007-06-30": "3.95510", "2007-03-31": "0.64430", "2006-12-31": "2.05400", "2006-09-30": "5.31460", "2006-06-30": "4.59020", "2006-03-31": "6.53070", "2005-12-31": "5.99430", "2005-09-30": "4.34510", "2005-06-30": "3.17320", "2005-03-31": "4.04400"}, "Return On Tangible Equity": {"2020-09-30": "-40.90510", "2020-06-30": "-6.27490", "2020-03-31": "5.85860", "2019-12-31": "-76.90430", "2019-09-30": "-0.66330", "2019-06-30": "2.75410", "2019-03-31": "0.03490", "2018-12-31": "-43.46480", "2018-09-30": "1.16230", "2018-06-30": "-1.93640", "2018-03-31": "1.17420", "2017-12-31": "5.35160", "2017-09-30": "-3.27750", "2017-06-30": "1.73220", "2017-03-31": "4.33050", "2016-12-31": "-4.28090", "2016-09-30": "-1.09590", "2016-06-30": "-9.12550", "2016-03-31": "-3.51030", "2015-12-31": "-11.66190", "2015-09-30": "-9.75620", "2015-06-30": "-3.50720", "2015-03-31": "0.79340", "2014-12-31": "8.21580", "2014-09-30": "4.62040", "2014-06-30": "5.67480", "2014-03-31": "1.32760", "2013-12-31": "1.16700", "2013-09-30": "0.80190", "2013-06-30": "6.03500", "2013-03-31": "-3.34940", "2012-12-31": "2.24660", "2012-09-30": "-2.35930", "2012-06-30": "2.30380", "2012-03-31": "-1.74670", "2011-12-31": "-0.11810", "2011-09-30": "1.42810", "2011-06-30": "2.03910", "2011-03-31": "-1.53100", "2010-12-31": "-0.41850", "2010-09-30": "0.10300", "2010-06-30": "0.69830", "2010-03-31": "3.06540", "2009-12-31": "3.19820", "2009-09-30": "-1.25010", "2009-06-30": "-1.63270", "2009-03-31": "1.29990", "2008-12-31": "3.94500", "2008-09-30": "12.64220", "2008-06-30": "-1.87690", "2008-03-31": "0.10580", "2007-12-31": "1.21580", "2007-09-30": "3.45920", "2007-06-30": "3.95510", "2007-03-31": "0.64430", "2006-12-31": "2.05400", "2006-09-30": "5.31460", "2006-06-30": "4.59020", "2006-03-31": "6.53070", "2005-12-31": "5.99430", "2005-09-30": "4.34510", "2005-06-30": "3.17320", "2005-03-31": "4.04400"}, "ROA - Return On Assets": {"2020-09-30": "-11.30980", "2020-06-30": "-2.27160", "2020-03-31": "2.20000", "2019-12-31": "-27.30200", "2019-09-30": "-0.31150", "2019-06-30": "1.18400", "2019-03-31": "0.01470", "2018-12-31": "-18.17460", "2018-09-30": "0.40910", "2018-06-30": "-0.67510", "2018-03-31": "0.41980", "2017-12-31": "1.88580", "2017-09-30": "-1.09730", "2017-06-30": "0.59850", "2017-03-31": "1.48940", "2016-12-31": "-1.42440", "2016-09-30": "-0.37050", "2016-06-30": "-3.52550", "2016-03-31": "-1.39850", "2015-12-31": "-4.66410", "2015-09-30": "-3.58360", "2015-06-30": "-1.34680", "2015-03-31": "0.31300", "2014-12-31": "3.26330", "2014-09-30": "1.82240", "2014-06-30": "2.19710", "2014-03-31": "0.43460", "2013-12-31": "0.38600", "2013-09-30": "0.27270", "2013-06-30": "2.07760", "2013-03-31": "-1.10110", "2012-12-31": "0.78710", "2012-09-30": "-0.80860", "2012-06-30": "0.85080", "2012-03-31": "-0.66580", "2011-12-31": "-0.04830", "2011-09-30": "0.60600", "2011-06-30": "0.86210", "2011-03-31": "-0.59540", "2010-12-31": "-0.16890", "2010-09-30": "0.04550", "2010-06-30": "0.30620", "2010-03-31": "1.37730", "2009-12-31": "1.40980", "2009-09-30": "-0.55260", "2009-06-30": "-0.73370", "2009-03-31": "0.57050", "2008-12-31": "1.74180", "2008-09-30": "5.40580", "2008-06-30": "-0.66310", "2008-03-31": "0.03880", "2007-12-31": "0.52310", "2007-09-30": "1.53600", "2007-06-30": "1.77340", "2007-03-31": "0.25510", "2006-12-31": "0.80940", "2006-09-30": "2.13220", "2006-06-30": "1.73710", "2006-03-31": "2.61440", "2005-12-31": "2.06920", "2005-09-30": "1.25180", "2005-06-30": "1.20160", "2005-03-31": "1.36060"}, "ROI - Return On Investment": {"2020-09-30": "-14.45490", "2020-06-30": "-2.66440", "2020-03-31": "2.56070", "2019-12-31": "-32.70260", "2019-09-30": "-0.37820", "2019-06-30": "1.44440", "2019-03-31": "0.01810", "2018-12-31": "-22.34500", "2018-09-30": "0.48650", "2018-06-30": "-0.80070", "2018-03-31": "0.49650", "2017-12-31": "2.23800", "2017-09-30": "-1.34150", "2017-06-30": "0.73130", "2017-03-31": "1.82500", "2016-12-31": "-1.75030", "2016-09-30": "-0.45190", "2016-06-30": "-4.47020", "2016-03-31": "-1.78260", "2015-12-31": "-5.94770", "2015-09-30": "-4.51080", "2015-06-30": "-1.73250", "2015-03-31": "0.41000", "2014-12-31": "4.37800", "2014-09-30": "2.37390", "2014-06-30": "2.92960", "2014-03-31": "0.57210", "2013-12-31": "0.50720", "2013-09-30": "0.35130", "2013-06-30": "2.69900", "2013-03-31": "-1.45570", "2012-12-31": "1.01160", "2012-09-30": "-1.04910", "2012-06-30": "1.10460", "2012-03-31": "-0.87420", "2011-12-31": "-0.06470", "2011-09-30": "0.80720", "2011-06-30": "1.13520", "2011-03-31": "-0.76850", "2010-12-31": "-0.22240", "2010-09-30": "0.05990", "2010-06-30": "0.40230", "2010-03-31": "1.81850", "2009-12-31": "1.86160", "2009-09-30": "-0.71560", "2009-06-30": "-0.94310", "2009-03-31": "0.73890", "2008-12-31": "2.27970", "2008-09-30": "7.30380", "2008-06-30": "-1.06880", "2008-03-31": "0.05640", "2007-12-31": "0.72980", "2007-09-30": "2.09470", "2007-06-30": "2.42180", "2007-03-31": "0.34390", "2006-12-31": "1.11940", "2006-09-30": "2.94980", "2006-06-30": "2.51760", "2006-03-31": "3.77920", "2005-12-31": "3.18150", "2005-09-30": "2.06520", "2005-06-30": "1.67250", "2005-03-31": "1.90710"}, "Book Value Per Share": {"2020-09-30": "6.75190", "2020-06-30": "9.49240", "2020-03-31": "10.06430", "2019-12-31": "9.40380", "2019-09-30": "16.53900", "2019-06-30": "16.63960", "2019-03-31": "16.17700", "2018-12-31": "16.26960", "2018-09-30": "23.31640", "2018-06-30": "23.10910", "2018-03-31": "23.41120", "2017-12-31": "23.27130", "2017-09-30": "22.31750", "2017-06-30": "22.81950", "2017-03-31": "22.55210", "2016-12-31": "21.88350", "2016-09-30": "22.09960", "2016-06-30": "14.49660", "2016-03-31": "15.74190", "2015-12-31": "16.29890", "2015-09-30": "18.21270", "2015-06-30": "19.97360", "2015-03-31": "20.65720", "2014-12-31": "20.50330", "2014-09-30": "18.79360", "2014-06-30": "17.91210", "2014-03-31": "14.96720", "2013-12-31": "14.78160", "2013-09-30": "14.64030", "2013-06-30": "14.61040", "2013-03-31": "13.85180", "2012-12-31": "14.50580", "2012-09-30": "14.04540", "2012-06-30": "14.88770", "2012-03-31": "14.77120", "2011-12-31": "14.84760", "2011-09-30": "14.43690", "2011-06-30": "13.95900", "2011-03-31": "13.60750", "2010-12-31": "13.90640", "2010-09-30": "16.11030", "2010-06-30": "15.81290", "2010-03-31": "15.92640", "2009-12-31": "15.04300", "2009-09-30": "15.15860", "2009-06-30": "15.55720", "2009-03-31": "16.05330", "2008-12-31": "15.77690", "2008-09-30": "14.54240", "2008-06-30": "11.12620", "2008-03-31": "10.96230", "2007-12-31": "11.55780", "2007-09-30": "11.48340", "2007-06-30": "11.10270", "2007-03-31": "9.30430", "2006-12-31": "9.04160", "2006-09-30": "8.83590", "2006-06-30": "7.88090", "2006-03-31": "6.20910", "2005-12-31": "5.36480", "2005-09-30": "4.37720", "2005-06-30": "5.27920", "2005-03-31": "4.44870"}, "Operating Cash Flow Per Share": {"2020-09-30": -0.1027, "2020-06-30": 0.3461, "2020-03-31": "0.50270", "2019-12-31": 0.535, "2019-09-30": 0.4214, "2019-06-30": 0.747, "2019-03-31": "1.04630", "2018-12-31": 0.8891, "2018-09-30": 0.9167, "2018-06-30": 0.7158, "2018-03-31": "1.50280", "2017-12-31": 0.8767, "2017-09-30": 0.7721, "2017-06-30": 0.754, "2017-03-31": "0.92260", "2016-12-31": 0.8994, "2016-09-30": 0.1028, "2016-06-30": 0.4921, "2016-03-31": "0.54430", "2015-12-31": 1.0592, "2015-09-30": 0.872, "2015-06-30": 0.9557, "2015-03-31": "1.26840", "2014-12-31": 1.9921, "2014-09-30": 1.2227, "2014-06-30": 1.5919, "2014-03-31": "1.11990", "2013-12-31": 1.4904, "2013-09-30": 1.3822, "2013-06-30": 0.4772, "2013-03-31": "1.25680", "2012-12-31": 1.1467, "2012-09-30": 1.1218, "2012-06-30": 0.7866, "2012-03-31": "0.98150", "2011-12-31": 1.1475, "2011-09-30": 0.8655, "2011-06-30": 1.056, "2011-03-31": "0.89260", "2010-12-31": 0.7186, "2010-09-30": 0.8781, "2010-06-30": 0.6897, "2010-03-31": "0.95370", "2009-12-31": 0.857, "2009-09-30": 1.1307, "2009-06-30": 0.79, "2009-03-31": "0.94870", "2008-12-31": 1.4824, "2008-09-30": 1.5192, "2008-06-30": 0.9458, "2008-03-31": "1.34150", "2007-12-31": 1.294, "2007-09-30": 1.1483, "2007-06-30": 1.2024, "2007-03-31": "0.63980", "2006-12-31": 1.0082, "2006-09-30": 0.5568, "2006-06-30": 0.9617, "2006-03-31": "0.93280", "2005-12-31": 0.8703, "2005-09-30": 0.5333, "2005-06-30": 0.6093, "2005-03-31": "0.50980"}, "Free Cash Flow Per Share": {"2020-09-30": -0.4029, "2020-06-30": -0.2111, "2020-03-31": "-0.06930", "2019-12-31": -0.1011, "2019-09-30": -0.2969, "2019-06-30": -0.057, "2019-03-31": "0.18650", "2018-12-31": 0.1047, "2018-09-30": 0.0841, "2018-06-30": -0.4674, "2018-03-31": "0.14740", "2017-12-31": -0.7085, "2017-09-30": -0.5014, "2017-06-30": -0.4407, "2017-03-31": "0.03610", "2016-12-31": 0.2475, "2016-09-30": -0.3545, "2016-06-30": -0.3371, "2016-03-31": "-0.21800", "2015-12-31": 0.1854, "2015-09-30": -0.5736, "2015-06-30": -1.0559, "2015-03-31": "-1.07150", "2014-12-31": -0.5296, "2014-09-30": -0.8532, "2014-06-30": -0.7427, "2014-03-31": "-0.61110", "2013-12-31": -0.4599, "2013-09-30": -0.8506, "2013-06-30": -1.6945, "2013-03-31": "-0.42600", "2012-12-31": -1.0927, "2012-09-30": -1.3908, "2012-06-30": -2.1819, "2012-03-31": "-1.86800", "2011-12-31": -1.4872, "2011-09-30": -2.1194, "2011-06-30": -0.7431, "2011-03-31": "-0.70560", "2010-12-31": 1.0719, "2010-09-30": -2.0962, "2010-06-30": -0.4093, "2010-03-31": "-0.04650", "2009-12-31": 0.4196, "2009-09-30": 0.1221, "2009-06-30": -0.0424, "2009-03-31": "-0.10280", "2008-12-31": -0.1753, "2008-09-30": 0.1235, "2008-06-30": -0.4964, "2008-03-31": "-0.04980", "2007-12-31": -0.0213, "2007-09-30": -0.3373, "2007-06-30": -0.0622, "2007-03-31": "-0.68750", "2006-12-31": -0.2259, "2006-09-30": -0.394, "2006-06-30": 0.2318, "2006-03-31": "0.23080", "2005-12-31": 0.2385, "2005-09-30": -0.1077, "2005-06-30": 0.0921, "2005-03-31": "0.14910"}}, "revenue": {"Range Resources Annual Revenue (Millions of US $)": {"2019": "$2,828", "2018": "$3,283", "2017": "$2,611", "2016": "$1,100", "2015": "$1,598", "2014": "$2,426", "2013": "$1,770", "2012": "$1,458", "2011": "$1,231", "2010": "$961", "2009": "$819", "2008": "$1,325", "2007": "$860", "2006": "$745", "2005": "$509"}, "Range Resources Quarterly Revenue (Millions of US $)": {"2020-09-30": "$299", "2020-06-30": "$377", "2020-03-31": "$694", "2019-12-31": "$606", "2019-09-30": "$622", "2019-06-30": "$851", "2019-03-31": "$748", "2018-12-31": "$1,073", "2018-09-30": "$811", "2018-06-30": "$656", "2018-03-31": "$743", "2017-12-31": "$679", "2017-09-30": "$482", "2017-06-30": "$673", "2017-03-31": "$777", "2016-12-31": "$254", "2016-09-30": "$413", "2016-06-30": "$102", "2016-03-31": "$331", "2015-12-31": "$411", "2015-09-30": "$480", "2015-06-30": "$245", "2015-03-31": "$463", "2014-12-31": "$587", "2014-09-30": "$617", "2014-06-30": "$766", "2014-03-31": "$457", "2013-12-31": "$336", "2013-09-30": "$442", "2013-06-30": "$673", "2013-03-31": "$319", "2012-12-31": "$458", "2012-09-30": "$300", "2012-06-30": "$449", "2012-03-31": "$251", "2011-12-31": "$312", "2011-09-30": "$371", "2011-06-30": "$335", "2011-03-31": "$213", "2010-12-31": "$277", "2010-09-30": "$195", "2010-06-30": "$191", "2010-03-31": "$298", "2009-12-31": "$159", "2009-09-30": "$204", "2009-06-30": "$180", "2009-03-31": "$276", "2008-12-31": "$345", "2008-09-30": "$623", "2008-06-30": "$152", "2008-03-31": "$205", "2007-12-31": "$222", "2007-09-30": "$242", "2007-06-30": "$244", "2007-03-31": "$153", "2006-12-31": "$177", "2006-09-30": "$220", "2006-06-30": "$169", "2006-03-31": "$179", "2005-12-31": "$140", "2005-09-30": "$142", "2005-06-30": "$120", "2005-03-31": "$108"}}, "gross-profit": {"Range Resources Annual Gross Profit (Millions of US $)": {"2019": "$2,431", "2018": "$2,752", "2017": "$2,337", "2016": "$899", "2015": "$1,461", "2014": "$2,233", "2013": "$1,574", "2012": "$1,367", "2011": "$1,137", "2010": "$891", "2009": "$775", "2008": "$1,257", "2007": "$815", "2006": "$701", "2005": "$480"}, "Range Resources Quarterly Gross Profit (Millions of US $)": {"2020-09-30": "$243", "2020-06-30": "$330", "2020-03-31": "$654", "2019-12-31": "$550", "2019-09-30": "$531", "2019-06-30": "$742", "2019-03-31": "$608", "2018-12-31": "$840", "2018-09-30": "$687", "2018-06-30": "$546", "2018-03-31": "$679", "2017-12-31": "$620", "2017-09-30": "$400", "2017-06-30": "$603", "2017-03-31": "$715", "2016-12-31": "$193", "2016-09-30": "$362", "2016-06-30": "$54", "2016-03-31": "$290", "2015-12-31": "$372", "2015-09-30": "$443", "2015-06-30": "$213", "2015-03-31": "$433", "2014-12-31": "$531", "2014-09-30": "$576", "2014-06-30": "$717", "2014-03-31": "$408", "2013-12-31": "$280", "2013-09-30": "$370", "2013-06-30": "$644", "2013-03-31": "$280", "2012-12-31": "$435", "2012-09-30": "$280", "2012-06-30": "$427", "2012-03-31": "$225", "2011-12-31": "$275", "2011-09-30": "$353", "2011-06-30": "$324", "2011-03-31": "$185", "2010-12-31": "$250", "2010-09-30": "$180", "2010-06-30": "$177", "2010-03-31": "$284", "2009-12-31": "$150", "2009-09-30": "$193", "2009-06-30": "$169", "2009-03-31": "$263", "2008-12-31": "$332", "2008-09-30": "$604", "2008-06-30": "$132", "2008-03-31": "$189", "2007-12-31": "$206", "2007-09-30": "$236", "2007-06-30": "$232", "2007-03-31": "$141", "2006-12-31": "$166", "2006-09-30": "$203", "2006-06-30": "$162", "2006-03-31": "$170", "2005-12-31": "$130", "2005-09-30": "$134", "2005-06-30": "$111", "2005-03-31": "$105"}}, "operating-income": {"Range Resources Annual Operating Income (Millions of US $)": {"2019": "$334", "2018": "$-1,018", "2017": "$587", "2016": "$-517", "2015": "$-409", "2014": "$986", "2013": "$298", "2012": "$330", "2011": "$302", "2010": "$285", "2009": "$197", "2008": "$692", "2007": "$339", "2006": "$372", "2005": "$214"}, "Range Resources Quarterly Operating Income (Millions of US $)": {"2020-09-30": "$-713", "2020-06-30": "$-144", "2020-03-31": "$113", "2019-12-31": "$26", "2019-09-30": "$22", "2019-06-30": "$214", "2019-03-31": "$71", "2018-12-31": "$-1,309", "2018-09-30": "$134", "2018-06-30": "$0", "2018-03-31": "$156", "2017-12-31": "$205", "2017-09-30": "$-108", "2017-06-30": "$180", "2017-03-31": "$311", "2016-12-31": "$-203", "2016-09-30": "$33", "2016-06-30": "$-304", "2016-03-31": "$-43", "2015-12-31": "$-25", "2015-09-30": "$-357", "2015-06-30": "$-128", "2015-03-31": "$101", "2014-12-31": "$218", "2014-09-30": "$293", "2014-06-30": "$369", "2014-03-31": "$107", "2013-12-31": "$-42", "2013-09-30": "$87", "2013-06-30": "$318", "2013-03-31": "$-65", "2012-12-31": "$160", "2012-09-30": "$1", "2012-06-30": "$181", "2012-03-31": "$-12", "2011-12-31": "$60", "2011-09-30": "$107", "2011-06-30": "$147", "2011-03-31": "$-12", "2010-12-31": "$24", "2010-09-30": "$47", "2010-06-30": "$60", "2010-03-31": "$154", "2009-12-31": "$82", "2009-09-30": "$10", "2009-06-30": "$8", "2009-03-31": "$98", "2008-12-31": "$195", "2008-09-30": "$488", "2008-06-30": "$-25", "2008-03-31": "$34", "2007-12-31": "$76", "2007-09-30": "$114", "2007-06-30": "$117", "2007-03-31": "$32", "2006-12-31": "$64", "2006-09-30": "$121", "2006-06-30": "$92", "2006-03-31": "$95", "2005-12-31": "$76", "2005-09-30": "$49", "2005-06-30": "$44", "2005-03-31": "$44"}}, "ebitda": {"Range Resources Annual EBITDA (Millions of US $)": {"2019": "$1,984", "2018": "$1,283", "2017": "$1,282", "2016": "$58", "2015": "$792", "2014": "$1,590", "2013": "$822", "2012": "$834", "2011": "$707", "2010": "$577", "2009": "$474", "2008": "$995", "2007": "$562", "2006": "$528", "2005": "$330"}, "Range Resources Quarterly EBITDA (Millions of US $)": {"2020-09-30": "$-613", "2020-06-30": "$-38", "2020-03-31": "$295", "2019-12-31": "$1,254", "2019-09-30": "$161", "2019-06-30": "$357", "2019-03-31": "$212", "2018-12-31": "$479", "2018-09-30": "$300", "2018-06-30": "$178", "2018-03-31": "$327", "2017-12-31": "$369", "2017-09-30": "$117", "2017-06-30": "$333", "2017-03-31": "$463", "2016-12-31": "$-51", "2016-09-30": "$166", "2016-06-30": "$-180", "2016-03-31": "$123", "2015-12-31": "$193", "2015-09-30": "$323", "2015-06-30": "$26", "2015-03-31": "$250", "2014-12-31": "$361", "2014-09-30": "$437", "2014-06-30": "$554", "2014-03-31": "$238", "2013-12-31": "$89", "2013-09-30": "$227", "2013-06-30": "$453", "2013-03-31": "$52", "2012-12-31": "$325", "2012-09-30": "$128", "2012-06-30": "$292", "2012-03-31": "$90", "2011-12-31": "$159", "2011-09-30": "$241", "2011-06-30": "$247", "2011-03-31": "$60", "2010-12-31": "$98", "2010-09-30": "$123", "2010-06-30": "$129", "2010-03-31": "$227", "2009-12-31": "$82", "2009-09-30": "$111", "2009-06-30": "$98", "2009-03-31": "$183", "2008-12-31": "$276", "2008-09-30": "$565", "2008-06-30": "$48", "2008-03-31": "$105", "2007-12-31": "$141", "2007-09-30": "$172", "2007-06-30": "$169", "2007-03-31": "$80", "2006-12-31": "$113", "2006-09-30": "$162", "2006-06-30": "$126", "2006-03-31": "$127", "2005-12-31": "$98", "2005-09-30": "$83", "2005-06-30": "$75", "2005-03-31": "$74"}}, "net-income": {"Range Resources Annual Net Income (Millions of US $)": {"2019": "$-1,717", "2018": "$-1,747", "2017": "$329", "2016": "$-521", "2015": "$-714", "2014": "$624", "2013": "$114", "2012": "$13", "2011": "$57", "2010": "$-240", "2009": "$-54", "2008": "$351", "2007": "$217", "2006": "$159", "2005": "$111"}, "Range Resources Quarterly Net Income (Millions of US $)": {"2020-09-30": "$-680", "2020-06-30": "$-147", "2020-03-31": "$143", "2019-12-31": "$-1,804", "2019-09-30": "$-28", "2019-06-30": "$114", "2019-03-31": "$1", "2018-12-31": "$-1,764", "2018-09-30": "$48", "2018-06-30": "$-80", "2018-03-31": "$49", "2017-12-31": "$218", "2017-09-30": "$-128", "2017-06-30": "$69", "2017-03-31": "$170", "2016-12-31": "$-161", "2016-09-30": "$-42", "2016-06-30": "$-225", "2016-03-31": "$-94", "2015-12-31": "$-322", "2015-09-30": "$-301", "2015-06-30": "$-119", "2015-03-31": "$28", "2014-12-31": "$279", "2014-09-30": "$144", "2014-06-30": "$169", "2014-03-31": "$33", "2013-12-31": "$29", "2013-09-30": "$19", "2013-06-30": "$142", "2013-03-31": "$-76", "2012-12-31": "$54", "2012-09-30": "$-54", "2012-06-30": "$55", "2012-03-31": "$-42", "2011-12-31": "$-3", "2011-09-30": "$34", "2011-06-30": "$50", "2011-03-31": "$-25", "2010-12-31": "$-318", "2010-09-30": "$-8", "2010-06-30": "$9", "2010-03-31": "$78", "2009-12-31": "$-17", "2009-09-30": "$-30", "2009-06-30": "$-40", "2009-03-31": "$33", "2008-12-31": "$97", "2008-09-30": "$285", "2008-06-30": "$-32", "2008-03-31": "$2", "2007-12-31": "$21", "2007-09-30": "$59", "2007-06-30": "$64", "2007-03-31": "$73", "2006-12-31": "$0", "2006-09-30": "$51", "2006-06-30": "$51", "2006-03-31": "$56", "2005-12-31": "$43", "2005-09-30": "$25", "2005-06-30": "$22", "2005-03-31": "$22"}}, "eps-earnings-per-share-diluted": {"Range Resources Annual EPS": {"2019": "$-6.92", "2018": "$-7.10", "2017": "$1.34", "2016": "$-2.75", "2015": "$-4.29", "2014": "$3.79", "2013": "$0.70", "2012": "$0.08", "2011": "$0.36", "2010": "$-1.52", "2009": "$-0.35", "2008": "$2.25", "2007": "$1.45", "2006": "$1.14", "2005": "$0.86"}, "Range Resources Quarterly EPS": {"2020-09-30": "$-2.83", "2020-06-30": "$-0.61", "2020-03-31": "$0.58", "2019-12-31": "$-7.28", "2019-09-30": "$-0.11", "2019-06-30": "$0.46", "2019-03-31": "$0.01", "2018-12-31": "$-7.17", "2018-09-30": "$0.19", "2018-06-30": "$-0.32", "2018-03-31": "$0.20", "2017-12-31": "$0.89", "2017-09-30": "$-0.52", "2017-06-30": "$0.28", "2017-03-31": "$0.69", "2016-12-31": "$-0.61", "2016-09-30": "$-0.23", "2016-06-30": "$-1.35", "2016-03-31": "$-0.56", "2015-12-31": "$-1.93", "2015-09-30": "$-1.81", "2015-06-30": "$-0.71", "2015-03-31": "$0.16", "2014-12-31": "$1.69", "2014-09-30": "$0.86", "2014-06-30": "$1.04", "2014-03-31": "$0.20", "2013-12-31": "$0.17", "2013-09-30": "$0.12", "2013-06-30": "$0.88", "2013-03-31": "$-0.47", "2012-12-31": "$0.34", "2012-09-30": "$-0.34", "2012-06-30": "$0.34", "2012-03-31": "$-0.26", "2011-12-31": "$-0.01", "2011-09-30": "$0.21", "2011-06-30": "$0.32", "2011-03-31": "$-0.16", "2010-12-31": "$-2.01", "2010-09-30": "$-0.05", "2010-06-30": "$0.06", "2010-03-31": "$0.48", "2009-12-31": "$-0.11", "2009-09-30": "$-0.19", "2009-06-30": "$-0.26", "2009-03-31": "$0.21", "2008-12-31": "$0.65", "2008-09-30": "$1.81", "2008-06-30": "$-0.22", "2008-03-31": "$0.01", "2007-12-31": "$0.12", "2007-09-30": "$0.39", "2007-06-30": "$0.43", "2007-03-31": "$0.51", "2006-12-31": "$-0.01", "2006-09-30": "$0.36", "2006-06-30": "$0.38", "2006-03-31": "$0.41", "2005-12-31": "$0.32", "2005-09-30": "$0.19", "2005-06-30": "$0.17", "2005-03-31": "$0.18"}}, "shares-outstanding": {"Range Resources Annual Shares Outstanding (Millions of Shares)": {"2019": "248", "2018": "246", "2017": "245", "2016": "190", "2015": "166", "2014": "164", "2013": "161", "2012": "160", "2011": "159", "2010": "158", "2009": "159", "2008": "156", "2007": "150", "2006": "139", "2005": "129"}, "Range Resources Quarterly Shares Outstanding (Millions of Shares)": {"2020-09-30": "240", "2020-06-30": "239", "2020-03-31": "248", "2019-12-31": "248", "2019-09-30": "248", "2019-06-30": "248", "2019-03-31": "249", "2018-12-31": "246", "2018-09-30": "247", "2018-06-30": "246", "2018-03-31": "247", "2017-12-31": "245", "2017-09-30": "245", "2017-06-30": "245", "2017-03-31": "245", "2016-12-31": "190", "2016-09-30": "181", "2016-06-30": "167", "2016-03-31": "167", "2015-12-31": "166", "2015-09-30": "167", "2015-06-30": "166", "2015-03-31": "166", "2014-12-31": "164", "2014-09-30": "166", "2014-06-30": "163", "2014-03-31": "162", "2013-12-31": "161", "2013-09-30": "161", "2013-06-30": "161", "2013-03-31": "160", "2012-12-31": "160", "2012-09-30": "160", "2012-06-30": "160", "2012-03-31": "159", "2011-12-31": "159", "2011-09-30": "159", "2011-06-30": "159", "2011-03-31": "158", "2010-12-31": "158", "2010-09-30": "158", "2010-06-30": "158", "2010-03-31": "160", "2009-12-31": "159", "2009-09-30": "155", "2009-06-30": "154", "2009-03-31": "157", "2008-12-31": "156", "2008-09-30": "158", "2008-06-30": "151", "2008-03-31": "154", "2007-12-31": "150", "2007-09-30": "152", "2007-06-30": "150", "2007-03-31": "143", "2006-12-31": "139", "2006-09-30": "142", "2006-06-30": "136", "2006-03-31": "135", "2005-12-31": "129", "2005-09-30": "133", "2005-06-30": "126", "2005-03-31": "125"}}, "total-assets": {"Range Resources Annual Total Assets (Millions of US $)": {"2019": "$6,612", "2018": "$9,708", "2017": "$11,729", "2016": "$11,282", "2015": "$6,900", "2014": "$8,705", "2013": "$7,299", "2012": "$6,729", "2011": "$5,845", "2010": "$5,512", "2009": "$5,396", "2008": "$5,552", "2007": "$4,017", "2006": "$3,188", "2005": "$2,019"}, "Range Resources Quarterly Total Assets (Millions of US $)": {"2020-09-30": "$6,013", "2020-06-30": "$6,452", "2020-03-31": "$6,590", "2019-12-31": "$6,612", "2019-09-30": "$8,854", "2019-06-30": "$9,728", "2019-03-31": "$9,635", "2018-12-31": "$9,708", "2018-09-30": "$11,866", "2018-06-30": "$11,826", "2018-03-31": "$11,730", "2017-12-31": "$11,729", "2017-09-30": "$11,638", "2017-06-30": "$11,621", "2017-03-31": "$11,422", "2016-12-31": "$11,282", "2016-09-30": "$11,327", "2016-06-30": "$6,380", "2016-03-31": "$6,705", "2015-12-31": "$6,900", "2015-09-30": "$8,398", "2015-06-30": "$8,806", "2015-03-31": "$8,845", "2014-12-31": "$8,705", "2014-09-30": "$8,034", "2014-06-30": "$7,801", "2014-03-31": "$7,483", "2013-12-31": "$7,299", "2013-09-30": "$7,031", "2013-06-30": "$6,930", "2013-03-31": "$6,867", "2012-12-31": "$6,729", "2012-09-30": "$6,658", "2012-06-30": "$6,544", "2012-03-31": "$6,278", "2011-12-31": "$5,845", "2011-09-30": "$5,476", "2011-06-30": "$5,310", "2011-03-31": "$5,615", "2010-12-31": "$5,512", "2010-09-30": "$5,837", "2010-06-30": "$5,763", "2010-03-31": "$5,642", "2009-12-31": "$5,396", "2009-09-30": "$5,396", "2009-06-30": "$5,436", "2009-03-31": "$5,715", "2008-12-31": "$5,552", "2008-09-30": "$5,271", "2008-06-30": "$4,880", "2008-03-31": "$4,488", "2007-12-31": "$4,017", "2007-09-30": "$3,848", "2007-06-30": "$3,676", "2007-03-31": "$3,281", "2006-12-31": "$3,188", "2006-09-30": "$3,051", "2006-06-30": "$2,872", "2006-03-31": "$2,035", "2005-12-31": "$2,019", "2005-09-30": "$1,970", "2005-06-30": "$1,803", "2005-03-31": "$1,617"}}, "cash-on-hand": {"Range Resources Annual Cash on Hand (Millions of US $)": {"2019": "$1", "2018": "$1", "2017": "$0", "2016": "$0", "2015": "$0", "2014": "$0", "2013": "$0", "2012": "$0", "2011": "$0", "2010": "$3", "2009": "$1", "2008": "$1", "2007": "$4", "2006": "$2", "2005": "$5"}, "Range Resources Quarterly Cash on Hand (Millions of US $)": {"2020-09-30": "$1", "2020-06-30": "$1", "2020-03-31": "$1", "2019-12-31": "$1", "2019-09-30": "$0", "2019-06-30": "$1", "2019-03-31": "$0", "2018-12-31": "$1", "2018-09-30": "$0", "2018-06-30": "$0", "2018-03-31": "$1", "2017-12-31": "$0", "2017-09-30": "$1", "2017-06-30": "$1", "2017-03-31": "$1", "2016-12-31": "$0", "2016-09-30": "$1", "2016-06-30": "$0", "2016-03-31": "$1", "2015-12-31": "$0", "2015-09-30": "$0", "2015-06-30": "$1", "2015-03-31": "$1", "2014-12-31": "$0", "2014-09-30": "$0", "2014-06-30": "$0", "2014-03-31": "$0", "2013-12-31": "$0", "2013-09-30": "$0", "2013-06-30": "$0", "2013-03-31": "$0", "2012-12-31": "$0", "2012-09-30": "$0", "2012-06-30": "$0", "2012-03-31": "$123", "2011-12-31": "$0", "2011-09-30": "$52", "2011-06-30": "$289", "2011-03-31": "$2", "2010-12-31": "$3", "2010-09-30": "$2", "2010-06-30": "$167", "2010-03-31": "$287", "2009-12-31": "$1", "2009-09-30": "$1", "2009-06-30": "$2", "2009-03-31": "$1", "2008-12-31": "$1", "2008-09-30": "$0", "2008-06-30": "$0", "2008-03-31": "$0", "2007-12-31": "$4", "2007-09-30": "$0", "2007-06-30": "$17", "2007-03-31": "$168", "2006-12-31": "$2", "2006-09-30": "$2", "2006-06-30": "$7", "2006-03-31": "$1", "2005-12-31": "$5", "2005-09-30": "$1", "2005-06-30": "$5", "2005-03-31": "$19"}}, "long-term-debt": {"Range Resources Annual Long Term Debt (Millions of US $)": {"2019": "$3,173", "2018": "$3,837", "2017": "$4,109", "2016": "$3,774", "2015": "$2,651", "2014": "$3,031", "2013": "$3,141", "2012": "$2,878", "2011": "$1,975", "2010": "$1,961", "2009": "$1,708", "2008": "$1,791", "2007": "$1,151", "2006": "$1,049", "2005": "$616"}, "Range Resources Quarterly Long Term Debt (Millions of US $)": {"2020-09-30": "$3,042", "2020-06-30": "$3,165", "2020-03-31": "$3,187", "2019-12-31": "$3,173", "2019-09-30": "$3,134", "2019-06-30": "$3,792", "2019-03-31": "$3,791", "2018-12-31": "$3,837", "2018-09-30": "$4,161", "2018-06-30": "$4,207", "2018-03-31": "$4,082", "2017-12-31": "$4,109", "2017-09-30": "$3,982", "2017-06-30": "$3,849", "2017-03-31": "$3,739", "2016-12-31": "$3,774", "2016-09-30": "$3,827", "2016-06-30": "$2,567", "2016-03-31": "$2,589", "2015-12-31": "$2,651", "2015-09-30": "$3,587", "2015-06-30": "$3,464", "2015-03-31": "$3,262", "2014-12-31": "$3,031", "2014-09-30": "$2,999", "2014-06-30": "$2,830", "2014-03-31": "$3,235", "2013-12-31": "$3,141", "2013-09-30": "$3,067", "2013-06-30": "$2,949", "2013-03-31": "$2,937", "2012-12-31": "$2,878", "2012-09-30": "$2,850", "2012-06-30": "$2,624", "2012-03-31": "$2,388", "2011-12-31": "$1,975", "2011-09-30": "$1,788", "2011-06-30": "$1,787", "2011-03-31": "$2,167", "2010-12-31": "$1,961", "2010-09-30": "$1,851", "2010-06-30": "$1,860", "2010-03-31": "$1,738", "2009-12-31": "$1,708", "2009-09-30": "$1,781", "2009-06-30": "$1,786", "2009-03-31": "$1,905", "2008-12-31": "$1,791", "2008-09-30": "$1,647", "2008-06-30": "$1,303", "2008-03-31": "$1,440", "2007-12-31": "$1,151", "2007-09-30": "$1,113", "2007-06-30": "$1,043", "2007-03-31": "$1,134", "2006-12-31": "$1,049", "2006-09-30": "$981", "2006-06-30": "$895", "2006-03-31": "$593", "2005-12-31": "$616", "2005-09-30": "$627", "2005-06-30": "$612", "2005-03-31": "$610"}}, "total-liabilities": {"Range Resources Annual Total Liabilities (Millions of US $)": {"2019": "$4,265", "2018": "$5,649", "2017": "$5,955", "2016": "$5,874", "2015": "$4,140", "2014": "$5,247", "2013": "$4,885", "2012": "$4,371", "2011": "$3,453", "2010": "$3,288", "2009": "$3,017", "2008": "$3,101", "2007": "$2,288", "2006": "$1,932", "2005": "$1,322"}, "Range Resources Quarterly Total Liabilities (Millions of US $)": {"2020-09-30": "$4,350", "2020-06-30": "$4,116", "2020-03-31": "$4,115", "2019-12-31": "$4,265", "2019-09-30": "$4,696", "2019-06-30": "$5,546", "2019-03-31": "$5,572", "2018-12-31": "$5,649", "2018-09-30": "$6,049", "2018-06-30": "$6,062", "2018-03-31": "$5,896", "2017-12-31": "$5,955", "2017-09-30": "$6,100", "2017-06-30": "$5,959", "2017-03-31": "$5,839", "2016-12-31": "$5,874", "2016-09-30": "$5,866", "2016-06-30": "$3,915", "2016-03-31": "$4,034", "2015-12-31": "$4,140", "2015-09-30": "$5,313", "2015-06-30": "$5,425", "2015-03-31": "$5,355", "2014-12-31": "$5,247", "2014-09-30": "$4,866", "2014-06-30": "$4,780", "2014-03-31": "$5,033", "2013-12-31": "$4,885", "2013-09-30": "$4,640", "2013-06-30": "$4,544", "2013-03-31": "$4,609", "2012-12-31": "$4,371", "2012-09-30": "$4,376", "2012-06-30": "$4,127", "2012-03-31": "$3,885", "2011-12-31": "$3,453", "2011-09-30": "$3,153", "2011-06-30": "$3,065", "2011-03-31": "$3,432", "2010-12-31": "$3,288", "2010-09-30": "$3,262", "2010-06-30": "$3,236", "2010-03-31": "$3,107", "2009-12-31": "$3,017", "2009-09-30": "$3,011", "2009-06-30": "$2,993", "2009-03-31": "$3,207", "2008-12-31": "$3,101", "2008-09-30": "$3,017", "2008-06-30": "$3,156", "2008-03-31": "$2,844", "2007-12-31": "$2,288", "2007-09-30": "$2,140", "2007-06-30": "$2,028", "2007-03-31": "$1,982", "2006-12-31": "$1,932", "2006-09-30": "$1,827", "2006-06-30": "$1,785", "2006-03-31": "$1,220", "2005-12-31": "$1,322", "2005-09-30": "$1,403", "2005-06-30": "$1,120", "2005-03-31": "$1,073"}}, "total-share-holder-equity": {"Range Resources Annual Share Holder Equity (Millions of US $)": {"2019": "$2,347", "2018": "$4,059", "2017": "$5,774", "2016": "$5,408", "2015": "$2,760", "2014": "$3,457", "2013": "$2,414", "2012": "$2,357", "2011": "$2,392", "2010": "$2,224", "2009": "$2,379", "2008": "$2,451", "2007": "$1,728", "2006": "$1,256", "2005": "$697"}, "Range Resources Quarterly Share Holder Equity (Millions of US $)": {"2020-09-30": "$1,663", "2020-06-30": "$2,336", "2020-03-31": "$2,475", "2019-12-31": "$2,347", "2019-09-30": "$4,158", "2019-06-30": "$4,182", "2019-03-31": "$4,063", "2018-12-31": "$4,059", "2018-09-30": "$5,817", "2018-06-30": "$5,764", "2018-03-31": "$5,835", "2017-12-31": "$5,774", "2017-09-30": "$5,537", "2017-06-30": "$5,662", "2017-03-31": "$5,582", "2016-12-31": "$5,408", "2016-09-30": "$5,461", "2016-06-30": "$2,465", "2016-03-31": "$2,671", "2015-12-31": "$2,760", "2015-09-30": "$3,085", "2015-06-30": "$3,381", "2015-03-31": "$3,489", "2014-12-31": "$3,457", "2014-09-30": "$3,169", "2014-06-30": "$3,020", "2014-03-31": "$2,450", "2013-12-31": "$2,414", "2013-09-30": "$2,391", "2013-06-30": "$2,386", "2013-03-31": "$2,257", "2012-12-31": "$2,357", "2012-09-30": "$2,282", "2012-06-30": "$2,417", "2012-03-31": "$2,393", "2011-12-31": "$2,392", "2011-09-30": "$2,324", "2011-06-30": "$2,245", "2011-03-31": "$2,184", "2010-12-31": "$2,224", "2010-09-30": "$2,575", "2010-06-30": "$2,527", "2010-03-31": "$2,535", "2009-12-31": "$2,379", "2009-09-30": "$2,385", "2009-06-30": "$2,443", "2009-03-31": "$2,509", "2008-12-31": "$2,451", "2008-09-30": "$2,254", "2008-06-30": "$1,724", "2008-03-31": "$1,644", "2007-12-31": "$1,728", "2007-09-30": "$1,709", "2007-06-30": "$1,648", "2007-03-31": "$1,299", "2006-12-31": "$1,256", "2006-09-30": "$1,224", "2006-06-30": "$1,087", "2006-03-31": "$815", "2005-12-31": "$697", "2005-09-30": "$568", "2005-06-30": "$683", "2005-03-31": "$544"}}, "profit-margins": {"current": "-125.9%"}, "gross margin": {"2020-09-30": "89.93%", "2020-06-30": "89.82%", "2020-03-31": "89.33%", "2019-12-31": "85.99%", "2019-09-30": "82.60%", "2019-06-30": "82.60%", "2019-03-31": "81.54%", "2018-12-31": "83.83%", "2018-09-30": "87.64%", "2018-06-30": "87.70%", "2018-03-31": "89.33%", "2017-12-31": "89.54%", "2017-09-30": "87.42%", "2017-06-30": "88.47%", "2017-03-31": "85.64%", "2016-12-31": "81.73%", "2016-09-30": "85.76%", "2016-06-30": "87.54%", "2016-03-31": "89.84%", "2015-12-31": "91.37%", "2015-09-30": "91.27%", "2015-06-30": "91.68%", "2015-03-31": "92.77%", "2014-12-31": "91.97%", "2014-09-30": "91.04%", "2014-06-30": "88.71%", "2014-03-31": "89.20%", "2013-12-31": "88.93%", "2013-09-30": "91.38%", "2013-06-30": "93.66%", "2013-03-31": "93.18%", "2012-12-31": "93.76%", "2012-09-30": "92.00%", "2012-06-30": "92.55%", "2012-03-31": "92.75%", "2011-12-31": "92.36%", "2011-09-30": "92.98%", "2011-06-30": "92.06%", "2011-03-31": "90.41%", "2010-12-31": "92.72%", "2010-09-30": "93.83%", "2010-06-30": "94.37%", "2010-03-31": "94.65%", "2009-12-31": "94.63%", "2009-09-30": "95.22%", "2009-06-30": "96.07%", "2009-03-31": "95.34%", "2008-12-31": "94.87%", "2008-09-30": "94.09%", "2008-06-30": "92.94%", "2008-03-31": "94.52%", "2007-12-31": "94.66%", "2007-09-30": "94.98%", "2007-06-30": "93.45%", "2007-03-31": "93.46%", "2006-12-31": "94.09%", "2006-09-30": "93.93%", "2006-06-30": "94.60%", "2006-03-31": "93.80%", "2005-12-31": "94.12%"}, "operating margin": {"2020-09-30": "-36.34%", "2020-06-30": "0.74%", "2020-03-31": "13.52%", "2019-12-31": "11.78%", "2019-09-30": "-30.42%", "2019-06-30": "-25.55%", "2019-03-31": "-33.58%", "2018-12-31": "-31.04%", "2018-09-30": "17.13%", "2018-06-30": "9.88%", "2018-03-31": "16.80%", "2017-12-31": "22.52%", "2017-09-30": "8.23%", "2017-06-30": "15.16%", "2017-03-31": "-10.54%", "2016-12-31": "-47.00%", "2016-09-30": "-26.97%", "2016-06-30": "-55.06%", "2016-03-31": "-37.70%", "2015-12-31": "-25.58%", "2015-09-30": "-9.35%", "2015-06-30": "25.31%", "2015-03-31": "40.32%", "2014-12-31": "40.67%", "2014-09-30": "33.41%", "2014-06-30": "26.04%", "2014-03-31": "24.63%", "2013-12-31": "16.84%", "2013-09-30": "26.43%", "2013-06-30": "23.66%", "2013-03-31": "18.15%", "2012-12-31": "22.63%", "2012-09-30": "17.53%", "2012-06-30": "24.30%", "2012-03-31": "23.80%", "2011-12-31": "24.53%", "2011-09-30": "22.24%", "2011-06-30": "20.20%", "2011-03-31": "13.58%", "2010-12-31": "29.66%", "2010-09-30": "40.69%", "2010-06-30": "35.92%", "2010-03-31": "30.20%", "2009-12-31": "24.18%", "2009-09-30": "30.95%", "2009-06-30": "55.41%", "2009-03-31": "54.15%", "2008-12-31": "52.23%", "2008-09-30": "47.67%", "2008-06-30": "24.24%", "2008-03-31": "37.35%", "2007-12-31": "39.37%", "2007-09-30": "40.07%", "2007-06-30": "42.07%", "2007-03-31": "42.98%", "2006-12-31": "49.93%", "2006-09-30": "54.24%", "2006-06-30": "49.52%", "2006-03-31": "45.44%", "2005-12-31": "41.76%"}, "ebitda margin": {"2020-09-30": "45.45%", "2020-06-30": "72.73%", "2020-03-31": "74.54%", "2019-12-31": "70.18%", "2019-09-30": "36.70%", "2019-06-30": "38.70%", "2019-03-31": "35.55%", "2018-12-31": "39.11%", "2018-09-30": "40.64%", "2018-06-30": "38.71%", "2018-03-31": "44.47%", "2017-12-31": "49.10%", "2017-09-30": "39.43%", "2017-06-30": "43.03%", "2017-03-31": "25.74%", "2016-12-31": "5.27%", "2016-09-30": "24.03%", "2016-06-30": "34.67%", "2016-03-31": "45.33%", "2015-12-31": "49.53%", "2015-09-30": "54.08%", "2015-06-30": "56.17%", "2015-03-31": "65.84%", "2014-12-31": "65.51%", "2014-09-30": "60.57%", "2014-06-30": "55.37%", "2014-03-31": "52.78%", "2013-12-31": "46.38%", "2013-09-30": "55.87%", "2013-06-30": "54.74%", "2013-03-31": "52.23%", "2012-12-31": "57.27%", "2012-09-30": "50.99%", "2012-06-30": "56.54%", "2012-03-31": "58.08%", "2011-12-31": "57.43%", "2011-09-30": "54.01%", "2011-06-30": "51.76%", "2011-03-31": "46.80%", "2010-12-31": "60.04%", "2010-09-30": "66.55%", "2010-06-30": "64.44%", "2010-03-31": "61.59%", "2009-12-31": "57.88%", "2009-09-30": "66.47%", "2009-06-30": "78.79%", "2009-03-31": "76.79%", "2008-12-31": "75.02%", "2008-09-30": "71.46%", "2008-06-30": "56.76%", "2008-03-31": "64.29%", "2007-12-31": "65.27%", "2007-09-30": "65.44%", "2007-06-30": "65.99%", "2007-03-31": "66.90%", "2006-12-31": "70.87%", "2006-09-30": "72.46%", "2006-06-30": "68.89%", "2006-03-31": "65.92%", "2005-12-31": "64.71%"}, "pre tax profit margin": {"2020-09-30": "-156.07%", "2020-06-30": "-103.26%", "2020-03-31": "-73.17%", "2019-12-31": "-78.42%", "2019-09-30": "-53.01%", "2019-06-30": "-45.88%", "2019-03-31": "-56.60%", "2018-12-31": "-54.10%", "2018-09-30": "-2.46%", "2018-06-30": "-13.44%", "2018-03-31": "-4.23%", "2017-12-31": "3.14%", "2017-09-30": "-2.10%", "2017-06-30": "4.63%", "2017-03-31": "-24.77%", "2016-12-31": "-72.91%", "2016-09-30": "-82.10%", "2016-06-30": "-106.65%", "2016-03-31": "-84.46%", "2015-12-31": "-65.85%", "2015-09-30": "-6.59%", "2015-06-30": "29.24%", "2015-03-31": "42.29%", "2014-12-31": "42.44%", "2014-09-30": "26.65%", "2014-06-30": "18.54%", "2014-03-31": "16.93%", "2013-12-31": "8.42%", "2013-09-30": "12.26%", "2013-06-30": "6.74%", "2013-03-31": "-1.83%", "2012-12-31": "1.71%", "2012-09-30": "-4.65%", "2012-06-30": "5.64%", "2012-03-31": "4.81%", "2011-12-31": "6.34%", "2011-09-30": "5.10%", "2011-06-30": "0.78%", "2011-03-31": "-4.68%", "2010-12-31": "14.46%", "2010-09-30": "35.59%", "2010-06-30": "29.58%", "2010-03-31": "19.14%", "2009-12-31": "10.38%", "2009-09-30": "7.36%", "2009-06-30": "40.52%", "2009-03-31": "42.05%", "2008-12-31": "41.13%", "2008-09-30": "38.10%", "2008-06-30": "11.45%", "2008-03-31": "26.94%", "2007-12-31": "29.04%", "2007-09-30": "31.00%", "2007-06-30": "33.12%", "2007-03-31": "33.80%", "2006-12-31": "42.28%", "2006-09-30": "47.46%", "2006-06-30": "43.02%", "2006-03-31": "38.90%", "2005-12-31": "34.51%"}, "net profit margin": {"2020-09-30": "-125.91%", "2020-06-30": "-79.86%", "2020-03-31": "-56.80%", "2019-12-31": "-60.74%", "2019-09-30": "-50.91%", "2019-06-30": "-45.97%", "2019-03-31": "-54.59%", "2018-12-31": "-53.21%", "2018-09-30": "8.13%", "2018-06-30": "2.30%", "2018-03-31": "8.07%", "2017-12-31": "12.60%", "2017-09-30": "-2.29%", "2017-06-30": "1.70%", "2017-03-31": "-16.69%", "2016-12-31": "-47.45%", "2016-09-30": "-54.34%", "2016-06-30": "-71.15%", "2016-03-31": "-56.99%", "2015-12-31": "-44.65%", "2015-09-30": "-6.37%", "2015-06-30": "17.36%", "2015-03-31": "25.48%", "2014-12-31": "25.75%", "2014-09-30": "17.23%", "2014-06-30": "12.49%", "2014-03-31": "11.69%", "2013-12-31": "6.44%", "2013-09-30": "7.35%", "2013-06-30": "3.77%", "2013-03-31": "-1.38%", "2012-12-31": "0.89%", "2012-09-30": "-3.35%", "2012-06-30": "3.18%", "2012-03-31": "3.07%", "2011-12-31": "4.55%", "2011-09-30": "-21.66%", "2011-06-30": "-29.51%", "2011-03-31": "-39.04%", "2010-12-31": "-24.87%", "2010-09-30": "7.35%", "2010-06-30": "4.69%", "2010-03-31": "-1.07%", "2009-12-31": "-6.59%", "2009-09-30": "5.97%", "2009-06-30": "26.33%", "2009-03-31": "27.44%", "2008-12-31": "26.57%", "2008-09-30": "22.96%", "2008-06-30": "6.09%", "2008-03-31": "15.99%", "2007-12-31": "25.20%", "2007-09-30": "24.02%", "2007-06-30": "23.68%", "2007-03-31": "24.34%", "2006-12-31": "21.21%", "2006-09-30": "28.39%", "2006-06-30": "27.78%", "2006-03-31": "25.13%", "2005-12-31": "21.96%"}, "pe ratio": {"current": "0.00", "2021-02-05": "0.00", "2020-09-30": "0.00", "2020-06-30": "0.00", "2020-03-31": "0.00", "2019-12-31": "0.00", "2019-09-30": "0.00", "2019-06-30": "0.00", "2019-03-31": "0.00", "2018-12-31": "0.00", "2018-09-30": "17.43", "2018-06-30": "65.82", "2018-03-31": "16.80", "2017-12-31": "12.49", "2017-09-30": "0.00", "2017-06-30": "283.49", "2017-03-31": "0.00", "2016-12-31": "0.00", "2016-09-30": "0.00", "2016-06-30": "0.00", "2016-03-31": "0.00", "2015-12-31": "0.00", "2015-09-30": "0.00", "2015-06-30": "24.13", "2015-03-31": "13.52", "2014-12-31": "13.73", "2014-09-30": "28.98", "2014-06-30": "55.10", "2014-03-31": "58.69", "2013-12-31": "116.67", "2013-09-30": "86.44", "2013-06-30": "191.84", "2013-03-31": "0.00", "2012-12-31": "1012.24", "2012-09-30": "0.00", "2012-06-30": "213.34", "2012-03-31": "215.75", "2011-12-31": "165.90", "2011-09-30": "0.00", "2011-06-30": "0.00", "2011-03-31": "0.00", "2010-12-31": "0.00", "2010-09-30": "96.38", "2010-06-30": "160.50", "2010-03-31": "0.00", "2009-12-31": "0.00", "2009-09-30": "131.22", "2009-06-30": "16.78", "2009-03-31": "16.45", "2008-12-31": "14.99", "2008-09-30": "22.58", "2008-06-30": "160.08", "2008-03-31": "57.53", "2007-12-31": "31.52", "2007-09-30": "29.06", "2007-06-30": "27.33", "2007-03-31": "25.36", "2006-12-31": "22.64"}, "price sales": {"2021-02-05": "1.15", "2020-09-30": "0.82", "2020-06-30": "0.60", "2020-03-31": "0.20", "2019-12-31": "0.43", "2019-09-30": "0.29", "2019-06-30": "0.49", "2019-03-31": "0.83", "2018-12-31": "0.71", "2018-09-30": "1.43", "2018-06-30": "1.58", "2018-03-31": "1.36", "2017-12-31": "1.57", "2017-09-30": "2.08", "2017-06-30": "2.38", "2017-03-31": "3.84", "2016-12-31": "5.40", "2016-09-30": "5.15", "2016-06-30": "5.30", "2016-03-31": "3.59", "2015-12-31": "2.50", "2015-09-30": "2.92", "2015-06-30": "4.16", "2015-03-31": "3.43", "2014-12-31": "3.51", "2014-09-30": "4.94", "2014-06-30": "6.83", "2014-03-31": "6.80", "2013-12-31": "7.43", "2013-09-30": "6.25", "2013-06-30": "6.86", "2013-03-31": "8.22", "2012-12-31": "6.66", "2012-09-30": "8.21", "2012-06-30": "6.89", "2012-03-31": "7.03", "2011-12-31": "7.71", "2011-09-30": "7.48", "2011-06-30": "8.30", "2011-03-31": "10.16", "2010-12-31": "7.15", "2010-09-30": "6.91", "2010-06-30": "7.15", "2010-03-31": "8.40", "2009-12-31": "9.11", "2009-09-30": "7.32", "2009-06-30": "4.36", "2009-03-31": "4.41", "2008-12-31": "3.86", "2008-09-30": "5.26", "2008-06-30": "11.54", "2008-03-31": "10.02", "2007-12-31": "8.49", "2007-09-30": "6.96", "2007-06-30": "6.45", "2007-03-31": "6.18", "2006-12-31": "4.82"}, "price book": {"current": "1.43", "2021-02-05": "1.37", "2020-09-30": "0.98", "2020-06-30": "0.59", "2020-03-31": "0.23", "2019-12-31": "0.52", "2019-09-30": "0.23", "2019-06-30": "0.42", "2019-03-31": "0.69", "2018-12-31": "0.58", "2018-09-30": "0.72", "2018-06-30": "0.71", "2018-03-31": "0.61", "2017-12-31": "0.72", "2017-09-30": "0.86", "2017-06-30": "0.99", "2017-03-31": "1.26", "2016-12-31": "1.53", "2016-09-30": "1.71", "2016-06-30": "2.91", "2016-03-31": "2.01", "2015-12-31": "1.47", "2015-09-30": "1.72", "2015-06-30": "2.40", "2015-03-31": "2.45", "2014-12-31": "2.53", "2014-09-30": "3.50", "2014-06-30": "4.71", "2014-03-31": "5.37", "2013-12-31": "5.52", "2013-09-30": "5.02", "2013-06-30": "5.12", "2013-03-31": "5.66", "2012-12-31": "4.19", "2012-09-30": "4.81", "2012-06-30": "4.01", "2012-03-31": "3.80", "2011-12-31": "4.02", "2011-09-30": "3.90", "2011-06-30": "3.83", "2011-03-31": "4.13", "2010-12-31": "3.11", "2010-09-30": "2.27", "2010-06-30": "2.44", "2010-03-31": "2.82", "2009-12-31": "3.17", "2009-09-30": "3.12", "2009-06-30": "2.55", "2009-03-31": "2.45", "2008-12-31": "2.08", "2008-09-30": "2.81", "2008-06-30": "5.61", "2008-03-31": "5.51", "2007-12-31": "4.23", "2007-09-30": "3.37", "2007-06-30": "3.20", "2007-03-31": "3.41", "2006-12-31": "2.88", "2006-09-30": "2.71", "2006-06-30": "3.27", "2006-03-31": "4.16"}, "price fcf": {"2021-02-05": "", "2020-09-30": "$-0.78", "2020-06-30": "$-0.68", "2020-03-31": "$-0.52", "2019-12-31": "$-0.27", "2019-09-30": "$-0.06", "2019-06-30": "$0.32", "2019-03-31": "$-0.09", "2018-12-31": "$-0.13", "2018-09-30": "$-0.94", "2018-06-30": "$-1.53", "2018-03-31": "$-1.50", "2017-12-31": "$-1.61", "2017-09-30": "$-0.66", "2017-06-30": "$-0.51", "2017-03-31": "$-0.41", "2016-12-31": "$-0.66", "2016-09-30": "$-0.72", "2016-06-30": "$-0.94", "2016-03-31": "$-1.66", "2015-12-31": "$-2.52", "2015-09-30": "$-3.23", "2015-06-30": "$-3.51", "2015-03-31": "$-3.20", "2014-12-31": "$-2.74", "2014-09-30": "$-2.67", "2014-06-30": "$-2.66", "2014-03-31": "$-3.62", "2013-12-31": "$-3.43", "2013-09-30": "$-4.06", "2013-06-30": "$-4.60", "2013-03-31": "$-5.09", "2012-12-31": "$-6.53", "2012-09-30": "$-6.93", "2012-06-30": "$-7.66", "2012-03-31": "$-6.22", "2011-12-31": "$-5.06", "2011-09-30": "$-2.50", "2011-06-30": "$-2.47", "2011-03-31": "$-2.14", "2010-12-31": "$-1.48", "2010-09-30": "$-2.13", "2010-06-30": "$0.09", "2010-03-31": "$0.45", "2009-12-31": "$0.40", "2009-09-30": "$-0.20", "2009-06-30": "$-0.20", "2009-03-31": "$-0.65", "2008-12-31": "$-0.60", "2008-09-30": "$-0.44", "2008-06-30": "$-0.90", "2008-03-31": "$-0.47", "2007-12-31": "$-1.11", "2007-09-30": "$-1.31", "2007-06-30": "$-1.37", "2007-03-31": "$-1.08", "2006-12-31": "$-0.16"}, "net worth": {"value": "$2.37B"}, "current ratio": {"2020-09-30": "0.33", "2020-06-30": "0.63", "2020-03-31": "0.95", "2019-12-31": "0.76", "2019-09-30": "0.74", "2019-06-30": "0.75", "2019-03-31": "0.58", "2018-12-31": "0.80", "2018-09-30": "0.56", "2018-06-30": "0.52", "2018-03-31": "0.50", "2017-12-31": "0.57", "2017-09-30": "0.50", "2017-06-30": "0.60", "2017-03-31": "0.47", "2016-12-31": "0.40", "2016-09-30": "0.82", "2016-06-30": "0.43", "2016-03-31": "1.16", "2015-12-31": "1.25", "2015-09-30": "0.91", "2015-06-30": "0.74", "2015-03-31": "0.84", "2014-12-31": "0.89", "2014-09-30": "0.51", "2014-06-30": "0.44", "2014-03-31": "0.51", "2013-12-31": "0.50", "2013-09-30": "0.49", "2013-06-30": "0.54", "2013-03-31": "0.61", "2012-12-31": "0.72", "2012-09-30": "0.50", "2012-06-30": "0.69", "2012-03-31": "0.84", "2011-12-31": "0.62", "2011-09-30": "0.72", "2011-06-30": "1.26", "2011-03-31": "2.90", "2010-12-31": "2.51", "2010-09-30": "0.73", "2010-06-30": "1.06", "2010-03-31": "1.66", "2009-12-31": "0.56", "2009-09-30": "0.80", "2009-06-30": "1.24", "2009-03-31": "1.31", "2008-12-31": "1.14", "2008-09-30": "0.75", "2008-06-30": "0.50", "2008-03-31": "0.54", "2007-12-31": "0.86", "2007-09-30": "0.95", "2007-06-30": "0.95", "2007-03-31": "1.87", "2006-12-31": "1.55", "2006-09-30": "1.44", "2006-06-30": "1.09", "2006-03-31": "0.70", "2005-12-31": "0.65", "2005-09-30": "0.53", "2005-06-30": "0.61", "2005-03-31": "0.66"}, "quick ratio": {"2020-09-30": "0.00", "2020-06-30": "0.00", "2020-03-31": "0.00", "2019-12-31": "0.00", "2019-09-30": "0.69", "2019-06-30": "0.71", "2019-03-31": "0.54", "2018-12-31": "0.00", "2018-09-30": "0.53", "2018-06-30": "0.49", "2018-03-31": "0.45", "2017-12-31": "0.54", "2017-09-30": "0.47", "2017-06-30": "0.57", "2017-03-31": "0.44", "2016-12-31": "0.36", "2016-09-30": "0.74", "2016-06-30": "0.37", "2016-03-31": "1.08", "2015-12-31": "1.15", "2015-09-30": "0.86", "2015-06-30": "0.70", "2015-03-31": "0.81", "2014-12-31": "0.86", "2014-09-30": "0.47", "2014-06-30": "0.41", "2014-03-31": "0.48", "2013-12-31": "0.48", "2013-09-30": "0.46", "2013-06-30": "0.51", "2013-03-31": "0.58", "2012-12-31": "0.67", "2012-09-30": "0.46", "2012-06-30": "0.66", "2012-03-31": "0.81", "2011-12-31": "0.59", "2011-09-30": "0.68", "2011-06-30": "1.23", "2011-03-31": "2.85", "2010-12-31": "2.46", "2010-09-30": "0.67", "2010-06-30": "1.00", "2010-03-31": "1.60", "2009-12-31": "0.49", "2009-09-30": "0.72", "2009-06-30": "1.14", "2009-03-31": "1.24", "2008-12-31": "1.09", "2008-09-30": "0.71", "2008-06-30": "0.46", "2008-03-31": "0.53", "2007-12-31": "0.82", "2007-09-30": "0.90", "2007-06-30": "0.91", "2007-03-31": "1.80", "2006-12-31": "1.51", "2006-09-30": "1.37", "2006-06-30": "1.04", "2006-03-31": "0.63", "2005-12-31": "0.61", "2005-09-30": "0.50", "2005-06-30": "0.53", "2005-03-31": "0.62"}, "debt equity ratio": {"current": "1.83", "2020-09-30": "2.62", "2020-06-30": "1.76", "2020-03-31": "1.66", "2019-12-31": "1.82", "2019-09-30": "1.13", "2019-06-30": "1.33", "2019-03-31": "1.37", "2018-12-31": "1.39", "2018-09-30": "1.04", "2018-06-30": "1.05", "2018-03-31": "1.01", "2017-12-31": "1.03", "2017-09-30": "1.10", "2017-06-30": "1.05", "2017-03-31": "1.05", "2016-12-31": "1.09", "2016-09-30": "1.07", "2016-06-30": "1.59", "2016-03-31": "1.51", "2015-12-31": "1.50", "2015-09-30": "1.72", "2015-06-30": "1.60", "2015-03-31": "1.54", "2014-12-31": "1.52", "2014-09-30": "1.54", "2014-06-30": "1.58", "2014-03-31": "2.06", "2013-12-31": "2.02", "2013-09-30": "1.94", "2013-06-30": "1.91", "2013-03-31": "2.04", "2012-12-31": "1.85", "2012-09-30": "1.92", "2012-06-30": "1.71", "2012-03-31": "1.62", "2011-12-31": "1.44", "2011-09-30": "1.36", "2011-06-30": "1.37", "2011-03-31": "1.57", "2010-12-31": "1.48", "2010-09-30": "1.27", "2010-06-30": "1.28", "2010-03-31": "1.23", "2009-12-31": "1.27", "2009-09-30": "1.26", "2009-06-30": "1.23", "2009-03-31": "1.28", "2008-12-31": "1.27", "2008-09-30": "1.34", "2008-06-30": "1.83", "2008-03-31": "1.73", "2007-12-31": "1.32", "2007-09-30": "1.25", "2007-06-30": "1.23", "2007-03-31": "1.53", "2006-12-31": "1.54", "2006-09-30": "1.49", "2006-06-30": "1.64", "2006-03-31": "1.50", "2005-12-31": "1.90", "2005-09-30": "2.47", "2005-06-30": "1.64", "2005-03-31": "1.97"}, "return on equity": {"2020-09-30": "-112.82%", "2020-06-30": "-64.90%", "2020-03-31": "-47.87%", "2019-12-31": "-46.56%", "2019-09-30": "-40.75%", "2019-06-30": "-35.34%", "2019-03-31": "-36.44%", "2018-12-31": "-32.54%", "2018-09-30": "4.05%", "2018-06-30": "1.03%", "2018-03-31": "3.65%", "2017-12-31": "5.83%", "2017-09-30": "-0.90%", "2017-06-30": "0.65%", "2017-03-31": "-5.46%", "2016-12-31": "-13.05%", "2016-09-30": "-20.45%", "2016-06-30": "-34.31%", "2016-03-31": "-28.11%", "2015-12-31": "-22.46%", "2015-09-30": "-3.37%", "2015-06-30": "9.84%", "2015-03-31": "18.88%", "2014-12-31": "20.67%", "2014-09-30": "13.57%", "2014-06-30": "9.73%", "2014-03-31": "9.25%", "2013-12-31": "4.83%", "2013-09-30": "5.92%", "2013-06-30": "2.84%", "2013-03-31": "-0.90%", "2012-12-31": "0.55%", "2012-09-30": "-1.86%", "2012-06-30": "1.85%", "2012-03-31": "1.67%", "2011-12-31": "2.45%", "2011-09-30": "-11.54%", "2011-06-30": "-13.05%", "2011-03-31": "-14.38%", "2010-12-31": "-9.69%", "2010-09-30": "2.48%", "2010-06-30": "1.63%", "2010-03-31": "-0.37%", "2009-12-31": "-2.22%", "2009-09-30": "2.45%", "2009-06-30": "15.53%", "2009-03-31": "17.14%", "2008-12-31": "17.44%", "2008-09-30": "15.02%", "2008-06-30": "2.94%", "2008-03-31": "8.68%", "2007-12-31": "13.60%", "2007-09-30": "13.26%", "2007-06-30": "13.86%", "2007-03-31": "14.39%", "2006-12-31": "14.42%", "2006-09-30": "21.03%", "2006-06-30": "22.10%", "2006-03-31": "21.14%", "2005-12-31": "17.98%"}, "return on assets": {"2020-09-30": "-38.77%", "2020-06-30": "-25.76%", "2020-03-31": "-19.82%", "2019-12-31": "-19.72%", "2019-09-30": "-17.69%", "2019-06-30": "-15.64%", "2019-03-31": "-16.68%", "2018-12-31": "-15.48%", "2018-09-30": "1.99%", "2018-06-30": "0.50%", "2018-03-31": "1.78%", "2017-12-31": "2.84%", "2017-09-30": "-0.44%", "2017-06-30": "0.32%", "2017-03-31": "-2.55%", "2016-12-31": "-5.85%", "2016-09-30": "-8.73%", "2016-06-30": "-13.28%", "2016-03-31": "-10.85%", "2015-12-31": "-8.67%", "2015-09-30": "-1.30%", "2015-06-30": "3.86%", "2015-03-31": "7.43%", "2014-12-31": "7.81%", "2014-09-30": "4.90%", "2014-06-30": "3.38%", "2014-03-31": "3.10%", "2013-12-31": "1.62%", "2013-09-30": "2.02%", "2013-06-30": "0.97%", "2013-03-31": "-0.31%", "2012-12-31": "0.20%", "2012-09-30": "-0.69%", "2012-06-30": "0.73%", "2012-03-31": "0.68%", "2011-12-31": "1.01%", "2011-09-30": "-4.73%", "2011-06-30": "-5.41%", "2011-03-31": "-6.02%", "2010-12-31": "-4.20%", "2010-09-30": "1.10%", "2010-06-30": "0.72%", "2010-03-31": "-0.16%", "2009-12-31": "-0.98%", "2009-09-30": "1.09%", "2009-06-30": "6.83%", "2009-03-31": "7.15%", "2008-12-31": "6.97%", "2008-09-30": "5.92%", "2008-06-30": "1.16%", "2008-03-31": "3.64%", "2007-12-31": "5.86%", "2007-09-30": "5.60%", "2007-06-30": "5.70%", "2007-03-31": "5.65%", "2006-12-31": "5.67%", "2006-09-30": "8.06%", "2006-06-30": "7.87%", "2006-03-31": "7.46%", "2005-12-31": "6.05%"}, "return on investments": {"2020-09-30": "-13.43%", "2020-06-30": "0.28%", "2020-03-31": "5.67%", "2019-12-31": "4.65%", "2019-09-30": "-12.92%", "2019-06-30": "-10.56%", "2019-03-31": "-12.37%", "2018-12-31": "-10.79%", "2018-09-30": "4.98%", "2018-06-30": "2.58%", "2018-03-31": "4.46%", "2017-12-31": "6.15%", "2017-09-30": "1.92%", "2017-06-30": "3.44%", "2017-03-31": "-1.99%", "2016-12-31": "-7.19%", "2016-09-30": "-5.43%", "2016-06-30": "-13.03%", "2016-03-31": "-9.15%", "2015-12-31": "-6.37%", "2015-09-30": "-2.48%", "2015-06-30": "7.37%", "2015-03-31": "15.54%", "2014-12-31": "16.32%", "2014-09-30": "12.50%", "2014-06-30": "9.24%", "2014-03-31": "8.53%", "2013-12-31": "5.53%", "2013-09-30": "9.42%", "2013-06-30": "7.92%", "2013-03-31": "5.38%", "2012-12-31": "6.54%", "2012-09-30": "4.76%", "2012-06-30": "7.34%", "2012-03-31": "6.99%", "2011-12-31": "7.16%", "2011-09-30": "6.38%", "2011-06-30": "4.85%", "2011-03-31": "2.74%", "2010-12-31": "6.60%", "2010-09-30": "7.99%", "2010-06-30": "7.24%", "2010-03-31": "6.06%", "2009-12-31": "4.69%", "2009-09-30": "7.30%", "2009-06-30": "18.80%", "2009-03-31": "19.41%", "2008-12-31": "19.42%", "2008-09-30": "17.78%", "2008-06-30": "6.74%", "2008-03-31": "11.88%", "2007-12-31": "12.53%", "2007-09-30": "12.76%", "2007-06-30": "13.86%", "2007-03-31": "13.85%", "2006-12-31": "18.83%", "2006-09-30": "22.23%", "2006-06-30": "21.16%", "2006-03-31": "20.27%", "2005-12-31": "17.19%"}, "return on tangible equity": {"2020-09-30": "-112.82%", "2020-06-30": "-64.90%", "2020-03-31": "-47.87%", "2019-12-31": "-46.56%", "2019-09-30": "-40.75%", "2019-06-30": "-38.86%", "2019-03-31": "-43.72%", "2018-12-31": "-42.22%", "2018-09-30": "5.65%", "2018-06-30": "1.44%", "2018-03-31": "5.12%", "2017-12-31": "8.24%", "2017-09-30": "-1.28%", "2017-06-30": "0.93%", "2017-03-31": "-7.38%", "2016-12-31": "-16.42%", "2016-09-30": "-23.30%", "2016-06-30": "-34.31%", "2016-03-31": "-28.11%", "2015-12-31": "-22.46%", "2015-09-30": "-3.37%", "2015-06-30": "9.84%", "2015-03-31": "18.88%", "2014-12-31": "20.67%", "2014-09-30": "13.57%", "2014-06-30": "9.73%", "2014-03-31": "9.25%", "2013-12-31": "4.83%", "2013-09-30": "5.92%", "2013-06-30": "2.84%", "2013-03-31": "-0.90%", "2012-12-31": "0.55%", "2012-09-30": "-1.86%", "2012-06-30": "1.85%", "2012-03-31": "1.67%", "2011-12-31": "2.45%", "2011-09-30": "-11.54%", "2011-06-30": "-13.05%", "2011-03-31": "-14.38%", "2010-12-31": "-9.69%", "2010-09-30": "2.48%", "2010-06-30": "1.63%", "2010-03-31": "-0.37%", "2009-12-31": "-2.22%", "2009-09-30": "2.45%", "2009-06-30": "15.53%", "2009-03-31": "17.14%", "2008-12-31": "17.44%", "2008-09-30": "15.02%", "2008-06-30": "2.94%", "2008-03-31": "8.68%", "2007-12-31": "13.60%", "2007-09-30": "13.26%", "2007-06-30": "13.86%", "2007-03-31": "14.39%", "2006-12-31": "14.42%", "2006-09-30": "21.03%", "2006-06-30": "22.10%", "2006-03-31": "21.14%", "2005-12-31": "17.98%"}, "dividend yield history": {"last payout": "$0.00", "last yield": "0.00%"}}