{"ticker": "RYN", "price": {"title": "Rayonier Historical Annual Stock Price Data", "value": 33.34, "historical": {"2021": {"Average Stock Price": "31.3363", "Year Open": "29.1000", "Year High": "33.3400", "Year Low": "29.1000", "Year Close": "33.3400", "Annual % Change": "13.48%"}, "2020": {"Average Stock Price": "26.8370", "Year Open": "32.3200", "Year High": "32.8000", "Year Low": "18.7100", "Year Close": "29.3800", "Annual % Change": "-10.32%"}, "2019": {"Average Stock Price": "29.6181", "Year Open": "27.3700", "Year High": "32.7800", "Year Low": "26.0600", "Year Close": "32.7600", "Annual % Change": "18.31%"}, "2018": {"Average Stock Price": "34.2900", "Year Open": "31.9700", "Year High": "39.5500", "Year Low": "26.6500", "Year Close": "27.6900", "Annual % Change": "-12.46%"}, "2017": {"Average Stock Price": "28.9741", "Year Open": "27.0300", "Year High": "31.7800", "Year Low": "27.0300", "Year Close": "31.6300", "Annual % Change": "18.91%"}, "2016": {"Average Stock Price": "25.1236", "Year Open": "22.2000", "Year High": "28.2500", "Year Low": "18.6300", "Year Close": "26.6000", "Annual % Change": "19.82%"}, "2015": {"Average Stock Price": "25.2006", "Year Open": "28.1500", "Year High": "29.8700", "Year Low": "21.9700", "Year Close": "22.2000", "Annual % Change": "-20.54%"}, "2014": {"Average Stock Price": "38.3701", "Year Open": "42.5500", "Year High": "48.7100", "Year Low": "25.9100", "Year Close": "27.9400", "Annual % Change": "-33.63%"}, "2013": {"Average Stock Price": "54.1942", "Year Open": "52.6300", "Year High": "60.3100", "Year Low": "41.1900", "Year Close": "42.1000", "Annual % Change": "-18.77%"}, "2012": {"Average Stock Price": "46.5563", "Year Open": "44.4200", "Year High": "51.8300", "Year Low": "41.6200", "Year Close": "51.8300", "Annual % Change": "16.13%"}, "2011": {"Average Stock Price": "41.0386", "Year Open": "37.0267", "Year High": "45.1667", "Year Low": "35.6200", "Year Close": "44.6300", "Annual % Change": "27.47%"}, "2010": {"Average Stock Price": "31.5751", "Year Open": "28.2133", "Year High": "36.2667", "Year Low": "26.7467", "Year Close": "35.0133", "Annual % Change": "24.57%"}, "2009": {"Average Stock Price": "24.4657", "Year Open": "20.1733", "Year High": "29.3600", "Year Low": "15.3467", "Year Close": "28.1067", "Annual % Change": "34.48%"}, "2008": {"Average Stock Price": "27.3878", "Year Open": "31.0600", "Year High": "32.9267", "Year Low": "17.9400", "Year Close": "20.9000", "Annual % Change": "-33.64%"}, "2007": {"Average Stock Price": "29.6114", "Year Open": "27.3533", "Year High": "32.7800", "Year Low": "25.7933", "Year Close": "31.4933", "Annual % Change": "15.08%"}, "2006": {"Average Stock Price": "27.0696", "Year Open": "27.5600", "Year High": "30.8333", "Year Low": "24.2467", "Year Close": "27.3667", "Annual % Change": "3.01%"}, "2005": {"Average Stock Price": "23.5491", "Year Open": "21.5111", "Year High": "27.6000", "Year Low": "19.7778", "Year Close": "26.5667", "Annual % Change": "22.21%"}, "2004": {"Average Stock Price": "19.5082", "Year Open": "18.4800", "Year High": "21.9378", "Year Low": "17.1911", "Year Close": "21.7378", "Annual % Change": "17.83%"}, "2003": {"Average Stock Price": "15.4526", "Year Open": "13.6296", "Year High": "19.1556", "Year Low": "11.9822", "Year Close": "18.4489", "Annual % Change": "37.60%"}, "2002": {"Average Stock Price": "14.3766", "Year Open": "14.7081", "Year High": "17.3837", "Year Low": "11.0044", "Year Close": "13.4074", "Annual % Change": "-10.34%"}, "2001": {"Average Stock Price": "12.9471", "Year Open": "11.3511", "Year High": "14.9570", "Year Low": "11.0785", "Year Close": "14.9541", "Annual % Change": "26.78%"}, "2000": {"Average Stock Price": "11.8286", "Year Open": "13.8519", "Year High": "14.4444", "Year Low": "9.5378", "Year Close": "11.7956", "Annual % Change": "-17.59%"}, "1999": {"Average Stock Price": "13.1098", "Year Open": "13.4993", "Year High": "15.4459", "Year Low": "10.7585", "Year Close": "14.3141", "Annual % Change": "5.16%"}, "1998": {"Average Stock Price": "12.9354", "Year Open": "12.6311", "Year High": "15.1852", "Year Low": "11.1852", "Year Close": "13.6119", "Annual % Change": "7.94%"}, "1997": {"Average Stock Price": "12.7741", "Year Open": "11.2978", "Year High": "15.2593", "Year Low": "10.4444", "Year Close": "12.6104", "Annual % Change": "10.92%"}, "1996": {"Average Stock Price": "11.1390", "Year Open": "9.8874", "Year High": "12.1481", "Year Low": "9.8874", "Year Close": "11.3689", "Annual % Change": "14.95%"}, "1995": {"Average Stock Price": "10.2343", "Year Open": "8.8889", "Year High": "11.8163", "Year Low": "8.4830", "Year Close": "9.8904", "Annual % Change": "9.44%"}}}, "market cap": {"value": "$4.55B"}, "income statement": {"Revenue": {"2020-12-31": "859.20000", "2019-12-31": "711.55600", "2018-12-31": "816.13800", "2017-12-31": "819.59600", "2016-12-31": "815.91500", "2015-12-31": "568.80000", "2014-12-31": "603.52100", "2013-12-31": "659.71800", "2012-12-31": "378.60800", "2011-12-31": "1420.96000", "2010-12-31": "1315.23300", "2009-12-31": "1168.56700", "2008-12-31": "1271.04800", "2007-12-31": "1224.65400", "2006-12-31": "1121.54300", "2005-12-31": "1180.70800"}, "Cost Of Goods Sold": {"2020-12-31": "712.50000", "2019-12-31": "558.35000", "2018-12-31": "605.25900", "2017-12-31": "568.25300", "2016-12-31": "526.43900", "2015-12-31": "441.71800", "2014-12-31": "483.86000", "2013-12-31": "530.77200", "2012-12-31": "305.47900", "2011-12-31": "1006.29700", "2010-12-31": "990.09900", "2009-12-31": "914.77200", "2008-12-31": "991.89400", "2007-12-31": "922.14800", "2006-12-31": "843.70000", "2005-12-31": "950.61200"}, "Gross Profit": {"2020-12-31": "146.70000", "2019-12-31": "153.20610", "2018-12-31": "210.87900", "2017-12-31": "251.34300", "2016-12-31": "289.47600", "2015-12-31": "127.08200", "2014-12-31": "119.66100", "2013-12-31": "128.94600", "2012-12-31": "73.12900", "2011-12-31": "414.66300", "2010-12-31": "325.13400", "2009-12-31": "253.79500", "2008-12-31": "279.15400", "2007-12-31": "302.50600", "2006-12-31": "277.84300", "2005-12-31": "230.09600"}, "Research And Development Expenses": {"2020-12-31": "", "2019-12-31": "", "2018-12-31": "", "2017-12-31": "", "2016-12-31": "", "2015-12-31": "", "2014-12-31": "", "2013-12-31": "", "2012-12-31": "", "2011-12-31": "", "2010-12-31": "", "2009-12-31": "", "2008-12-31": "", "2007-12-31": "", "2006-12-31": "", "2005-12-31": ""}, "SG&A Expenses": {"2020-12-31": "50.60000", "2019-12-31": "41.64600", "2018-12-31": "41.95100", "2017-12-31": "40.24500", "2016-12-31": "42.78500", "2015-12-31": "45.75000", "2014-12-31": "47.88300", "2013-12-31": "55.43300", "2012-12-31": "58.63200", "2011-12-31": "65.25100", "2010-12-31": "67.10200", "2009-12-31": "62.63300", "2008-12-31": "64.50300", "2007-12-31": "66.94100", "2006-12-31": "63.64800", "2005-12-31": "64.40300"}, "Other Operating Income Or Expenses": {"2020-12-31": "-21.70000", "2019-12-31": "-4.53300", "2018-12-31": "1.14000", "2017-12-31": "4.39300", "2016-12-31": "9.08600", "2015-12-31": "-3.54800", "2014-12-31": "26.51100", "2013-12-31": "35.14700", "2012-12-31": "17.56100", "2011-12-31": "7.88200", "2010-12-31": "23.91900", "2009-12-31": "218.34600", "2008-12-31": "11.78500", "2007-12-31": "11.03000", "2006-12-31": "8.83300", "2005-12-31": "45.95800"}, "Operating Expenses": {"2020-12-31": "784.80000", "2019-12-31": "604.52900", "2018-12-31": "646.06990", "2017-12-31": "604.10500", "2016-12-31": "560.13800", "2015-12-31": "491.01600", "2014-12-31": "505.23200", "2013-12-31": "551.05800", "2012-12-31": "346.55000", "2011-12-31": "1063.66600", "2010-12-31": "1033.28200", "2009-12-31": "759.05900", "2008-12-31": "1044.61200", "2007-12-31": "978.05900", "2006-12-31": "898.51500", "2005-12-31": "969.05700"}, "Operating Income": {"2020-12-31": "74.40000", "2019-12-31": "107.02700", "2018-12-31": "170.06810", "2017-12-31": "215.49100", "2016-12-31": "255.77700", "2015-12-31": "77.78400", "2014-12-31": "98.28900", "2013-12-31": "108.66000", "2012-12-31": "32.05800", "2011-12-31": "357.29390", "2010-12-31": "281.95090", "2009-12-31": "409.50810", "2008-12-31": "226.43600", "2007-12-31": "246.59510", "2006-12-31": "223.02800", "2005-12-31": "211.65100"}, "Total Non-Operating Income/Expense": {"2020-12-31": "-37.60000", "2019-12-31": "-26.40900", "2018-12-31": "-27.50200", "2017-12-31": "-32.23100", "2016-12-31": "-32.94300", "2015-12-31": "-34.70200", "2014-12-31": "-53.44700", "2013-12-31": "-38.50200", "2012-12-31": "-42.34400", "2011-12-31": "-49.93200", "2010-12-31": "-49.14800", "2009-12-31": "-50.63100", "2008-12-31": "-48.41700", "2007-12-31": "-49.68600", "2006-12-31": "-39.97800", "2005-12-31": "-29.31300"}, "Pre-Tax Income": {"2020-12-31": "36.80000", "2019-12-31": "80.61800", "2018-12-31": "142.56600", "2017-12-31": "183.26000", "2016-12-31": "222.83400", "2015-12-31": "43.08200", "2014-12-31": "44.84200", "2013-12-31": "70.15800", "2012-12-31": "-10.28600", "2011-12-31": "307.36200", "2010-12-31": "232.80300", "2009-12-31": "358.87700", "2008-12-31": "178.01900", "2007-12-31": "196.90900", "2006-12-31": "183.05000", "2005-12-31": "182.33800"}, "Income Taxes": {"2020-12-31": "7.00000", "2019-12-31": "12.94000", "2018-12-31": "25.23600", "2017-12-31": "21.68100", "2016-12-31": "5.06400", "2015-12-31": "-0.85900", "2014-12-31": "-9.60100", "2013-12-31": "-35.68500", "2012-12-31": "-27.06000", "2011-12-31": "30.68800", "2010-12-31": "15.21700", "2009-12-31": "46.33600", "2008-12-31": "29.43600", "2007-12-31": "23.35000", "2006-12-31": "18.42300", "2005-12-31": "-20.13900"}, "Income After Taxes": {"2020-12-31": "29.80000", "2019-12-31": "67.67800", "2018-12-31": "117.33000", "2017-12-31": "161.57900", "2016-12-31": "217.77000", "2015-12-31": "43.94100", "2014-12-31": "54.44300", "2013-12-31": "105.84300", "2012-12-31": "16.77400", "2011-12-31": "276.67400", "2010-12-31": "217.58600", "2009-12-31": "312.54100", "2008-12-31": "148.58300", "2007-12-31": "173.55900", "2006-12-31": "164.62700", "2005-12-31": "202.47700"}, "Other Income": {"2020-12-31": "", "2019-12-31": "", "2018-12-31": "", "2017-12-31": "", "2016-12-31": "", "2015-12-31": "", "2014-12-31": "", "2013-12-31": "", "2012-12-31": "", "2011-12-31": "", "2010-12-31": "", "2009-12-31": "", "2008-12-31": "", "2007-12-31": "", "2006-12-31": "", "2005-12-31": ""}, "Income From Continuous Operations": {"2020-12-31": "29.80000", "2019-12-31": "67.67800", "2018-12-31": "117.33000", "2017-12-31": "161.57900", "2016-12-31": "217.77000", "2015-12-31": "43.94100", "2014-12-31": "54.44300", "2013-12-31": "105.84300", "2012-12-31": "16.77400", "2011-12-31": "276.67400", "2010-12-31": "217.58600", "2009-12-31": "312.54100", "2008-12-31": "148.58300", "2007-12-31": "173.55900", "2006-12-31": "164.62700", "2005-12-31": "202.47700"}, "Income From Discontinued Operations": {"2020-12-31": "", "2019-12-31": "", "2018-12-31": "", "2017-12-31": "", "2016-12-31": "", "2015-12-31": "", "2014-12-31": "43.40300", "2013-12-31": "267.95500", "2012-12-31": "261.91100", "2011-12-31": "-0.66900", "2010-12-31": "", "2009-12-31": "", "2008-12-31": "", "2007-12-31": "", "2006-12-31": "11.84200", "2005-12-31": "-24.95600"}, "Net Income": {"2020-12-31": "37.10000", "2019-12-31": "59.10500", "2018-12-31": "102.21600", "2017-12-31": "148.84200", "2016-12-31": "211.97200", "2015-12-31": "46.16500", "2014-12-31": "99.33700", "2013-12-31": "371.89600", "2012-12-31": "278.68500", "2011-12-31": "276.00500", "2010-12-31": "217.58600", "2009-12-31": "312.54100", "2008-12-31": "148.58300", "2007-12-31": "173.55900", "2006-12-31": "176.46900", "2005-12-31": "177.52100"}, "EBITDA": {"2020-12-31": "239.40000", "2019-12-31": "235.71100", "2018-12-31": "314.86410", "2017-12-31": "343.52200", "2016-12-31": "372.97000", "2015-12-31": "195.49900", "2014-12-31": "226.63700", "2013-12-31": "248.75800", "2012-12-31": "142.50500", "2011-12-31": "510.86490", "2010-12-31": "439.65190", "2009-12-31": "578.78310", "2008-12-31": "400.11200", "2007-12-31": "402.40010", "2006-12-31": "359.52290", "2005-12-31": "359.03900"}, "EBIT": {"2020-12-31": "74.40000", "2019-12-31": "107.02700", "2018-12-31": "170.06810", "2017-12-31": "215.49100", "2016-12-31": "255.77700", "2015-12-31": "77.78400", "2014-12-31": "98.28900", "2013-12-31": "108.66000", "2012-12-31": "32.05800", "2011-12-31": "357.29390", "2010-12-31": "281.95090", "2009-12-31": "409.50810", "2008-12-31": "226.43600", "2007-12-31": "246.59510", "2006-12-31": "223.02800", "2005-12-31": "211.65100"}, "Basic Shares Outstanding": {"2020-12-31": "133.86600", "2019-12-31": "129.25700", "2018-12-31": "129.04400", "2017-12-31": "127.36800", "2016-12-31": "122.58520", "2015-12-31": "125.38500", "2014-12-31": "131.03800", "2013-12-31": "125.71700", "2012-12-31": "122.71200", "2011-12-31": "121.66300", "2010-12-31": "120.24000", "2009-12-31": "118.57900", "2008-12-31": "117.71550", "2007-12-31": "116.35800", "2006-12-31": "114.73050", "2005-12-31": "113.25750"}, "Shares Outstanding": {"2020-12-31": "136.94300", "2019-12-31": "129.59800", "2018-12-31": "129.69000", "2017-12-31": "127.81000", "2016-12-31": "122.81230", "2015-12-31": "125.90000", "2014-12-31": "131.03800", "2013-12-31": "130.10500", "2012-12-31": "128.70200", "2011-12-31": "125.39400", "2010-12-31": "121.86800", "2009-12-31": "120.03000", "2008-12-31": "119.14350", "2007-12-31": "118.38000", "2006-12-31": "117.23850", "2005-12-31": "116.46600"}, "Basic EPS": {"2020-12-31": "0.28000", "2019-12-31": "0.46000", "2018-12-31": "0.79000", "2017-12-31": "1.17000", "2016-12-31": "1.73000", "2015-12-31": "0.37000", "2014-12-31": "0.78000", "2013-12-31": "2.96000", "2012-12-31": "2.27000", "2011-12-31": "2.27000", "2010-12-31": "1.81000", "2009-12-31": "2.63000", "2008-12-31": "1.26000", "2007-12-31": "1.49330", "2006-12-31": "1.54000", "2005-12-31": "1.56670"}, "EPS - Earnings Per Share": {"2020-12-31": "0.27000", "2019-12-31": "0.46000", "2018-12-31": "0.79000", "2017-12-31": "1.16000", "2016-12-31": "1.73000", "2015-12-31": "0.37000", "2014-12-31": "0.76000", "2013-12-31": "2.86000", "2012-12-31": "2.17000", "2011-12-31": "2.20000", "2010-12-31": "1.79000", "2009-12-31": "2.60000", "2008-12-31": "1.24670", "2007-12-31": "1.46670", "2006-12-31": "1.50670", "2005-12-31": "1.52670"}}, "income statement, quarterly": {"Revenue": {"2020-12-31": "205.50000", "2020-09-30": "198.87500", "2020-06-30": "195.63000", "2020-03-31": "259.13000", "2019-12-31": "178.79300", "2019-09-30": "156.41700", "2019-06-30": "184.80000", "2019-03-31": "191.54600", "2018-12-31": "166.14600", "2018-09-30": "200.89000", "2018-06-30": "245.90600", "2018-03-31": "203.19600", "2017-12-31": "239.72200", "2017-09-30": "184.41900", "2017-06-30": "200.96400", "2017-03-31": "194.49100", "2016-12-31": "248.10100", "2016-09-30": "171.42100", "2016-06-30": "261.55000", "2016-03-31": "134.84300", "2015-12-31": "161.03700", "2015-09-30": "151.65700", "2015-06-30": "115.80100", "2015-03-31": "140.30500", "2014-12-31": "147.36000", "2014-09-30": "149.82900", "2014-06-30": "163.14500", "2014-03-31": "143.18700", "2013-12-31": "520.20000", "2013-09-30": "159.26100", "2013-06-30": "154.88900", "2013-03-31": "393.71900", "2012-12-31": "412.70000", "2012-09-30": "386.16300", "2012-06-30": "348.09600", "2012-03-31": "336.57100", "2011-12-31": "388.40000", "2011-09-30": "385.09100", "2011-06-30": "357.39700", "2011-03-31": "357.73100", "2010-12-31": "315.30800", "2010-09-30": "377.51500", "2010-06-30": "312.21000", "2010-03-31": "310.20000", "2009-12-31": "309.83600", "2009-09-30": "300.64800", "2009-06-30": "278.69800", "2009-03-31": "279.38500", "2008-12-31": "373.59300", "2008-09-30": "317.46500", "2008-06-30": "304.86700", "2008-03-31": "275.12300", "2007-12-31": "300.45900", "2007-09-30": "324.11500", "2007-06-30": "300.35100", "2007-03-31": "299.72900", "2006-12-31": "220.23900", "2006-09-30": "312.02900", "2006-06-30": "312.12200", "2006-03-31": "277.15300", "2005-12-31": "315.91300", "2005-09-30": "299.53600", "2005-06-30": "290.28700", "2005-03-31": "274.97200"}, "Cost Of Goods Sold": {"2020-12-31": "167.10000", "2020-09-30": "180.94400", "2020-06-30": "154.89100", "2020-03-31": "209.49900", "2019-12-31": "140.18200", "2019-09-30": "134.46300", "2019-06-30": "140.45400", "2019-03-31": "143.25100", "2018-12-31": "139.09200", "2018-09-30": "143.26100", "2018-06-30": "184.41800", "2018-03-31": "138.48800", "2017-12-31": "149.83200", "2017-09-30": "136.98300", "2017-06-30": "144.61000", "2017-03-31": "136.82800", "2016-12-31": "163.65000", "2016-09-30": "116.62400", "2016-06-30": "138.19400", "2016-03-31": "107.97100", "2015-12-31": "114.75100", "2015-09-30": "116.04400", "2015-06-30": "103.68900", "2015-03-31": "107.23400", "2014-12-31": "126.77600", "2014-09-30": "118.08800", "2014-06-30": "123.09600", "2014-03-31": "115.90000", "2013-12-31": "395.40000", "2013-09-30": "129.00200", "2013-06-30": "127.86100", "2013-03-31": "266.01800", "2012-12-31": "292.20000", "2012-09-30": "259.20100", "2012-06-30": "243.57100", "2012-03-31": "235.70800", "2011-12-31": "287.30000", "2011-09-30": "266.18400", "2011-06-30": "262.77200", "2011-03-31": "257.51100", "2010-12-31": "245.10300", "2010-09-30": "269.20300", "2010-06-30": "242.94000", "2010-03-31": "232.85300", "2009-12-31": "241.91500", "2009-09-30": "231.83600", "2009-06-30": "216.67400", "2009-03-31": "224.34700", "2008-12-31": "299.73600", "2008-09-30": "252.71400", "2008-06-30": "237.03600", "2008-03-31": "202.40800", "2007-12-31": "241.96800", "2007-09-30": "217.31300", "2007-06-30": "231.12500", "2007-03-31": "231.74200", "2006-12-31": "140.80700", "2006-09-30": "231.45400", "2006-06-30": "247.18500", "2006-03-31": "224.25400", "2005-12-31": "268.50800", "2005-09-30": "237.73900", "2005-06-30": "227.04000", "2005-03-31": "217.32500"}, "Gross Profit": {"2020-12-31": "38.40000", "2020-09-30": "17.93100", "2020-06-30": "40.73900", "2020-03-31": "49.63100", "2019-12-31": "38.61110", "2019-09-30": "21.95400", "2019-06-30": "44.34600", "2019-03-31": "48.29500", "2018-12-31": "27.05400", "2018-09-30": "57.62900", "2018-06-30": "61.48800", "2018-03-31": "64.70800", "2017-12-31": "89.89010", "2017-09-30": "47.43600", "2017-06-30": "56.35400", "2017-03-31": "57.66300", "2016-12-31": "84.45090", "2016-09-30": "54.79700", "2016-06-30": "123.35600", "2016-03-31": "26.87200", "2015-12-31": "46.28600", "2015-09-30": "35.61300", "2015-06-30": "12.11200", "2015-03-31": "33.07100", "2014-12-31": "20.58400", "2014-09-30": "31.74100", "2014-06-30": "40.04900", "2014-03-31": "27.28700", "2013-12-31": "124.80000", "2013-09-30": "30.25900", "2013-06-30": "27.02800", "2013-03-31": "127.70100", "2012-12-31": "120.50000", "2012-09-30": "126.96200", "2012-06-30": "104.52500", "2012-03-31": "100.86300", "2011-12-31": "101.10000", "2011-09-30": "118.90700", "2011-06-30": "94.62500", "2011-03-31": "100.22000", "2010-12-31": "70.20510", "2010-09-30": "108.31200", "2010-06-30": "69.27000", "2010-03-31": "77.34700", "2009-12-31": "67.92100", "2009-09-30": "68.81200", "2009-06-30": "62.02400", "2009-03-31": "55.03800", "2008-12-31": "73.85710", "2008-09-30": "64.75100", "2008-06-30": "67.83100", "2008-03-31": "72.71500", "2007-12-31": "58.49100", "2007-09-30": "106.80200", "2007-06-30": "69.22600", "2007-03-31": "67.98700", "2006-12-31": "79.43190", "2006-09-30": "80.57500", "2006-06-30": "64.93700", "2006-03-31": "52.89900", "2005-12-31": "47.40500", "2005-09-30": "61.79700", "2005-06-30": "63.24700", "2005-03-31": "57.64700"}, "Research And Development Expenses": {"2020-12-31": "", "2020-09-30": "", "2020-06-30": "", "2020-03-31": "", "2019-12-31": "", "2019-09-30": "", "2019-06-30": "", "2019-03-31": "", "2018-12-31": "", "2018-09-30": "", "2018-06-30": "", "2018-03-31": "", "2017-12-31": "", "2017-09-30": "", "2017-06-30": "", "2017-03-31": "", "2016-12-31": "", "2016-09-30": "", "2016-06-30": "", "2016-03-31": "", "2015-12-31": "", "2015-09-30": "", "2015-06-30": "", "2015-03-31": "", "2014-12-31": "", "2014-09-30": "", "2014-06-30": "", "2014-03-31": "", "2013-12-31": "", "2013-09-30": "", "2013-06-30": "", "2013-03-31": "", "2012-12-31": "", "2012-09-30": "", "2012-06-30": "", "2012-03-31": "", "2011-12-31": "", "2011-09-30": "", "2011-06-30": "", "2011-03-31": "", "2010-12-31": "", "2010-09-30": "", "2010-06-30": "", "2010-03-31": "", "2009-12-31": "", "2009-09-30": "", "2009-06-30": "", "2009-03-31": "", "2008-12-31": "", "2008-09-30": "", "2008-06-30": "", "2008-03-31": "", "2007-12-31": "", "2007-09-30": "", "2007-06-30": "", "2007-03-31": "", "2006-12-31": "", "2006-09-30": "", "2006-06-30": "", "2006-03-31": "", "2005-12-31": "", "2005-09-30": "", "2005-06-30": "", "2005-03-31": ""}, "SG&A Expenses": {"2020-12-31": "13.60000", "2020-09-30": "14.49800", "2020-06-30": "12.57000", "2020-03-31": "9.96800", "2019-12-31": "10.75000", "2019-09-30": "10.10200", "2019-06-30": "10.98400", "2019-03-31": "9.81000", "2018-12-31": "10.64600", "2018-09-30": "10.80000", "2018-06-30": "11.50200", "2018-03-31": "9.00300", "2017-12-31": "10.47300", "2017-09-30": "9.93600", "2017-06-30": "10.24600", "2017-03-31": "9.59000", "2016-12-31": "11.14700", "2016-09-30": "10.60700", "2016-06-30": "11.25200", "2016-03-31": "9.77900", "2015-12-31": "11.43600", "2015-09-30": "10.68900", "2015-06-30": "12.72700", "2015-03-31": "10.89800", "2014-12-31": "11.97900", "2014-09-30": "8.80600", "2014-06-30": "13.86100", "2014-03-31": "13.23700", "2013-12-31": "16.50000", "2013-09-30": "13.10400", "2013-06-30": "14.70300", "2013-03-31": "16.09900", "2012-12-31": "16.30000", "2012-09-30": "15.47600", "2012-06-30": "15.89200", "2012-03-31": "19.26500", "2011-12-31": "18.40000", "2011-09-30": "15.76200", "2011-06-30": "15.99200", "2011-03-31": "16.43300", "2010-12-31": "17.83800", "2010-09-30": "17.12500", "2010-06-30": "15.17200", "2010-03-31": "16.96700", "2009-12-31": "17.67000", "2009-09-30": "15.97200", "2009-06-30": "14.34900", "2009-03-31": "14.64200", "2008-12-31": "16.64900", "2008-09-30": "16.19200", "2008-06-30": "16.86200", "2008-03-31": "14.80000", "2007-12-31": "18.10200", "2007-09-30": "16.87200", "2007-06-30": "16.12200", "2007-03-31": "15.84500", "2006-12-31": "18.54100", "2006-09-30": "14.48700", "2006-06-30": "14.43600", "2006-03-31": "16.18400", "2005-12-31": "17.67100", "2005-09-30": "16.93200", "2005-06-30": "15.26000", "2005-03-31": "14.54000"}, "Other Operating Income Or Expenses": {"2020-12-31": "-2.40000", "2020-09-30": "-1.65300", "2020-06-30": "-16.48300", "2020-03-31": "-1.11100", "2019-12-31": "-1.73400", "2019-09-30": "-0.86500", "2019-06-30": "-1.96900", "2019-03-31": "0.03500", "2018-12-31": "-1.43700", "2018-09-30": "-0.45100", "2018-06-30": "1.65900", "2018-03-31": "1.36900", "2017-12-31": "0.64900", "2017-09-30": "1.77100", "2017-06-30": "0.78500", "2017-03-31": "1.18800", "2016-12-31": "-11.78000", "2016-09-30": "5.49900", "2016-06-30": "9.46300", "2016-03-31": "5.90400", "2015-12-31": "-19.11500", "2015-09-30": "2.85500", "2015-06-30": "7.13800", "2015-03-31": "5.57400", "2014-12-31": "5.60300", "2014-09-30": "9.14400", "2014-06-30": "11.38900", "2014-03-31": "0.37500", "2013-12-31": "4.90000", "2013-09-30": "2.81400", "2013-06-30": "20.02600", "2013-03-31": "3.76100", "2012-12-31": "8.30000", "2012-09-30": "-0.24000", "2012-06-30": "5.46500", "2012-03-31": "1.15200", "2011-12-31": "-1.40000", "2011-09-30": "5.16500", "2011-06-30": "0.44000", "2011-03-31": "3.79100", "2010-12-31": "4.29800", "2010-09-30": "0.89500", "2010-06-30": "2.24600", "2010-03-31": "16.48000", "2009-12-31": "70.70000", "2009-09-30": "58.30800", "2009-06-30": "86.56300", "2009-03-31": "2.77500", "2008-12-31": "7.10500", "2008-09-30": "0.44200", "2008-06-30": "2.61600", "2008-03-31": "1.62200", "2007-12-31": "3.65600", "2007-09-30": "1.73700", "2007-06-30": "2.61900", "2007-03-31": "3.01800", "2006-12-31": "0.20200", "2006-09-30": "-0.33800", "2006-06-30": "8.48800", "2006-03-31": "0.48100", "2005-12-31": "34.75200", "2005-09-30": "6.09000", "2005-06-30": "0.91500", "2005-03-31": "4.20100"}, "Operating Expenses": {"2020-12-31": "183.10000", "2020-09-30": "197.09500", "2020-06-30": "183.94400", "2020-03-31": "220.57800", "2019-12-31": "152.66600", "2019-09-30": "145.43000", "2019-06-30": "153.40700", "2019-03-31": "153.02600", "2018-12-31": "151.17490", "2018-09-30": "154.51200", "2018-06-30": "194.26100", "2018-03-31": "146.12200", "2017-12-31": "159.65600", "2017-09-30": "145.14800", "2017-06-30": "154.07100", "2017-03-31": "145.23000", "2016-12-31": "186.57700", "2016-09-30": "121.73200", "2016-06-30": "139.98300", "2016-03-31": "111.84600", "2015-12-31": "145.30200", "2015-09-30": "123.87800", "2015-06-30": "109.27800", "2015-03-31": "112.55800", "2014-12-31": "133.15200", "2014-09-30": "117.75000", "2014-06-30": "125.56800", "2014-03-31": "128.76200", "2013-12-31": "407.00000", "2013-09-30": "139.29200", "2013-06-30": "122.53800", "2013-03-31": "278.35600", "2012-12-31": "300.20000", "2012-09-30": "274.91700", "2012-06-30": "253.99800", "2012-03-31": "253.82100", "2011-12-31": "307.10000", "2011-09-30": "276.78100", "2011-06-30": "278.32400", "2011-03-31": "270.15300", "2010-12-31": "258.64310", "2010-09-30": "285.43300", "2010-06-30": "255.86600", "2010-03-31": "233.34000", "2009-12-31": "188.88500", "2009-09-30": "189.50000", "2009-06-30": "144.46000", "2009-03-31": "236.21400", "2008-12-31": "309.28000", "2008-09-30": "268.46400", "2008-06-30": "251.28200", "2008-03-31": "215.58600", "2007-12-31": "256.41400", "2007-09-30": "232.44800", "2007-06-30": "244.62800", "2007-03-31": "244.56900", "2006-12-31": "159.14600", "2006-09-30": "246.27900", "2006-06-30": "253.13300", "2006-03-31": "239.95700", "2005-12-31": "251.42700", "2005-09-30": "248.58100", "2005-06-30": "241.38500", "2005-03-31": "227.66400"}, "Operating Income": {"2020-12-31": "22.40000", "2020-09-30": "1.78000", "2020-06-30": "11.68600", "2020-03-31": "38.55200", "2019-12-31": "26.12700", "2019-09-30": "10.98700", "2019-06-30": "31.39300", "2019-03-31": "38.52000", "2018-12-31": "14.97110", "2018-09-30": "46.37800", "2018-06-30": "51.64500", "2018-03-31": "57.07400", "2017-12-31": "80.06600", "2017-09-30": "39.27100", "2017-06-30": "46.89300", "2017-03-31": "49.26100", "2016-12-31": "61.52400", "2016-09-30": "49.68900", "2016-06-30": "121.56700", "2016-03-31": "22.99700", "2015-12-31": "15.73510", "2015-09-30": "27.77900", "2015-06-30": "6.52300", "2015-03-31": "27.74700", "2014-12-31": "14.20800", "2014-09-30": "32.07900", "2014-06-30": "37.57700", "2014-03-31": "14.42500", "2013-12-31": "113.20000", "2013-09-30": "19.96900", "2013-06-30": "32.35100", "2013-03-31": "115.36300", "2012-12-31": "112.50000", "2012-09-30": "111.24600", "2012-06-30": "94.09800", "2012-03-31": "82.75000", "2011-12-31": "81.30000", "2011-09-30": "108.31000", "2011-06-30": "79.07300", "2011-03-31": "87.57800", "2010-12-31": "56.66490", "2010-09-30": "92.08200", "2010-06-30": "56.34400", "2010-03-31": "76.86000", "2009-12-31": "120.95100", "2009-09-30": "111.14800", "2009-06-30": "134.23800", "2009-03-31": "43.17100", "2008-12-31": "64.31310", "2008-09-30": "49.00100", "2008-06-30": "53.58500", "2008-03-31": "59.53700", "2007-12-31": "44.04510", "2007-09-30": "91.66700", "2007-06-30": "55.72300", "2007-03-31": "55.16000", "2006-12-31": "61.09290", "2006-09-30": "65.75000", "2006-06-30": "58.98900", "2006-03-31": "37.19600", "2005-12-31": "64.48600", "2005-09-30": "50.95500", "2005-06-30": "48.90200", "2005-03-31": "47.30800"}, "Total Non-Operating Income/Expense": {"2020-12-31": "-10.40000", "2020-09-30": "-10.55800", "2020-06-30": "-8.24100", "2020-03-31": "-8.42500", "2019-12-31": "-5.95800", "2019-09-30": "-7.20800", "2019-06-30": "-6.86500", "2019-03-31": "-6.37800", "2018-12-31": "-7.53000", "2018-09-30": "-7.34300", "2018-06-30": "-5.19700", "2018-03-31": "-7.43200", "2017-12-31": "-8.28200", "2017-09-30": "-7.42500", "2017-06-30": "-8.62700", "2017-03-31": "-7.89700", "2016-12-31": "-8.22500", "2016-09-30": "-8.28600", "2016-06-30": "-7.71200", "2016-03-31": "-8.72000", "2015-12-31": "-5.84600", "2015-09-30": "-9.13900", "2015-06-30": "-9.67900", "2015-03-31": "-10.03800", "2014-12-31": "-10.46400", "2014-09-30": "-11.30000", "2014-06-30": "-19.99700", "2014-03-31": "-11.68600", "2013-12-31": "-12.50000", "2013-09-30": "-11.73700", "2013-06-30": "-8.66700", "2013-03-31": "-7.66000", "2012-12-31": "-8.60000", "2012-09-30": "-8.01900", "2012-06-30": "-15.97200", "2012-03-31": "-11.84800", "2011-12-31": "-12.60000", "2011-09-30": "-12.02500", "2011-06-30": "-12.31400", "2011-03-31": "-13.02400", "2010-12-31": "-12.41000", "2010-09-30": "-12.59800", "2010-06-30": "-11.84200", "2010-03-31": "-12.29800", "2009-12-31": "-13.59500", "2009-09-30": "-12.47900", "2009-06-30": "-12.03200", "2009-03-31": "-12.52500", "2008-12-31": "-13.35700", "2008-09-30": "-11.48800", "2008-06-30": "-12.44800", "2008-03-31": "-11.12400", "2007-12-31": "-10.95600", "2007-09-30": "-13.68000", "2007-06-30": "-12.44400", "2007-03-31": "-12.60600", "2006-12-31": "-11.93100", "2006-09-30": "-7.96400", "2006-06-30": "-10.09300", "2006-03-31": "-9.99000", "2005-12-31": "-7.80600", "2005-09-30": "2.10300", "2005-06-30": "-11.78500", "2005-03-31": "-11.82500"}, "Pre-Tax Income": {"2020-12-31": "12.00000", "2020-09-30": "-8.77800", "2020-06-30": "3.44500", "2020-03-31": "30.12700", "2019-12-31": "20.16900", "2019-09-30": "3.77900", "2019-06-30": "24.52800", "2019-03-31": "32.14200", "2018-12-31": "7.44100", "2018-09-30": "39.03500", "2018-06-30": "46.44800", "2018-03-31": "49.64200", "2017-12-31": "71.78400", "2017-09-30": "31.84600", "2017-06-30": "38.26600", "2017-03-31": "41.36400", "2016-12-31": "53.29900", "2016-09-30": "41.40300", "2016-06-30": "113.85500", "2016-03-31": "14.27700", "2015-12-31": "9.88900", "2015-09-30": "18.64000", "2015-06-30": "-3.15600", "2015-03-31": "17.70900", "2014-12-31": "3.74400", "2014-09-30": "20.77900", "2014-06-30": "17.58000", "2014-03-31": "2.73900", "2013-12-31": "100.70000", "2013-09-30": "8.23200", "2013-06-30": "23.68400", "2013-03-31": "107.70300", "2012-12-31": "103.90000", "2012-09-30": "103.22700", "2012-06-30": "78.12600", "2012-03-31": "70.90200", "2011-12-31": "68.70000", "2011-09-30": "96.28500", "2011-06-30": "66.75900", "2011-03-31": "74.55400", "2010-12-31": "44.25500", "2010-09-30": "79.48400", "2010-06-30": "44.50200", "2010-03-31": "64.56200", "2009-12-31": "107.35600", "2009-09-30": "98.66900", "2009-06-30": "122.20600", "2009-03-31": "30.64600", "2008-12-31": "50.95600", "2008-09-30": "37.51300", "2008-06-30": "41.13700", "2008-03-31": "48.41300", "2007-12-31": "33.08900", "2007-09-30": "77.98700", "2007-06-30": "43.27900", "2007-03-31": "42.55400", "2006-12-31": "49.16200", "2006-09-30": "57.78600", "2006-06-30": "48.89600", "2006-03-31": "27.20600", "2005-12-31": "56.68000", "2005-09-30": "53.05800", "2005-06-30": "37.11700", "2005-03-31": "35.48300"}, "Income Taxes": {"2020-12-31": "-0.40000", "2020-09-30": "0.72000", "2020-06-30": "2.99000", "2020-03-31": "3.70600", "2019-12-31": "2.73200", "2019-09-30": "2.25100", "2019-06-30": "3.60800", "2019-03-31": "4.34900", "2018-12-31": "2.79400", "2018-09-30": "8.39600", "2018-06-30": "7.11000", "2018-03-31": "6.93600", "2017-12-31": "4.86400", "2017-09-30": "3.04300", "2017-06-30": "7.49300", "2017-03-31": "6.28100", "2016-12-31": "2.79000", "2016-09-30": "0.77900", "2016-06-30": "2.27600", "2016-03-31": "-0.78100", "2015-12-31": "0.44900", "2015-09-30": "-0.54100", "2015-06-30": "-0.29600", "2015-03-31": "-0.47100", "2014-12-31": "-4.28100", "2014-09-30": "-11.28000", "2014-06-30": "13.55600", "2014-03-31": "-7.59600", "2013-12-31": "18.50000", "2013-09-30": "-6.80800", "2013-06-30": "-15.94700", "2013-03-31": "4.44500", "2012-12-31": "30.50000", "2012-09-30": "23.94900", "2012-06-30": "12.03500", "2012-03-31": "18.30300", "2011-12-31": "12.50000", "2011-09-30": "-8.62400", "2011-06-30": "10.30500", "2011-03-31": "16.14200", "2010-12-31": "-14.91600", "2010-09-30": "16.58000", "2010-06-30": "5.94400", "2010-03-31": "7.60900", "2009-12-31": "9.62900", "2009-09-30": "17.52900", "2009-06-30": "14.45300", "2009-03-31": "4.72500", "2008-12-31": "6.57700", "2008-09-30": "8.61100", "2008-06-30": "4.57300", "2008-03-31": "9.67500", "2007-12-31": "-1.77600", "2007-09-30": "7.68400", "2007-06-30": "9.96800", "2007-03-31": "7.47400", "2006-12-31": "5.74300", "2006-09-30": "2.74900", "2006-06-30": "5.96500", "2006-03-31": "3.96600", "2005-12-31": "5.51300", "2005-09-30": "-21.83700", "2005-06-30": "-4.45800", "2005-03-31": "0.64300"}, "Income After Taxes": {"2020-12-31": "12.40000", "2020-09-30": "-9.49800", "2020-06-30": "0.45500", "2020-03-31": "26.42100", "2019-12-31": "17.43700", "2019-09-30": "1.52800", "2019-06-30": "20.92000", "2019-03-31": "27.79300", "2018-12-31": "4.64700", "2018-09-30": "30.63900", "2018-06-30": "39.33800", "2018-03-31": "42.70600", "2017-12-31": "66.92000", "2017-09-30": "28.80300", "2017-06-30": "30.77300", "2017-03-31": "35.08300", "2016-12-31": "50.50900", "2016-09-30": "40.62400", "2016-06-30": "111.57900", "2016-03-31": "15.05800", "2015-12-31": "9.44000", "2015-09-30": "19.18100", "2015-06-30": "-2.86000", "2015-03-31": "18.18000", "2014-12-31": "8.02500", "2014-09-30": "32.05900", "2014-06-30": "4.02400", "2014-03-31": "10.33500", "2013-12-31": "82.20000", "2013-09-30": "15.04000", "2013-06-30": "39.63100", "2013-03-31": "103.25800", "2012-12-31": "73.40000", "2012-09-30": "79.27800", "2012-06-30": "66.09100", "2012-03-31": "52.59900", "2011-12-31": "56.20000", "2011-09-30": "104.90900", "2011-06-30": "56.45400", "2011-03-31": "58.41200", "2010-12-31": "59.17100", "2010-09-30": "62.90400", "2010-06-30": "38.55800", "2010-03-31": "56.95300", "2009-12-31": "97.72700", "2009-09-30": "81.14000", "2009-06-30": "107.75300", "2009-03-31": "25.92100", "2008-12-31": "44.37900", "2008-09-30": "28.90200", "2008-06-30": "36.56400", "2008-03-31": "38.73800", "2007-12-31": "34.86500", "2007-09-30": "70.30300", "2007-06-30": "33.31100", "2007-03-31": "35.08000", "2006-12-31": "43.41900", "2006-09-30": "55.03700", "2006-06-30": "42.93100", "2006-03-31": "23.24000", "2005-12-31": "51.16700", "2005-09-30": "74.89500", "2005-06-30": "41.57500", "2005-03-31": "34.84000"}, "Other Income": {"2020-12-31": "", "2020-09-30": "", "2020-06-30": "", "2020-03-31": "", "2019-12-31": "", "2019-09-30": "", "2019-06-30": "", "2019-03-31": "", "2018-12-31": "", "2018-09-30": "", "2018-06-30": "", "2018-03-31": "", "2017-12-31": "", "2017-09-30": "", "2017-06-30": "", "2017-03-31": "", "2016-12-31": "", "2016-09-30": "", "2016-06-30": "", "2016-03-31": "", "2015-12-31": "", "2015-09-30": "", "2015-06-30": "", "2015-03-31": "", "2014-12-31": "", "2014-09-30": "", "2014-06-30": "", "2014-03-31": "", "2013-12-31": "", "2013-09-30": "", "2013-06-30": "", "2013-03-31": "", "2012-12-31": "", "2012-09-30": "", "2012-06-30": "", "2012-03-31": "", "2011-12-31": "", "2011-09-30": "", "2011-06-30": "", "2011-03-31": "", "2010-12-31": "", "2010-09-30": "", "2010-06-30": "", "2010-03-31": "", "2009-12-31": "", "2009-09-30": "", "2009-06-30": "", "2009-03-31": "", "2008-12-31": "", "2008-09-30": "", "2008-06-30": "", "2008-03-31": "", "2007-12-31": "", "2007-09-30": "", "2007-06-30": "", "2007-03-31": "", "2006-12-31": "", "2006-09-30": "", "2006-06-30": "", "2006-03-31": "", "2005-12-31": "", "2005-09-30": "", "2005-06-30": "", "2005-03-31": ""}, "Income From Continuous Operations": {"2020-12-31": "12.40000", "2020-09-30": "-9.49800", "2020-06-30": "0.45500", "2020-03-31": "26.42100", "2019-12-31": "17.43700", "2019-09-30": "1.52800", "2019-06-30": "20.92000", "2019-03-31": "27.79300", "2018-12-31": "4.64700", "2018-09-30": "30.63900", "2018-06-30": "39.33800", "2018-03-31": "42.70600", "2017-12-31": "66.92000", "2017-09-30": "28.80300", "2017-06-30": "30.77300", "2017-03-31": "35.08300", "2016-12-31": "50.50900", "2016-09-30": "40.62400", "2016-06-30": "111.57900", "2016-03-31": "15.05800", "2015-12-31": "9.44000", "2015-09-30": "19.18100", "2015-06-30": "-2.86000", "2015-03-31": "18.18000", "2014-12-31": "8.02500", "2014-09-30": "32.05900", "2014-06-30": "4.02400", "2014-03-31": "10.33500", "2013-12-31": "82.20000", "2013-09-30": "15.04000", "2013-06-30": "39.63100", "2013-03-31": "103.25800", "2012-12-31": "73.40000", "2012-09-30": "79.27800", "2012-06-30": "66.09100", "2012-03-31": "52.59900", "2011-12-31": "56.20000", "2011-09-30": "104.90900", "2011-06-30": "56.45400", "2011-03-31": "58.41200", "2010-12-31": "59.17100", "2010-09-30": "62.90400", "2010-06-30": "38.55800", "2010-03-31": "56.95300", "2009-12-31": "97.72700", "2009-09-30": "81.14000", "2009-06-30": "107.75300", "2009-03-31": "25.92100", "2008-12-31": "44.37900", "2008-09-30": "28.90200", "2008-06-30": "36.56400", "2008-03-31": "38.73800", "2007-12-31": "34.86500", "2007-09-30": "70.30300", "2007-06-30": "33.31100", "2007-03-31": "35.08000", "2006-12-31": "43.41900", "2006-09-30": "55.03700", "2006-06-30": "42.93100", "2006-03-31": "23.24000", "2005-12-31": "51.16700", "2005-09-30": "74.89500", "2005-06-30": "41.57500", "2005-03-31": "34.84000"}, "Income From Discontinued Operations": {"2020-12-31": "", "2020-09-30": "", "2020-06-30": "", "2020-03-31": "", "2019-12-31": "", "2019-09-30": "", "2019-06-30": "", "2019-03-31": "", "2018-12-31": "", "2018-09-30": "", "2018-06-30": "", "2018-03-31": "", "2017-12-31": "", "2017-09-30": "", "2017-06-30": "", "2017-03-31": "", "2016-12-31": "", "2016-09-30": "", "2016-06-30": "", "2016-03-31": "", "2015-12-31": "", "2015-09-30": "", "2015-06-30": "", "2015-03-31": "", "2014-12-31": "0.31100", "2014-09-30": "", "2014-06-30": "12.08400", "2014-03-31": "31.00800", "2013-12-31": "-2.40000", "2013-09-30": "43.32700", "2013-06-30": "48.26000", "2013-03-31": "44.47700", "2012-12-31": "2.20000", "2012-09-30": "1.28200", "2012-06-30": "2.98800", "2012-03-31": "0.83800", "2011-12-31": "", "2011-09-30": "", "2011-06-30": "", "2011-03-31": "", "2010-12-31": "", "2010-09-30": "", "2010-06-30": "", "2010-03-31": "", "2009-12-31": "", "2009-09-30": "", "2009-06-30": "", "2009-03-31": "", "2008-12-31": "", "2008-09-30": "", "2008-06-30": "", "2008-03-31": "0.96000", "2007-12-31": "", "2007-09-30": "1.15400", "2007-06-30": "", "2007-03-31": "", "2006-12-31": "", "2006-09-30": "", "2006-06-30": "", "2006-03-31": "", "2005-12-31": "0.00100", "2005-09-30": "0.12300", "2005-06-30": "-24.69900", "2005-03-31": "-0.38100"}, "Net Income": {"2020-12-31": "10.30000", "2020-09-30": "-0.75800", "2020-06-30": "1.73500", "2020-03-31": "25.85400", "2019-12-31": "15.99200", "2019-09-30": "-0.43300", "2019-06-30": "18.75200", "2019-03-31": "24.79400", "2018-12-31": "1.98700", "2018-09-30": "23.43200", "2018-06-30": "36.25800", "2018-03-31": "40.53900", "2017-12-31": "64.15000", "2017-09-30": "24.68800", "2017-06-30": "26.16100", "2017-03-31": "33.84300", "2016-12-31": "48.32400", "2016-09-30": "39.35500", "2016-06-30": "109.82100", "2016-03-31": "14.47200", "2015-12-31": "10.28500", "2015-09-30": "19.66900", "2015-06-30": "-1.53600", "2015-03-31": "17.74700", "2014-12-31": "8.85700", "2014-09-30": "32.70100", "2014-06-30": "16.35300", "2014-03-31": "41.42600", "2013-12-31": "79.70000", "2013-09-30": "57.34500", "2013-06-30": "87.16400", "2013-03-31": "147.73500", "2012-12-31": "75.60000", "2012-09-30": "80.56000", "2012-06-30": "69.07900", "2012-03-31": "53.43700", "2011-12-31": "56.20000", "2011-09-30": "104.90900", "2011-06-30": "56.45400", "2011-03-31": "58.41200", "2010-12-31": "59.17100", "2010-09-30": "62.90400", "2010-06-30": "38.55800", "2010-03-31": "56.95300", "2009-12-31": "97.72700", "2009-09-30": "81.14000", "2009-06-30": "107.75300", "2009-03-31": "25.92100", "2008-12-31": "43.41900", "2008-09-30": "28.90200", "2008-06-30": "36.56400", "2008-03-31": "39.69800", "2007-12-31": "33.71100", "2007-09-30": "71.45700", "2007-06-30": "33.31100", "2007-03-31": "35.08000", "2006-12-31": "55.26100", "2006-09-30": "55.03700", "2006-06-30": "42.93100", "2006-03-31": "23.24000", "2005-12-31": "51.16800", "2005-09-30": "75.01800", "2005-06-30": "16.87600", "2005-03-31": "34.45900"}, "EBITDA": {"2020-12-31": "", "2020-09-30": "45.28100", "2020-06-30": "53.77000", "2020-03-31": "73.09800", "2019-12-31": "62.53500", "2019-09-30": "38.94600", "2019-06-30": "59.10700", "2019-03-31": "75.12300", "2018-12-31": "43.53410", "2018-09-30": "81.35300", "2018-06-30": "98.20700", "2018-03-31": "91.77000", "2017-12-31": "111.14600", "2017-09-30": "68.09400", "2017-06-30": "84.13200", "2017-03-31": "80.15000", "2016-12-31": "93.15100", "2016-09-30": "82.29900", "2016-06-30": "144.56400", "2016-03-31": "52.95600", "2015-12-31": "44.84810", "2015-09-30": "60.69400", "2015-06-30": "31.29600", "2015-03-31": "58.66100", "2014-12-31": "45.73700", "2014-09-30": "66.68600", "2014-06-30": "70.78000", "2014-03-31": "43.43400", "2013-12-31": "154.79500", "2013-09-30": "55.99800", "2013-06-30": "52.55400", "2013-03-31": "157.63400", "2012-12-31": "103.17500", "2012-09-30": "153.17200", "2012-06-30": "135.13300", "2012-03-31": "119.56100", "2011-12-31": "117.32200", "2011-09-30": "152.65100", "2011-06-30": "115.23800", "2011-03-31": "124.62100", "2010-12-31": "92.57590", "2010-09-30": "133.29200", "2010-06-30": "91.56600", "2010-03-31": "122.21800", "2009-12-31": "158.81700", "2009-09-30": "152.99900", "2009-06-30": "183.83500", "2009-03-31": "83.13200", "2008-12-31": "121.92500", "2008-09-30": "90.48100", "2008-06-30": "93.32300", "2008-03-31": "94.38300", "2007-12-31": "84.90610", "2007-09-30": "128.61400", "2007-06-30": "92.77500", "2007-03-31": "96.10500", "2006-12-31": "98.78990", "2006-09-30": "97.93700", "2006-06-30": "93.19900", "2006-03-31": "69.59700", "2005-12-31": "102.67900", "2005-09-30": "88.15200", "2005-06-30": "85.13500", "2005-03-31": "83.07300"}, "EBIT": {"2020-12-31": "22.40000", "2020-09-30": "1.78000", "2020-06-30": "11.68600", "2020-03-31": "38.55200", "2019-12-31": "26.12700", "2019-09-30": "10.98700", "2019-06-30": "31.39300", "2019-03-31": "38.52000", "2018-12-31": "14.97110", "2018-09-30": "46.37800", "2018-06-30": "51.64500", "2018-03-31": "57.07400", "2017-12-31": "80.06600", "2017-09-30": "39.27100", "2017-06-30": "46.89300", "2017-03-31": "49.26100", "2016-12-31": "61.52400", "2016-09-30": "49.68900", "2016-06-30": "121.56700", "2016-03-31": "22.99700", "2015-12-31": "15.73500", "2015-09-30": "27.77900", "2015-06-30": "6.52300", "2015-03-31": "27.74700", "2014-12-31": "14.20800", "2014-09-30": "32.07900", "2014-06-30": "37.57700", "2014-03-31": "14.42500", "2013-12-31": "113.20000", "2013-09-30": "19.96900", "2013-06-30": "32.35100", "2013-03-31": "115.36300", "2012-12-31": "112.50000", "2012-09-30": "111.24600", "2012-06-30": "94.09800", "2012-03-31": "82.75000", "2011-12-31": "81.30000", "2011-09-30": "108.31000", "2011-06-30": "79.07300", "2011-03-31": "87.57800", "2010-12-31": "56.66490", "2010-09-30": "92.08200", "2010-06-30": "56.34400", "2010-03-31": "76.86000", "2009-12-31": "120.95100", "2009-09-30": "111.14800", "2009-06-30": "134.23800", "2009-03-31": "43.17100", "2008-12-31": "64.31310", "2008-09-30": "49.00100", "2008-06-30": "53.58500", "2008-03-31": "59.53700", "2007-12-31": "44.04510", "2007-09-30": "91.66700", "2007-06-30": "55.72300", "2007-03-31": "55.16000", "2006-12-31": "61.09290", "2006-09-30": "65.75000", "2006-06-30": "58.98900", "2006-03-31": "37.19600", "2005-12-31": "64.48600", "2005-09-30": "50.95500", "2005-06-30": "48.90200", "2005-03-31": "47.30800"}, "Basic Shares Outstanding": {"2020-12-31": "136.59900", "2020-09-30": "136.35100", "2020-06-30": "133.31800", "2020-03-31": "129.13700", "2019-12-31": "129.25700", "2019-09-30": "129.32500", "2019-06-30": "129.38000", "2019-03-31": "129.17300", "2018-12-31": "129.04400", "2018-09-30": "129.14300", "2018-06-30": "129.06700", "2018-03-31": "128.80120", "2017-12-31": "127.36800", "2017-09-30": "128.61100", "2017-06-30": "128.54820", "2017-03-31": "123.58790", "2016-12-31": "122.58520", "2016-09-30": "122.59790", "2016-06-30": "122.56800", "2016-03-31": "122.55600", "2015-12-31": "125.38500", "2015-09-30": "125.14400", "2015-06-30": "126.63600", "2015-03-31": "126.61400", "2014-12-31": "131.03800", "2014-09-30": "126.50200", "2014-06-30": "126.43400", "2014-03-31": "126.34500", "2013-12-31": "126.21600", "2013-09-30": "126.12200", "2013-06-30": "126.02700", "2013-03-31": "124.48000", "2012-12-31": "123.18500", "2012-09-30": "122.84900", "2012-06-30": "122.45500", "2012-03-31": "122.35200", "2011-12-31": "121.78400", "2011-09-30": "121.79000", "2011-06-30": "121.69300", "2011-03-31": "121.42000", "2010-12-31": "120.24000", "2010-09-30": "120.39400", "2010-06-30": "120.15600", "2010-03-31": "119.61300", "2009-12-31": "118.57900", "2009-09-30": "118.71750", "2009-06-30": "118.37100", "2009-03-31": "118.21050", "2008-12-31": "117.71550", "2008-09-30": "117.87150", "2008-06-30": "117.56550", "2008-03-31": "117.38100", "2007-12-31": "116.35800", "2007-09-30": "116.64000", "2007-06-30": "116.16900", "2007-03-31": "115.69650", "2006-12-31": "114.73050", "2006-09-30": "114.76200", "2006-06-30": "114.69750", "2006-03-31": "114.43350", "2005-12-31": "113.25750", "2005-09-30": "113.48850", "2005-06-30": "112.99050", "2005-03-31": "112.77000"}, "Shares Outstanding": {"2020-12-31": "141.35900", "2020-09-30": "136.35100", "2020-06-30": "135.95700", "2020-03-31": "129.34800", "2019-12-31": "129.59800", "2019-09-30": "129.32500", "2019-06-30": "129.64400", "2019-03-31": "129.75000", "2018-12-31": "129.69000", "2018-09-30": "129.75600", "2018-06-30": "129.71100", "2018-03-31": "129.55240", "2017-12-31": "127.81000", "2017-09-30": "128.96600", "2017-06-30": "129.08820", "2017-03-31": "123.92290", "2016-12-31": "122.81230", "2016-09-30": "122.88260", "2016-06-30": "122.82100", "2016-03-31": "122.64500", "2015-12-31": "125.90000", "2015-09-30": "125.30600", "2015-06-30": "126.63600", "2015-03-31": "127.72700", "2014-12-31": "131.03800", "2014-09-30": "129.79100", "2014-06-30": "132.30000", "2014-03-31": "128.42400", "2013-12-31": "128.95000", "2013-09-30": "130.91300", "2013-06-30": "130.76700", "2013-03-31": "130.43700", "2012-12-31": "128.96600", "2012-09-30": "129.96000", "2012-06-30": "127.41100", "2012-03-31": "127.93200", "2011-12-31": "125.47400", "2011-09-30": "125.60000", "2011-06-30": "126.19100", "2011-03-31": "124.29500", "2010-12-31": "121.86800", "2010-09-30": "122.20600", "2010-06-30": "121.63950", "2010-03-31": "121.06350", "2009-12-31": "120.03000", "2009-09-30": "120.16050", "2009-06-30": "119.68350", "2009-03-31": "118.90800", "2008-12-31": "119.14350", "2008-09-30": "119.35650", "2008-06-30": "119.09550", "2008-03-31": "118.81800", "2007-12-31": "118.38000", "2007-09-30": "118.58850", "2007-06-30": "118.15050", "2007-03-31": "117.79200", "2006-12-31": "117.23850", "2006-09-30": "117.09300", "2006-06-30": "116.95350", "2006-03-31": "117.01050", "2005-12-31": "116.46600", "2005-09-30": "116.62950", "2005-06-30": "116.11800", "2005-03-31": "115.71900"}, "Basic EPS": {"2020-12-31": "0.08000", "2020-09-30": "-0.01000", "2020-06-30": "0.01000", "2020-03-31": "0.20000", "2019-12-31": "0.13330", "2019-09-30": "-0.00330", "2019-06-30": "0.14000", "2019-03-31": "0.19000", "2018-12-31": "0.02000", "2018-09-30": "0.18000", "2018-06-30": "0.28000", "2018-03-31": "0.31000", "2017-12-31": "0.51000", "2017-09-30": "0.19000", "2017-06-30": "0.20000", "2017-03-31": "0.27000", "2016-12-31": "0.39000", "2016-09-30": "0.32000", "2016-06-30": "0.90000", "2016-03-31": "0.12000", "2015-12-31": "0.08000", "2015-09-30": "0.16000", "2015-06-30": "-0.01000", "2015-03-31": "0.14000", "2014-12-31": "0.06000", "2014-09-30": "0.26000", "2014-06-30": "0.13000", "2014-03-31": "0.33000", "2013-12-31": "0.63000", "2013-09-30": "0.45000", "2013-06-30": "0.69000", "2013-03-31": "1.19000", "2012-12-31": "0.61000", "2012-09-30": "0.66000", "2012-06-30": "0.56000", "2012-03-31": "0.44000", "2011-12-31": "0.46000", "2011-09-30": "0.86000", "2011-06-30": "0.46000", "2011-03-31": "0.48000", "2010-12-31": "0.49670", "2010-09-30": "0.52000", "2010-06-30": "0.32000", "2010-03-31": "0.47330", "2009-12-31": "0.81000", "2009-09-30": "0.68670", "2009-06-30": "0.91330", "2009-03-31": "0.22000", "2008-12-31": "0.36000", "2008-09-30": "0.24670", "2008-06-30": "0.31330", "2008-03-31": "0.34000", "2007-12-31": "0.29330", "2007-09-30": "0.61330", "2007-06-30": "0.28670", "2007-03-31": "0.30000", "2006-12-31": "0.49330", "2006-09-30": "0.47330", "2006-06-30": "0.37330", "2006-03-31": "0.20000", "2005-12-31": "0.45330", "2005-09-30": "0.66000", "2005-06-30": "0.14670", "2005-03-31": "0.30670"}, "EPS - Earnings Per Share": {"2020-12-31": "0.07000", "2020-09-30": "-0.01000", "2020-06-30": "0.01000", "2020-03-31": "0.20000", "2019-12-31": "0.13330", "2019-09-30": "-0.00330", "2019-06-30": "0.14000", "2019-03-31": "0.19000", "2018-12-31": "0.02000", "2018-09-30": "0.18000", "2018-06-30": "0.28000", "2018-03-31": "0.31000", "2017-12-31": "0.50000", "2017-09-30": "0.19000", "2017-06-30": "0.20000", "2017-03-31": "0.27000", "2016-12-31": "0.40000", "2016-09-30": "0.32000", "2016-06-30": "0.89000", "2016-03-31": "0.12000", "2015-12-31": "0.08000", "2015-09-30": "0.16000", "2015-06-30": "-0.01000", "2015-03-31": "0.14000", "2014-12-31": "0.07000", "2014-09-30": "0.25000", "2014-06-30": "0.12000", "2014-03-31": "0.32000", "2013-12-31": "0.62000", "2013-09-30": "0.44000", "2013-06-30": "0.67000", "2013-03-31": "1.13000", "2012-12-31": "0.59000", "2012-09-30": "0.62000", "2012-06-30": "0.54000", "2012-03-31": "0.42000", "2011-12-31": "0.45000", "2011-09-30": "0.84000", "2011-06-30": "0.45000", "2011-03-31": "0.47000", "2010-12-31": "0.48670", "2010-09-30": "0.51000", "2010-06-30": "0.32000", "2010-03-31": "0.47330", "2009-12-31": "0.80670", "2009-09-30": "0.67330", "2009-06-30": "0.90000", "2009-03-31": "0.22000", "2008-12-31": "0.36670", "2008-09-30": "0.24000", "2008-06-30": "0.30670", "2008-03-31": "0.33330", "2007-12-31": "0.28670", "2007-09-30": "0.60000", "2007-06-30": "0.28000", "2007-03-31": "0.30000", "2006-12-31": "0.47330", "2006-09-30": "0.46670", "2006-06-30": "0.36670", "2006-03-31": "0.20000", "2005-12-31": "0.44000", "2005-09-30": "0.64000", "2005-06-30": "0.14670", "2005-03-31": "0.30000"}}, "balance sheet": {"Cash On Hand": {"2020-12-31": "84.60000", "2019-12-31": "68.73500", "2018-12-31": "148.37400", "2017-12-31": "112.65300", "2016-12-31": "85.90900", "2015-12-31": "51.77700", "2014-12-31": "161.55800", "2013-12-31": "199.64400", "2012-12-31": "280.59600", "2011-12-31": "78.60300", "2010-12-31": "349.46300", "2009-12-31": "74.96400", "2008-12-31": "61.68500", "2007-12-31": "181.08100", "2006-12-31": "40.17100", "2005-12-31": "146.22700"}, "Receivables": {"2020-12-31": "", "2019-12-31": "27.12700", "2018-12-31": "26.15100", "2017-12-31": "27.69300", "2016-12-31": "20.66400", "2015-12-31": "20.22200", "2014-12-31": "24.01800", "2013-12-31": "94.95600", "2012-12-31": "100.35900", "2011-12-31": "95.00800", "2010-12-31": "104.37400", "2009-12-31": "296.31900", "2008-12-31": "77.54300", "2007-12-31": "81.06800", "2006-12-31": "100.30900", "2005-12-31": "88.37800"}, "Inventory": {"2020-12-31": "", "2019-12-31": "14.51800", "2018-12-31": "15.70300", "2017-12-31": "24.14100", "2016-12-31": "21.37900", "2015-12-31": "15.35100", "2014-12-31": "8.38300", "2013-12-31": "138.81800", "2012-12-31": "127.96600", "2011-12-31": "121.99800", "2010-12-31": "110.03500", "2009-12-31": "88.50400", "2008-12-31": "96.86600", "2007-12-31": "84.29100", "2006-12-31": "75.59300", "2005-12-31": "85.54500"}, "Pre-Paid Expenses": {"2020-12-31": "", "2019-12-31": "2.60000", "2018-12-31": "5.04000", "2017-12-31": "4.78600", "2016-12-31": "1.57900", "2015-12-31": "2.09100", "2014-12-31": "5.04900", "2013-12-31": "33.58400", "2012-12-31": "41.50800", "2011-12-31": "48.89300", "2010-12-31": "45.31400", "2009-12-31": "49.90900", "2008-12-31": "42.92900", "2007-12-31": "", "2006-12-31": "", "2005-12-31": ""}, "Other Current Assets": {"2020-12-31": "85.90000", "2019-12-31": "12.99500", "2018-12-31": "12.58500", "2017-12-31": "14.25400", "2016-12-31": "35.27300", "2015-12-31": "16.24400", "2014-12-31": "14.69600", "2013-12-31": "12.99200", "2012-12-31": "", "2011-12-31": "", "2010-12-31": "", "2009-12-31": "", "2008-12-31": "", "2007-12-31": "49.78000", "2006-12-31": "84.19700", "2005-12-31": "33.94800"}, "Total Current Assets": {"2020-12-31": "170.50000", "2019-12-31": "125.97500", "2018-12-31": "207.85300", "2017-12-31": "183.52700", "2016-12-31": "164.80400", "2015-12-31": "105.68500", "2014-12-31": "213.70400", "2013-12-31": "519.09400", "2012-12-31": "566.27400", "2011-12-31": "344.50200", "2010-12-31": "609.18600", "2009-12-31": "509.69600", "2008-12-31": "279.02300", "2007-12-31": "396.22000", "2006-12-31": "300.27000", "2005-12-31": "354.09800"}, "Property, Plant, And Equipment": {"2020-12-31": "30.40000", "2019-12-31": "22.25100", "2018-12-31": "22.75100", "2017-12-31": "23.37800", "2016-12-31": "14.03400", "2015-12-31": "6.74200", "2014-12-31": "6.70600", "2013-12-31": "860.82100", "2012-12-31": "707.03800", "2011-12-31": "461.55200", "2010-12-31": "385.30400", "2009-12-31": "344.93900", "2008-12-31": "350.80900", "2007-12-31": "345.75500", "2006-12-31": "353.78000", "2005-12-31": "361.31000"}, "Long-Term Investments": {"2020-12-31": "", "2019-12-31": "", "2018-12-31": "", "2017-12-31": "", "2016-12-31": "", "2015-12-31": "", "2014-12-31": "", "2013-12-31": "", "2012-12-31": "72.41900", "2011-12-31": "69.21900", "2010-12-31": "68.48300", "2009-12-31": "50.99900", "2008-12-31": "42.95000", "2007-12-31": "62.76600", "2006-12-31": "61.23300", "2005-12-31": "81.64800"}, "Goodwill And Intangible Assets": {"2020-12-31": "", "2019-12-31": "", "2018-12-31": "", "2017-12-31": "", "2016-12-31": "", "2015-12-31": "", "2014-12-31": "", "2013-12-31": "", "2012-12-31": "", "2011-12-31": "", "2010-12-31": "", "2009-12-31": "", "2008-12-31": "", "2007-12-31": "", "2006-12-31": "", "2005-12-31": ""}, "Other Long-Term Assets": {"2020-12-31": "48.20000", "2019-12-31": "48.99000", "2018-12-31": "63.12600", "2017-12-31": "108.71300", "2016-12-31": "145.53300", "2015-12-31": "71.28100", "2014-12-31": "66.77100", "2013-12-31": "256.20800", "2012-12-31": "203.91100", "2011-12-31": "190.36400", "2010-12-31": "162.74900", "2009-12-31": "158.73800", "2008-12-31": "154.10400", "2007-12-31": "157.08100", "2006-12-31": "121.80200", "2005-12-31": "114.98900"}, "Total Long-Term Assets": {"2020-12-31": "3558.20000", "2019-12-31": "2735.02100", "2018-12-31": "2572.81300", "2017-12-31": "2674.95400", "2016-12-31": "2520.95600", "2015-12-31": "2210.25300", "2014-12-31": "2239.41100", "2013-12-31": "3166.40700", "2012-12-31": "2556.67700", "2011-12-31": "2224.84600", "2010-12-31": "1754.46700", "2009-12-31": "1743.23500", "2008-12-31": "1802.84100", "2007-12-31": "1682.82100", "2006-12-31": "1664.32800", "2005-12-31": "1484.96600"}, "Total Assets": {"2020-12-31": "3728.70000", "2019-12-31": "2860.99600", "2018-12-31": "2780.66600", "2017-12-31": "2858.48100", "2016-12-31": "2685.76000", "2015-12-31": "2315.93800", "2014-12-31": "2453.11500", "2013-12-31": "3685.50100", "2012-12-31": "3122.95100", "2011-12-31": "2569.34800", "2010-12-31": "2363.65300", "2009-12-31": "2252.93100", "2008-12-31": "2081.86400", "2007-12-31": "2079.04100", "2006-12-31": "1964.59800", "2005-12-31": "1839.06400"}, "Total Current Liabilities": {"2020-12-31": "98.20000", "2019-12-31": "151.18600", "2018-12-31": "63.54100", "2017-12-31": "68.54800", "2016-12-31": "91.96600", "2015-12-31": "59.45700", "2014-12-31": "202.00200", "2013-12-31": "276.11200", "2012-12-31": "307.82300", "2011-12-31": "178.25100", "2010-12-31": "244.94800", "2009-12-31": "175.11100", "2008-12-31": "159.62100", "2007-12-31": "218.41300", "2006-12-31": "193.33700", "2005-12-31": "170.07000"}, "Long Term Debt": {"2020-12-31": "1360.50000", "2019-12-31": "973.12900", "2018-12-31": "972.56700", "2017-12-31": "1022.00400", "2016-12-31": "1030.20500", "2015-12-31": "830.55400", "2014-12-31": "621.84900", "2013-12-31": "1461.72400", "2012-12-31": "1120.05200", "2011-12-31": "819.22900", "2010-12-31": "675.10300", "2009-12-31": "694.99900", "2008-12-31": "746.59100", "2007-12-31": "694.25900", "2006-12-31": "655.44700", "2005-12-31": "555.21300"}, "Other Non-Current Liabilities": {"2020-12-31": "177.00000", "2019-12-31": "83.24700", "2018-12-31": "60.20800", "2017-12-31": "43.08400", "2016-12-31": "34.98100", "2015-12-31": "30.05000", "2014-12-31": "20.63600", "2013-12-31": "96.76800", "2012-12-31": "97.49000", "2011-12-31": "108.17200", "2010-12-31": "125.68500", "2009-12-31": "124.95300", "2008-12-31": "115.27500", "2007-12-31": "118.05500", "2006-12-31": "124.53300", "2005-12-31": "146.05500"}, "Total Long Term Liabilities": {"2020-12-31": "1767.90000", "2019-12-31": "1172.16800", "2018-12-31": "1062.57500", "2017-12-31": "1096.99300", "2016-12-31": "1097.04200", "2015-12-31": "894.74100", "2014-12-31": "675.96200", "2013-12-31": "1654.14600", "2012-12-31": "1377.12400", "2011-12-31": "1068.02400", "2010-12-31": "867.12300", "2009-12-31": "931.61400", "2008-12-31": "983.30600", "2007-12-31": "879.53090", "2006-12-31": "853.28300", "2005-12-31": "777.12300"}, "Total Liabilities": {"2020-12-31": "1866.10000", "2019-12-31": "1323.35400", "2018-12-31": "1126.11600", "2017-12-31": "1165.54100", "2016-12-31": "1189.00800", "2015-12-31": "954.19800", "2014-12-31": "877.96400", "2013-12-31": "1930.25800", "2012-12-31": "1684.94700", "2011-12-31": "1246.27500", "2010-12-31": "1112.07100", "2009-12-31": "1106.72500", "2008-12-31": "1142.92700", "2007-12-31": "1097.94400", "2006-12-31": "1046.62000", "2005-12-31": "947.19300"}, "Common Stock Net": {"2020-12-31": "", "2019-12-31": "888.17700", "2018-12-31": "884.26300", "2017-12-31": "872.22800", "2016-12-31": "709.86700", "2015-12-31": "708.82700", "2014-12-31": "702.59800", "2013-12-31": "692.10000", "2012-12-31": "670.74900", "2011-12-31": "630.28600", "2010-12-31": "602.88200", "2009-12-31": "561.96200", "2008-12-31": "527.30200", "2007-12-31": "487.40700", "2006-12-31": "450.63600", "2005-12-31": "422.36400"}, "Retained Earnings (Accumulated Deficit)": {"2020-12-31": "", "2019-12-31": "583.00600", "2018-12-31": "672.37100", "2017-12-31": "707.37800", "2016-12-31": "700.88700", "2015-12-31": "612.76000", "2014-12-31": "790.69700", "2013-12-31": "1015.20900", "2012-12-31": "876.63400", "2011-12-31": "806.23500", "2010-12-31": "717.05800", "2009-12-31": "663.98600", "2008-12-31": "509.93100", "2007-12-31": "519.32800", "2006-12-31": "495.98800", "2005-12-31": "461.90300"}, "Comprehensive Income": {"2020-12-31": "", "2019-12-31": "-31.20200", "2018-12-31": "0.23900", "2017-12-31": "13.41700", "2016-12-31": "0.85600", "2015-12-31": "-33.50300", "2014-12-31": "-4.82500", "2013-12-31": "-46.13900", "2012-12-31": "-109.37900", "2011-12-31": "-113.44800", "2010-12-31": "-68.35800", "2009-12-31": "-79.74200", "2008-12-31": "-98.29600", "2007-12-31": "-25.63800", "2006-12-31": "-28.64600", "2005-12-31": "7.60400"}, "Other Share Holders Equity": {"2020-12-31": "", "2019-12-31": "", "2018-12-31": "", "2017-12-31": "", "2016-12-31": "", "2015-12-31": "", "2014-12-31": "0.00000", "2013-12-31": "0.00000", "2012-12-31": "", "2011-12-31": "", "2010-12-31": "", "2009-12-31": "", "2008-12-31": "", "2007-12-31": "", "2006-12-31": "", "2005-12-31": ""}, "Share Holder Equity": {"2020-12-31": "1862.60000", "2019-12-31": "1537.64200", "2018-12-31": "1654.55000", "2017-12-31": "1692.94000", "2016-12-31": "1496.75200", "2015-12-31": "1361.74000", "2014-12-31": "1575.15100", "2013-12-31": "1755.24300", "2012-12-31": "1438.00400", "2011-12-31": "1323.07300", "2010-12-31": "1251.58200", "2009-12-31": "1146.20600", "2008-12-31": "938.93700", "2007-12-31": "981.09700", "2006-12-31": "917.97800", "2005-12-31": "891.87100"}, "Total Liabilities And Share Holders Equity": {"2020-12-31": "3728.70000", "2019-12-31": "2860.99600", "2018-12-31": "2780.66600", "2017-12-31": "2858.48100", "2016-12-31": "2685.76000", "2015-12-31": "2315.93800", "2014-12-31": "2453.11500", "2013-12-31": "3685.50100", "2012-12-31": "3122.95100", "2011-12-31": "2569.34800", "2010-12-31": "2363.65300", "2009-12-31": "2252.93100", "2008-12-31": "2081.86400", "2007-12-31": "2079.04100", "2006-12-31": "1964.59800", "2005-12-31": "1839.06400"}}, "balance sheet, quarterly": {"Cash On Hand": {"2020-12-31": "84.60000", "2020-09-30": "78.15100", "2020-06-30": "94.78600", "2020-03-31": "132.36200", "2019-12-31": "68.73500", "2019-09-30": "56.94600", "2019-06-30": "130.95600", "2019-03-31": "154.61300", "2018-12-31": "148.37400", "2018-09-30": "146.25900", "2018-06-30": "106.61100", "2018-03-31": "92.78500", "2017-12-31": "112.65300", "2017-09-30": "104.06200", "2017-06-30": "136.55900", "2017-03-31": "219.35700", "2016-12-31": "85.90900", "2016-09-30": "110.03900", "2016-06-30": "129.65400", "2016-03-31": "76.20400", "2015-12-31": "51.77700", "2015-09-30": "65.75500", "2015-06-30": "91.63200", "2015-03-31": "139.04900", "2014-12-31": "161.55800", "2014-09-30": "182.83100", "2014-06-30": "297.06100", "2014-03-31": "156.07100", "2013-12-31": "199.64400", "2013-09-30": "260.73800", "2013-06-30": "343.58100", "2013-03-31": "266.01700", "2012-12-31": "280.59600", "2012-09-30": "215.47500", "2012-06-30": "189.10300", "2012-03-31": "236.57500", "2011-12-31": "78.60300", "2011-09-30": "362.28500", "2011-06-30": "314.18000", "2011-03-31": "317.11200", "2010-12-31": "349.46300", "2010-09-30": "405.66500", "2010-06-30": "344.18400", "2010-03-31": "152.97000", "2009-12-31": "74.96400", "2009-09-30": "153.14500", "2009-06-30": "59.88900", "2009-03-31": "57.45400", "2008-12-31": "61.68500", "2008-09-30": "54.99200", "2008-06-30": "21.00800", "2008-03-31": "146.86900", "2007-12-31": "181.08100", "2007-09-30": "92.14500", "2007-06-30": "16.30200", "2007-03-31": "28.47100", "2006-12-31": "40.17100", "2006-09-30": "168.88500", "2006-06-30": "165.02000", "2006-03-31": "126.17900", "2005-12-31": "146.22700", "2005-09-30": "109.58400", "2005-06-30": "136.31500", "2005-03-31": "96.18600"}, "Receivables": {"2020-12-31": "", "2020-09-30": "45.43900", "2020-06-30": "36.81100", "2020-03-31": "28.29500", "2019-12-31": "27.12700", "2019-09-30": "26.05900", "2019-06-30": "44.93100", "2019-03-31": "32.03100", "2018-12-31": "26.15100", "2018-09-30": "43.08900", "2018-06-30": "54.34000", "2018-03-31": "37.79300", "2017-12-31": "27.69300", "2017-09-30": "112.40800", "2017-06-30": "103.18100", "2017-03-31": "106.43400", "2016-12-31": "20.66400", "2016-09-30": "24.73100", "2016-06-30": "30.57600", "2016-03-31": "27.49700", "2015-12-31": "20.22200", "2015-09-30": "19.29600", "2015-06-30": "19.44400", "2015-03-31": "19.96000", "2014-12-31": "24.01800", "2014-09-30": "28.23700", "2014-06-30": "19.76500", "2014-03-31": "111.69700", "2013-12-31": "94.95600", "2013-09-30": "124.36000", "2013-06-30": "116.53800", "2013-03-31": "105.69300", "2012-12-31": "100.35900", "2012-09-30": "109.94300", "2012-06-30": "109.29400", "2012-03-31": "97.19800", "2011-12-31": "95.00800", "2011-09-30": "108.56100", "2011-06-30": "110.05700", "2011-03-31": "108.66200", "2010-12-31": "104.37400", "2010-09-30": "116.12700", "2010-06-30": "95.83100", "2010-03-31": "283.93200", "2009-12-31": "296.31900", "2009-09-30": "231.57400", "2009-06-30": "167.25400", "2009-03-31": "71.89600", "2008-12-31": "77.54300", "2008-09-30": "93.84200", "2008-06-30": "99.02300", "2008-03-31": "80.12700", "2007-12-31": "81.06800", "2007-09-30": "105.66500", "2007-06-30": "99.88900", "2007-03-31": "103.84800", "2006-12-31": "100.30900", "2006-09-30": "86.78600", "2006-06-30": "105.60500", "2006-03-31": "96.01800", "2005-12-31": "88.37800", "2005-09-30": "101.41300", "2005-06-30": "88.06000", "2005-03-31": "93.01100"}, "Inventory": {"2020-12-31": "", "2020-09-30": "13.76700", "2020-06-30": "10.36500", "2020-03-31": "13.09300", "2019-12-31": "14.51800", "2019-09-30": "8.35200", "2019-06-30": "23.59700", "2019-03-31": "26.22100", "2018-12-31": "15.70300", "2018-09-30": "26.95000", "2018-06-30": "19.12500", "2018-03-31": "19.99300", "2017-12-31": "24.14100", "2017-09-30": "24.49700", "2017-06-30": "26.36300", "2017-03-31": "27.15500", "2016-12-31": "21.37900", "2016-09-30": "16.06400", "2016-06-30": "14.95700", "2016-03-31": "17.44300", "2015-12-31": "15.35100", "2015-09-30": "14.50600", "2015-06-30": "13.36200", "2015-03-31": "13.10000", "2014-12-31": "8.38300", "2014-09-30": "12.43900", "2014-06-30": "18.48400", "2014-03-31": "141.92800", "2013-12-31": "138.81800", "2013-09-30": "133.98500", "2013-06-30": "99.09100", "2013-03-31": "113.64300", "2012-12-31": "127.96600", "2012-09-30": "121.08300", "2012-06-30": "112.85100", "2012-03-31": "102.31700", "2011-12-31": "121.99800", "2011-09-30": "114.11400", "2011-06-30": "109.02900", "2011-03-31": "101.49300", "2010-12-31": "110.03500", "2010-09-30": "86.21500", "2010-06-30": "92.29300", "2010-03-31": "89.95400", "2009-12-31": "88.50400", "2009-09-30": "99.97500", "2009-06-30": "106.39800", "2009-03-31": "104.51500", "2008-12-31": "96.86600", "2008-09-30": "95.43800", "2008-06-30": "92.53300", "2008-03-31": "76.73600", "2007-12-31": "84.29100", "2007-09-30": "69.72000", "2007-06-30": "68.57500", "2007-03-31": "58.52400", "2006-12-31": "75.59300", "2006-09-30": "77.27800", "2006-06-30": "74.49900", "2006-03-31": "77.19100", "2005-12-31": "85.54500", "2005-09-30": "83.62900", "2005-06-30": "81.41200", "2005-03-31": "89.25800"}, "Pre-Paid Expenses": {"2020-12-31": "", "2020-09-30": "19.34200", "2020-06-30": "18.13300", "2020-03-31": "14.94100", "2019-12-31": "14.72800", "2019-09-30": "14.89400", "2019-06-30": "20.58100", "2019-03-31": "17.28300", "2018-12-31": "5.04000", "2018-09-30": "15.84900", "2018-06-30": "15.77400", "2018-03-31": "16.43600", "2017-12-31": "4.78600", "2017-09-30": "16.65600", "2017-06-30": "14.72700", "2017-03-31": "14.72300", "2016-12-31": "1.57900", "2016-09-30": "12.56400", "2016-06-30": "13.48900", "2016-03-31": "12.89000", "2015-12-31": "2.09100", "2015-09-30": "24.06600", "2015-06-30": "21.22200", "2015-03-31": "18.04000", "2014-12-31": "5.04900", "2014-09-30": "23.82100", "2014-06-30": "21.54300", "2014-03-31": "54.57700", "2013-12-31": "33.58400", "2013-09-30": "59.18400", "2013-06-30": "67.44400", "2013-03-31": "38.89600", "2012-12-31": "41.50800", "2012-09-30": "78.68000", "2012-06-30": "89.08300", "2012-03-31": "62.01000", "2011-12-31": "48.89300", "2011-09-30": "63.45800", "2011-06-30": "72.02000", "2011-03-31": "50.20200", "2010-12-31": "45.31400", "2010-09-30": "53.69000", "2010-06-30": "62.38100", "2010-03-31": "", "2009-12-31": "49.90900", "2009-09-30": "", "2009-06-30": "", "2009-03-31": "", "2008-12-31": "42.92900", "2008-09-30": "", "2008-06-30": "", "2008-03-31": "", "2007-12-31": "", "2007-09-30": "", "2007-06-30": "", "2007-03-31": "", "2006-12-31": "", "2006-09-30": "", "2006-06-30": "", "2006-03-31": "", "2005-12-31": "", "2005-09-30": "", "2005-06-30": "", "2005-03-31": ""}, "Other Current Assets": {"2020-12-31": "85.90000", "2020-09-30": "12.11500", "2020-06-30": "1.13500", "2020-03-31": "0.38400", "2019-12-31": "0.86700", "2019-09-30": "0.27900", "2019-06-30": "0.69000", "2019-03-31": "0.73800", "2018-12-31": "12.58500", "2018-09-30": "2.44300", "2018-06-30": "2.84000", "2018-03-31": "29.48700", "2017-12-31": "14.25400", "2017-09-30": "3.32200", "2017-06-30": "4.39700", "2017-03-31": "17.25300", "2016-12-31": "35.27300", "2016-09-30": "50.73000", "2016-06-30": "6.19700", "2016-03-31": "1.17700", "2015-12-31": "16.24400", "2015-09-30": "", "2015-06-30": "", "2015-03-31": "", "2014-12-31": "14.69600", "2014-09-30": "", "2014-06-30": "", "2014-03-31": "", "2013-12-31": "12.99200", "2013-09-30": "", "2013-06-30": "", "2013-03-31": "", "2012-12-31": "", "2012-09-30": "", "2012-06-30": "", "2012-03-31": "", "2011-12-31": "", "2011-09-30": "", "2011-06-30": "", "2011-03-31": "", "2010-12-31": "", "2010-09-30": "", "2010-06-30": "", "2010-03-31": "52.56500", "2009-12-31": "", "2009-09-30": "58.94400", "2009-06-30": "64.72200", "2009-03-31": "93.76800", "2008-12-31": "", "2008-09-30": "117.19300", "2008-06-30": "61.91200", "2008-03-31": "47.36000", "2007-12-31": "49.78000", "2007-09-30": "31.53500", "2007-06-30": "93.29700", "2007-03-31": "100.78800", "2006-12-31": "84.19700", "2006-09-30": "57.87900", "2006-06-30": "58.21200", "2006-03-31": "49.14300", "2005-12-31": "33.94800", "2005-09-30": "47.01800", "2005-06-30": "45.58800", "2005-03-31": "32.21100"}, "Total Current Assets": {"2020-12-31": "170.50000", "2020-09-30": "168.81400", "2020-06-30": "161.23000", "2020-03-31": "189.07500", "2019-12-31": "125.97500", "2019-09-30": "106.53000", "2019-06-30": "220.75500", "2019-03-31": "230.88600", "2018-12-31": "207.85300", "2018-09-30": "234.59000", "2018-06-30": "198.69000", "2018-03-31": "196.49400", "2017-12-31": "183.52700", "2017-09-30": "260.94500", "2017-06-30": "285.22700", "2017-03-31": "384.92200", "2016-12-31": "164.80400", "2016-09-30": "214.12800", "2016-06-30": "194.87300", "2016-03-31": "135.21100", "2015-12-31": "105.68500", "2015-09-30": "123.62300", "2015-06-30": "145.66000", "2015-03-31": "190.14900", "2014-12-31": "213.70400", "2014-09-30": "251.53900", "2014-06-30": "360.07400", "2014-03-31": "495.85300", "2013-12-31": "519.09400", "2013-09-30": "641.18100", "2013-06-30": "682.21700", "2013-03-31": "590.75800", "2012-12-31": "566.27400", "2012-09-30": "525.18100", "2012-06-30": "500.33100", "2012-03-31": "498.10000", "2011-12-31": "344.50200", "2011-09-30": "648.41800", "2011-06-30": "605.28600", "2011-03-31": "577.46900", "2010-12-31": "609.18600", "2010-09-30": "661.69700", "2010-06-30": "594.68900", "2010-03-31": "579.42100", "2009-12-31": "509.69600", "2009-09-30": "543.63800", "2009-06-30": "398.26300", "2009-03-31": "327.63300", "2008-12-31": "279.02300", "2008-09-30": "361.46500", "2008-06-30": "274.47600", "2008-03-31": "351.09200", "2007-12-31": "396.22000", "2007-09-30": "299.06500", "2007-06-30": "278.06300", "2007-03-31": "291.63100", "2006-12-31": "300.27000", "2006-09-30": "390.82800", "2006-06-30": "403.33600", "2006-03-31": "348.53100", "2005-12-31": "354.09800", "2005-09-30": "341.64400", "2005-06-30": "401.81400", "2005-03-31": "310.66600"}, "Property, Plant, And Equipment": {"2020-12-31": "30.40000", "2020-09-30": "28.79000", "2020-06-30": "29.41000", "2020-03-31": "21.80900", "2019-12-31": "22.25100", "2019-09-30": "22.20000", "2019-06-30": "22.04400", "2019-03-31": "22.54100", "2018-12-31": "22.75100", "2018-09-30": "22.80200", "2018-06-30": "22.93200", "2018-03-31": "23.17600", "2017-12-31": "23.37800", "2017-09-30": "23.32600", "2017-06-30": "21.56000", "2017-03-31": "16.84900", "2016-12-31": "14.03400", "2016-09-30": "11.07600", "2016-06-30": "9.12400", "2016-03-31": "6.83500", "2015-12-31": "6.74200", "2015-09-30": "6.15700", "2015-06-30": "6.43400", "2015-03-31": "6.59200", "2014-12-31": "6.70600", "2014-09-30": "6.53100", "2014-06-30": "6.14300", "2014-03-31": "861.96900", "2013-12-31": "860.82100", "2013-09-30": "868.43200", "2013-06-30": "852.43200", "2013-03-31": "760.23800", "2012-12-31": "707.03800", "2012-09-30": "629.81100", "2012-06-30": "562.77600", "2012-03-31": "522.01000", "2011-12-31": "461.55200", "2011-09-30": "420.60800", "2011-06-30": "408.36900", "2011-03-31": "394.51200", "2010-12-31": "385.30400", "2010-09-30": "371.29000", "2010-06-30": "371.44100", "2010-03-31": "355.62400", "2009-12-31": "344.93900", "2009-09-30": "346.28500", "2009-06-30": "354.45600", "2009-03-31": "353.80800", "2008-12-31": "350.80900", "2008-09-30": "352.30300", "2008-06-30": "360.07100", "2008-03-31": "354.66300", "2007-12-31": "345.75500", "2007-09-30": "348.69000", "2007-06-30": "359.96000", "2007-03-31": "366.79500", "2006-12-31": "353.78000", "2006-09-30": "359.89900", "2006-06-30": "368.78100", "2006-03-31": "375.78400", "2005-12-31": "361.31000", "2005-09-30": "365.73500", "2005-06-30": "379.32800", "2005-03-31": "455.00300"}, "Long-Term Investments": {"2020-12-31": "", "2020-09-30": "", "2020-06-30": "", "2020-03-31": "", "2019-12-31": "", "2019-09-30": "", "2019-06-30": "", "2019-03-31": "", "2018-12-31": "", "2018-09-30": "", "2018-06-30": "", "2018-03-31": "", "2017-12-31": "", "2017-09-30": "", "2017-06-30": "", "2017-03-31": "", "2016-12-31": "", "2016-09-30": "", "2016-06-30": "", "2016-03-31": "", "2015-12-31": "", "2015-09-30": "", "2015-06-30": "", "2015-03-31": "", "2014-12-31": "", "2014-09-30": "", "2014-06-30": "", "2014-03-31": "", "2013-12-31": "", "2013-09-30": "", "2013-06-30": "", "2013-03-31": "73.83000", "2012-12-31": "72.41900", "2012-09-30": "70.18900", "2012-06-30": "64.45400", "2012-03-31": "74.38800", "2011-12-31": "69.21900", "2011-09-30": "80.28100", "2011-06-30": "77.46900", "2011-03-31": "70.16100", "2010-12-31": "68.48300", "2010-09-30": "65.31200", "2010-06-30": "63.78400", "2010-03-31": "63.54800", "2009-12-31": "50.99900", "2009-09-30": "48.84900", "2009-06-30": "47.61100", "2009-03-31": "", "2008-12-31": "42.95000", "2008-09-30": "", "2008-06-30": "64.76900", "2008-03-31": "68.82200", "2007-12-31": "62.76600", "2007-09-30": "62.63500", "2007-06-30": "62.84300", "2007-03-31": "59.88900", "2006-12-31": "61.23300", "2006-09-30": "58.71500", "2006-06-30": "55.91700", "2006-03-31": "72.54100", "2005-12-31": "81.64800", "2005-09-30": "", "2005-06-30": "", "2005-03-31": ""}, "Goodwill And Intangible Assets": {"2020-12-31": "", "2020-09-30": "", "2020-06-30": "113.92000", "2020-03-31": "", "2019-12-31": "", "2019-09-30": "", "2019-06-30": "", "2019-03-31": "", "2018-12-31": "", "2018-09-30": "", "2018-06-30": "", "2018-03-31": "", "2017-12-31": "", "2017-09-30": "", "2017-06-30": "", "2017-03-31": "", "2016-12-31": "", "2016-09-30": "", "2016-06-30": "", "2016-03-31": "", "2015-12-31": "", "2015-09-30": "", "2015-06-30": "", "2015-03-31": "", "2014-12-31": "", "2014-09-30": "", "2014-06-30": "", "2014-03-31": "", "2013-12-31": "", "2013-09-30": "", "2013-06-30": "", "2013-03-31": "", "2012-12-31": "", "2012-09-30": "1489.88900", "2012-06-30": "", "2012-03-31": "", "2011-12-31": "", "2011-09-30": "", "2011-06-30": "", "2011-03-31": "", "2010-12-31": "", "2010-09-30": "", "2010-06-30": "", "2010-03-31": "", "2009-12-31": "", "2009-09-30": "", "2009-06-30": "", "2009-03-31": "", "2008-12-31": "", "2008-09-30": "", "2008-06-30": "", "2008-03-31": "", "2007-12-31": "", "2007-09-30": "", "2007-06-30": "", "2007-03-31": "", "2006-12-31": "", "2006-09-30": "", "2006-06-30": "", "2006-03-31": "", "2005-12-31": "", "2005-09-30": "4.20200", "2005-06-30": "4.22100", "2005-03-31": "4.29500"}, "Other Long-Term Assets": {"2020-12-31": "48.20000", "2020-09-30": "36.11700", "2020-06-30": "35.93000", "2020-03-31": "40.49900", "2019-12-31": "48.99000", "2019-09-30": "43.15000", "2019-06-30": "44.77500", "2019-03-31": "53.12600", "2018-12-31": "63.12600", "2018-09-30": "118.12700", "2018-06-30": "136.06000", "2018-03-31": "146.32500", "2017-12-31": "108.71300", "2017-09-30": "56.17600", "2017-06-30": "61.63400", "2017-03-31": "162.61200", "2016-12-31": "145.53300", "2016-09-30": "50.38100", "2016-06-30": "53.91300", "2016-03-31": "59.78200", "2015-12-31": "71.28100", "2015-09-30": "79.37400", "2015-06-30": "57.77200", "2015-03-31": "70.83300", "2014-12-31": "66.77100", "2014-09-30": "161.10800", "2014-06-30": "148.10400", "2014-03-31": "217.45800", "2013-12-31": "256.20800", "2013-09-30": "205.00400", "2013-06-30": "212.79100", "2013-03-31": "211.67700", "2012-12-31": "203.91100", "2012-09-30": "198.79800", "2012-06-30": "192.59100", "2012-03-31": "195.09400", "2011-12-31": "190.36400", "2011-09-30": "153.05800", "2011-06-30": "141.35700", "2011-03-31": "149.01100", "2010-12-31": "162.74900", "2010-09-30": "163.17500", "2010-06-30": "176.45900", "2010-03-31": "175.47100", "2009-12-31": "158.73800", "2009-09-30": "161.72300", "2009-06-30": "154.51300", "2009-03-31": "148.93400", "2008-12-31": "154.10400", "2008-09-30": "153.92400", "2008-06-30": "166.80400", "2008-03-31": "151.87200", "2007-12-31": "157.08100", "2007-09-30": "142.02500", "2007-06-30": "165.10700", "2007-03-31": "136.39500", "2006-12-31": "121.80200", "2006-09-30": "155.62900", "2006-06-30": "114.34700", "2006-03-31": "112.20800", "2005-12-31": "114.98900", "2005-09-30": "109.40000", "2005-06-30": "108.68400", "2005-03-31": "130.54900"}, "Total Long-Term Assets": {"2020-12-31": "3558.20000", "2020-09-30": "3558.18500", "2020-06-30": "3608.03700", "2020-03-31": "2598.67500", "2019-12-31": "2735.02100", "2019-09-30": "2660.54800", "2019-06-30": "2640.29600", "2019-03-31": "2653.32400", "2018-12-31": "2572.81300", "2018-09-30": "2607.62500", "2018-06-30": "2652.37200", "2018-03-31": "2681.87800", "2017-12-31": "2674.95400", "2017-09-30": "2650.77400", "2017-06-30": "2667.56700", "2017-03-31": "2533.98800", "2016-12-31": "2520.95600", "2016-09-30": "2457.27000", "2016-06-30": "2437.30600", "2016-03-31": "2196.92600", "2015-12-31": "2210.25300", "2015-09-30": "2190.83700", "2015-06-30": "2220.66100", "2015-03-31": "2222.40100", "2014-12-31": "2239.41100", "2014-09-30": "2226.02000", "2014-06-30": "2271.90200", "2014-03-31": "3146.97600", "2013-12-31": "3166.40700", "2013-09-30": "3176.93900", "2013-06-30": "3145.83400", "2013-03-31": "2611.52700", "2012-12-31": "2556.67700", "2012-09-30": "2388.68700", "2012-06-30": "2316.24600", "2012-03-31": "2295.78300", "2011-12-31": "2224.84600", "2011-09-30": "1846.30300", "2011-06-30": "1756.50100", "2011-03-31": "1747.43000", "2010-12-31": "1754.46700", "2010-09-30": "1730.43800", "2010-06-30": "1757.90000", "2010-03-31": "1753.50400", "2009-12-31": "1743.23500", "2009-09-30": "1748.54600", "2009-06-30": "1765.78600", "2009-03-31": "1741.67200", "2008-12-31": "1802.84100", "2008-09-30": "1779.50000", "2008-06-30": "1877.39400", "2008-03-31": "1697.64900", "2007-12-31": "1682.82100", "2007-09-30": "1668.78700", "2007-06-30": "1681.25600", "2007-03-31": "1675.86400", "2006-12-31": "1664.32800", "2006-09-30": "1481.11500", "2006-06-30": "1456.29800", "2006-03-31": "1485.98900", "2005-12-31": "1484.96600", "2005-09-30": "1514.70300", "2005-06-30": "1532.65100", "2005-03-31": "1635.94500"}, "Total Assets": {"2020-12-31": "3728.70000", "2020-09-30": "3726.99900", "2020-06-30": "3769.26700", "2020-03-31": "2787.75000", "2019-12-31": "2860.99600", "2019-09-30": "2767.07800", "2019-06-30": "2861.05100", "2019-03-31": "2884.21000", "2018-12-31": "2780.66600", "2018-09-30": "2842.21500", "2018-06-30": "2851.06200", "2018-03-31": "2878.37200", "2017-12-31": "2858.48100", "2017-09-30": "2911.71900", "2017-06-30": "2952.79400", "2017-03-31": "2918.91000", "2016-12-31": "2685.76000", "2016-09-30": "2671.39800", "2016-06-30": "2632.17900", "2016-03-31": "2332.13700", "2015-12-31": "2315.93800", "2015-09-30": "2314.46000", "2015-06-30": "2366.32100", "2015-03-31": "2412.55000", "2014-12-31": "2453.11500", "2014-09-30": "2477.55900", "2014-06-30": "2631.97600", "2014-03-31": "3642.82900", "2013-12-31": "3685.50100", "2013-09-30": "3818.12000", "2013-06-30": "3828.05100", "2013-03-31": "3202.28500", "2012-12-31": "3122.95100", "2012-09-30": "2913.86800", "2012-06-30": "2816.57700", "2012-03-31": "2793.88300", "2011-12-31": "2569.34800", "2011-09-30": "2494.72100", "2011-06-30": "2361.78700", "2011-03-31": "2324.89900", "2010-12-31": "2363.65300", "2010-09-30": "2392.13500", "2010-06-30": "2352.58900", "2010-03-31": "2332.92500", "2009-12-31": "2252.93100", "2009-09-30": "2292.18400", "2009-06-30": "2164.04900", "2009-03-31": "2069.30500", "2008-12-31": "2081.86400", "2008-09-30": "2140.96500", "2008-06-30": "2151.87000", "2008-03-31": "2048.74100", "2007-12-31": "2079.04100", "2007-09-30": "1967.85200", "2007-06-30": "1959.31900", "2007-03-31": "1967.49500", "2006-12-31": "1964.59800", "2006-09-30": "1871.94300", "2006-06-30": "1859.63400", "2006-03-31": "1834.52000", "2005-12-31": "1839.06400", "2005-09-30": "1856.34700", "2005-06-30": "1934.46500", "2005-03-31": "1946.61100"}, "Total Current Liabilities": {"2020-12-31": "98.20000", "2020-09-30": "92.06600", "2020-06-30": "109.28900", "2020-03-31": "69.27400", "2019-12-31": "151.18600", "2019-09-30": "83.76900", "2019-06-30": "86.08500", "2019-03-31": "78.34200", "2018-12-31": "63.54100", "2018-09-30": "81.62300", "2018-06-30": "83.88800", "2018-03-31": "65.51700", "2017-12-31": "68.54800", "2017-09-30": "150.41600", "2017-06-30": "178.62800", "2017-03-31": "182.94200", "2016-12-31": "91.96600", "2016-09-30": "100.14300", "2016-06-30": "68.00200", "2016-03-31": "68.30800", "2015-12-31": "59.45700", "2015-09-30": "81.35500", "2015-06-30": "112.46000", "2015-03-31": "196.79200", "2014-12-31": "202.00200", "2014-09-30": "211.63600", "2014-06-30": "91.40900", "2014-03-31": "297.49100", "2013-12-31": "276.11200", "2013-09-30": "239.86200", "2013-06-30": "330.47100", "2013-03-31": "260.72500", "2012-12-31": "307.82300", "2012-09-30": "287.06600", "2012-06-30": "196.75300", "2012-03-31": "233.08300", "2011-12-31": "178.25100", "2011-09-30": "300.20900", "2011-06-30": "302.83000", "2011-03-31": "260.31100", "2010-12-31": "244.94800", "2010-09-30": "175.05400", "2010-06-30": "177.00400", "2010-03-31": "163.15400", "2009-12-31": "175.11100", "2009-09-30": "166.36500", "2009-06-30": "161.06100", "2009-03-31": "167.99200", "2008-12-31": "159.62100", "2008-09-30": "218.76800", "2008-06-30": "176.96500", "2008-03-31": "180.77000", "2007-12-31": "218.41300", "2007-09-30": "177.42600", "2007-06-30": "156.11200", "2007-03-31": "171.11200", "2006-12-31": "193.33700", "2006-09-30": "185.87400", "2006-06-30": "191.78900", "2006-03-31": "179.79200", "2005-12-31": "170.07000", "2005-09-30": "259.33300", "2005-06-30": "245.02300", "2005-03-31": "241.01400"}, "Long Term Debt": {"2020-12-31": "1360.50000", "2020-09-30": "1378.59600", "2020-06-30": "1346.12300", "2020-03-31": "1055.27000", "2019-12-31": "973.12900", "2019-09-30": "972.98900", "2019-06-30": "972.84800", "2019-03-31": "972.70700", "2018-12-31": "972.56700", "2018-09-30": "972.42600", "2018-06-30": "972.28500", "2018-03-31": "996.14500", "2017-12-31": "1022.00400", "2017-09-30": "1030.26900", "2017-06-30": "1033.62100", "2017-03-31": "1028.06800", "2016-12-31": "1030.20500", "2016-09-30": "1033.28800", "2016-06-30": "1052.30700", "2016-03-31": "857.42900", "2015-12-31": "830.55400", "2015-09-30": "791.23300", "2015-06-30": "722.35300", "2015-03-31": "612.80400", "2014-12-31": "621.84900", "2014-09-30": "605.16200", "2014-06-30": "770.08600", "2014-03-31": "1393.88700", "2013-12-31": "1461.72400", "2013-09-30": "1646.33700", "2013-06-30": "1591.83400", "2013-03-31": "1150.47100", "2012-12-31": "1120.05200", "2012-09-30": "967.78500", "2012-06-30": "1018.09300", "2012-03-31": "973.71700", "2011-12-31": "819.22900", "2011-09-30": "658.46400", "2011-06-30": "581.29700", "2011-03-31": "602.25500", "2010-12-31": "675.10300", "2010-09-30": "766.10200", "2010-06-30": "764.05700", "2010-03-31": "762.02800", "2009-12-31": "694.99900", "2009-09-30": "809.07000", "2009-06-30": "749.47500", "2009-03-31": "748.03300", "2008-12-31": "746.59100", "2008-09-30": "770.33900", "2008-06-30": "794.25900", "2008-03-31": "694.25900", "2007-12-31": "694.25900", "2007-09-30": "620.97600", "2007-06-30": "666.20900", "2007-03-31": "670.88600", "2006-12-31": "655.44700", "2006-09-30": "555.12000", "2006-06-30": "554.69100", "2006-03-31": "555.15700", "2005-12-31": "555.21300", "2005-09-30": "556.24700", "2005-06-30": "623.22800", "2005-03-31": "607.81500"}, "Other Non-Current Liabilities": {"2020-12-31": "177.00000", "2020-09-30": "174.77200", "2020-06-30": "178.13600", "2020-03-31": "155.52200", "2019-12-31": "83.24700", "2019-09-30": "82.35900", "2019-06-30": "78.68800", "2019-03-31": "67.14000", "2018-12-31": "60.20800", "2018-09-30": "58.14200", "2018-06-30": "51.78200", "2018-03-31": "49.40000", "2017-12-31": "43.08400", "2017-09-30": "42.36900", "2017-06-30": "40.84600", "2017-03-31": "28.88800", "2016-12-31": "34.98100", "2016-09-30": "54.68400", "2016-06-30": "56.82500", "2016-03-31": "36.30700", "2015-12-31": "30.05000", "2015-09-30": "32.05600", "2015-06-30": "20.84000", "2015-03-31": "21.07700", "2014-12-31": "20.63600", "2014-09-30": "27.46600", "2014-06-30": "30.60000", "2014-03-31": "98.71000", "2013-12-31": "96.76800", "2013-09-30": "88.37900", "2013-06-30": "97.03200", "2013-03-31": "93.07000", "2012-12-31": "97.49000", "2012-09-30": "100.89800", "2012-06-30": "101.54800", "2012-03-31": "104.18100", "2011-12-31": "108.17200", "2011-09-30": "102.50500", "2011-06-30": "109.54400", "2011-03-31": "123.13600", "2010-12-31": "125.68500", "2010-09-30": "116.38300", "2010-06-30": "117.87000", "2010-03-31": "120.92100", "2009-12-31": "124.95300", "2009-09-30": "125.21000", "2009-06-30": "121.12400", "2009-03-31": "109.77100", "2008-12-31": "115.27500", "2008-09-30": "113.16800", "2008-06-30": "116.81100", "2008-03-31": "116.32300", "2007-12-31": "118.05500", "2007-09-30": "120.93200", "2007-06-30": "122.56800", "2007-03-31": "124.22200", "2006-12-31": "124.53300", "2006-09-30": "190.76900", "2006-06-30": "193.34300", "2006-03-31": "191.49200", "2005-12-31": "146.05500", "2005-09-30": "228.45700", "2005-06-30": "230.05100", "2005-03-31": "233.75500"}, "Total Long Term Liabilities": {"2020-12-31": "1767.90000", "2020-09-30": "1783.78500", "2020-06-30": "1746.02000", "2020-03-31": "1318.80800", "2019-12-31": "1172.16800", "2019-09-30": "1167.68800", "2019-06-30": "1174.66800", "2019-03-31": "1164.66800", "2018-12-31": "1062.57500", "2018-09-30": "1059.49300", "2018-06-30": "1054.29700", "2018-03-31": "1076.68200", "2017-12-31": "1096.99300", "2017-09-30": "1104.06900", "2017-06-30": "1106.05600", "2017-03-31": "1088.67400", "2016-12-31": "1097.04200", "2016-09-30": "1122.67400", "2016-06-30": "1143.65700", "2016-03-31": "928.04900", "2015-12-31": "894.74100", "2015-09-30": "856.88790", "2015-06-30": "776.58910", "2015-03-31": "667.54210", "2014-12-31": "675.96200", "2014-09-30": "655.02100", "2014-06-30": "824.70000", "2014-03-31": "1587.69500", "2013-12-31": "1654.14600", "2013-09-30": "1893.37900", "2013-06-30": "1847.46000", "2013-03-31": "1402.37000", "2012-12-31": "1377.12400", "2012-09-30": "1208.83600", "2012-06-30": "1259.71400", "2012-03-31": "1218.41500", "2011-12-31": "1068.02400", "2011-09-30": "826.48100", "2011-06-30": "755.97800", "2011-03-31": "791.04000", "2010-12-31": "867.12300", "2010-09-30": "994.44200", "2010-06-30": "993.72200", "2010-03-31": "994.83910", "2009-12-31": "931.61400", "2009-09-30": "1048.07200", "2009-06-30": "988.62800", "2009-03-31": "979.49200", "2008-12-31": "983.30600", "2008-09-30": "920.29990", "2008-06-30": "979.28800", "2008-03-31": "878.29800", "2007-12-31": "879.53090", "2007-09-30": "806.65100", "2007-06-30": "864.31000", "2007-03-31": "870.17800", "2006-12-31": "853.28300", "2006-09-30": "771.04400", "2006-06-30": "782.81200", "2006-03-31": "778.86100", "2005-12-31": "777.12300", "2005-09-30": "789.79700", "2005-06-30": "892.10000", "2005-03-31": "896.82200"}, "Total Liabilities": {"2020-12-31": "1866.10000", "2020-09-30": "1875.85100", "2020-06-30": "1855.30900", "2020-03-31": "1388.08200", "2019-12-31": "1323.35400", "2019-09-30": "1251.45700", "2019-06-30": "1260.75300", "2019-03-31": "1243.01000", "2018-12-31": "1126.11600", "2018-09-30": "1141.11600", "2018-06-30": "1138.18500", "2018-03-31": "1142.19900", "2017-12-31": "1165.54100", "2017-09-30": "1254.48500", "2017-06-30": "1284.68400", "2017-03-31": "1271.61600", "2016-12-31": "1189.00800", "2016-09-30": "1222.81700", "2016-06-30": "1211.65900", "2016-03-31": "996.35700", "2015-12-31": "954.19800", "2015-09-30": "938.24300", "2015-06-30": "889.04900", "2015-03-31": "864.33400", "2014-12-31": "877.96400", "2014-09-30": "866.65700", "2014-06-30": "916.10900", "2014-03-31": "1885.18600", "2013-12-31": "1930.25800", "2013-09-30": "2133.24100", "2013-06-30": "2177.93100", "2013-03-31": "1663.09500", "2012-12-31": "1684.94700", "2012-09-30": "1495.90200", "2012-06-30": "1456.46700", "2012-03-31": "1451.49800", "2011-12-31": "1246.27500", "2011-09-30": "1126.69000", "2011-06-30": "1058.80800", "2011-03-31": "1051.35100", "2010-12-31": "1112.07100", "2010-09-30": "1169.49600", "2010-06-30": "1170.72600", "2010-03-31": "1157.99300", "2009-12-31": "1106.72500", "2009-09-30": "1214.43700", "2009-06-30": "1149.68900", "2009-03-31": "1147.48400", "2008-12-31": "1142.92700", "2008-09-30": "1139.06800", "2008-06-30": "1156.25300", "2008-03-31": "1059.06800", "2007-12-31": "1097.94400", "2007-09-30": "984.07700", "2007-06-30": "1020.42200", "2007-03-31": "1041.29000", "2006-12-31": "1046.62000", "2006-09-30": "956.91800", "2006-06-30": "974.60100", "2006-03-31": "958.65300", "2005-12-31": "947.19300", "2005-09-30": "1049.13000", "2005-06-30": "1137.12300", "2005-03-31": "1137.83600"}, "Common Stock Net": {"2020-12-31": "", "2020-09-30": "1065.18800", "2020-06-30": "1063.48900", "2020-03-31": "889.75300", "2019-12-31": "888.17700", "2019-09-30": "886.22900", "2019-06-30": "884.61800", "2019-03-31": "886.30400", "2018-12-31": "884.26300", "2018-09-30": "882.42100", "2018-06-30": "880.56000", "2018-03-31": "878.92700", "2017-12-31": "872.22800", "2017-09-30": "870.00600", "2017-06-30": "868.35500", "2017-03-31": "865.34300", "2016-12-31": "709.86700", "2016-09-30": "707.97700", "2016-06-30": "706.67700", "2016-03-31": "704.17400", "2015-12-31": "708.82700", "2015-09-30": "707.07000", "2015-06-30": "694.83500", "2015-03-31": "703.58800", "2014-12-31": "702.59800", "2014-09-30": "700.58100", "2014-06-30": "698.46200", "2014-03-31": "694.23600", "2013-12-31": "692.10000", "2013-09-30": "687.35700", "2013-06-30": "679.80300", "2013-03-31": "673.09800", "2012-12-31": "670.74900", "2012-09-30": "662.50400", "2012-06-30": "640.17700", "2012-03-31": "634.97600", "2011-12-31": "630.28600", "2011-09-30": "619.96500", "2011-06-30": "615.86900", "2011-03-31": "608.70000", "2010-12-31": "602.88200", "2010-09-30": "594.14700", "2010-06-30": "580.10800", "2010-03-31": "570.67300", "2009-12-31": "561.96200", "2009-09-30": "555.84000", "2009-06-30": "538.66500", "2009-03-31": "530.53800", "2008-12-31": "527.30200", "2008-09-30": "505.51600", "2008-06-30": "497.16700", "2008-03-31": "489.19800", "2007-12-31": "487.40700", "2007-09-30": "479.11600", "2007-06-30": "471.24000", "2007-03-31": "459.69200", "2006-12-31": "450.63600", "2006-09-30": "441.29500", "2006-06-30": "437.08700", "2006-03-31": "433.67200", "2005-12-31": "422.36400", "2005-09-30": "413.76000", "2005-06-30": "406.53600", "2005-03-31": "399.08400"}, "Retained Earnings (Accumulated Deficit)": {"2020-12-31": "", "2020-09-30": "485.63600", "2020-06-30": "531.68100", "2020-03-31": "570.89500", "2019-12-31": "583.00600", "2019-09-30": "602.05100", "2019-06-30": "645.74300", "2019-03-31": "662.11600", "2018-12-31": "672.37100", "2018-09-30": "705.53100", "2018-06-30": "716.32800", "2018-03-31": "715.28300", "2017-12-31": "707.37800", "2017-09-30": "675.91100", "2017-06-30": "683.19000", "2017-03-31": "689.61200", "2016-12-31": "700.88700", "2016-09-30": "683.59600", "2016-06-30": "674.95400", "2016-03-31": "595.85100", "2015-12-31": "612.76000", "2015-09-30": "657.32600", "2015-06-30": "743.52800", "2015-03-31": "776.82700", "2014-12-31": "790.69700", "2014-09-30": "820.18100", "2014-06-30": "887.64800", "2014-03-31": "994.62400", "2013-12-31": "1015.20900", "2013-09-30": "995.24900", "2013-06-30": "1000.64700", "2013-03-31": "968.97300", "2012-12-31": "876.63400", "2012-09-30": "855.76600", "2012-06-30": "829.88800", "2012-03-31": "810.68700", "2011-12-31": "806.23500", "2011-09-30": "799.15900", "2011-06-30": "743.41900", "2011-03-31": "731.39200", "2010-12-31": "717.05800", "2010-09-30": "701.52700", "2010-06-30": "679.09300", "2010-03-31": "680.90300", "2009-12-31": "663.98600", "2009-09-30": "606.00800", "2009-06-30": "564.55500", "2009-03-31": "496.38200", "2008-12-31": "509.93100", "2008-09-30": "509.18500", "2008-06-30": "518.79400", "2008-03-31": "520.67000", "2007-12-31": "519.32800", "2007-09-30": "523.97700", "2007-06-30": "491.48100", "2007-03-31": "494.69200", "2006-12-31": "495.98800", "2006-09-30": "468.06100", "2006-06-30": "449.04600", "2006-03-31": "442.25800", "2005-12-31": "461.90300", "2005-09-30": "398.49200", "2005-06-30": "390.47600", "2005-03-31": "404.78700"}, "Comprehensive Income": {"2020-12-31": "", "2020-09-30": "-121.60500", "2020-06-30": "-137.92900", "2020-03-31": "-147.25500", "2019-12-31": "-31.20200", "2019-09-30": "-63.21600", "2019-06-30": "-29.51100", "2019-03-31": "-5.85300", "2018-12-31": "0.23900", "2018-09-30": "12.34800", "2018-06-30": "16.60100", "2018-03-31": "37.56300", "2017-12-31": "13.41700", "2017-09-30": "12.63800", "2017-06-30": "20.17500", "2017-03-31": "5.54500", "2016-12-31": "0.85600", "2016-09-30": "-30.38800", "2016-06-30": "-44.85700", "2016-03-31": "-43.58100", "2015-12-31": "-33.50300", "2015-09-30": "-55.97600", "2015-06-30": "-34.25000", "2015-03-31": "-15.08800", "2014-12-31": "-4.82500", "2014-09-30": "3.56900", "2014-06-30": "30.89100", "2014-03-31": "-30.03700", "2013-12-31": "-46.13900", "2013-09-30": "-93.15300", "2013-06-30": "-116.91100", "2013-03-31": "-102.88100", "2012-12-31": "-109.37900", "2012-09-30": "-100.30400", "2012-06-30": "-109.95500", "2012-03-31": "-103.27800", "2011-12-31": "-113.44800", "2011-09-30": "-51.09300", "2011-06-30": "-56.30900", "2011-03-31": "-66.54400", "2010-12-31": "-68.35800", "2010-09-30": "-73.03500", "2010-06-30": "-77.33800", "2010-03-31": "-76.64400", "2009-12-31": "-79.74200", "2009-09-30": "-84.10100", "2009-06-30": "-88.86000", "2009-03-31": "-105.09900", "2008-12-31": "-98.29600", "2008-09-30": "-12.80400", "2008-06-30": "-20.34400", "2008-03-31": "-20.19500", "2007-12-31": "-25.63800", "2007-09-30": "-19.31800", "2007-06-30": "-23.82400", "2007-03-31": "-28.17900", "2006-12-31": "-28.64600", "2006-09-30": "5.66900", "2006-06-30": "-1.10000", "2006-03-31": "-0.06300", "2005-12-31": "7.60400", "2005-09-30": "-5.03500", "2005-06-30": "0.33000", "2005-03-31": "4.90400"}, "Other Share Holders Equity": {"2020-12-31": "", "2020-09-30": "", "2020-06-30": "", "2020-03-31": "", "2019-12-31": "", "2019-09-30": "", "2019-06-30": "", "2019-03-31": "", "2018-12-31": "", "2018-09-30": "", "2018-06-30": "", "2018-03-31": "", "2017-12-31": "", "2017-09-30": "", "2017-06-30": "", "2017-03-31": "", "2016-12-31": "", "2016-09-30": "0.00000", "2016-06-30": "0.00000", "2016-03-31": "0.00000", "2015-12-31": "", "2015-09-30": "0.00000", "2015-06-30": "0.00000", "2015-03-31": "0.00000", "2014-12-31": "", "2014-09-30": "0.00000", "2014-06-30": "0.00000", "2014-03-31": "0.00000", "2013-12-31": "", "2013-09-30": "0.00000", "2013-06-30": "0.00000", "2013-03-31": "", "2012-12-31": "", "2012-09-30": "", "2012-06-30": "", "2012-03-31": "", "2011-12-31": "", "2011-09-30": "", "2011-06-30": "", "2011-03-31": "", "2010-12-31": "", "2010-09-30": "", "2010-06-30": "", "2010-03-31": "", "2009-12-31": "", "2009-09-30": "", "2009-06-30": "", "2009-03-31": "", "2008-12-31": "", "2008-09-30": "", "2008-06-30": "", "2008-03-31": "", "2007-12-31": "", "2007-09-30": "", "2007-06-30": "", "2007-03-31": "", "2006-12-31": "", "2006-09-30": "", "2006-06-30": "", "2006-03-31": "", "2005-12-31": "", "2005-09-30": "", "2005-06-30": "", "2005-03-31": ""}, "Share Holder Equity": {"2020-12-31": "1862.60000", "2020-09-30": "1851.14800", "2020-06-30": "1913.95800", "2020-03-31": "1399.66800", "2019-12-31": "1537.64200", "2019-09-30": "1515.62100", "2019-06-30": "1600.29800", "2019-03-31": "1641.20000", "2018-12-31": "1654.55000", "2018-09-30": "1701.09900", "2018-06-30": "1712.87700", "2018-03-31": "1736.17300", "2017-12-31": "1692.94000", "2017-09-30": "1657.23400", "2017-06-30": "1668.11000", "2017-03-31": "1647.29400", "2016-12-31": "1496.75200", "2016-09-30": "1448.58100", "2016-06-30": "1420.52000", "2016-03-31": "1335.78000", "2015-12-31": "1361.74000", "2015-09-30": "1376.21700", "2015-06-30": "1477.27200", "2015-03-31": "1548.21600", "2014-12-31": "1575.15100", "2014-09-30": "1610.90200", "2014-06-30": "1715.86700", "2014-03-31": "1757.64300", "2013-12-31": "1755.24300", "2013-09-30": "1684.87900", "2013-06-30": "1650.12000", "2013-03-31": "1539.19000", "2012-12-31": "1438.00400", "2012-09-30": "1417.96600", "2012-06-30": "1360.11000", "2012-03-31": "1342.38500", "2011-12-31": "1323.07300", "2011-09-30": "1368.03100", "2011-06-30": "1302.97900", "2011-03-31": "1273.54800", "2010-12-31": "1251.58200", "2010-09-30": "1222.63900", "2010-06-30": "1181.86300", "2010-03-31": "1174.93200", "2009-12-31": "1146.20600", "2009-09-30": "1077.74700", "2009-06-30": "1014.36000", "2009-03-31": "921.82100", "2008-12-31": "938.93700", "2008-09-30": "1001.89700", "2008-06-30": "995.61700", "2008-03-31": "989.67300", "2007-12-31": "981.09700", "2007-09-30": "983.77500", "2007-06-30": "938.89700", "2007-03-31": "926.20500", "2006-12-31": "917.97800", "2006-09-30": "915.02500", "2006-06-30": "885.03300", "2006-03-31": "875.86700", "2005-12-31": "891.87100", "2005-09-30": "807.21700", "2005-06-30": "797.34200", "2005-03-31": "808.77500"}, "Total Liabilities And Share Holders Equity": {"2020-12-31": "3728.70000", "2020-09-30": "3726.99900", "2020-06-30": "3769.26700", "2020-03-31": "2787.75000", "2019-12-31": "2860.99600", "2019-09-30": "2767.07800", "2019-06-30": "2861.05100", "2019-03-31": "2884.21000", "2018-12-31": "2780.66600", "2018-09-30": "2842.21500", "2018-06-30": "2851.06200", "2018-03-31": "2878.37200", "2017-12-31": "2858.48100", "2017-09-30": "2911.71900", "2017-06-30": "2952.79400", "2017-03-31": "2918.91000", "2016-12-31": "2685.76000", "2016-09-30": "2671.39800", "2016-06-30": "2632.17900", "2016-03-31": "2332.13700", "2015-12-31": "2315.93800", "2015-09-30": "2314.46000", "2015-06-30": "2366.32100", "2015-03-31": "2412.55000", "2014-12-31": "2453.11500", "2014-09-30": "2477.55900", "2014-06-30": "2631.97600", "2014-03-31": "3642.82900", "2013-12-31": "3685.50100", "2013-09-30": "3818.12000", "2013-06-30": "3828.05100", "2013-03-31": "3202.28500", "2012-12-31": "3122.95100", "2012-09-30": "2913.86800", "2012-06-30": "2816.57700", "2012-03-31": "2793.88300", "2011-12-31": "2569.34800", "2011-09-30": "2494.72100", "2011-06-30": "2361.78700", "2011-03-31": "2324.89900", "2010-12-31": "2363.65300", "2010-09-30": "2392.13500", "2010-06-30": "2352.58900", "2010-03-31": "2332.92500", "2009-12-31": "2252.93100", "2009-09-30": "2292.18400", "2009-06-30": "2164.04900", "2009-03-31": "2069.30500", "2008-12-31": "2081.86400", "2008-09-30": "2140.96500", "2008-06-30": "2151.87000", "2008-03-31": "2048.74100", "2007-12-31": "2079.04100", "2007-09-30": "1967.85200", "2007-06-30": "1959.31900", "2007-03-31": "1967.49500", "2006-12-31": "1964.59800", "2006-09-30": "1871.94300", "2006-06-30": "1859.63400", "2006-03-31": "1834.52000", "2005-12-31": "1839.06400", "2005-09-30": "1856.34700", "2005-06-30": "1934.46500", "2005-03-31": "1946.61100"}}, "cash flow statement": {"Net Income/Loss": {"2020-12-31": "29.80000", "2019-12-31": "67.67800", "2018-12-31": "117.33000", "2017-12-31": "161.57900", "2016-12-31": "217.77000", "2015-12-31": "43.94100", "2014-12-31": "97.84600", "2013-12-31": "373.79800", "2012-12-31": "278.68500", "2011-12-31": "276.00500", "2010-12-31": "217.58600", "2009-12-31": "312.54100", "2008-12-31": "148.58300", "2007-12-31": "173.55900", "2006-12-31": "176.46900", "2005-12-31": "177.52100"}, "Total Depreciation And Amortization - Cash Flow": {"2020-12-31": "165.00000", "2019-12-31": "128.68400", "2018-12-31": "144.79600", "2017-12-31": "128.03100", "2016-12-31": "117.19300", "2015-12-31": "117.71500", "2014-12-31": "128.34800", "2013-12-31": "140.09800", "2012-12-31": "110.44700", "2011-12-31": "153.57100", "2010-12-31": "157.70100", "2009-12-31": "169.27500", "2008-12-31": "173.67600", "2007-12-31": "155.80500", "2006-12-31": "136.49500", "2005-12-31": "147.38800"}, "Other Non-Cash Items": {"2020-12-31": "21.60000", "2019-12-31": "25.78400", "2018-12-31": "50.20000", "2017-12-31": "-26.65000", "2016-12-31": "-121.60100", "2015-12-31": "16.00300", "2014-12-31": "52.56000", "2013-12-31": "2.68000", "2012-12-31": "11.68400", "2011-12-31": "6.17700", "2010-12-31": "21.16000", "2009-12-31": "28.47300", "2008-12-31": "31.41200", "2007-12-31": "14.27300", "2006-12-31": "-20.09300", "2005-12-31": "-47.75500"}, "Total Non-Cash Items": {"2020-12-31": "186.60000", "2019-12-31": "154.46800", "2018-12-31": "194.99600", "2017-12-31": "101.38100", "2016-12-31": "-4.40800", "2015-12-31": "133.71800", "2014-12-31": "180.90800", "2013-12-31": "142.77800", "2012-12-31": "122.13100", "2011-12-31": "159.74800", "2010-12-31": "178.86100", "2009-12-31": "197.74800", "2008-12-31": "205.08800", "2007-12-31": "170.07800", "2006-12-31": "116.40200", "2005-12-31": "99.63300"}, "Change In Accounts Receivable": {"2020-12-31": "", "2019-12-31": "-0.84900", "2018-12-31": "0.76500", "2017-12-31": "-6.36200", "2016-12-31": "2.51700", "2015-12-31": "2.03400", "2014-12-31": "4.30000", "2013-12-31": "11.10000", "2012-12-31": "-4.24800", "2011-12-31": "-12.01100", "2010-12-31": "20.77400", "2009-12-31": "-26.86300", "2008-12-31": "1.79400", "2007-12-31": "19.23900", "2006-12-31": "-11.88100", "2005-12-31": "-1.42200"}, "Change In Inventories": {"2020-12-31": "", "2019-12-31": "1.22400", "2018-12-31": "1.77300", "2017-12-31": "-1.38400", "2016-12-31": "-1.17500", "2015-12-31": "-9.74900", "2014-12-31": "3.92600", "2013-12-31": "-19.98600", "2012-12-31": "-10.64900", "2011-12-31": "-3.86800", "2010-12-31": "-27.69300", "2009-12-31": "9.20200", "2008-12-31": "-15.94600", "2007-12-31": "-7.37000", "2006-12-31": "2.74200", "2005-12-31": "-9.62400"}, "Change In Accounts Payable": {"2020-12-31": "", "2019-12-31": "-1.55400", "2018-12-31": "-4.62600", "2017-12-31": "3.43500", "2016-12-31": "-0.55900", "2015-12-31": "1.86300", "2014-12-31": "29.92900", "2013-12-31": "-1.65500", "2012-12-31": "-7.96700", "2011-12-31": "6.34700", "2010-12-31": "-4.60600", "2009-12-31": "-12.55200", "2008-12-31": "6.12800", "2007-12-31": "-8.50200", "2006-12-31": "11.34900", "2005-12-31": "-0.96900"}, "Change In Assets/Liabilities": {"2020-12-31": "-12.20000", "2019-12-31": "-6.71400", "2018-12-31": "-0.14200", "2017-12-31": "-1.93100", "2016-12-31": "-10.13800", "2015-12-31": "6.25100", "2014-12-31": "2.66900", "2013-12-31": "-6.47400", "2012-12-31": "2.75000", "2011-12-31": "-13.73900", "2010-12-31": "-60.37700", "2009-12-31": "17.91700", "2008-12-31": "-7.72700", "2007-12-31": "-11.38000", "2006-12-31": "0.74100", "2005-12-31": "6.05500"}, "Total Change In Assets/Liabilities": {"2020-12-31": "-12.20000", "2019-12-31": "-7.89300", "2018-12-31": "-2.23000", "2017-12-31": "-6.67600", "2016-12-31": "-9.56100", "2015-12-31": "-0.49500", "2014-12-31": "41.66200", "2013-12-31": "30.21700", "2012-12-31": "45.09800", "2011-12-31": "-3.48300", "2010-12-31": "98.94300", "2009-12-31": "-202.99000", "2008-12-31": "-13.48300", "2007-12-31": "-19.61700", "2006-12-31": "14.05700", "2005-12-31": "-15.24700"}, "Cash Flow From Operating Activities": {"2020-12-31": "204.20000", "2019-12-31": "214.25300", "2018-12-31": "310.09600", "2017-12-31": "256.28400", "2016-12-31": "203.80100", "2015-12-31": "177.16400", "2014-12-31": "320.41600", "2013-12-31": "546.79300", "2012-12-31": "445.91400", "2011-12-31": "432.27000", "2010-12-31": "495.39000", "2009-12-31": "307.29900", "2008-12-31": "340.18800", "2007-12-31": "324.02000", "2006-12-31": "306.92800", "2005-12-31": "261.90700"}, "Net Change In Property, Plant, And Equipment": {"2020-12-31": "42.70000", "2019-12-31": "-70.79900", "2018-12-31": "-71.82600", "2017-12-31": "14.11400", "2016-12-31": "136.39300", "2015-12-31": "-59.96900", "2014-12-31": "-128.34200", "2013-12-31": "-64.49500", "2012-12-31": "-155.52000", "2011-12-31": "-144.52200", "2010-12-31": "-138.44900", "2009-12-31": "-91.66700", "2008-12-31": "-109.14200", "2007-12-31": "-101.35400", "2006-12-31": "-126.56300", "2005-12-31": "-85.26100"}, "Net Change In Intangible Assets": {"2020-12-31": "", "2019-12-31": "", "2018-12-31": "", "2017-12-31": "", "2016-12-31": "", "2015-12-31": "", "2014-12-31": "", "2013-12-31": "", "2012-12-31": "", "2011-12-31": "", "2010-12-31": "", "2009-12-31": "", "2008-12-31": "", "2007-12-31": "", "2006-12-31": "", "2005-12-31": ""}, "Net Acquisitions/Divestitures": {"2020-12-31": "-24.70000", "2019-12-31": "-142.28700", "2018-12-31": "-57.60800", "2017-12-31": "-242.91000", "2016-12-31": "-367.36800", "2015-12-31": "-98.40900", "2014-12-31": "-130.89600", "2013-12-31": "-97.56000", "2012-12-31": "-304.87700", "2011-12-31": "-363.79300", "2010-12-31": "-5.36000", "2009-12-31": "", "2008-12-31": "-229.70100", "2007-12-31": "-22.87200", "2006-12-31": "-256.00800", "2005-12-31": "163.24400"}, "Net Change In Short-term Investments": {"2020-12-31": "", "2019-12-31": "", "2018-12-31": "", "2017-12-31": "", "2016-12-31": "", "2015-12-31": "", "2014-12-31": "", "2013-12-31": "", "2012-12-31": "", "2011-12-31": "", "2010-12-31": "", "2009-12-31": "", "2008-12-31": "", "2007-12-31": "", "2006-12-31": "", "2005-12-31": ""}, "Net Change In Long-Term Investments": {"2020-12-31": "", "2019-12-31": "", "2018-12-31": "", "2017-12-31": "", "2016-12-31": "", "2015-12-31": "", "2014-12-31": "", "2013-12-31": "", "2012-12-31": "", "2011-12-31": "", "2010-12-31": "", "2009-12-31": "", "2008-12-31": "", "2007-12-31": "", "2006-12-31": "", "2005-12-31": "-121.93000"}, "Net Change In Investments - Total": {"2020-12-31": "", "2019-12-31": "", "2018-12-31": "", "2017-12-31": "", "2016-12-31": "", "2015-12-31": "", "2014-12-31": "", "2013-12-31": "", "2012-12-31": "", "2011-12-31": "", "2010-12-31": "", "2009-12-31": "", "2008-12-31": "", "2007-12-31": "", "2006-12-31": "", "2005-12-31": "-121.93000"}, "Investing Activities - Other": {"2020-12-31": "-231.60000", "2019-12-31": "-6.30400", "2018-12-31": "-3.42100", "2017-12-31": "-6.45700", "2016-12-31": "-3.99600", "2015-12-31": "-7.93100", "2014-12-31": "62.56200", "2013-12-31": "-308.48500", "2012-12-31": "-12.50400", "2011-12-31": "19.70100", "2010-12-31": "1.15300", "2009-12-31": "-1.07700", "2008-12-31": "8.45200", "2007-12-31": "-1.75900", "2006-12-31": "-2.62200", "2005-12-31": "59.80400"}, "Cash Flow From Investing Activities": {"2020-12-31": "-213.60000", "2019-12-31": "-219.39000", "2018-12-31": "-132.85500", "2017-12-31": "-235.25300", "2016-12-31": "-234.97100", "2015-12-31": "-166.30900", "2014-12-31": "-196.67600", "2013-12-31": "-470.54000", "2012-12-31": "-472.90100", "2011-12-31": "-488.61400", "2010-12-31": "-142.65600", "2009-12-31": "-92.74400", "2008-12-31": "-330.39100", "2007-12-31": "-125.98500", "2006-12-31": "-385.19300", "2005-12-31": "15.85700"}, "Net Long-Term Debt": {"2020-12-31": "168.00000", "2019-12-31": "82.00000", "2018-12-31": "-53.40200", "2017-12-31": "-36.76800", "2016-12-31": "237.50100", "2015-12-31": "108.15600", "2014-12-31": "136.82700", "2013-12-31": "73.40000", "2012-12-31": "416.39000", "2011-12-31": "-39.05700", "2010-12-31": "60.35000", "2009-12-31": "-63.60300", "2008-12-31": "21.11500", "2007-12-31": "55.59400", "2006-12-31": "99.69000", "2005-12-31": "-98.57500"}, "Net Current Debt": {"2020-12-31": "", "2019-12-31": "", "2018-12-31": "", "2017-12-31": "", "2016-12-31": "", "2015-12-31": "", "2014-12-31": "", "2013-12-31": "", "2012-12-31": "", "2011-12-31": "", "2010-12-31": "", "2009-12-31": "", "2008-12-31": "", "2007-12-31": "", "2006-12-31": "", "2005-12-31": ""}, "Debt Issuance/Retirement Net - Total": {"2020-12-31": "168.00000", "2019-12-31": "82.00000", "2018-12-31": "-53.40200", "2017-12-31": "-36.76800", "2016-12-31": "237.50100", "2015-12-31": "108.15600", "2014-12-31": "136.82700", "2013-12-31": "73.40000", "2012-12-31": "416.39000", "2011-12-31": "-39.05700", "2010-12-31": "60.35000", "2009-12-31": "-63.60300", "2008-12-31": "21.11500", "2007-12-31": "55.59400", "2006-12-31": "99.69000", "2005-12-31": "-98.57500"}, "Net Common Equity Issued/Repurchased": {"2020-12-31": "30.80000", "2019-12-31": "-11.42000", "2018-12-31": "5.60700", "2017-12-31": "156.96500", "2016-12-31": "0.88600", "2015-12-31": "-97.88300", "2014-12-31": "3.72100", "2013-12-31": "-1.22500", "2012-12-31": "17.71200", "2011-12-31": "5.54200", "2010-12-31": "20.28600", "2009-12-31": "22.23300", "2008-12-31": "4.28600", "2007-12-31": "36.41100", "2006-12-31": "10.21100", "2005-12-31": "14.76500"}, "Net Total Equity Issued/Repurchased": {"2020-12-31": "30.80000", "2019-12-31": "-11.42000", "2018-12-31": "5.60700", "2017-12-31": "156.96500", "2016-12-31": "0.88600", "2015-12-31": "-97.88300", "2014-12-31": "3.72100", "2013-12-31": "-1.22500", "2012-12-31": "17.71200", "2011-12-31": "5.54200", "2010-12-31": "20.28600", "2009-12-31": "22.23300", "2008-12-31": "4.28600", "2007-12-31": "36.41100", "2006-12-31": "10.21100", "2005-12-31": "14.76500"}, "Total Common And Preferred Stock Dividends Paid": {"2020-12-31": "-149.90000", "2019-12-31": "-141.07100", "2018-12-31": "-136.77200", "2017-12-31": "-127.06900", "2016-12-31": "-122.84500", "2015-12-31": "-124.93600", "2014-12-31": "-257.51700", "2013-12-31": "-237.01600", "2012-12-31": "-206.58300", "2011-12-31": "-185.27200", "2010-12-31": "-163.67300", "2009-12-31": "-158.21800", "2008-12-31": "-156.97800", "2007-12-31": "-150.62600", "2006-12-31": "-143.88300", "2005-12-31": "-129.24900"}, "Financial Activities - Other": {"2020-12-31": "-21.90000", "2019-12-31": "-9.15800", "2018-12-31": "-9.14700", "2017-12-31": "", "2016-12-31": "-1.11900", "2015-12-31": "-1.80000", "2014-12-31": "-44.48000", "2013-12-31": "7.70000", "2012-12-31": "1.50000", "2011-12-31": "3.65400", "2010-12-31": "4.85000", "2009-12-31": "-1.95800", "2008-12-31": "3.24800", "2007-12-31": "0.85000", "2006-12-31": "4.14300", "2005-12-31": "-2.50600"}, "Cash Flow From Financial Activities": {"2020-12-31": "27.00000", "2019-12-31": "-79.64900", "2018-12-31": "-193.71400", "2017-12-31": "-6.87200", "2016-12-31": "114.42300", "2015-12-31": "-116.46300", "2014-12-31": "-161.44900", "2013-12-31": "-157.14100", "2012-12-31": "229.01900", "2011-12-31": "-215.13300", "2010-12-31": "-78.18700", "2009-12-31": "-201.54600", "2008-12-31": "-128.32900", "2007-12-31": "-57.77100", "2006-12-31": "-29.83900", "2005-12-31": "-215.56500"}, "Net Cash Flow": {"2020-12-31": "17.50000", "2019-12-31": "-86.48600", "2018-12-31": "-15.90200", "2017-12-31": "14.73900", "2016-12-31": "82.31500", "2015-12-31": "-109.78100", "2014-12-31": "-38.08600", "2013-12-31": "-80.95200", "2012-12-31": "201.99300", "2011-12-31": "-270.86000", "2010-12-31": "274.49900", "2009-12-31": "13.27900", "2008-12-31": "-119.39600", "2007-12-31": "140.91000", "2006-12-31": "-106.05600", "2005-12-31": "62.11000"}, "Stock-Based Compensation": {"2020-12-31": "", "2019-12-31": "19.46900", "2018-12-31": "29.98100", "2017-12-31": "19.08000", "2016-12-31": "16.82600", "2015-12-31": "4.48400", "2014-12-31": "7.86900", "2013-12-31": "11.68300", "2012-12-31": "15.11600", "2011-12-31": "16.18100", "2010-12-31": "15.22300", "2009-12-31": "15.75400", "2008-12-31": "13.34400", "2007-12-31": "13.47800", "2006-12-31": "12.07800", "2005-12-31": "11.68600"}, "Common Stock Dividends Paid": {"2020-12-31": "-149.90000", "2019-12-31": "-141.07100", "2018-12-31": "-136.77200", "2017-12-31": "-127.06900", "2016-12-31": "-122.84500", "2015-12-31": "-124.93600", "2014-12-31": "-257.51700", "2013-12-31": "-237.01600", "2012-12-31": "-206.58300", "2011-12-31": "-185.27200", "2010-12-31": "-163.67300", "2009-12-31": "-158.21800", "2008-12-31": "-156.97800", "2007-12-31": "-150.62600", "2006-12-31": "-143.88300", "2005-12-31": "-129.24900"}}, "cash flow statement, quarterly": {"Net Income/Loss": {"2020-12-31": 12.422, "2020-09-30": -9.498, "2020-06-30": 0.455, "2020-03-31": "26.42100", "2019-12-31": 17.437, "2019-09-30": 1.528, "2019-06-30": 20.92, "2019-03-31": "27.79300", "2018-12-31": 4.648, "2018-09-30": 30.639, "2018-06-30": 39.337, "2018-03-31": "42.70600", "2017-12-31": 66.92, "2017-09-30": 28.803, "2017-06-30": 30.773, "2017-03-31": "35.08300", "2016-12-31": 50.509, "2016-09-30": 40.624, "2016-06-30": 111.579, "2016-03-31": "15.05800", "2015-12-31": 9.44, "2015-09-30": 19.181, "2015-06-30": -2.86, "2015-03-31": "18.18000", "2014-12-31": 8.336, "2014-09-30": 32.059, "2014-06-30": 16.108, "2014-03-31": "41.34300", "2013-12-31": 79.805, "2013-09-30": 58.367, "2013-06-30": 87.891, "2013-03-31": "147.73500", "2012-12-31": 75.609, "2012-09-30": 80.561, "2012-06-30": 69.078, "2012-03-31": "53.43700", "2011-12-31": 56.231, "2011-09-30": 104.909, "2011-06-30": 56.453, "2011-03-31": "58.41200", "2010-12-31": 59.171, "2010-09-30": 62.904, "2010-06-30": 38.558, "2010-03-31": "56.95300", "2009-12-31": 97.727, "2009-09-30": 81.14, "2009-06-30": 107.753, "2009-03-31": "25.92100", "2008-12-31": 43.419, "2008-09-30": 28.902, "2008-06-30": 36.564, "2008-03-31": "39.69800", "2007-12-31": 33.711, "2007-09-30": 71.458, "2007-06-30": 33.31, "2007-03-31": "35.08000", "2006-12-31": 55.262, "2006-09-30": 55.037, "2006-06-30": 42.93, "2006-03-31": "23.24000", "2005-12-31": 26.212, "2005-09-30": 74.894, "2005-06-30": 41.575, "2005-03-31": "34.84000"}, "Total Depreciation And Amortization - Cash Flow": {"2020-12-31": 44.869, "2020-09-30": 43.501, "2020-06-30": 42.084, "2020-03-31": "34.54600", "2019-12-31": 36.408, "2019-09-30": 27.959, "2019-06-30": 27.714, "2019-03-31": "36.60300", "2018-12-31": 28.563, "2018-09-30": 34.975, "2018-06-30": 46.562, "2018-03-31": "34.69600", "2017-12-31": 31.08, "2017-09-30": 28.823, "2017-06-30": 37.239, "2017-03-31": "30.88900", "2016-12-31": 31.627, "2016-09-30": 32.61, "2016-06-30": 22.997, "2016-03-31": "29.95900", "2015-12-31": 29.113, "2015-09-30": 32.915, "2015-06-30": 24.773, "2015-03-31": "30.91400", "2014-12-31": 31.529, "2014-09-30": 34.607, "2014-06-30": 33.203, "2014-03-31": "29.00900", "2013-12-31": 41.595, "2013-09-30": 36.029, "2013-06-30": 20.203, "2013-03-31": "42.27100", "2012-12-31": -9.325, "2012-09-30": 41.926, "2012-06-30": 41.035, "2012-03-31": "36.81100", "2011-12-31": 36.022, "2011-09-30": 44.341, "2011-06-30": 36.165, "2011-03-31": "37.04300", "2010-12-31": 35.911, "2010-09-30": 41.21, "2010-06-30": 35.222, "2010-03-31": "45.35800", "2009-12-31": 37.866, "2009-09-30": 41.851, "2009-06-30": 49.597, "2009-03-31": "39.96100", "2008-12-31": 57.612, "2008-09-30": 41.48, "2008-06-30": 39.738, "2008-03-31": "34.84600", "2007-12-31": 40.861, "2007-09-30": 36.947, "2007-06-30": 37.052, "2007-03-31": "40.94500", "2006-12-31": 37.697, "2006-09-30": 32.187, "2006-06-30": 34.21, "2006-03-31": "32.40100", "2005-12-31": 38.193, "2005-09-30": 37.197, "2005-06-30": 36.233, "2005-03-31": "35.76500"}, "Other Non-Cash Items": {"2020-12-31": 4.927, "2020-09-30": 29.116, "2020-06-30": 10.361, "2020-03-31": "-22.80400", "2019-12-31": 3.043, "2019-09-30": 5.029, "2019-06-30": 7.009, "2019-03-31": "10.70300", "2018-12-31": 3.703, "2018-09-30": 19.9, "2018-06-30": 10.458, "2018-03-31": "16.13900", "2017-12-31": -27.925, "2017-09-30": 2.274, "2017-06-30": 13.535, "2017-03-31": "-14.53400", "2016-12-31": -38.502, "2016-09-30": 7.755, "2016-06-30": -94.175, "2016-03-31": "3.32100", "2015-12-31": 5.223, "2015-09-30": 2.984, "2015-06-30": 3.393, "2015-03-31": "4.40300", "2014-12-31": 7.413, "2014-09-30": -9.18, "2014-06-30": 25.929, "2014-03-31": "28.39800", "2013-12-31": 50.283, "2013-09-30": -33.688, "2013-06-30": 120.25, "2013-03-31": "-134.16500", "2012-12-31": 21.354, "2012-09-30": -1.098, "2012-06-30": -16.583, "2012-03-31": "8.01100", "2011-12-31": 25.335, "2011-09-30": -20.467, "2011-06-30": -2.945, "2011-03-31": "4.25400", "2010-12-31": 6.677, "2010-09-30": 20.772, "2010-06-30": 1.602, "2010-03-31": "-7.89100", "2009-12-31": 14.952, "2009-09-30": 3.332, "2009-06-30": 3.721, "2009-03-31": "6.46800", "2008-12-31": 7.229, "2008-09-30": 9.095, "2008-06-30": 6.811, "2008-03-31": "8.27700", "2007-12-31": -0.031, "2007-09-30": 0.127, "2007-06-30": 12.631, "2007-03-31": "1.54600", "2006-12-31": -16.026, "2006-09-30": 0.548, "2006-06-30": -6.302, "2006-03-31": "1.68700", "2005-12-31": -25.419, "2005-09-30": -11.916, "2005-06-30": -12.602, "2005-03-31": "2.18200"}, "Total Non-Cash Items": {"2020-12-31": 49.796, "2020-09-30": 72.617, "2020-06-30": 52.445, "2020-03-31": "11.74200", "2019-12-31": 39.451, "2019-09-30": 32.988, "2019-06-30": 34.723, "2019-03-31": "47.30600", "2018-12-31": 32.266, "2018-09-30": 54.875, "2018-06-30": 57.02, "2018-03-31": "50.83500", "2017-12-31": 3.155, "2017-09-30": 31.097, "2017-06-30": 50.774, "2017-03-31": "16.35500", "2016-12-31": -6.875, "2016-09-30": 40.365, "2016-06-30": -71.178, "2016-03-31": "33.28000", "2015-12-31": 34.336, "2015-09-30": 35.899, "2015-06-30": 28.166, "2015-03-31": "35.31700", "2014-12-31": 38.942, "2014-09-30": 25.427, "2014-06-30": 59.132, "2014-03-31": "57.40700", "2013-12-31": 91.878, "2013-09-30": 2.341, "2013-06-30": 140.453, "2013-03-31": "-91.89400", "2012-12-31": 12.029, "2012-09-30": 40.828, "2012-06-30": 24.452, "2012-03-31": "44.82200", "2011-12-31": 61.357, "2011-09-30": 23.874, "2011-06-30": 33.22, "2011-03-31": "41.29700", "2010-12-31": 42.588, "2010-09-30": 61.982, "2010-06-30": 36.824, "2010-03-31": "37.46700", "2009-12-31": 52.818, "2009-09-30": 45.183, "2009-06-30": 53.318, "2009-03-31": "46.42900", "2008-12-31": 64.841, "2008-09-30": 50.575, "2008-06-30": 46.549, "2008-03-31": "43.12300", "2007-12-31": 40.83, "2007-09-30": 37.074, "2007-06-30": 49.683, "2007-03-31": "42.49100", "2006-12-31": 21.671, "2006-09-30": 32.735, "2006-06-30": 27.908, "2006-03-31": "34.08800", "2005-12-31": 12.774, "2005-09-30": 25.281, "2005-06-30": 23.631, "2005-03-31": "37.94700"}, "Change In Accounts Receivable": {"2020-12-31": 14.089, "2020-09-30": -6.485, "2020-06-30": -2.288, "2020-03-31": "-5.31600", "2019-12-31": 0.99, "2019-09-30": 19.192, "2019-06-30": -12.836, "2019-03-31": "-8.19500", "2018-12-31": 16.026, "2018-09-30": 10.942, "2018-06-30": -15.73, "2018-03-31": "-10.47300", "2017-12-31": 12.277, "2017-09-30": -8.218, "2017-06-30": 1.021, "2017-03-31": "-11.44200", "2016-12-31": 6.414, "2016-09-30": 5.47, "2016-06-30": -2.463, "2016-03-31": "-6.90400", "2015-12-31": 0.139, "2015-09-30": -0.519, "2015-06-30": -1.13, "2015-03-31": "3.54400", "2014-12-31": 4.037, "2014-09-30": -9.725, "2014-06-30": 25.938, "2014-03-31": "-15.95000", "2013-12-31": 29.81, "2013-09-30": -6.928, "2013-06-30": -3.004, "2013-03-31": "-8.77800", "2012-12-31": 9.921, "2012-09-30": -0.396, "2012-06-30": -11.862, "2012-03-31": "-1.91100", "2011-12-31": 12.06, "2011-09-30": 1.151, "2011-06-30": -10.456, "2011-03-31": "-14.76600", "2010-12-31": 31.53, "2010-09-30": -18.708, "2010-06-30": -3.25, "2010-03-31": "11.20200", "2009-12-31": -6.37, "2009-09-30": -14.691, "2009-06-30": -4.394, "2009-03-31": "-1.40800", "2008-12-31": 19.58, "2008-09-30": 0.169, "2008-06-30": -18.896, "2008-03-31": "0.94100", "2007-12-31": 24.597, "2007-09-30": -5.776, "2007-06-30": 3.959, "2007-03-31": "-3.54100", "2006-12-31": -13.386, "2006-09-30": 19.012, "2006-06-30": -9.526, "2006-03-31": "-7.98100", "2005-12-31": 12.87, "2005-09-30": -13.678, "2005-06-30": 0.332, "2005-03-31": "-0.94600"}, "Change In Inventories": {"2020-12-31": 2.31, "2020-09-30": 1.404, "2020-06-30": -0.096, "2020-03-31": "-3.61800", "2019-12-31": 2.331, "2019-09-30": -0.113, "2019-06-30": 0.349, "2019-03-31": "-1.34300", "2018-12-31": 0.688, "2018-09-30": 0.071, "2018-06-30": 2.282, "2018-03-31": "-1.26800", "2017-12-31": -0.767, "2017-09-30": 1.155, "2017-06-30": 1.709, "2017-03-31": "-3.48100", "2016-12-31": 3.416, "2016-09-30": -2.459, "2016-06-30": 2.487, "2016-03-31": "-4.61900", "2015-12-31": -0.346, "2015-09-30": -1.296, "2015-06-30": -4.974, "2015-03-31": "-3.13300", "2014-12-31": 1.319, "2014-09-30": -2.158, "2014-06-30": 5.715, "2014-03-31": "-0.95000", "2013-12-31": -10.946, "2013-09-30": -36.365, "2013-06-30": 16.128, "2013-03-31": "11.19700", "2012-12-31": -10.003, "2012-09-30": -7.742, "2012-06-30": -9.939, "2012-03-31": "17.03500", "2011-12-31": 4.567, "2011-09-30": -9.502, "2011-06-30": -8.094, "2011-03-31": "9.16100", "2010-12-31": -24.212, "2010-09-30": 3.878, "2010-06-30": -6.913, "2010-03-31": "-0.44600", "2009-12-31": 13.324, "2009-09-30": 4.261, "2009-06-30": -1.913, "2009-03-31": "-6.47000", "2008-12-31": -13.851, "2008-09-30": -10.221, "2008-06-30": 4.281, "2008-03-31": "3.84500", "2007-12-31": -11.292, "2007-09-30": -2.089, "2007-06-30": -10.505, "2007-03-31": "16.51600", "2006-12-31": 2.716, "2006-09-30": -6.789, "2006-06-30": -0.686, "2006-03-31": "7.50100", "2005-12-31": -0.865, "2005-09-30": -6.047, "2005-06-30": -1.675, "2005-03-31": "-1.03700"}, "Change In Accounts Payable": {"2020-12-31": -6.553, "2020-09-30": 1.658, "2020-06-30": 1.542, "2020-03-31": "3.35300", "2019-12-31": -3.575, "2019-09-30": -3.537, "2019-06-30": -0.831, "2019-03-31": "6.38900", "2018-12-31": -3.801, "2018-09-30": -5.273, "2018-06-30": 0.527, "2018-03-31": "3.92100", "2017-12-31": -1.583, "2017-09-30": -0.123, "2017-06-30": -0.745, "2017-03-31": "5.88600", "2016-12-31": -1.142, "2016-09-30": -1.732, "2016-06-30": 0.946, "2016-03-31": "1.36900", "2015-12-31": 0.009, "2015-09-30": -2.02, "2015-06-30": 1.017, "2015-03-31": "2.85700", "2014-12-31": -3.368, "2014-09-30": 5.998, "2014-06-30": 13.37, "2014-03-31": "13.92900", "2013-12-31": -15.367, "2013-09-30": -5.823, "2013-06-30": 4.149, "2013-03-31": "15.38600", "2012-12-31": 5.359, "2012-09-30": -3.808, "2012-06-30": -13.496, "2012-03-31": "3.97800", "2011-12-31": 0.001, "2011-09-30": -3.768, "2011-06-30": -4.53, "2011-03-31": "14.64400", "2010-12-31": 4.387, "2010-09-30": -9.834, "2010-06-30": -2.176, "2010-03-31": "3.01700", "2009-12-31": 3.855, "2009-09-30": -12.419, "2009-06-30": -2.233, "2009-03-31": "-1.75500", "2008-12-31": -1.126, "2008-09-30": -2.755, "2008-06-30": 7.325, "2008-03-31": "2.68400", "2007-12-31": 5.036, "2007-09-30": -6.435, "2007-06-30": 4.554, "2007-03-31": "-11.65700", "2006-12-31": 11.122, "2006-09-30": -15.122, "2006-06-30": 10.945, "2006-03-31": "4.40400", "2005-12-31": 14.951, "2005-09-30": -9.355, "2005-06-30": -4.17, "2005-03-31": "-2.39500"}, "Change In Assets/Liabilities": {"2020-12-31": -5.848, "2020-09-30": -4.312, "2020-06-30": 1.363, "2020-03-31": "-3.40300", "2019-12-31": -6.574, "2019-09-30": -2.819, "2019-06-30": 3.712, "2019-03-31": "-1.03300", "2018-12-31": -0.782, "2018-09-30": -11.87, "2018-06-30": 19.706, "2018-03-31": "-7.19600", "2017-12-31": -10.283, "2017-09-30": 5.844, "2017-06-30": 10.84, "2017-03-31": "-8.33200", "2016-12-31": -12.27, "2016-09-30": 5.149, "2016-06-30": 4.034, "2016-03-31": "-7.05100", "2015-12-31": -9.87, "2015-09-30": 6.901, "2015-06-30": 12.437, "2015-03-31": "-3.21700", "2014-12-31": -13.001, "2014-09-30": 7.785, "2014-06-30": 4.883, "2014-03-31": "3.00200", "2013-12-31": -12.337, "2013-09-30": 83.828, "2013-06-30": -78.064, "2013-03-31": "0.09900", "2012-12-31": -13.666, "2012-09-30": 14.892, "2012-06-30": 19, "2012-03-31": "-17.47600", "2011-12-31": -18.521, "2011-09-30": 7.942, "2011-06-30": -10.117, "2011-03-31": "6.95700", "2010-12-31": -54.653, "2010-09-30": 6.629, "2010-06-30": -10.233, "2010-03-31": "-2.12000", "2009-12-31": 22.627, "2009-09-30": 9.552, "2009-06-30": -12.184, "2009-03-31": "-2.07800", "2008-12-31": 13.437, "2008-09-30": -6.102, "2008-06-30": -14.289, "2008-03-31": "-0.77300", "2007-12-31": -8.801, "2007-09-30": 2.596, "2007-06-30": 7.481, "2007-03-31": "-12.65600", "2006-12-31": 18.1, "2006-09-30": -14.721, "2006-06-30": 7.657, "2006-03-31": "-10.29500", "2005-12-31": -2.407, "2005-09-30": 14.713, "2005-06-30": -10.575, "2005-03-31": "4.32400"}, "Total Change In Assets/Liabilities": {"2020-12-31": 3.998, "2020-09-30": -7.735, "2020-06-30": 0.521, "2020-03-31": "-8.98400", "2019-12-31": -6.828, "2019-09-30": 12.723, "2019-06-30": -9.606, "2019-03-31": "-4.18200", "2018-12-31": 12.131, "2018-09-30": -6.046, "2018-06-30": 6.991, "2018-03-31": "-15.30600", "2017-12-31": -0.664, "2017-09-30": -1.342, "2017-06-30": 12.825, "2017-03-31": "-17.49500", "2016-12-31": -3.741, "2016-09-30": 5.94, "2016-06-30": 5.543, "2016-03-31": "-17.30300", "2015-12-31": -10.015, "2015-09-30": 2.44, "2015-06-30": 7.179, "2015-03-31": "-0.09900", "2014-12-31": -10.931, "2014-09-30": -2.561, "2014-06-30": 53.804, "2014-03-31": "1.35000", "2013-12-31": 40.874, "2013-09-30": 37.856, "2013-06-30": -82.332, "2013-03-31": "33.81900", "2012-12-31": 4.634, "2012-09-30": 23.377, "2012-06-30": 3.992, "2012-03-31": "13.09500", "2011-12-31": -11.588, "2011-09-30": 2.62, "2011-06-30": -10.511, "2011-03-31": "15.99600", "2010-12-31": -79.576, "2010-09-30": -7.479, "2010-06-30": 189.007, "2010-03-31": "-3.00900", "2009-12-31": -57.564, "2009-09-30": -39.219, "2009-06-30": -98.649, "2009-03-31": "-7.55800", "2008-12-31": -16.25, "2008-09-30": 13.828, "2008-06-30": -28.476, "2008-03-31": "17.41500", "2007-12-31": -14.252, "2007-09-30": 23.599, "2007-06-30": -3.795, "2007-03-31": "-25.16900", "2006-12-31": 7.646, "2006-09-30": 1.465, "2006-06-30": 11.458, "2006-03-31": "-6.51200", "2005-12-31": 8.977, "2005-09-30": -10.126, "2005-06-30": -17.082, "2005-03-31": "2.98400"}, "Cash Flow From Operating Activities": {"2020-12-31": 66.216, "2020-09-30": 55.384, "2020-06-30": 53.421, "2020-03-31": "29.17900", "2019-12-31": 50.06, "2019-09-30": 47.239, "2019-06-30": 46.037, "2019-03-31": "70.91700", "2018-12-31": 49.045, "2018-09-30": 79.468, "2018-06-30": 103.348, "2018-03-31": "78.23500", "2017-12-31": 69.411, "2017-09-30": 58.558, "2017-06-30": 94.372, "2017-03-31": "33.94300", "2016-12-31": 39.893, "2016-09-30": 86.929, "2016-06-30": 45.944, "2016-03-31": "31.03500", "2015-12-31": 33.761, "2015-09-30": 57.52, "2015-06-30": 32.485, "2015-03-31": "53.39800", "2014-12-31": 36.347, "2014-09-30": 54.925, "2014-06-30": 129.044, "2014-03-31": "100.10000", "2013-12-31": 212.557, "2013-09-30": 98.564, "2013-06-30": 146.012, "2013-03-31": "89.66000", "2012-12-31": 92.272, "2012-09-30": 144.766, "2012-06-30": 97.522, "2012-03-31": "111.35400", "2011-12-31": 106, "2011-09-30": 131.403, "2011-06-30": 79.162, "2011-03-31": "115.70500", "2010-12-31": 22.183, "2010-09-30": 117.407, "2010-06-30": 264.389, "2010-03-31": "91.41100", "2009-12-31": 92.981, "2009-09-30": 87.104, "2009-06-30": 62.422, "2009-03-31": "64.79200", "2008-12-31": 92.01, "2008-09-30": 93.305, "2008-06-30": 54.637, "2008-03-31": "100.23600", "2007-12-31": 60.289, "2007-09-30": 132.131, "2007-06-30": 79.198, "2007-03-31": "52.40200", "2006-12-31": 84.579, "2006-09-30": 89.237, "2006-06-30": 82.296, "2006-03-31": "50.81600", "2005-12-31": 47.963, "2005-09-30": 90.049, "2005-06-30": 48.124, "2005-03-31": "75.77100"}, "Net Change In Property, Plant, And Equipment": {"2020-12-31": -22.839, "2020-09-30": -20.687, "2020-06-30": -10.537, "2020-03-31": "96.76300", "2019-12-31": -22.179, "2019-09-30": -19.115, "2019-06-30": -13.706, "2019-03-31": "-15.79900", "2018-12-31": -20.8, "2018-09-30": -20.605, "2018-06-30": -14.889, "2018-03-31": "-15.53200", "2017-12-31": 29.596, "2017-09-30": -22.072, "2017-06-30": -18.897, "2017-03-31": "25.48700", "2016-12-31": 54.489, "2016-09-30": -15.863, "2016-06-30": 112.75, "2016-03-31": "-14.98300", "2015-12-31": -20.729, "2015-09-30": -12.996, "2015-06-30": -12.804, "2015-03-31": "-13.44000", "2014-12-31": -19.344, "2014-09-30": -25.756, "2014-06-30": -46.79, "2014-03-31": "-36.45200", "2013-12-31": 57.604, "2013-09-30": -47.512, "2013-06-30": -41.923, "2013-03-31": "-32.66400", "2012-12-31": -43.505, "2012-09-30": -35.769, "2012-06-30": -34.167, "2012-03-31": "-42.07900", "2011-12-31": -57.366, "2011-09-30": -21.945, "2011-06-30": -30.45, "2011-03-31": "-34.76100", "2010-12-31": -42.835, "2010-09-30": -24.266, "2010-06-30": -35.183, "2010-03-31": "-36.16500", "2009-12-31": -26.589, "2009-09-30": -14.971, "2009-06-30": -20.279, "2009-03-31": "-29.82800", "2008-12-31": -34.29, "2008-09-30": -14.971, "2008-06-30": -28.05, "2008-03-31": "-31.83100", "2007-12-31": -33.956, "2007-09-30": -16.236, "2007-06-30": -19.786, "2007-03-31": "-31.37600", "2006-12-31": -17.47, "2006-09-30": -47.477, "2006-06-30": -25.154, "2006-03-31": "-36.46200", "2005-12-31": -33.806, "2005-09-30": -7.81, "2005-06-30": -23.562, "2005-03-31": "-20.08300"}, "Net Change In Intangible Assets": {"2020-12-31": 0, "2020-09-30": 0, "2020-06-30": 0, "2020-03-31": "", "2019-12-31": 0, "2019-09-30": 0, "2019-06-30": 0, "2019-03-31": "", "2018-12-31": 0, "2018-09-30": 0, "2018-06-30": 0, "2018-03-31": "", "2017-12-31": 0, "2017-09-30": 0, "2017-06-30": 0, "2017-03-31": "", "2016-12-31": 0, "2016-09-30": 0, "2016-06-30": 0, "2016-03-31": "", "2015-12-31": 0, "2015-09-30": 0, "2015-06-30": 0, "2015-03-31": "", "2014-12-31": 0, "2014-09-30": 0, "2014-06-30": 0, "2014-03-31": "", "2013-12-31": 0, "2013-09-30": 0, "2013-06-30": 0, "2013-03-31": "", "2012-12-31": 0, "2012-09-30": 0, "2012-06-30": 0, "2012-03-31": "", "2011-12-31": 0, "2011-09-30": 0, "2011-06-30": 0, "2011-03-31": "", "2010-12-31": 0, "2010-09-30": 0, "2010-06-30": 0, "2010-03-31": "", "2009-12-31": 0, "2009-09-30": 0, "2009-06-30": 0, "2009-03-31": "", "2008-12-31": 0, "2008-09-30": 0, "2008-06-30": 0, "2008-03-31": "", "2007-12-31": 0, "2007-09-30": 0, "2007-06-30": 0, "2007-03-31": "", "2006-12-31": 0, "2006-09-30": 0, "2006-06-30": 0, "2006-03-31": "", "2005-12-31": 0, "2005-09-30": 0, "2005-06-30": 0, "2005-03-31": ""}, "Net Acquisitions/Divestitures": {"2020-12-31": -0.321, "2020-09-30": -0.141, "2020-06-30": -0.116, "2020-03-31": "-24.12200", "2019-12-31": -60.374, "2019-09-30": -55.517, "2019-06-30": -14.047, "2019-03-31": "-12.34900", "2018-12-31": -18.63, "2018-09-30": -7.744, "2018-06-30": -31.222, "2018-03-31": "-0.01200", "2017-12-31": -3.858, "2017-09-30": -1.817, "2017-06-30": -225.942, "2017-03-31": "-11.29300", "2016-12-31": -12.427, "2016-09-30": -77.214, "2016-06-30": -263.404, "2016-03-31": "-14.32300", "2015-12-31": -9.943, "2015-09-30": -0.052, "2015-06-30": -65.344, "2015-03-31": "-23.07000", "2014-12-31": -37.707, "2014-09-30": -18.372, "2014-06-30": -64.18, "2014-03-31": "-10.63700", "2013-12-31": -14.094, "2013-09-30": -6.093, "2013-06-30": -159.554, "2013-03-31": "82.18100", "2012-12-31": -188.463, "2012-09-30": -43.729, "2012-06-30": -37.97, "2012-03-31": "-34.71500", "2011-12-31": -261.572, "2011-09-30": -85.669, "2011-06-30": -13.61, "2011-03-31": "-2.94200", "2010-12-31": -5.36, "2010-09-30": 0, "2010-06-30": 0, "2010-03-31": "", "2009-12-31": 0, "2009-09-30": 0, "2009-06-30": 0, "2009-03-31": "", "2008-12-31": -0.176, "2008-09-30": -0.101, "2008-06-30": -209.857, "2008-03-31": "-19.56700", "2007-12-31": -10.438, "2007-09-30": -0.766, "2007-06-30": -2.998, "2007-03-31": "-8.67000", "2006-12-31": -268.391, "2006-09-30": -5.063, "2006-06-30": 21.769, "2006-03-31": "-4.32300", "2005-12-31": 176.134, "2005-09-30": -12.89, "2005-06-30": 0, "2005-03-31": ""}, "Net Change In Short-term Investments": {"2020-12-31": 0, "2020-09-30": 0, "2020-06-30": 0, "2020-03-31": "", "2019-12-31": 0, "2019-09-30": 0, "2019-06-30": 0, "2019-03-31": "", "2018-12-31": 0, "2018-09-30": 0, "2018-06-30": 0, "2018-03-31": "", "2017-12-31": 0, "2017-09-30": 0, "2017-06-30": 0, "2017-03-31": "", "2016-12-31": 0, "2016-09-30": 0, "2016-06-30": 0, "2016-03-31": "", "2015-12-31": 0, "2015-09-30": 0, "2015-06-30": 0, "2015-03-31": "", "2014-12-31": 0, "2014-09-30": 0, "2014-06-30": 0, "2014-03-31": "", "2013-12-31": 0, "2013-09-30": 0, "2013-06-30": 0, "2013-03-31": "", "2012-12-31": 0, "2012-09-30": 0, "2012-06-30": 0, "2012-03-31": "", "2011-12-31": 0, "2011-09-30": 0, "2011-06-30": 0, "2011-03-31": "", "2010-12-31": 0, "2010-09-30": 0, "2010-06-30": 0, "2010-03-31": "", "2009-12-31": 0, "2009-09-30": 0, "2009-06-30": 0, "2009-03-31": "", "2008-12-31": 0, "2008-09-30": 0, "2008-06-30": 0, "2008-03-31": "", "2007-12-31": 0, "2007-09-30": 0, "2007-06-30": 0, "2007-03-31": "", "2006-12-31": 0, "2006-09-30": 0, "2006-06-30": 0, "2006-03-31": "", "2005-12-31": 0, "2005-09-30": 0, "2005-06-30": 0, "2005-03-31": ""}, "Net Change In Long-Term Investments": {"2020-12-31": 0, "2020-09-30": 3.587, "2020-06-30": -3.587, "2020-03-31": "", "2019-12-31": 0, "2019-09-30": 0.999, "2019-06-30": -0.999, "2019-03-31": "", "2018-12-31": 0, "2018-09-30": 0, "2018-06-30": 0, "2018-03-31": "", "2017-12-31": 0, "2017-09-30": 0, "2017-06-30": 0, "2017-03-31": "", "2016-12-31": 0, "2016-09-30": 0, "2016-06-30": 0, "2016-03-31": "", "2015-12-31": 0, "2015-09-30": 0, "2015-06-30": 0, "2015-03-31": "", "2014-12-31": 0, "2014-09-30": 0, "2014-06-30": 0, "2014-03-31": "", "2013-12-31": 0, "2013-09-30": 0, "2013-06-30": 0, "2013-03-31": "", "2012-12-31": 0, "2012-09-30": 0, "2012-06-30": 0, "2012-03-31": "", "2011-12-31": 0, "2011-09-30": 0, "2011-06-30": 0, "2011-03-31": "", "2010-12-31": 0, "2010-09-30": 0, "2010-06-30": 0, "2010-03-31": "", "2009-12-31": 0, "2009-09-30": 0, "2009-06-30": 0, "2009-03-31": "", "2008-12-31": 0, "2008-09-30": 0, "2008-06-30": 0, "2008-03-31": "", "2007-12-31": 0, "2007-09-30": 0, "2007-06-30": 0, "2007-03-31": "", "2006-12-31": 0, "2006-09-30": 0, "2006-06-30": 0, "2006-03-31": "", "2005-12-31": -121.93, "2005-09-30": 0, "2005-06-30": 0, "2005-03-31": ""}, "Net Change In Investments - Total": {"2020-12-31": 0, "2020-09-30": 3.587, "2020-06-30": -3.587, "2020-03-31": "", "2019-12-31": 0, "2019-09-30": 0.999, "2019-06-30": -0.999, "2019-03-31": "", "2018-12-31": 0, "2018-09-30": 0, "2018-06-30": 0, "2018-03-31": "", "2017-12-31": 0, "2017-09-30": 0, "2017-06-30": 0, "2017-03-31": "", "2016-12-31": 0, "2016-09-30": 0, "2016-06-30": 0, "2016-03-31": "", "2015-12-31": 0, "2015-09-30": 0, "2015-06-30": 0, "2015-03-31": "", "2014-12-31": 0, "2014-09-30": 0, "2014-06-30": 0, "2014-03-31": "", "2013-12-31": 0, "2013-09-30": 0, "2013-06-30": 0, "2013-03-31": "", "2012-12-31": 0, "2012-09-30": 0, "2012-06-30": 0, "2012-03-31": "", "2011-12-31": 0, "2011-09-30": 0, "2011-06-30": 0, "2011-03-31": "", "2010-12-31": 0, "2010-09-30": 0, "2010-06-30": 0, "2010-03-31": "", "2009-12-31": 0, "2009-09-30": 0, "2009-06-30": 0, "2009-03-31": "", "2008-12-31": 0, "2008-09-30": 0, "2008-06-30": 0, "2008-03-31": "", "2007-12-31": 0, "2007-09-30": 0, "2007-06-30": 0, "2007-03-31": "", "2006-12-31": 0, "2006-09-30": 0, "2006-06-30": 0, "2006-03-31": "", "2005-12-31": -121.93, "2005-09-30": 0, "2005-06-30": 0, "2005-03-31": ""}, "Investing Activities - Other": {"2020-12-31": -5.659, "2020-09-30": 3.247, "2020-06-30": -231.258, "2020-03-31": "2.07000", "2019-12-31": -4.085, "2019-09-30": 1.669, "2019-06-30": -6.225, "2019-03-31": "2.33700", "2018-12-31": -5.553, "2018-09-30": 2.019, "2018-06-30": 2.218, "2018-03-31": "-2.10500", "2017-12-31": -0.861, "2017-09-30": -1.056, "2017-06-30": 3.681, "2017-03-31": "-8.22100", "2016-12-31": -22.937, "2016-09-30": 4.177, "2016-06-30": 5.741, "2016-03-31": "9.02300", "2015-12-31": 7.234, "2015-09-30": -22.55, "2015-06-30": 14.614, "2015-03-31": "-7.22900", "2014-12-31": 15.722, "2014-09-30": -15.81, "2014-06-30": 18.116, "2014-03-31": "44.53400", "2013-12-31": -174.858, "2013-09-30": -41.582, "2013-06-30": -67.009, "2013-03-31": "-25.03600", "2012-12-31": -3.989, "2012-09-30": 6.616, "2012-06-30": -18.258, "2012-03-31": "3.12700", "2011-12-31": 10.865, "2011-09-30": -2.113, "2011-06-30": 4.067, "2011-03-31": "6.88200", "2010-12-31": 8.151, "2010-09-30": -1.83, "2010-06-30": -3.718, "2010-03-31": "-1.45000", "2009-12-31": 5.365, "2009-09-30": -3.161, "2009-06-30": -4.435, "2009-03-31": "1.15400", "2008-12-31": 12.248, "2008-09-30": -8.877, "2008-06-30": -8.085, "2008-03-31": "13.16600", "2007-12-31": 1.955, "2007-09-30": 39.397, "2007-06-30": -36.293, "2007-03-31": "-6.81800", "2006-12-31": 0.057, "2006-09-30": 0.887, "2006-06-30": -3.889, "2006-03-31": "0.32300", "2005-12-31": 33.857, "2005-09-30": 28.219, "2005-06-30": 18.089, "2005-03-31": "-20.36100"}, "Cash Flow From Investing Activities": {"2020-12-31": -28.819, "2020-09-30": -13.994, "2020-06-30": -245.498, "2020-03-31": "74.71100", "2019-12-31": -86.638, "2019-09-30": -71.964, "2019-06-30": -34.977, "2019-03-31": "-25.81100", "2018-12-31": -44.983, "2018-09-30": -26.33, "2018-06-30": -43.893, "2018-03-31": "-17.64900", "2017-12-31": 24.877, "2017-09-30": -24.945, "2017-06-30": -241.158, "2017-03-31": "5.97300", "2016-12-31": 19.125, "2016-09-30": -88.9, "2016-06-30": -144.913, "2016-03-31": "-20.28300", "2015-12-31": -23.438, "2015-09-30": -35.598, "2015-06-30": -63.534, "2015-03-31": "-43.73900", "2014-12-31": -41.329, "2014-09-30": -59.938, "2014-06-30": -92.854, "2014-03-31": "-2.55500", "2013-12-31": -131.348, "2013-09-30": -95.187, "2013-06-30": -268.486, "2013-03-31": "24.48100", "2012-12-31": -235.957, "2012-09-30": -72.882, "2012-06-30": -90.395, "2012-03-31": "-73.66700", "2011-12-31": -308.073, "2011-09-30": -109.727, "2011-06-30": -39.993, "2011-03-31": "-30.82100", "2010-12-31": -40.044, "2010-09-30": -26.096, "2010-06-30": -38.901, "2010-03-31": "-37.61500", "2009-12-31": -21.224, "2009-09-30": -18.132, "2009-06-30": -24.714, "2009-03-31": "-28.67400", "2008-12-31": -22.218, "2008-09-30": -23.949, "2008-06-30": -245.992, "2008-03-31": "-38.23200", "2007-12-31": -42.439, "2007-09-30": 22.395, "2007-06-30": -59.077, "2007-03-31": "-46.86400", "2006-12-31": -285.804, "2006-09-30": -51.653, "2006-06-30": -7.274, "2006-03-31": "-40.46200", "2005-12-31": 54.255, "2005-09-30": 7.519, "2005-06-30": -5.473, "2005-03-31": "-40.44400"}, "Net Long-Term Debt": {"2020-12-31": -20, "2020-09-30": -15, "2020-06-30": 203, "2020-03-31": "", "2019-12-31": 82, "2019-09-30": 0, "2019-06-30": 0, "2019-03-31": "", "2018-12-31": 0, "2018-09-30": -0.027, "2018-06-30": -24, "2018-03-31": "-29.37500", "2017-12-31": -4.941, "2017-09-30": -34.794, "2017-06-30": -6.222, "2017-03-31": "9.18900", "2016-12-31": -2.176, "2016-09-30": 12.075, "2016-06-30": 182.802, "2016-03-31": "44.80000", "2015-12-31": 30, "2015-09-30": 50.528, "2015-06-30": 26.999, "2015-03-31": "0.62900", "2014-12-31": 14.713, "2014-09-30": -9.213, "2014-06-30": 209.508, "2014-03-31": "-78.18100", "2013-12-31": -81.022, "2013-09-30": -27.491, "2013-06-30": 251.913, "2013-03-31": "-70.00000", "2012-12-31": 260.043, "2012-09-30": -10.543, "2012-06-30": -8.11, "2012-03-31": "175.00000", "2011-12-31": -39.057, "2011-09-30": 75, "2011-06-30": 0, "2011-03-31": "-75.00000", "2010-12-31": 0, "2010-09-30": 0, "2010-06-30": 0, "2010-03-31": "60.35000", "2009-12-31": -112.023, "2009-09-30": 48.42, "2009-06-30": 0, "2009-03-31": "", "2008-12-31": -23.3, "2008-09-30": -0.585, "2008-06-30": 100, "2008-03-31": "-55.00000", "2007-12-31": 94.144, "2007-09-30": -45.55, "2007-06-30": -5, "2007-03-31": "12.00000", "2006-12-31": 102.375, "2006-09-30": -1.14, "2006-06-30": -0.773, "2006-03-31": "-0.77200", "2005-12-31": -30.772, "2005-09-30": -96.258, "2005-06-30": 24.228, "2005-03-31": "4.22700"}, "Net Current Debt": {"2020-12-31": 0, "2020-09-30": 0, "2020-06-30": 0, "2020-03-31": "", "2019-12-31": 0, "2019-09-30": 0, "2019-06-30": 0, "2019-03-31": "", "2018-12-31": 0, "2018-09-30": 0, "2018-06-30": 0, "2018-03-31": "", "2017-12-31": 0, "2017-09-30": 0, "2017-06-30": 0, "2017-03-31": "", "2016-12-31": 0, "2016-09-30": 0, "2016-06-30": 0, "2016-03-31": "", "2015-12-31": 0, "2015-09-30": 0, "2015-06-30": 0, "2015-03-31": "", "2014-12-31": 0, "2014-09-30": 0, "2014-06-30": 0, "2014-03-31": "", "2013-12-31": 0, "2013-09-30": 0, "2013-06-30": 0, "2013-03-31": "", "2012-12-31": 0, "2012-09-30": 0, "2012-06-30": 0, "2012-03-31": "", "2011-12-31": 0, "2011-09-30": 0, "2011-06-30": 0, "2011-03-31": "", "2010-12-31": 0, "2010-09-30": 0, "2010-06-30": 0, "2010-03-31": "", "2009-12-31": 0, "2009-09-30": 0, "2009-06-30": 0, "2009-03-31": "", "2008-12-31": 0, "2008-09-30": 0, "2008-06-30": 0, "2008-03-31": "", "2007-12-31": 0, "2007-09-30": 0, "2007-06-30": 0, "2007-03-31": "", "2006-12-31": 0, "2006-09-30": 0, "2006-06-30": 0, "2006-03-31": "", "2005-12-31": 0, "2005-09-30": 0, "2005-06-30": 0, "2005-03-31": ""}, "Debt Issuance/Retirement Net - Total": {"2020-12-31": -20, "2020-09-30": -15, "2020-06-30": 203, "2020-03-31": "", "2019-12-31": 82, "2019-09-30": 0, "2019-06-30": 0, "2019-03-31": "", "2018-12-31": 0, "2018-09-30": -0.027, "2018-06-30": -24, "2018-03-31": "-29.37500", "2017-12-31": -4.941, "2017-09-30": -34.794, "2017-06-30": -6.222, "2017-03-31": "9.18900", "2016-12-31": -2.176, "2016-09-30": 12.075, "2016-06-30": 182.802, "2016-03-31": "44.80000", "2015-12-31": 30, "2015-09-30": 50.528, "2015-06-30": 26.999, "2015-03-31": "0.62900", "2014-12-31": 14.713, "2014-09-30": -9.213, "2014-06-30": 209.508, "2014-03-31": "-78.18100", "2013-12-31": -81.022, "2013-09-30": -27.491, "2013-06-30": 251.913, "2013-03-31": "-70.00000", "2012-12-31": 260.043, "2012-09-30": -10.543, "2012-06-30": -8.11, "2012-03-31": "175.00000", "2011-12-31": -39.057, "2011-09-30": 75, "2011-06-30": 0, "2011-03-31": "-75.00000", "2010-12-31": 0, "2010-09-30": 0, "2010-06-30": 0, "2010-03-31": "60.35000", "2009-12-31": -112.023, "2009-09-30": 48.42, "2009-06-30": 0, "2009-03-31": "", "2008-12-31": -23.3, "2008-09-30": -0.585, "2008-06-30": 100, "2008-03-31": "-55.00000", "2007-12-31": 94.144, "2007-09-30": -45.55, "2007-06-30": -5, "2007-03-31": "12.00000", "2006-12-31": 102.375, "2006-09-30": -1.14, "2006-06-30": -0.773, "2006-03-31": "-0.77200", "2005-12-31": -30.772, "2005-09-30": -96.258, "2005-06-30": 24.228, "2005-03-31": "4.22700"}, "Net Common Equity Issued/Repurchased": {"2020-12-31": 35.296, "2020-09-30": 0.162, "2020-06-30": -1.572, "2020-03-31": "-3.08600", "2019-12-31": 0.428, "2019-09-30": -8.381, "2019-06-30": -4.031, "2019-03-31": "0.56400", "2018-12-31": 0.371, "2018-09-30": 0.378, "2018-06-30": -0.579, "2018-03-31": "5.43700", "2017-12-31": 0.91, "2017-09-30": 0.459, "2017-06-30": 1, "2017-03-31": "154.59600", "2016-12-31": 0.687, "2016-09-30": 0.245, "2016-06-30": 0.626, "2016-03-31": "-0.67200", "2015-12-31": -25.584, "2015-09-30": -64.055, "2015-06-30": -8.79, "2015-03-31": "0.54600", "2014-12-31": 0.91, "2014-09-30": 1.298, "2014-06-30": 1.24, "2014-03-31": "0.27300", "2013-12-31": 0.873, "2013-09-30": 2.5, "2013-06-30": 2.552, "2013-03-31": "-7.15000", "2012-12-31": 4.763, "2012-09-30": 16.752, "2012-06-30": 1.919, "2012-03-31": "-5.72200", "2011-12-31": 5.203, "2011-09-30": 0.273, "2011-06-30": 2.493, "2011-03-31": "-2.42700", "2010-12-31": 4.782, "2010-09-30": 9.269, "2010-06-30": 5.021, "2010-03-31": "1.21400", "2009-12-31": 1.887, "2009-09-30": 18.036, "2009-06-30": 3.48, "2009-03-31": "-1.17000", "2008-12-31": -0.23, "2008-09-30": 3.919, "2008-06-30": 3.489, "2008-03-31": "-2.89200", "2007-12-31": 21.397, "2007-09-30": 3.758, "2007-06-30": 6.205, "2007-03-31": "5.05100", "2006-12-31": 3.724, "2006-09-30": 1.614, "2006-06-30": 0.774, "2006-03-31": "4.09900", "2005-12-31": 3.431, "2005-09-30": 3.367, "2005-06-30": 4.356, "2005-03-31": "3.61100"}, "Net Total Equity Issued/Repurchased": {"2020-12-31": 35.296, "2020-09-30": 0.162, "2020-06-30": -1.572, "2020-03-31": "-3.08600", "2019-12-31": 0.428, "2019-09-30": -8.381, "2019-06-30": -4.031, "2019-03-31": "0.56400", "2018-12-31": 0.371, "2018-09-30": 0.378, "2018-06-30": -0.579, "2018-03-31": "5.43700", "2017-12-31": 0.91, "2017-09-30": 0.459, "2017-06-30": 1, "2017-03-31": "154.59600", "2016-12-31": 0.687, "2016-09-30": 0.245, "2016-06-30": 0.626, "2016-03-31": "-0.67200", "2015-12-31": -25.584, "2015-09-30": -64.055, "2015-06-30": -8.79, "2015-03-31": "0.54600", "2014-12-31": 0.91, "2014-09-30": 1.298, "2014-06-30": 1.24, "2014-03-31": "0.27300", "2013-12-31": 0.873, "2013-09-30": 2.5, "2013-06-30": 2.552, "2013-03-31": "-7.15000", "2012-12-31": 4.763, "2012-09-30": 16.752, "2012-06-30": 1.919, "2012-03-31": "-5.72200", "2011-12-31": 5.203, "2011-09-30": 0.273, "2011-06-30": 2.493, "2011-03-31": "-2.42700", "2010-12-31": 4.782, "2010-09-30": 9.269, "2010-06-30": 5.021, "2010-03-31": "1.21400", "2009-12-31": 1.887, "2009-09-30": 18.036, "2009-06-30": 3.48, "2009-03-31": "-1.17000", "2008-12-31": -0.23, "2008-09-30": 3.919, "2008-06-30": 3.489, "2008-03-31": "-2.89200", "2007-12-31": 21.397, "2007-09-30": 3.758, "2007-06-30": 6.205, "2007-03-31": "5.05100", "2006-12-31": 3.724, "2006-09-30": 1.614, "2006-06-30": 0.774, "2006-03-31": "4.09900", "2005-12-31": 3.431, "2005-09-30": 3.367, "2005-06-30": 4.356, "2005-03-31": "3.61100"}, "Total Common And Preferred Stock Dividends Paid": {"2020-12-31": -32.517, "2020-09-30": -37.598, "2020-06-30": -44.878, "2020-03-31": "-34.90700", "2019-12-31": -27.631, "2019-09-30": -38.739, "2019-06-30": -39.824, "2019-03-31": "-34.87700", "2018-12-31": -34.933, "2018-09-30": -34.786, "2018-06-30": -34.93, "2018-03-31": "-32.12300", "2017-12-31": -32.061, "2017-09-30": -32.183, "2017-06-30": -32.207, "2017-03-31": "-30.61800", "2016-12-31": -30.75, "2016-09-30": -30.686, "2016-06-30": -30.734, "2016-03-31": "-30.67500", "2015-12-31": -30.656, "2015-09-30": -30.859, "2015-06-30": -31.754, "2015-03-31": "-31.66700", "2014-12-31": -31.64, "2014-09-30": -101.249, "2014-06-30": -62.083, "2014-03-31": "-62.54500", "2013-12-31": -61.937, "2013-09-30": -61.857, "2013-06-30": -55.478, "2013-03-31": "-57.74400", "2012-12-31": -54.225, "2012-09-30": -54.157, "2012-06-30": -48.952, "2012-03-31": "-49.24900", "2011-12-31": -48.709, "2011-09-30": -48.692, "2011-06-30": -43.977, "2011-03-31": "-43.89400", "2010-12-31": -43.517, "2010-09-30": -40.166, "2010-06-30": -40.08, "2010-03-31": "-39.91000", "2009-12-31": -39.678, "2009-09-30": -39.611, "2009-06-30": -39.513, "2009-03-31": "-39.41600", "2008-12-31": -39.339, "2008-09-30": -39.296, "2008-06-30": -39.215, "2008-03-31": "-39.12800", "2007-12-31": -38.998, "2007-09-30": -38.879, "2007-06-30": -36.449, "2007-03-31": "-36.30000", "2006-12-31": -36.063, "2006-09-30": -35.979, "2006-06-30": -35.947, "2006-03-31": "-35.89400", "2005-12-31": -35.703, "2005-09-30": -31.301, "2005-06-30": -31.137, "2005-03-31": "-31.10800"}, "Financial Activities - Other": {"2020-12-31": -11.447, "2020-09-30": -6.826, "2020-06-30": -2.902, "2020-03-31": "-0.72500", "2019-12-31": -9.293, "2019-09-30": 0.002, "2019-06-30": 3.743, "2019-03-31": "-3.61000", "2018-12-31": -6.635, "2018-09-30": -2.512, "2018-06-30": 0, "2018-03-31": "", "2017-12-31": 0, "2017-09-30": 0, "2017-06-30": 0, "2017-03-31": "", "2016-12-31": -0.162, "2016-09-30": 0, "2016-06-30": -0.941, "2016-03-31": "-0.01600", "2015-12-31": -0.122, "2015-09-30": -1.583, "2015-06-30": -0.001, "2015-03-31": "-0.09400", "2014-12-31": 0, "2014-09-30": 75, "2014-06-30": -118.802, "2014-03-31": "-0.67800", "2013-12-31": -0.489, "2013-09-30": 0.79, "2013-06-30": 1.208, "2013-03-31": "6.19100", "2012-12-31": -1.859, "2012-09-30": 2.778, "2012-06-30": 0.2, "2012-03-31": "0.38100", "2011-12-31": 0.73, "2011-09-30": -0.313, "2011-06-30": -0.733, "2011-03-31": "3.97000", "2010-12-31": 0.316, "2010-09-30": 1.118, "2010-06-30": 0.66, "2010-03-31": "2.75600", "2009-12-31": -0.116, "2009-09-30": -2.733, "2009-06-30": 0.823, "2009-03-31": "0.06800", "2008-12-31": -0.158, "2008-09-30": 1.318, "2008-06-30": 1.134, "2008-03-31": "0.95400", "2007-12-31": -5.434, "2007-09-30": 1.609, "2007-06-30": 2.497, "2007-03-31": "2.17800", "2006-12-31": 1.638, "2006-09-30": 0.294, "2006-06-30": 0.441, "2006-03-31": "1.77000", "2005-12-31": -2.506, "2005-09-30": 0, "2005-06-30": 0, "2005-03-31": ""}, "Cash Flow From Financial Activities": {"2020-12-31": -28.668, "2020-09-30": -59.262, "2020-06-30": 153.648, "2020-03-31": "-38.71800", "2019-12-31": 45.504, "2019-09-30": -47.118, "2019-06-30": -40.112, "2019-03-31": "-37.92300", "2018-12-31": -41.197, "2018-09-30": -36.947, "2018-06-30": -59.509, "2018-03-31": "-56.06100", "2017-12-31": -36.092, "2017-09-30": -66.518, "2017-06-30": -37.429, "2017-03-31": "133.16700", "2016-12-31": -32.401, "2016-09-30": -18.366, "2016-06-30": 151.753, "2016-03-31": "13.43700", "2015-12-31": -26.362, "2015-09-30": -45.969, "2015-06-30": -13.546, "2015-03-31": "-30.58600", "2014-12-31": -16.017, "2014-09-30": -34.164, "2014-06-30": 29.863, "2014-03-31": "-141.13100", "2013-12-31": -142.575, "2013-09-30": -86.058, "2013-06-30": 200.195, "2013-03-31": "-128.70300", "2012-12-31": 208.722, "2012-09-30": -45.17, "2012-06-30": -54.943, "2012-03-31": "120.41000", "2011-12-31": -81.833, "2011-09-30": 26.268, "2011-06-30": -42.217, "2011-03-31": "-117.35100", "2010-12-31": -38.419, "2010-09-30": -29.779, "2010-06-30": -34.399, "2010-03-31": "24.41000", "2009-12-31": -149.93, "2009-09-30": 24.112, "2009-06-30": -35.21, "2009-03-31": "-40.51800", "2008-12-31": -63.027, "2008-09-30": -34.644, "2008-06-30": 65.408, "2008-03-31": "-96.06600", "2007-12-31": 71.109, "2007-09-30": -79.062, "2007-06-30": -32.747, "2007-03-31": "-17.07100", "2006-12-31": 71.674, "2006-09-30": -35.211, "2006-06-30": -35.505, "2006-03-31": "-30.79700", "2005-12-31": -65.55, "2005-09-30": -124.192, "2005-06-30": -2.553, "2005-03-31": "-23.27000"}, "Net Cash Flow": {"2020-12-31": 8.842, "2020-09-30": -16.635, "2020-06-30": -37.576, "2020-03-31": "62.86900", "2019-12-31": 10.034, "2019-09-30": -74.776, "2019-06-30": -29.77, "2019-03-31": "8.02600", "2018-12-31": -35.223, "2018-09-30": 15.428, "2018-06-30": -1.439, "2018-03-31": "5.33200", "2017-12-31": 57.663, "2017-09-30": -33.647, "2017-06-30": -182.293, "2017-03-31": "173.01600", "2016-12-31": 24.053, "2016-09-30": -19.615, "2016-06-30": 53.45, "2016-03-31": "24.42700", "2015-12-31": -13.978, "2015-09-30": -25.877, "2015-06-30": -47.417, "2015-03-31": "-22.50900", "2014-12-31": -21.273, "2014-09-30": -39.23, "2014-06-30": 65.99, "2014-03-31": "-43.57300", "2013-12-31": -61.094, "2013-09-30": -82.843, "2013-06-30": 77.564, "2013-03-31": "-14.57900", "2012-12-31": 65.121, "2012-09-30": 26.372, "2012-06-30": -47.472, "2012-03-31": "157.97200", "2011-12-31": -283.682, "2011-09-30": 48.105, "2011-06-30": -2.932, "2011-03-31": "-32.35100", "2010-12-31": -56.202, "2010-09-30": 61.481, "2010-06-30": 191.214, "2010-03-31": "78.00600", "2009-12-31": -78.181, "2009-09-30": 93.256, "2009-06-30": 2.435, "2009-03-31": "-4.23100", "2008-12-31": 6.693, "2008-09-30": 33.984, "2008-06-30": -125.861, "2008-03-31": "-34.21200", "2007-12-31": 88.936, "2007-09-30": 75.843, "2007-06-30": -12.169, "2007-03-31": "-11.70000", "2006-12-31": -128.714, "2006-09-30": 3.865, "2006-06-30": 38.841, "2006-03-31": "-20.04800", "2005-12-31": 36.643, "2005-09-30": -26.731, "2005-06-30": 40.129, "2005-03-31": "12.06900"}, "Stock-Based Compensation": {"2020-12-31": -6.143, "2020-09-30": 1.965, "2020-06-30": 2.256, "2020-03-31": "1.92200", "2019-12-31": 14.086, "2019-09-30": 1.562, "2019-06-30": -1.686, "2019-03-31": "5.50700", "2018-12-31": 25.024, "2018-09-30": 1.483, "2018-06-30": 0.588, "2018-03-31": "2.88600", "2017-12-31": 14.996, "2017-09-30": -6.167, "2017-06-30": 4.892, "2017-03-31": "5.35900", "2016-12-31": 12.932, "2016-09-30": 1.055, "2016-06-30": -2.108, "2016-03-31": "4.94700", "2015-12-31": 0.962, "2015-09-30": 0.934, "2015-06-30": 1.783, "2015-03-31": "0.80500", "2014-12-31": 1.089, "2014-09-30": 0.8, "2014-06-30": 2.877, "2014-03-31": "3.10300", "2013-12-31": 2.69, "2013-09-30": 2.767, "2013-06-30": 2.946, "2013-03-31": "3.28000", "2012-12-31": 2.904, "2012-09-30": 2.752, "2012-06-30": 2.994, "2012-03-31": "6.46600", "2011-12-31": 4.388, "2011-09-30": 3.772, "2011-06-30": 3.746, "2011-03-31": "4.27500", "2010-12-31": 3.613, "2010-09-30": 3.65, "2010-06-30": 3.616, "2010-03-31": "4.34400", "2009-12-31": 3.802, "2009-09-30": 3.79, "2009-06-30": 3.824, "2009-03-31": "4.33800", "2008-12-31": 3.157, "2008-09-30": 3.112, "2008-06-30": 3.346, "2008-03-31": "3.72900", "2007-12-31": 3.372, "2007-09-30": 2.509, "2007-06-30": 2.846, "2007-03-31": "4.75100", "2006-12-31": 3.979, "2006-09-30": 2.3, "2006-06-30": 2.2, "2006-03-31": "3.59900", "2005-12-31": 11.686, "2005-09-30": 0, "2005-06-30": 0, "2005-03-31": ""}, "Common Stock Dividends Paid": {"2020-12-31": -32.517, "2020-09-30": -37.598, "2020-06-30": -44.878, "2020-03-31": "-34.90700", "2019-12-31": -27.631, "2019-09-30": -38.739, "2019-06-30": -39.824, "2019-03-31": "-34.87700", "2018-12-31": -34.933, "2018-09-30": -34.786, "2018-06-30": -34.93, "2018-03-31": "-32.12300", "2017-12-31": -32.061, "2017-09-30": -32.183, "2017-06-30": -32.207, "2017-03-31": "-30.61800", "2016-12-31": -30.75, "2016-09-30": -30.686, "2016-06-30": -30.734, "2016-03-31": "-30.67500", "2015-12-31": -30.656, "2015-09-30": -30.859, "2015-06-30": -31.754, "2015-03-31": "-31.66700", "2014-12-31": -31.64, "2014-09-30": -101.249, "2014-06-30": -62.083, "2014-03-31": "-62.54500", "2013-12-31": -61.937, "2013-09-30": -61.857, "2013-06-30": -55.478, "2013-03-31": "-57.74400", "2012-12-31": -54.225, "2012-09-30": -54.157, "2012-06-30": -48.952, "2012-03-31": "-49.24900", "2011-12-31": -48.709, "2011-09-30": -48.692, "2011-06-30": -43.977, "2011-03-31": "-43.89400", "2010-12-31": -43.517, "2010-09-30": -40.166, "2010-06-30": -40.08, "2010-03-31": "-39.91000", "2009-12-31": -39.678, "2009-09-30": -39.611, "2009-06-30": -39.513, "2009-03-31": "-39.41600", "2008-12-31": -39.339, "2008-09-30": -39.296, "2008-06-30": -39.215, "2008-03-31": "-39.12800", "2007-12-31": -38.998, "2007-09-30": -38.879, "2007-06-30": -36.449, "2007-03-31": "-36.30000", "2006-12-31": -36.063, "2006-09-30": -35.979, "2006-06-30": -35.947, "2006-03-31": "-35.89400", "2005-12-31": -35.703, "2005-09-30": -31.301, "2005-06-30": -31.137, "2005-03-31": "-31.10800"}}, "financial ratios": {"Current Ratio": {"2019-12-31": "0.83320", "2018-12-31": "3.27120", "2017-12-31": "2.67740", "2016-12-31": "1.79200", "2015-12-31": "1.77750", "2014-12-31": "1.05790", "2013-12-31": "1.88000", "2012-12-31": "1.83960", "2011-12-31": "1.93270", "2010-12-31": "2.48700", "2009-12-31": "2.91070", "2008-12-31": "1.74800", "2007-12-31": "1.81410", "2006-12-31": "1.55310", "2005-12-31": "2.08210"}, "Long-term Debt / Capital": {"2019-12-31": "0.38760", "2018-12-31": "0.37020", "2017-12-31": "0.37640", "2016-12-31": "0.40770", "2015-12-31": "0.37890", "2014-12-31": "0.28300", "2013-12-31": "0.45440", "2012-12-31": "0.43790", "2011-12-31": "0.38240", "2010-12-31": "0.35040", "2009-12-31": "0.37750", "2008-12-31": "0.44290", "2007-12-31": "0.41440", "2006-12-31": "0.41660", "2005-12-31": "0.38370"}, "Debt/Equity Ratio": {"2019-12-31": "0.68620", "2018-12-31": "0.58780", "2017-12-31": "0.60570", "2016-12-31": "0.70950", "2015-12-31": "0.60990", "2014-12-31": "0.47710", "2013-12-31": "0.89690", "2012-12-31": "0.88320", "2011-12-31": "0.64040", "2010-12-31": "0.61380", "2009-12-31": "0.61040", "2008-12-31": "0.79580", "2007-12-31": "0.76430", "2006-12-31": "0.71790", "2005-12-31": "0.62620"}, "Gross Margin": {"2019-12-31": "21.53110", "2018-12-31": "25.83870", "2017-12-31": "30.66670", "2016-12-31": "35.47870", "2015-12-31": "22.34210", "2014-12-31": "19.82720", "2013-12-31": "19.54560", "2012-12-31": "19.31520", "2011-12-31": "29.18190", "2010-12-31": "24.72060", "2009-12-31": "21.71850", "2008-12-31": "21.96250", "2007-12-31": "24.70140", "2006-12-31": "24.77330", "2005-12-31": "19.48800"}, "Operating Margin": {"2019-12-31": "15.04130", "2018-12-31": "20.83820", "2017-12-31": "26.29240", "2016-12-31": "31.34850", "2015-12-31": "13.67510", "2014-12-31": "16.28590", "2013-12-31": "16.47070", "2012-12-31": "8.46730", "2011-12-31": "25.14460", "2010-12-31": "21.43730", "2009-12-31": "35.04360", "2008-12-31": "17.81490", "2007-12-31": "20.13590", "2006-12-31": "19.88580", "2005-12-31": "17.92580"}, "EBIT Margin": {"2019-12-31": "15.04130", "2018-12-31": "20.83820", "2017-12-31": "26.29240", "2016-12-31": "31.34850", "2015-12-31": "13.67510", "2014-12-31": "16.28590", "2013-12-31": "16.47070", "2012-12-31": "8.46730", "2011-12-31": "25.14460", "2010-12-31": "21.43730", "2009-12-31": "35.04360", "2008-12-31": "17.81490", "2007-12-31": "20.13590", "2006-12-31": "19.88580", "2005-12-31": "17.92580"}, "EBITDA Margin": {"2019-12-31": "33.12610", "2018-12-31": "38.57980", "2017-12-31": "41.91360", "2016-12-31": "45.71190", "2015-12-31": "34.37040", "2014-12-31": "37.55250", "2013-12-31": "37.70670", "2012-12-31": "37.63920", "2011-12-31": "35.95210", "2010-12-31": "33.42770", "2009-12-31": "49.52930", "2008-12-31": "31.47890", "2007-12-31": "32.85830", "2006-12-31": "32.05610", "2005-12-31": "30.40880"}, "Pre-Tax Profit Margin": {"2019-12-31": "11.32980", "2018-12-31": "17.46840", "2017-12-31": "22.35980", "2016-12-31": "27.31090", "2015-12-31": "7.57420", "2014-12-31": "7.43010", "2013-12-31": "10.63450", "2012-12-31": "-2.71680", "2011-12-31": "21.63060", "2010-12-31": "17.70050", "2009-12-31": "30.71090", "2008-12-31": "14.00570", "2007-12-31": "16.07870", "2006-12-31": "16.32130", "2005-12-31": "15.44310"}, "Net Profit Margin": {"2019-12-31": "8.30640", "2018-12-31": "12.52440", "2017-12-31": "18.16040", "2016-12-31": "25.97970", "2015-12-31": "8.11620", "2014-12-31": "16.45960", "2013-12-31": "56.37200", "2012-12-31": "73.60780", "2011-12-31": "19.42380", "2010-12-31": "16.54350", "2009-12-31": "26.74570", "2008-12-31": "11.68980", "2007-12-31": "14.17210", "2006-12-31": "15.73450", "2005-12-31": "15.03510"}, "Asset Turnover": {"2019-12-31": "0.24870", "2018-12-31": "0.29350", "2017-12-31": "0.28670", "2016-12-31": "0.30380", "2015-12-31": "0.24560", "2014-12-31": "0.24600", "2013-12-31": "0.17900", "2012-12-31": "0.12120", "2011-12-31": "0.55300", "2010-12-31": "0.55640", "2009-12-31": "0.51870", "2008-12-31": "0.61050", "2007-12-31": "0.58900", "2006-12-31": "0.57090", "2005-12-31": "0.64200"}, "Inventory Turnover Ratio": {"2019-12-31": "38.45920", "2018-12-31": "38.54420", "2017-12-31": "23.53890", "2016-12-31": "24.62410", "2015-12-31": "28.77450", "2014-12-31": "57.71920", "2013-12-31": "3.82350", "2012-12-31": "2.38720", "2011-12-31": "8.24850", "2010-12-31": "8.99800", "2009-12-31": "10.33590", "2008-12-31": "10.23990", "2007-12-31": "10.94010", "2006-12-31": "11.16110", "2005-12-31": "11.11240"}, "Receiveable Turnover": {"2019-12-31": "26.23060", "2018-12-31": "31.20870", "2017-12-31": "29.59580", "2016-12-31": "39.48490", "2015-12-31": "28.12780", "2014-12-31": "25.12790", "2013-12-31": "6.94760", "2012-12-31": "3.77250", "2011-12-31": "14.95620", "2010-12-31": "12.60120", "2009-12-31": "3.94360", "2008-12-31": "16.39150", "2007-12-31": "15.10650", "2006-12-31": "11.18090", "2005-12-31": "13.35980"}, "Days Sales In Receivables": {"2019-12-31": "13.91510", "2018-12-31": "11.69550", "2017-12-31": "12.33280", "2016-12-31": "9.24410", "2015-12-31": "12.97650", "2014-12-31": "14.52570", "2013-12-31": "52.53600", "2012-12-31": "96.75190", "2011-12-31": "24.40460", "2010-12-31": "28.96560", "2009-12-31": "92.55480", "2008-12-31": "22.26760", "2007-12-31": "24.16180", "2006-12-31": "32.64500", "2005-12-31": "27.32090"}, "ROE - Return On Equity": {"2019-12-31": "4.40140", "2018-12-31": "7.09140", "2017-12-31": "9.54430", "2016-12-31": "14.54950", "2015-12-31": "3.22680", "2014-12-31": "3.45640", "2013-12-31": "6.03010", "2012-12-31": "1.16650", "2011-12-31": "20.91150", "2010-12-31": "17.38490", "2009-12-31": "27.26740", "2008-12-31": "15.82460", "2007-12-31": "17.69030", "2006-12-31": "17.93370", "2005-12-31": "22.70250"}, "Return On Tangible Equity": {"2019-12-31": "4.40140", "2018-12-31": "7.09140", "2017-12-31": "9.54430", "2016-12-31": "14.54950", "2015-12-31": "3.22680", "2014-12-31": "3.45640", "2013-12-31": "6.03010", "2012-12-31": "1.16650", "2011-12-31": "20.91150", "2010-12-31": "17.38490", "2009-12-31": "27.26740", "2008-12-31": "15.82460", "2007-12-31": "17.69030", "2006-12-31": "17.93370", "2005-12-31": "22.70250"}, "ROA - Return On Assets": {"2019-12-31": "2.36550", "2018-12-31": "4.21950", "2017-12-31": "5.65260", "2016-12-31": "8.10830", "2015-12-31": "1.89730", "2014-12-31": "2.21930", "2013-12-31": "2.87190", "2012-12-31": "0.53710", "2011-12-31": "10.76830", "2010-12-31": "9.20550", "2009-12-31": "13.87260", "2008-12-31": "7.13700", "2007-12-31": "8.34800", "2006-12-31": "8.37970", "2005-12-31": "11.00980"}, "ROI - Return On Investment": {"2019-12-31": "2.69550", "2018-12-31": "4.46610", "2017-12-31": "5.95150", "2016-12-31": "8.61790", "2015-12-31": "2.00430", "2014-12-31": "2.47810", "2013-12-31": "3.29010", "2012-12-31": "0.65570", "2011-12-31": "12.91480", "2010-12-31": "11.29330", "2009-12-31": "16.97480", "2008-12-31": "8.81520", "2007-12-31": "10.35950", "2006-12-31": "10.46300", "2005-12-31": "13.99210"}, "Book Value Per Share": {"2019-12-31": "11.88920", "2018-12-31": "12.77750", "2017-12-31": "13.12650", "2016-12-31": "12.17820", "2015-12-31": "11.09780", "2014-12-31": "12.42500", "2013-12-31": "13.90200", "2012-12-31": "11.65960", "2011-12-31": "10.84180", "2010-12-31": "10.34170", "2009-12-31": "9.60670", "2008-12-31": "7.94220", "2007-12-31": "8.36220", "2006-12-31": "7.96030", "2005-12-31": "7.81390"}, "Operating Cash Flow Per Share": {"2019-12-31": -0.7379, "2018-12-31": 0.3859, "2017-12-31": 0.3457, "2016-12-31": 0.2523, "2015-12-31": -1.038, "2014-12-31": -1.7575, "2013-12-31": 0.738, "2012-12-31": 0.0174, "2011-12-31": -0.6177, "2010-12-31": 1.5048, "2009-12-31": -0.2951, "2008-12-31": 0.1182, "2007-12-31": 0.1191, "2006-12-31": 0.3692, "2005-12-31": 2.2488}, "Free Cash Flow Per Share": {"2019-12-31": -0.7303, "2018-12-31": -0.2784, "2017-12-31": -0.6544, "2016-12-31": 1.8391, "2015-12-31": -0.5349, "2014-12-31": -2.2412, "2013-12-31": 1.4507, "2012-12-31": -0.0385, "2011-12-31": -0.6341, "2010-12-31": 1.1324, "2009-12-31": -0.1427, "2008-12-31": 0.0583, "2007-12-31": 0.3425, "2006-12-31": 0.0217, "2005-12-31": 1.5167}}, "financial ratios, quarterly": {"Current Ratio": {"2020-09-30": "1.83360", "2020-06-30": "1.47530", "2020-03-31": "2.72940", "2019-12-31": "0.83320", "2019-09-30": "1.27170", "2019-06-30": "2.56440", "2019-03-31": "2.94720", "2018-12-31": "3.27120", "2018-09-30": "2.87410", "2018-06-30": "2.36850", "2018-03-31": "2.99910", "2017-12-31": "2.67740", "2017-09-30": "1.73480", "2017-06-30": "1.59680", "2017-03-31": "2.10410", "2016-12-31": "1.79200", "2016-09-30": "2.13820", "2016-06-30": "2.86570", "2016-03-31": "1.97940", "2015-12-31": "1.77750", "2015-09-30": "1.51960", "2015-06-30": "1.29520", "2015-03-31": "0.96620", "2014-12-31": "1.05790", "2014-09-30": "1.18850", "2014-06-30": "3.93920", "2014-03-31": "1.66680", "2013-12-31": "1.88000", "2013-09-30": "2.67310", "2013-06-30": "2.06440", "2013-03-31": "2.26580", "2012-12-31": "1.83960", "2012-09-30": "1.82950", "2012-06-30": "2.54290", "2012-03-31": "2.13700", "2011-12-31": "1.93270", "2011-09-30": "2.15990", "2011-06-30": "1.99880", "2011-03-31": "2.21840", "2010-12-31": "2.48700", "2010-09-30": "3.78000", "2010-06-30": "3.35970", "2010-03-31": "3.55140", "2009-12-31": "2.91070", "2009-09-30": "3.26770", "2009-06-30": "2.47270", "2009-03-31": "1.95030", "2008-12-31": "1.74800", "2008-09-30": "1.65230", "2008-06-30": "1.55100", "2008-03-31": "1.94220", "2007-12-31": "1.81410", "2007-09-30": "1.68560", "2007-06-30": "1.78120", "2007-03-31": "1.70430", "2006-12-31": "1.55310", "2006-09-30": "2.10270", "2006-06-30": "2.10300", "2006-03-31": "1.93850", "2005-12-31": "2.08210", "2005-09-30": "1.31740", "2005-06-30": "1.63990", "2005-03-31": "1.28900"}, "Long-term Debt / Capital": {"2020-09-30": "0.42680", "2020-06-30": "0.41290", "2020-03-31": "0.42990", "2019-12-31": "0.38760", "2019-09-30": "0.39100", "2019-06-30": "0.37810", "2019-03-31": "0.37210", "2018-12-31": "0.37020", "2018-09-30": "0.36370", "2018-06-30": "0.36210", "2018-03-31": "0.36460", "2017-12-31": "0.37640", "2017-09-30": "0.38340", "2017-06-30": "0.38260", "2017-03-31": "0.38430", "2016-12-31": "0.40770", "2016-09-30": "0.41630", "2016-06-30": "0.42550", "2016-03-31": "0.39090", "2015-12-31": "0.37890", "2015-09-30": "0.36510", "2015-06-30": "0.32840", "2015-03-31": "0.28360", "2014-12-31": "0.28300", "2014-09-30": "0.27310", "2014-06-30": "0.30980", "2014-03-31": "0.44230", "2013-12-31": "0.45440", "2013-09-30": "0.49420", "2013-06-30": "0.49100", "2013-03-31": "0.42770", "2012-12-31": "0.43790", "2012-09-30": "0.40570", "2012-06-30": "0.42810", "2012-03-31": "0.42040", "2011-12-31": "0.38240", "2011-09-30": "0.32490", "2011-06-30": "0.30850", "2011-03-31": "0.32110", "2010-12-31": "0.35040", "2010-09-30": "0.38520", "2010-06-30": "0.39260", "2010-03-31": "0.39340", "2009-12-31": "0.37750", "2009-09-30": "0.42880", "2009-06-30": "0.42490", "2009-03-31": "0.44800", "2008-12-31": "0.44290", "2008-09-30": "0.43470", "2008-06-30": "0.44380", "2008-03-31": "0.41230", "2007-12-31": "0.41440", "2007-09-30": "0.38700", "2007-06-30": "0.41510", "2007-03-31": "0.42010", "2006-12-31": "0.41660", "2006-09-30": "0.37760", "2006-06-30": "0.38530", "2006-03-31": "0.38790", "2005-12-31": "0.38370", "2005-09-30": "0.40800", "2005-06-30": "0.43870", "2005-03-31": "0.42910"}, "Debt/Equity Ratio": {"2020-09-30": "0.74470", "2020-06-30": "0.71640", "2020-03-31": "0.75390", "2019-12-31": "0.68620", "2019-09-30": "0.64200", "2019-06-30": "0.60790", "2019-03-31": "0.59270", "2018-12-31": "0.58780", "2018-09-30": "0.57160", "2018-06-30": "0.56760", "2018-03-31": "0.57380", "2017-12-31": "0.60570", "2017-09-30": "0.62170", "2017-06-30": "0.63850", "2017-03-31": "0.65020", "2016-12-31": "0.70950", "2016-09-30": "0.73520", "2016-06-30": "0.74080", "2016-03-31": "0.65100", "2015-12-31": "0.60990", "2015-09-30": "0.57490", "2015-06-30": "0.50930", "2015-03-31": "0.47990", "2014-12-31": "0.47710", "2014-09-30": "0.45670", "2014-06-30": "0.44880", "2014-03-31": "0.85810", "2013-12-31": "0.89690", "2013-09-30": "0.98310", "2013-06-30": "1.01040", "2013-03-31": "0.77990", "2012-12-31": "0.88320", "2012-09-30": "0.71160", "2012-06-30": "0.74850", "2012-03-31": "0.76300", "2011-12-31": "0.64040", "2011-09-30": "0.56620", "2011-06-30": "0.53530", "2011-03-31": "0.54600", "2010-12-31": "0.61380", "2010-09-30": "0.62660", "2010-06-30": "0.64650", "2010-03-31": "0.64860", "2009-12-31": "0.61040", "2009-09-30": "0.75130", "2009-06-30": "0.73950", "2009-03-31": "0.81210", "2008-12-31": "0.79580", "2008-09-30": "0.79280", "2008-06-30": "0.79830", "2008-03-31": "0.70210", "2007-12-31": "0.76430", "2007-09-30": "0.63180", "2007-06-30": "0.71020", "2007-03-31": "0.72490", "2006-12-31": "0.71790", "2006-09-30": "0.60800", "2006-06-30": "0.62870", "2006-03-31": "0.63670", "2005-12-31": "0.62620", "2005-09-30": "0.73070", "2005-06-30": "0.86140", "2005-03-31": "0.81780"}, "Gross Margin": {"2020-09-30": "9.01620", "2020-06-30": "20.82450", "2020-03-31": "19.15290", "2019-12-31": "21.59540", "2019-09-30": "14.03560", "2019-06-30": "23.99680", "2019-03-31": "25.21330", "2018-12-31": "16.28330", "2018-09-30": "28.68680", "2018-06-30": "25.00470", "2018-03-31": "31.84510", "2017-12-31": "37.49760", "2017-09-30": "25.72190", "2017-06-30": "28.04180", "2017-03-31": "29.64820", "2016-12-31": "34.03900", "2016-09-30": "31.96630", "2016-06-30": "47.16340", "2016-03-31": "19.92840", "2015-12-31": "28.74250", "2015-09-30": "23.48260", "2015-06-30": "10.45930", "2015-03-31": "23.57080", "2014-12-31": "13.96850", "2014-09-30": "21.18480", "2014-06-30": "24.54810", "2014-03-31": "19.05690", "2013-12-31": "23.99080", "2013-09-30": "18.99960", "2013-06-30": "17.44990", "2013-03-31": "32.43460", "2012-12-31": "29.19800", "2012-09-30": "32.87780", "2012-06-30": "30.02760", "2012-03-31": "29.96780", "2011-12-31": "26.02990", "2011-09-30": "30.87760", "2011-06-30": "26.47620", "2011-03-31": "28.01550", "2010-12-31": "22.26550", "2010-09-30": "28.69080", "2010-06-30": "22.18700", "2010-03-31": "24.93460", "2009-12-31": "21.92160", "2009-09-30": "22.88790", "2009-06-30": "22.25490", "2009-03-31": "19.69970", "2008-12-31": "19.76940", "2008-09-30": "20.39630", "2008-06-30": "22.24940", "2008-03-31": "26.43000", "2007-12-31": "19.46720", "2007-09-30": "32.95190", "2007-06-30": "23.04840", "2007-03-31": "22.68280", "2006-12-31": "36.06630", "2006-09-30": "25.82290", "2006-06-30": "20.80500", "2006-03-31": "19.08660", "2005-12-31": "15.00570", "2005-09-30": "20.63090", "2005-06-30": "21.78780", "2005-03-31": "20.96470"}, "Operating Margin": {"2020-09-30": "0.89500", "2020-06-30": "5.97350", "2020-03-31": "14.87750", "2019-12-31": "14.61300", "2019-09-30": "7.02420", "2019-06-30": "16.98760", "2019-03-31": "20.11010", "2018-12-31": "9.01080", "2018-09-30": "23.08630", "2018-06-30": "21.00190", "2018-03-31": "28.08820", "2017-12-31": "33.39950", "2017-09-30": "21.29440", "2017-06-30": "23.33400", "2017-03-31": "25.32820", "2016-12-31": "24.79800", "2016-09-30": "28.98650", "2016-06-30": "46.47950", "2016-03-31": "17.05470", "2015-12-31": "9.77110", "2015-09-30": "18.31700", "2015-06-30": "5.63290", "2015-03-31": "19.77620", "2014-12-31": "9.64170", "2014-09-30": "21.41040", "2014-06-30": "23.03290", "2014-03-31": "10.07420", "2013-12-31": "21.76090", "2013-09-30": "12.53850", "2013-06-30": "20.88660", "2013-03-31": "29.30080", "2012-12-31": "27.25950", "2012-09-30": "28.80800", "2012-06-30": "27.03220", "2012-03-31": "24.58620", "2011-12-31": "20.93200", "2011-09-30": "28.12580", "2011-06-30": "22.12470", "2011-03-31": "24.48150", "2010-12-31": "17.97130", "2010-09-30": "24.39160", "2010-06-30": "18.04680", "2010-03-31": "24.77760", "2009-12-31": "39.03710", "2009-09-30": "36.96950", "2009-06-30": "48.16610", "2009-03-31": "15.45220", "2008-12-31": "17.21470", "2008-09-30": "15.43510", "2008-06-30": "17.57650", "2008-03-31": "21.64010", "2007-12-31": "14.65930", "2007-09-30": "28.28220", "2007-06-30": "18.55260", "2007-03-31": "18.40330", "2006-12-31": "27.73940", "2006-09-30": "21.07180", "2006-06-30": "18.89930", "2006-03-31": "13.42080", "2005-12-31": "20.41260", "2005-09-30": "17.01130", "2005-06-30": "16.84610", "2005-03-31": "17.20470"}, "EBIT Margin": {"2020-09-30": "0.89500", "2020-06-30": "5.97350", "2020-03-31": "14.87750", "2019-12-31": "14.61300", "2019-09-30": "7.02420", "2019-06-30": "16.98760", "2019-03-31": "20.11010", "2018-12-31": "9.01080", "2018-09-30": "23.08630", "2018-06-30": "21.00190", "2018-03-31": "28.08820", "2017-12-31": "33.39950", "2017-09-30": "21.29440", "2017-06-30": "23.33400", "2017-03-31": "25.32820", "2016-12-31": "24.79800", "2016-09-30": "28.98650", "2016-06-30": "46.47950", "2016-03-31": "17.05470", "2015-12-31": "9.77110", "2015-09-30": "18.31700", "2015-06-30": "5.63290", "2015-03-31": "19.77620", "2014-12-31": "9.64170", "2014-09-30": "21.41040", "2014-06-30": "23.03290", "2014-03-31": "10.07420", "2013-12-31": "21.76090", "2013-09-30": "12.53850", "2013-06-30": "20.88660", "2013-03-31": "29.30080", "2012-12-31": "27.25950", "2012-09-30": "28.80800", "2012-06-30": "27.03220", "2012-03-31": "24.58620", "2011-12-31": "20.93200", "2011-09-30": "28.12580", "2011-06-30": "22.12470", "2011-03-31": "24.48150", "2010-12-31": "17.97130", "2010-09-30": "24.39160", "2010-06-30": "18.04680", "2010-03-31": "24.77760", "2009-12-31": "39.03710", "2009-09-30": "36.96950", "2009-06-30": "48.16610", "2009-03-31": "15.45220", "2008-12-31": "17.21470", "2008-09-30": "15.43510", "2008-06-30": "17.57650", "2008-03-31": "21.64010", "2007-12-31": "14.65930", "2007-09-30": "28.28220", "2007-06-30": "18.55260", "2007-03-31": "18.40330", "2006-12-31": "27.73940", "2006-09-30": "21.07180", "2006-06-30": "18.89930", "2006-03-31": "13.42080", "2005-12-31": "20.41260", "2005-09-30": "17.01130", "2005-06-30": "16.84610", "2005-03-31": "17.20470"}, "EBITDA Margin": {"2020-09-30": "", "2020-06-30": "", "2020-03-31": "", "2019-12-31": "", "2019-09-30": "", "2019-06-30": "", "2019-03-31": "", "2018-12-31": "", "2018-09-30": "", "2018-06-30": "", "2018-03-31": "", "2017-12-31": "", "2017-09-30": "", "2017-06-30": "", "2017-03-31": "", "2016-12-31": "", "2016-09-30": "", "2016-06-30": "", "2016-03-31": "", "2015-12-31": "", "2015-09-30": "", "2015-06-30": "", "2015-03-31": "", "2014-12-31": "", "2014-09-30": "", "2014-06-30": "", "2014-03-31": "", "2013-12-31": "", "2013-09-30": "", "2013-06-30": "", "2013-03-31": "", "2012-12-31": "", "2012-09-30": "", "2012-06-30": "", "2012-03-31": "", "2011-12-31": "", "2011-09-30": "", "2011-06-30": "", "2011-03-31": "", "2010-12-31": "", "2010-09-30": "", "2010-06-30": "", "2010-03-31": "", "2009-12-31": "", "2009-09-30": "", "2009-06-30": "", "2009-03-31": "", "2008-12-31": "", "2008-09-30": "", "2008-06-30": "", "2008-03-31": "", "2007-12-31": "", "2007-09-30": "", "2007-06-30": "", "2007-03-31": "", "2006-12-31": "", "2006-09-30": "", "2006-06-30": "", "2006-03-31": "", "2005-12-31": "", "2005-09-30": "", "2005-06-30": "", "2005-03-31": ""}, "Pre-Tax Profit Margin": {"2020-09-30": "-4.41380", "2020-06-30": "1.76100", "2020-03-31": "11.62620", "2019-12-31": "11.28060", "2019-09-30": "2.41600", "2019-06-30": "13.27270", "2019-03-31": "16.78030", "2018-12-31": "4.47860", "2018-09-30": "19.43100", "2018-06-30": "18.88850", "2018-03-31": "24.43060", "2017-12-31": "29.94470", "2017-09-30": "17.26830", "2017-06-30": "19.04120", "2017-03-31": "21.26780", "2016-12-31": "21.48280", "2016-09-30": "24.15280", "2016-06-30": "43.53090", "2016-03-31": "10.58790", "2015-12-31": "6.14080", "2015-09-30": "12.29090", "2015-06-30": "-2.72540", "2015-03-31": "12.62180", "2014-12-31": "2.54070", "2014-09-30": "13.86850", "2014-06-30": "10.77570", "2014-03-31": "1.91290", "2013-12-31": "19.35790", "2013-09-30": "5.16890", "2013-06-30": "15.29100", "2013-03-31": "27.35530", "2012-12-31": "25.17570", "2012-09-30": "26.73150", "2012-06-30": "22.44380", "2012-03-31": "21.06600", "2011-12-31": "17.68800", "2011-09-30": "25.00320", "2011-06-30": "18.67920", "2011-03-31": "20.84080", "2010-12-31": "14.03550", "2010-09-30": "21.05450", "2010-06-30": "14.25390", "2010-03-31": "20.81300", "2009-12-31": "34.64930", "2009-09-30": "32.81880", "2009-06-30": "43.84890", "2009-03-31": "10.96910", "2008-12-31": "13.63940", "2008-09-30": "11.81640", "2008-06-30": "13.49340", "2008-03-31": "17.59690", "2007-12-31": "11.01280", "2007-09-30": "24.06150", "2007-06-30": "14.40950", "2007-03-31": "14.19750", "2006-12-31": "22.32210", "2006-09-30": "18.51940", "2006-06-30": "15.66570", "2006-03-31": "9.81620", "2005-12-31": "17.94160", "2005-09-30": "17.71340", "2005-06-30": "12.78630", "2005-03-31": "12.90420"}, "Net Profit Margin": {"2020-09-30": "-0.38110", "2020-06-30": "0.88690", "2020-03-31": "9.97720", "2019-12-31": "8.94440", "2019-09-30": "-0.27680", "2019-06-30": "10.14720", "2019-03-31": "12.94420", "2018-12-31": "1.19590", "2018-09-30": "11.66410", "2018-06-30": "14.74470", "2018-03-31": "19.95070", "2017-12-31": "26.76020", "2017-09-30": "13.38690", "2017-06-30": "13.01780", "2017-03-31": "17.40080", "2016-12-31": "19.47760", "2016-09-30": "22.95810", "2016-06-30": "41.98850", "2016-03-31": "10.73250", "2015-12-31": "6.38670", "2015-09-30": "12.96940", "2015-06-30": "-1.32640", "2015-03-31": "12.64890", "2014-12-31": "6.01050", "2014-09-30": "21.82560", "2014-06-30": "10.02360", "2014-03-31": "28.93140", "2013-12-31": "15.32100", "2013-09-30": "36.00690", "2013-06-30": "56.27510", "2013-03-31": "37.52300", "2012-12-31": "18.31840", "2012-09-30": "20.86170", "2012-06-30": "19.84480", "2012-03-31": "15.87690", "2011-12-31": "14.46960", "2011-09-30": "27.24270", "2011-06-30": "15.79590", "2011-03-31": "16.32850", "2010-12-31": "18.76610", "2010-09-30": "16.66270", "2010-06-30": "12.35000", "2010-03-31": "18.36010", "2009-12-31": "31.54150", "2009-09-30": "26.98840", "2009-06-30": "38.66300", "2009-03-31": "9.27790", "2008-12-31": "11.62200", "2008-09-30": "9.10400", "2008-06-30": "11.99340", "2008-03-31": "14.42920", "2007-12-31": "11.21980", "2007-09-30": "22.04680", "2007-06-30": "11.09070", "2007-03-31": "11.70390", "2006-12-31": "25.09140", "2006-09-30": "17.63840", "2006-06-30": "13.75460", "2006-03-31": "8.38530", "2005-12-31": "16.19690", "2005-09-30": "25.04470", "2005-06-30": "5.81360", "2005-03-31": "12.53180"}, "Asset Turnover": {"2020-09-30": "0.05340", "2020-06-30": "0.05190", "2020-03-31": "0.09300", "2019-12-31": "0.06250", "2019-09-30": "0.05650", "2019-06-30": "0.06460", "2019-03-31": "0.06640", "2018-12-31": "0.05980", "2018-09-30": "0.07070", "2018-06-30": "0.08630", "2018-03-31": "0.07060", "2017-12-31": "0.08390", "2017-09-30": "0.06330", "2017-06-30": "0.06810", "2017-03-31": "0.06660", "2016-12-31": "0.09240", "2016-09-30": "0.06420", "2016-06-30": "0.09940", "2016-03-31": "0.05780", "2015-12-31": "0.06950", "2015-09-30": "0.06550", "2015-06-30": "0.04890", "2015-03-31": "0.05820", "2014-12-31": "0.06010", "2014-09-30": "0.06050", "2014-06-30": "0.06200", "2014-03-31": "0.03930", "2013-12-31": "0.14110", "2013-09-30": "0.04170", "2013-06-30": "0.04050", "2013-03-31": "0.12290", "2012-12-31": "0.13220", "2012-09-30": "0.13250", "2012-06-30": "0.12360", "2012-03-31": "0.12050", "2011-12-31": "0.15120", "2011-09-30": "0.15440", "2011-06-30": "0.15130", "2011-03-31": "0.15390", "2010-12-31": "0.13340", "2010-09-30": "0.15780", "2010-06-30": "0.13270", "2010-03-31": "0.13300", "2009-12-31": "0.13750", "2009-09-30": "0.13120", "2009-06-30": "0.12880", "2009-03-31": "0.13500", "2008-12-31": "0.17950", "2008-09-30": "0.14830", "2008-06-30": "0.14170", "2008-03-31": "0.13430", "2007-12-31": "0.14450", "2007-09-30": "0.16470", "2007-06-30": "0.15330", "2007-03-31": "0.15230", "2006-12-31": "0.11210", "2006-09-30": "0.16670", "2006-06-30": "0.16780", "2006-03-31": "0.15110", "2005-12-31": "0.17180", "2005-09-30": "0.16140", "2005-06-30": "0.15010", "2005-03-31": "0.14130"}, "Inventory Turnover Ratio": {"2020-09-30": "13.14330", "2020-06-30": "14.94370", "2020-03-31": "16.00080", "2019-12-31": "9.65570", "2019-09-30": "16.09950", "2019-06-30": "5.95220", "2019-03-31": "5.46320", "2018-12-31": "8.85770", "2018-09-30": "5.31580", "2018-06-30": "9.64280", "2018-03-31": "6.92680", "2017-12-31": "6.20650", "2017-09-30": "5.59180", "2017-06-30": "5.48530", "2017-03-31": "5.03880", "2016-12-31": "7.65470", "2016-09-30": "7.26000", "2016-06-30": "9.23940", "2016-03-31": "6.18990", "2015-12-31": "7.47510", "2015-09-30": "7.99970", "2015-06-30": "7.76000", "2015-03-31": "8.18580", "2014-12-31": "15.12300", "2014-09-30": "9.49340", "2014-06-30": "6.65960", "2014-03-31": "0.81660", "2013-12-31": "2.84830", "2013-09-30": "0.96280", "2013-06-30": "1.29030", "2013-03-31": "2.34080", "2012-12-31": "2.28340", "2012-09-30": "2.14070", "2012-06-30": "2.15830", "2012-03-31": "2.30370", "2011-12-31": "2.35500", "2011-09-30": "2.33260", "2011-06-30": "2.41010", "2011-03-31": "2.53720", "2010-12-31": "2.22750", "2010-09-30": "3.12250", "2010-06-30": "2.63230", "2010-03-31": "2.58860", "2009-12-31": "2.73340", "2009-09-30": "2.31890", "2009-06-30": "2.03640", "2009-03-31": "2.14660", "2008-12-31": "3.09430", "2008-09-30": "2.64790", "2008-06-30": "2.56160", "2008-03-31": "2.63770", "2007-12-31": "2.87060", "2007-09-30": "3.11690", "2007-06-30": "3.37040", "2007-03-31": "3.95980", "2006-12-31": "1.86270", "2006-09-30": "2.99510", "2006-06-30": "3.31800", "2006-03-31": "2.90520", "2005-12-31": "3.13880", "2005-09-30": "2.84280", "2005-06-30": "2.78880", "2005-03-31": "2.43480"}, "Receiveable Turnover": {"2020-09-30": "4.37670", "2020-06-30": "5.31440", "2020-03-31": "9.15820", "2019-12-31": "6.59100", "2019-09-30": "6.00240", "2019-06-30": "4.11300", "2019-03-31": "5.98000", "2018-12-31": "6.35330", "2018-09-30": "4.66220", "2018-06-30": "4.52530", "2018-03-31": "5.37660", "2017-12-31": "8.65640", "2017-09-30": "1.64060", "2017-06-30": "1.94770", "2017-03-31": "1.82730", "2016-12-31": "12.00640", "2016-09-30": "6.93140", "2016-06-30": "8.55410", "2016-03-31": "4.90390", "2015-12-31": "7.96350", "2015-09-30": "7.85950", "2015-06-30": "5.95560", "2015-03-31": "7.02930", "2014-12-31": "6.13540", "2014-09-30": "5.30610", "2014-06-30": "8.25420", "2014-03-31": "1.28190", "2013-12-31": "5.47830", "2013-09-30": "1.28060", "2013-06-30": "1.32910", "2013-03-31": "3.72510", "2012-12-31": "4.11220", "2012-09-30": "3.51240", "2012-06-30": "3.18500", "2012-03-31": "3.46270", "2011-12-31": "4.08810", "2011-09-30": "3.54720", "2011-06-30": "3.24740", "2011-03-31": "3.29210", "2010-12-31": "3.02090", "2010-09-30": "3.25090", "2010-06-30": "3.25790", "2010-03-31": "1.09250", "2009-12-31": "1.04560", "2009-09-30": "1.29830", "2009-06-30": "1.66630", "2009-03-31": "3.88600", "2008-12-31": "4.81790", "2008-09-30": "3.38300", "2008-06-30": "3.07870", "2008-03-31": "3.43360", "2007-12-31": "3.70630", "2007-09-30": "3.06740", "2007-06-30": "3.00680", "2007-03-31": "2.88620", "2006-12-31": "2.19560", "2006-09-30": "3.59540", "2006-06-30": "2.95560", "2006-03-31": "2.88650", "2005-12-31": "3.57460", "2005-09-30": "2.95360", "2005-06-30": "3.29650", "2005-03-31": "2.95630"}, "Days Sales In Receivables": {"2020-09-30": "20.56320", "2020-06-30": "16.93500", "2020-03-31": "9.82730", "2019-12-31": "13.65510", "2019-09-30": "14.99400", "2019-06-30": "21.88200", "2019-03-31": "15.05010", "2018-12-31": "14.16580", "2018-09-30": "19.30420", "2018-06-30": "19.88810", "2018-03-31": "16.73940", "2017-12-31": "10.39690", "2017-09-30": "54.85730", "2017-06-30": "46.20870", "2017-03-31": "49.25200", "2016-12-31": "7.49600", "2016-09-30": "12.98440", "2016-06-30": "10.52130", "2016-03-31": "18.35270", "2015-12-31": "11.30160", "2015-09-30": "11.45110", "2015-06-30": "15.11180", "2015-03-31": "12.80350", "2014-12-31": "14.66900", "2014-09-30": "16.96150", "2014-06-30": "10.90350", "2014-03-31": "70.20700", "2013-12-31": "16.42840", "2013-09-30": "70.27710", "2013-06-30": "67.71570", "2013-03-31": "24.16030", "2012-12-31": "21.88590", "2012-09-30": "25.62360", "2012-06-30": "28.25790", "2012-03-31": "25.99100", "2011-12-31": "22.01520", "2011-09-30": "25.37190", "2011-06-30": "27.71460", "2011-03-31": "27.33780", "2010-12-31": "29.79200", "2010-09-30": "27.68480", "2010-06-30": "27.62500", "2010-03-31": "82.37870", "2009-12-31": "86.07360", "2009-09-30": "69.32250", "2009-06-30": "54.01140", "2009-03-31": "23.16030", "2008-12-31": "18.68040", "2008-09-30": "26.60380", "2008-06-30": "29.23270", "2008-03-31": "26.21170", "2007-12-31": "24.28320", "2007-09-30": "29.34100", "2007-06-30": "29.93170", "2007-03-31": "31.18260", "2006-12-31": "40.99100", "2006-09-30": "25.03210", "2006-06-30": "30.45110", "2006-03-31": "31.18000", "2005-12-31": "25.17790", "2005-09-30": "30.47100", "2005-06-30": "27.30200", "2005-03-31": "30.44310"}, "ROE - Return On Equity": {"2020-09-30": "-0.51310", "2020-06-30": "0.02380", "2020-03-31": "1.88770", "2019-12-31": "1.13400", "2019-09-30": "0.10080", "2019-06-30": "1.30730", "2019-03-31": "1.69350", "2018-12-31": "0.28090", "2018-09-30": "1.80110", "2018-06-30": "2.29660", "2018-03-31": "2.45980", "2017-12-31": "3.95290", "2017-09-30": "1.73800", "2017-06-30": "1.84480", "2017-03-31": "2.12970", "2016-12-31": "3.37460", "2016-09-30": "2.80440", "2016-06-30": "7.85480", "2016-03-31": "1.12730", "2015-12-31": "0.69320", "2015-09-30": "1.39370", "2015-06-30": "-0.19360", "2015-03-31": "1.17430", "2014-12-31": "0.50950", "2014-09-30": "1.99010", "2014-06-30": "0.23450", "2014-03-31": "0.58800", "2013-12-31": "4.68310", "2013-09-30": "0.89260", "2013-06-30": "2.40170", "2013-03-31": "6.70860", "2012-12-31": "5.10430", "2012-09-30": "5.59100", "2012-06-30": "4.85920", "2012-03-31": "3.91830", "2011-12-31": "4.24770", "2011-09-30": "7.66860", "2011-06-30": "4.33270", "2011-03-31": "4.58660", "2010-12-31": "4.72770", "2010-09-30": "5.14490", "2010-06-30": "3.26250", "2010-03-31": "4.84730", "2009-12-31": "8.52610", "2009-09-30": "7.52870", "2009-06-30": "10.62280", "2009-03-31": "2.81190", "2008-12-31": "4.72650", "2008-09-30": "2.88470", "2008-06-30": "3.67250", "2008-03-31": "3.91420", "2007-12-31": "3.55370", "2007-09-30": "7.14620", "2007-06-30": "3.54790", "2007-03-31": "3.78750", "2006-12-31": "4.72990", "2006-09-30": "6.01480", "2006-06-30": "4.85080", "2006-03-31": "2.65340", "2005-12-31": "5.73700", "2005-09-30": "9.27820", "2005-06-30": "5.21420", "2005-03-31": "4.30770"}, "Return On Tangible Equity": {"2020-09-30": "-0.51310", "2020-06-30": "0.02530", "2020-03-31": "1.88770", "2019-12-31": "1.13400", "2019-09-30": "0.10080", "2019-06-30": "1.30730", "2019-03-31": "1.69350", "2018-12-31": "0.28090", "2018-09-30": "1.80110", "2018-06-30": "2.29660", "2018-03-31": "2.45980", "2017-12-31": "3.95290", "2017-09-30": "1.73800", "2017-06-30": "1.84480", "2017-03-31": "2.12970", "2016-12-31": "3.37460", "2016-09-30": "2.80440", "2016-06-30": "7.85480", "2016-03-31": "1.12730", "2015-12-31": "0.69320", "2015-09-30": "1.39370", "2015-06-30": "-0.19360", "2015-03-31": "1.17430", "2014-12-31": "0.50950", "2014-09-30": "1.99010", "2014-06-30": "0.23450", "2014-03-31": "0.58800", "2013-12-31": "4.68310", "2013-09-30": "0.89260", "2013-06-30": "2.40170", "2013-03-31": "6.70860", "2012-12-31": "5.10430", "2012-09-30": "-110.22610", "2012-06-30": "4.85920", "2012-03-31": "3.91830", "2011-12-31": "4.24770", "2011-09-30": "7.66860", "2011-06-30": "4.33270", "2011-03-31": "4.58660", "2010-12-31": "4.72770", "2010-09-30": "5.14490", "2010-06-30": "3.26250", "2010-03-31": "4.84730", "2009-12-31": "8.52610", "2009-09-30": "7.52870", "2009-06-30": "10.62280", "2009-03-31": "2.81190", "2008-12-31": "4.72650", "2008-09-30": "2.88470", "2008-06-30": "3.67250", "2008-03-31": "3.91420", "2007-12-31": "3.55370", "2007-09-30": "7.14620", "2007-06-30": "3.54790", "2007-03-31": "3.78750", "2006-12-31": "4.72990", "2006-09-30": "6.01480", "2006-06-30": "4.85080", "2006-03-31": "2.65340", "2005-12-31": "5.73700", "2005-09-30": "9.32670", "2005-06-30": "5.24200", "2005-03-31": "4.33070"}, "ROA - Return On Assets": {"2020-09-30": "-0.25480", "2020-06-30": "0.01210", "2020-03-31": "0.94780", "2019-12-31": "0.60950", "2019-09-30": "0.05520", "2019-06-30": "0.73120", "2019-03-31": "0.96360", "2018-12-31": "0.16710", "2018-09-30": "1.07800", "2018-06-30": "1.37980", "2018-03-31": "1.48370", "2017-12-31": "2.34110", "2017-09-30": "0.98920", "2017-06-30": "1.04220", "2017-03-31": "1.20190", "2016-12-31": "1.88060", "2016-09-30": "1.52070", "2016-06-30": "4.23900", "2016-03-31": "0.64570", "2015-12-31": "0.40760", "2015-09-30": "0.82870", "2015-06-30": "-0.12090", "2015-03-31": "0.75360", "2014-12-31": "0.32710", "2014-09-30": "1.29400", "2014-06-30": "0.15290", "2014-03-31": "0.28370", "2013-12-31": "2.23040", "2013-09-30": "0.39390", "2013-06-30": "1.03530", "2013-03-31": "3.22450", "2012-12-31": "2.35030", "2012-09-30": "2.72070", "2012-06-30": "2.34650", "2012-03-31": "1.88260", "2011-12-31": "2.18730", "2011-09-30": "4.20520", "2011-06-30": "2.39030", "2011-03-31": "2.51250", "2010-12-31": "2.50340", "2010-09-30": "2.62960", "2010-06-30": "1.63900", "2010-03-31": "2.44130", "2009-12-31": "4.33780", "2009-09-30": "3.53990", "2009-06-30": "4.97920", "2009-03-31": "1.25260", "2008-12-31": "2.13170", "2008-09-30": "1.35000", "2008-06-30": "1.69920", "2008-03-31": "1.89080", "2007-12-31": "1.67700", "2007-09-30": "3.57260", "2007-06-30": "1.70010", "2007-03-31": "1.78300", "2006-12-31": "2.21010", "2006-09-30": "2.94010", "2006-06-30": "2.30860", "2006-03-31": "1.26680", "2005-12-31": "2.78220", "2005-09-30": "4.03450", "2005-06-30": "2.14920", "2005-03-31": "1.78980"}, "ROI - Return On Investment": {"2020-09-30": "-0.29410", "2020-06-30": "0.01400", "2020-03-31": "1.07620", "2019-12-31": "0.69450", "2019-09-30": "0.06140", "2019-06-30": "0.81300", "2019-03-31": "1.06330", "2018-12-31": "0.17690", "2018-09-30": "1.14600", "2018-06-30": "1.46500", "2018-03-31": "1.56300", "2017-12-31": "2.46490", "2017-09-30": "1.07170", "2017-06-30": "1.13900", "2017-03-31": "1.31130", "2016-12-31": "1.99880", "2016-09-30": "1.63680", "2016-06-30": "4.51220", "2016-03-31": "0.68660", "2015-12-31": "0.43060", "2015-09-30": "0.88500", "2015-06-30": "-0.13000", "2015-03-31": "0.84130", "2014-12-31": "0.36530", "2014-09-30": "1.44670", "2014-06-30": "0.16190", "2014-03-31": "0.32790", "2013-12-31": "2.55520", "2013-09-30": "0.45150", "2013-06-30": "1.22240", "2013-03-31": "3.83910", "2012-12-31": "2.86940", "2012-09-30": "3.32300", "2012-06-30": "2.77900", "2012-03-31": "2.27100", "2011-12-31": "2.62330", "2011-09-30": "5.17690", "2011-06-30": "2.99610", "2011-03-31": "3.11400", "2010-12-31": "3.07110", "2010-09-30": "3.16300", "2010-06-30": "1.98150", "2010-03-31": "2.94030", "2009-12-31": "5.30780", "2009-09-30": "4.30040", "2009-06-30": "6.10900", "2009-03-31": "1.55230", "2008-12-31": "2.63290", "2008-09-30": "1.63080", "2008-06-30": "2.04280", "2008-03-31": "2.30040", "2007-12-31": "2.08110", "2007-09-30": "4.38090", "2007-06-30": "2.07530", "2007-03-31": "2.19650", "2006-12-31": "2.75950", "2006-09-30": "3.74360", "2006-06-30": "2.98190", "2006-03-31": "1.62400", "2005-12-31": "3.53590", "2005-09-30": "5.49300", "2005-06-30": "2.92660", "2005-03-31": "2.45940"}, "Book Value Per Share": {"2020-09-30": "13.55970", "2020-06-30": "14.02040", "2020-03-31": "10.83490", "2019-12-31": "11.88920", "2019-09-30": "11.72070", "2019-06-30": "12.34510", "2019-03-31": "12.67210", "2018-12-31": "12.77750", "2018-09-30": "13.13930", "2018-06-30": "13.23190", "2018-03-31": "13.44060", "2017-12-31": "13.12650", "2017-09-30": "12.85510", "2017-06-30": "12.94140", "2017-03-31": "12.79350", "2016-12-31": "12.17820", "2016-09-30": "11.78900", "2016-06-30": "11.56160", "2016-03-31": "10.88270", "2015-12-31": "11.09780", "2015-09-30": "11.11930", "2015-06-30": "11.67880", "2015-03-31": "12.20970", "2014-12-31": "12.42500", "2014-09-30": "12.71190", "2014-06-30": "13.56100", "2014-03-31": "13.89970", "2013-12-31": "13.90200", "2013-09-30": "13.34830", "2013-06-30": "13.08370", "2013-03-31": "12.22520", "2012-12-31": "11.65960", "2012-09-30": "11.51050", "2012-06-30": "11.09950", "2012-03-31": "10.96260", "2011-12-31": "10.84180", "2011-09-30": "11.22920", "2011-06-30": "10.69690", "2011-03-31": "10.46560", "2010-12-31": "10.34170", "2010-09-30": "10.11910", "2010-06-30": "9.81770", "2010-03-31": "9.78320", "2009-12-31": "9.60670", "2009-09-30": "9.04310", "2009-06-30": "8.54150", "2009-03-31": "7.78110", "2008-12-31": "7.94220", "2008-09-30": "8.47370", "2008-06-30": "8.44200", "2008-03-31": "8.41230", "2007-12-31": "8.36220", "2007-09-30": "8.40810", "2007-06-30": "8.05340", "2007-03-31": "7.97690", "2006-12-31": "7.96030", "2006-09-30": "7.95880", "2006-06-30": "7.70570", "2006-03-31": "7.63370", "2005-12-31": "7.81390", "2005-09-30": "7.09410", "2005-06-30": "7.02580", "2005-03-31": "7.15290"}, "Operating Cash Flow Per Share": {"2020-09-30": 0.4045, "2020-06-30": 0.3819, "2020-03-31": "0.22560", "2019-12-31": 0.3836, "2019-09-30": 0.3675, "2019-06-30": 0.3555, "2019-03-31": "0.54660", "2018-12-31": 0.3792, "2018-09-30": 0.612, "2018-06-30": 0.796, "2018-03-31": "0.60390", "2017-12-31": 0.5562, "2017-09-30": 0.455, "2017-06-30": 0.7201, "2017-03-31": "0.27390", "2016-12-31": 0.3256, "2016-09-30": 0.7071, "2016-06-30": 0.3738, "2016-03-31": "0.25300", "2015-12-31": 0.2628, "2015-09-30": 0.4662, "2015-06-30": 0.2601, "2015-03-31": "0.41810", "2014-12-31": 0.2565, "2014-09-30": 0.4567, "2014-06-30": 0.9526, "2014-03-31": "0.77940", "2013-12-31": 1.6872, "2013-09-30": 0.7509, "2013-06-30": 1.1148, "2013-03-31": "0.68740", "2012-12-31": 0.7364, "2012-09-30": 1.0818, "2012-06-30": 0.769, "2012-03-31": "0.87040", "2011-12-31": 0.8474, "2011-09-30": 1.0535, "2011-06-30": 0.6133, "2011-03-31": "0.93090", "2010-12-31": 0.1928, "2010-09-30": 0.9472, "2010-06-30": 2.1699, "2010-03-31": "0.75510", "2009-12-31": 0.7766, "2009-09-30": 0.7207, "2009-06-30": 0.518, "2009-03-31": "0.54490", "2008-12-31": 0.776, "2008-09-30": 0.7789, "2008-06-30": 0.4568, "2008-03-31": "0.84360", "2007-12-31": 0.5132, "2007-09-30": 1.1101, "2007-06-30": 0.6689, "2007-03-31": "0.44490", "2006-12-31": 0.7191, "2006-09-30": 0.7607, "2006-06-30": 0.7039, "2006-03-31": "0.43430", "2005-12-31": 0.4144, "2005-09-30": 0.7674, "2005-06-30": 0.4122, "2005-03-31": "0.65480"}, "Free Cash Flow Per Share": {"2020-09-30": 0.2508, "2020-06-30": 0.2681, "2020-03-31": "0.97370", "2019-12-31": 0.2132, "2019-09-30": 0.2192, "2019-06-30": 0.2497, "2019-03-31": "0.42480", "2018-12-31": 0.2186, "2018-09-30": 0.4532, "2018-06-30": 0.6814, "2018-03-31": "0.48400", "2017-12-31": 0.7866, "2017-09-30": 0.2839, "2017-06-30": 0.5655, "2017-03-31": "0.47960", "2016-12-31": 0.7696, "2016-09-30": 0.5776, "2016-06-30": 1.2919, "2016-03-31": "0.13090", "2015-12-31": 0.0996, "2015-09-30": 0.3604, "2015-06-30": 0.1581, "2015-03-31": "0.31280", "2014-12-31": 0.1169, "2014-09-30": 0.2461, "2014-06-30": 0.6072, "2014-03-31": "0.49560", "2013-12-31": 2.1198, "2013-09-30": 0.3886, "2013-06-30": 0.7948, "2013-03-31": "0.43700", "2012-12-31": 0.3925, "2012-09-30": 0.8182, "2012-06-30": 0.4995, "2012-03-31": "0.54150", "2011-12-31": 0.3895, "2011-09-30": 0.8763, "2011-06-30": 0.3763, "2011-03-31": "0.65120", "2010-12-31": -0.1609, "2010-09-30": 0.7513, "2010-06-30": 1.8822, "2010-03-31": "0.45630", "2009-12-31": 0.5545, "2009-09-30": 0.5977, "2009-06-30": 0.3503, "2009-03-31": "0.29400", "2008-12-31": 0.487, "2008-09-30": 0.6546, "2008-06-30": 0.2219, "2008-03-31": "0.57570", "2007-12-31": 0.2253, "2007-09-30": 0.9748, "2007-06-30": 0.5023, "2007-03-31": "0.17850", "2006-12-31": 0.5712, "2006-09-30": 0.3559, "2006-06-30": 0.4886, "2006-03-31": "0.12270", "2005-12-31": 0.1235, "2005-09-30": 0.7021, "2005-06-30": 0.2099, "2005-03-31": "0.48120"}}, "revenue": {"Rayonier Annual Revenue (Millions of US $)": {"2020": "$859", "2019": "$712", "2018": "$816", "2017": "$820", "2016": "$816", "2015": "$569", "2014": "$604", "2013": "$660", "2012": "$379", "2011": "$1,421", "2010": "$1,315", "2009": "$1,169", "2008": "$1,271", "2007": "$1,225", "2006": "$1,122", "2005": "$1,181"}, "Rayonier Quarterly Revenue (Millions of US $)": {"2020-12-31": "$206", "2020-09-30": "$199", "2020-06-30": "$196", "2020-03-31": "$259", "2019-12-31": "$179", "2019-09-30": "$156", "2019-06-30": "$185", "2019-03-31": "$192", "2018-12-31": "$166", "2018-09-30": "$201", "2018-06-30": "$246", "2018-03-31": "$203", "2017-12-31": "$240", "2017-09-30": "$184", "2017-06-30": "$201", "2017-03-31": "$194", "2016-12-31": "$248", "2016-09-30": "$171", "2016-06-30": "$262", "2016-03-31": "$135", "2015-12-31": "$161", "2015-09-30": "$152", "2015-06-30": "$116", "2015-03-31": "$140", "2014-12-31": "$147", "2014-09-30": "$150", "2014-06-30": "$163", "2014-03-31": "$143", "2013-12-31": "$520", "2013-09-30": "$159", "2013-06-30": "$155", "2013-03-31": "$394", "2012-12-31": "$413", "2012-09-30": "$386", "2012-06-30": "$348", "2012-03-31": "$337", "2011-12-31": "$388", "2011-09-30": "$385", "2011-06-30": "$357", "2011-03-31": "$358", "2010-12-31": "$315", "2010-09-30": "$378", "2010-06-30": "$312", "2010-03-31": "$310", "2009-12-31": "$310", "2009-09-30": "$301", "2009-06-30": "$279", "2009-03-31": "$279", "2008-12-31": "$374", "2008-09-30": "$317", "2008-06-30": "$305", "2008-03-31": "$275", "2007-12-31": "$300", "2007-09-30": "$324", "2007-06-30": "$300", "2007-03-31": "$300", "2006-12-31": "$220", "2006-09-30": "$312", "2006-06-30": "$312", "2006-03-31": "$277", "2005-12-31": "$316", "2005-09-30": "$300", "2005-06-30": "$290", "2005-03-31": "$275"}}, "gross-profit": {"Rayonier Annual Gross Profit (Millions of US $)": {"2020": "$147", "2019": "$153", "2018": "$211", "2017": "$251", "2016": "$289", "2015": "$127", "2014": "$120", "2013": "$129", "2012": "$73", "2011": "$415", "2010": "$325", "2009": "$254", "2008": "$279", "2007": "$303", "2006": "$278", "2005": "$230"}, "Rayonier Quarterly Gross Profit (Millions of US $)": {"2020-12-31": "$38", "2020-09-30": "$18", "2020-06-30": "$41", "2020-03-31": "$50", "2019-12-31": "$39", "2019-09-30": "$22", "2019-06-30": "$44", "2019-03-31": "$48", "2018-12-31": "$27", "2018-09-30": "$58", "2018-06-30": "$61", "2018-03-31": "$65", "2017-12-31": "$90", "2017-09-30": "$47", "2017-06-30": "$56", "2017-03-31": "$58", "2016-12-31": "$84", "2016-09-30": "$55", "2016-06-30": "$123", "2016-03-31": "$27", "2015-12-31": "$46", "2015-09-30": "$36", "2015-06-30": "$12", "2015-03-31": "$33", "2014-12-31": "$21", "2014-09-30": "$32", "2014-06-30": "$40", "2014-03-31": "$27", "2013-12-31": "$125", "2013-09-30": "$30", "2013-06-30": "$27", "2013-03-31": "$128", "2012-12-31": "$121", "2012-09-30": "$127", "2012-06-30": "$105", "2012-03-31": "$101", "2011-12-31": "$101", "2011-09-30": "$119", "2011-06-30": "$95", "2011-03-31": "$100", "2010-12-31": "$70", "2010-09-30": "$108", "2010-06-30": "$69", "2010-03-31": "$77", "2009-12-31": "$68", "2009-09-30": "$69", "2009-06-30": "$62", "2009-03-31": "$55", "2008-12-31": "$74", "2008-09-30": "$65", "2008-06-30": "$68", "2008-03-31": "$73", "2007-12-31": "$58", "2007-09-30": "$107", "2007-06-30": "$69", "2007-03-31": "$68", "2006-12-31": "$79", "2006-09-30": "$81", "2006-06-30": "$65", "2006-03-31": "$53", "2005-12-31": "$47", "2005-09-30": "$62", "2005-06-30": "$63", "2005-03-31": "$58"}}, "operating-income": {"Rayonier Annual Operating Income (Millions of US $)": {"2020": "$74", "2019": "$107", "2018": "$170", "2017": "$215", "2016": "$256", "2015": "$78", "2014": "$98", "2013": "$109", "2012": "$32", "2011": "$357", "2010": "$282", "2009": "$410", "2008": "$226", "2007": "$247", "2006": "$223", "2005": "$212"}, "Rayonier Quarterly Operating Income (Millions of US $)": {"2020-12-31": "$22", "2020-09-30": "$2", "2020-06-30": "$12", "2020-03-31": "$39", "2019-12-31": "$26", "2019-09-30": "$11", "2019-06-30": "$31", "2019-03-31": "$39", "2018-12-31": "$15", "2018-09-30": "$46", "2018-06-30": "$52", "2018-03-31": "$57", "2017-12-31": "$80", "2017-09-30": "$39", "2017-06-30": "$47", "2017-03-31": "$49", "2016-12-31": "$62", "2016-09-30": "$50", "2016-06-30": "$122", "2016-03-31": "$23", "2015-12-31": "$16", "2015-09-30": "$28", "2015-06-30": "$7", "2015-03-31": "$28", "2014-12-31": "$14", "2014-09-30": "$32", "2014-06-30": "$38", "2014-03-31": "$14", "2013-12-31": "$113", "2013-09-30": "$20", "2013-06-30": "$32", "2013-03-31": "$115", "2012-12-31": "$113", "2012-09-30": "$111", "2012-06-30": "$94", "2012-03-31": "$83", "2011-12-31": "$81", "2011-09-30": "$108", "2011-06-30": "$79", "2011-03-31": "$88", "2010-12-31": "$57", "2010-09-30": "$92", "2010-06-30": "$56", "2010-03-31": "$77", "2009-12-31": "$121", "2009-09-30": "$111", "2009-06-30": "$134", "2009-03-31": "$43", "2008-12-31": "$64", "2008-09-30": "$49", "2008-06-30": "$54", "2008-03-31": "$60", "2007-12-31": "$44", "2007-09-30": "$92", "2007-06-30": "$56", "2007-03-31": "$55", "2006-12-31": "$61", "2006-09-30": "$66", "2006-06-30": "$59", "2006-03-31": "$37", "2005-12-31": "$64", "2005-09-30": "$51", "2005-06-30": "$49", "2005-03-31": "$47"}}, "ebitda": {"Rayonier Annual EBITDA (Millions of US $)": {"2019": "$236", "2018": "$315", "2017": "$344", "2016": "$373", "2015": "$195", "2014": "$227", "2013": "$249", "2012": "$143", "2011": "$511", "2010": "$440", "2009": "$579", "2008": "$400", "2007": "$402", "2006": "$360", "2005": "$359"}, "Rayonier Quarterly EBITDA (Millions of US $)": {"2020-09-30": "$45", "2020-06-30": "$54", "2020-03-31": "$73", "2019-12-31": "$63", "2019-09-30": "$39", "2019-06-30": "$59", "2019-03-31": "$75", "2018-12-31": "$44", "2018-09-30": "$81", "2018-06-30": "$98", "2018-03-31": "$92", "2017-12-31": "$111", "2017-09-30": "$68", "2017-06-30": "$84", "2017-03-31": "$80", "2016-12-31": "$93", "2016-09-30": "$82", "2016-06-30": "$145", "2016-03-31": "$53", "2015-12-31": "$45", "2015-09-30": "$61", "2015-06-30": "$31", "2015-03-31": "$59", "2014-12-31": "$46", "2014-09-30": "$67", "2014-06-30": "$71", "2014-03-31": "$43", "2013-12-31": "$155", "2013-09-30": "$56", "2013-06-30": "$53", "2013-03-31": "$158", "2012-12-31": "$103", "2012-09-30": "$153", "2012-06-30": "$135", "2012-03-31": "$120", "2011-12-31": "$117", "2011-09-30": "$153", "2011-06-30": "$115", "2011-03-31": "$125", "2010-12-31": "$93", "2010-09-30": "$133", "2010-06-30": "$92", "2010-03-31": "$122", "2009-12-31": "$159", "2009-09-30": "$153", "2009-06-30": "$184", "2009-03-31": "$83", "2008-12-31": "$122", "2008-09-30": "$90", "2008-06-30": "$93", "2008-03-31": "$94", "2007-12-31": "$85", "2007-09-30": "$129", "2007-06-30": "$93", "2007-03-31": "$96", "2006-12-31": "$99", "2006-09-30": "$98", "2006-06-30": "$93", "2006-03-31": "$70", "2005-12-31": "$103", "2005-09-30": "$88", "2005-06-30": "$85", "2005-03-31": "$83"}}, "net-income": {"Rayonier Annual Net Income (Millions of US $)": {"2020": "$37", "2019": "$59", "2018": "$102", "2017": "$149", "2016": "$212", "2015": "$46", "2014": "$99", "2013": "$372", "2012": "$279", "2011": "$276", "2010": "$218", "2009": "$313", "2008": "$149", "2007": "$174", "2006": "$176", "2005": "$178"}, "Rayonier Quarterly Net Income (Millions of US $)": {"2020-12-31": "$10", "2020-09-30": "$-1", "2020-06-30": "$2", "2020-03-31": "$26", "2019-12-31": "$16", "2019-09-30": "$-0", "2019-06-30": "$19", "2019-03-31": "$25", "2018-12-31": "$2", "2018-09-30": "$23", "2018-06-30": "$36", "2018-03-31": "$41", "2017-12-31": "$64", "2017-09-30": "$25", "2017-06-30": "$26", "2017-03-31": "$34", "2016-12-31": "$48", "2016-09-30": "$39", "2016-06-30": "$110", "2016-03-31": "$14", "2015-12-31": "$10", "2015-09-30": "$20", "2015-06-30": "$-2", "2015-03-31": "$18", "2014-12-31": "$9", "2014-09-30": "$33", "2014-06-30": "$16", "2014-03-31": "$41", "2013-12-31": "$80", "2013-09-30": "$57", "2013-06-30": "$87", "2013-03-31": "$148", "2012-12-31": "$76", "2012-09-30": "$81", "2012-06-30": "$69", "2012-03-31": "$53", "2011-12-31": "$56", "2011-09-30": "$105", "2011-06-30": "$56", "2011-03-31": "$58", "2010-12-31": "$59", "2010-09-30": "$63", "2010-06-30": "$39", "2010-03-31": "$57", "2009-12-31": "$98", "2009-09-30": "$81", "2009-06-30": "$108", "2009-03-31": "$26", "2008-12-31": "$43", "2008-09-30": "$29", "2008-06-30": "$37", "2008-03-31": "$40", "2007-12-31": "$34", "2007-09-30": "$71", "2007-06-30": "$33", "2007-03-31": "$35", "2006-12-31": "$55", "2006-09-30": "$55", "2006-06-30": "$43", "2006-03-31": "$23", "2005-12-31": "$51", "2005-09-30": "$75", "2005-06-30": "$17", "2005-03-31": "$34"}}, "eps-earnings-per-share-diluted": {"Rayonier Annual EPS": {"2020": "$0.27", "2019": "$0.46", "2018": "$0.79", "2017": "$1.16", "2016": "$1.73", "2015": "$0.37", "2014": "$0.76", "2013": "$2.86", "2012": "$2.17", "2011": "$2.20", "2010": "$1.79", "2009": "$2.60", "2008": "$1.25", "2007": "$1.47", "2006": "$1.51", "2005": "$1.53"}, "Rayonier Quarterly EPS": {"2020-12-31": "$0.07", "2020-09-30": "$-0.01", "2020-06-30": "$0.01", "2020-03-31": "$0.20", "2019-12-31": "$0.13", "2019-09-30": "$-0.00", "2019-06-30": "$0.14", "2019-03-31": "$0.19", "2018-12-31": "$0.02", "2018-09-30": "$0.18", "2018-06-30": "$0.28", "2018-03-31": "$0.31", "2017-12-31": "$0.50", "2017-09-30": "$0.19", "2017-06-30": "$0.20", "2017-03-31": "$0.27", "2016-12-31": "$0.40", "2016-09-30": "$0.32", "2016-06-30": "$0.89", "2016-03-31": "$0.12", "2015-12-31": "$0.08", "2015-09-30": "$0.16", "2015-06-30": "$-0.01", "2015-03-31": "$0.14", "2014-12-31": "$0.07", "2014-09-30": "$0.25", "2014-06-30": "$0.12", "2014-03-31": "$0.32", "2013-12-31": "$0.62", "2013-09-30": "$0.44", "2013-06-30": "$0.67", "2013-03-31": "$1.13", "2012-12-31": "$0.59", "2012-09-30": "$0.62", "2012-06-30": "$0.54", "2012-03-31": "$0.42", "2011-12-31": "$0.45", "2011-09-30": "$0.84", "2011-06-30": "$0.45", "2011-03-31": "$0.47", "2010-12-31": "$0.49", "2010-09-30": "$0.51", "2010-06-30": "$0.32", "2010-03-31": "$0.47", "2009-12-31": "$0.81", "2009-09-30": "$0.67", "2009-06-30": "$0.90", "2009-03-31": "$0.22", "2008-12-31": "$0.37", "2008-09-30": "$0.24", "2008-06-30": "$0.31", "2008-03-31": "$0.33", "2007-12-31": "$0.29", "2007-09-30": "$0.60", "2007-06-30": "$0.28", "2007-03-31": "$0.30", "2006-12-31": "$0.47", "2006-09-30": "$0.47", "2006-06-30": "$0.37", "2006-03-31": "$0.20", "2005-12-31": "$0.44", "2005-09-30": "$0.64", "2005-06-30": "$0.15", "2005-03-31": "$0.30"}}, "shares-outstanding": {"Rayonier Annual Shares Outstanding (Millions of Shares)": {"2020": "137", "2019": "130", "2018": "130", "2017": "128", "2016": "123", "2015": "126", "2014": "131", "2013": "130", "2012": "129", "2011": "125", "2010": "122", "2009": "120", "2008": "119", "2007": "118", "2006": "117", "2005": "116"}, "Rayonier Quarterly Shares Outstanding (Millions of Shares)": {"2020-12-31": "141", "2020-09-30": "136", "2020-06-30": "136", "2020-03-31": "129", "2019-12-31": "130", "2019-09-30": "129", "2019-06-30": "130", "2019-03-31": "130", "2018-12-31": "130", "2018-09-30": "130", "2018-06-30": "130", "2018-03-31": "130", "2017-12-31": "128", "2017-09-30": "129", "2017-06-30": "129", "2017-03-31": "124", "2016-12-31": "123", "2016-09-30": "123", "2016-06-30": "123", "2016-03-31": "123", "2015-12-31": "126", "2015-09-30": "125", "2015-06-30": "127", "2015-03-31": "128", "2014-12-31": "131", "2014-09-30": "130", "2014-06-30": "132", "2014-03-31": "128", "2013-12-31": "129", "2013-09-30": "131", "2013-06-30": "131", "2013-03-31": "130", "2012-12-31": "129", "2012-09-30": "130", "2012-06-30": "127", "2012-03-31": "128", "2011-12-31": "125", "2011-09-30": "126", "2011-06-30": "126", "2011-03-31": "124", "2010-12-31": "122", "2010-09-30": "122", "2010-06-30": "122", "2010-03-31": "121", "2009-12-31": "120", "2009-09-30": "120", "2009-06-30": "120", "2009-03-31": "119", "2008-12-31": "119", "2008-09-30": "119", "2008-06-30": "119", "2008-03-31": "119", "2007-12-31": "118", "2007-09-30": "119", "2007-06-30": "118", "2007-03-31": "118", "2006-12-31": "117", "2006-09-30": "117", "2006-06-30": "117", "2006-03-31": "117", "2005-12-31": "116", "2005-09-30": "117", "2005-06-30": "116", "2005-03-31": "116"}}, "total-assets": {"Rayonier Annual Total Assets (Millions of US $)": {"2019": "$2,861", "2018": "$2,781", "2017": "$2,858", "2016": "$2,686", "2015": "$2,316", "2014": "$2,453", "2013": "$3,686", "2012": "$3,123", "2011": "$2,569", "2010": "$2,364", "2009": "$2,253", "2008": "$2,082", "2007": "$2,079", "2006": "$1,965", "2005": "$1,839"}, "Rayonier Quarterly Total Assets (Millions of US $)": {"2020-09-30": "$3,727", "2020-06-30": "$3,769", "2020-03-31": "$2,788", "2019-12-31": "$2,861", "2019-09-30": "$2,767", "2019-06-30": "$2,861", "2019-03-31": "$2,884", "2018-12-31": "$2,781", "2018-09-30": "$2,842", "2018-06-30": "$2,851", "2018-03-31": "$2,878", "2017-12-31": "$2,858", "2017-09-30": "$2,912", "2017-06-30": "$2,953", "2017-03-31": "$2,919", "2016-12-31": "$2,686", "2016-09-30": "$2,671", "2016-06-30": "$2,632", "2016-03-31": "$2,332", "2015-12-31": "$2,316", "2015-09-30": "$2,314", "2015-06-30": "$2,366", "2015-03-31": "$2,413", "2014-12-31": "$2,453", "2014-09-30": "$2,478", "2014-06-30": "$2,632", "2014-03-31": "$3,643", "2013-12-31": "$3,686", "2013-09-30": "$3,818", "2013-06-30": "$3,828", "2013-03-31": "$3,202", "2012-12-31": "$3,123", "2012-09-30": "$2,914", "2012-06-30": "$2,817", "2012-03-31": "$2,794", "2011-12-31": "$2,569", "2011-09-30": "$2,495", "2011-06-30": "$2,362", "2011-03-31": "$2,325", "2010-12-31": "$2,364", "2010-09-30": "$2,392", "2010-06-30": "$2,353", "2010-03-31": "$2,333", "2009-12-31": "$2,253", "2009-09-30": "$2,292", "2009-06-30": "$2,164", "2009-03-31": "$2,069", "2008-12-31": "$2,082", "2008-09-30": "$2,141", "2008-06-30": "$2,152", "2008-03-31": "$2,049", "2007-12-31": "$2,079", "2007-09-30": "$1,968", "2007-06-30": "$1,959", "2007-03-31": "$1,967", "2006-12-31": "$1,965", "2006-09-30": "$1,872", "2006-06-30": "$1,860", "2006-03-31": "$1,835", "2005-12-31": "$1,839", "2005-09-30": "$1,856", "2005-06-30": "$1,934", "2005-03-31": "$1,947"}}, "cash-on-hand": {"Rayonier Annual Cash on Hand (Millions of US $)": {"2019": "$69", "2018": "$148", "2017": "$113", "2016": "$86", "2015": "$52", "2014": "$162", "2013": "$200", "2012": "$281", "2011": "$79", "2010": "$349", "2009": "$75", "2008": "$62", "2007": "$181", "2006": "$40", "2005": "$146"}, "Rayonier Quarterly Cash on Hand (Millions of US $)": {"2020-09-30": "$78", "2020-06-30": "$95", "2020-03-31": "$132", "2019-12-31": "$69", "2019-09-30": "$57", "2019-06-30": "$131", "2019-03-31": "$155", "2018-12-31": "$148", "2018-09-30": "$146", "2018-06-30": "$107", "2018-03-31": "$93", "2017-12-31": "$113", "2017-09-30": "$104", "2017-06-30": "$137", "2017-03-31": "$219", "2016-12-31": "$86", "2016-09-30": "$110", "2016-06-30": "$130", "2016-03-31": "$76", "2015-12-31": "$52", "2015-09-30": "$66", "2015-06-30": "$92", "2015-03-31": "$139", "2014-12-31": "$162", "2014-09-30": "$183", "2014-06-30": "$297", "2014-03-31": "$156", "2013-12-31": "$200", "2013-09-30": "$261", "2013-06-30": "$344", "2013-03-31": "$266", "2012-12-31": "$281", "2012-09-30": "$215", "2012-06-30": "$189", "2012-03-31": "$237", "2011-12-31": "$79", "2011-09-30": "$362", "2011-06-30": "$314", "2011-03-31": "$317", "2010-12-31": "$349", "2010-09-30": "$406", "2010-06-30": "$344", "2010-03-31": "$153", "2009-12-31": "$75", "2009-09-30": "$153", "2009-06-30": "$60", "2009-03-31": "$57", "2008-12-31": "$62", "2008-09-30": "$55", "2008-06-30": "$21", "2008-03-31": "$147", "2007-12-31": "$181", "2007-09-30": "$92", "2007-06-30": "$16", "2007-03-31": "$28", "2006-12-31": "$40", "2006-09-30": "$169", "2006-06-30": "$165", "2006-03-31": "$126", "2005-12-31": "$146", "2005-09-30": "$110", "2005-06-30": "$136", "2005-03-31": "$96"}}, "long-term-debt": {"Rayonier Annual Long Term Debt (Millions of US $)": {"2019": "$973", "2018": "$973", "2017": "$1,022", "2016": "$1,030", "2015": "$831", "2014": "$622", "2013": "$1,462", "2012": "$1,120", "2011": "$819", "2010": "$675", "2009": "$695", "2008": "$747", "2007": "$694", "2006": "$655", "2005": "$555"}, "Rayonier Quarterly Long Term Debt (Millions of US $)": {"2020-09-30": "$1,379", "2020-06-30": "$1,346", "2020-03-31": "$1,055", "2019-12-31": "$973", "2019-09-30": "$973", "2019-06-30": "$973", "2019-03-31": "$973", "2018-12-31": "$973", "2018-09-30": "$972", "2018-06-30": "$972", "2018-03-31": "$996", "2017-12-31": "$1,022", "2017-09-30": "$1,030", "2017-06-30": "$1,034", "2017-03-31": "$1,028", "2016-12-31": "$1,030", "2016-09-30": "$1,033", "2016-06-30": "$1,052", "2016-03-31": "$857", "2015-12-31": "$831", "2015-09-30": "$791", "2015-06-30": "$722", "2015-03-31": "$613", "2014-12-31": "$622", "2014-09-30": "$605", "2014-06-30": "$770", "2014-03-31": "$1,394", "2013-12-31": "$1,462", "2013-09-30": "$1,646", "2013-06-30": "$1,592", "2013-03-31": "$1,150", "2012-12-31": "$1,120", "2012-09-30": "$968", "2012-06-30": "$1,018", "2012-03-31": "$974", "2011-12-31": "$819", "2011-09-30": "$658", "2011-06-30": "$581", "2011-03-31": "$602", "2010-12-31": "$675", "2010-09-30": "$766", "2010-06-30": "$764", "2010-03-31": "$762", "2009-12-31": "$695", "2009-09-30": "$809", "2009-06-30": "$749", "2009-03-31": "$748", "2008-12-31": "$747", "2008-09-30": "$770", "2008-06-30": "$794", "2008-03-31": "$694", "2007-12-31": "$694", "2007-09-30": "$621", "2007-06-30": "$666", "2007-03-31": "$671", "2006-12-31": "$655", "2006-09-30": "$555", "2006-06-30": "$555", "2006-03-31": "$555", "2005-12-31": "$555", "2005-09-30": "$556", "2005-06-30": "$623", "2005-03-31": "$608"}}, "total-liabilities": {"Rayonier Annual Total Liabilities (Millions of US $)": {"2019": "$1,323", "2018": "$1,126", "2017": "$1,166", "2016": "$1,189", "2015": "$954", "2014": "$878", "2013": "$1,930", "2012": "$1,685", "2011": "$1,246", "2010": "$1,112", "2009": "$1,107", "2008": "$1,143", "2007": "$1,098", "2006": "$1,047", "2005": "$947"}, "Rayonier Quarterly Total Liabilities (Millions of US $)": {"2020-09-30": "$1,876", "2020-06-30": "$1,855", "2020-03-31": "$1,388", "2019-12-31": "$1,323", "2019-09-30": "$1,251", "2019-06-30": "$1,261", "2019-03-31": "$1,243", "2018-12-31": "$1,126", "2018-09-30": "$1,141", "2018-06-30": "$1,138", "2018-03-31": "$1,142", "2017-12-31": "$1,166", "2017-09-30": "$1,254", "2017-06-30": "$1,285", "2017-03-31": "$1,272", "2016-12-31": "$1,189", "2016-09-30": "$1,223", "2016-06-30": "$1,212", "2016-03-31": "$996", "2015-12-31": "$954", "2015-09-30": "$938", "2015-06-30": "$889", "2015-03-31": "$864", "2014-12-31": "$878", "2014-09-30": "$867", "2014-06-30": "$916", "2014-03-31": "$1,885", "2013-12-31": "$1,930", "2013-09-30": "$2,133", "2013-06-30": "$2,178", "2013-03-31": "$1,663", "2012-12-31": "$1,685", "2012-09-30": "$1,496", "2012-06-30": "$1,456", "2012-03-31": "$1,451", "2011-12-31": "$1,246", "2011-09-30": "$1,127", "2011-06-30": "$1,059", "2011-03-31": "$1,051", "2010-12-31": "$1,112", "2010-09-30": "$1,169", "2010-06-30": "$1,171", "2010-03-31": "$1,158", "2009-12-31": "$1,107", "2009-09-30": "$1,214", "2009-06-30": "$1,150", "2009-03-31": "$1,147", "2008-12-31": "$1,143", "2008-09-30": "$1,139", "2008-06-30": "$1,156", "2008-03-31": "$1,059", "2007-12-31": "$1,098", "2007-09-30": "$984", "2007-06-30": "$1,020", "2007-03-31": "$1,041", "2006-12-31": "$1,047", "2006-09-30": "$957", "2006-06-30": "$975", "2006-03-31": "$959", "2005-12-31": "$947", "2005-09-30": "$1,049", "2005-06-30": "$1,137", "2005-03-31": "$1,138"}}, "total-share-holder-equity": {"Rayonier Annual Share Holder Equity (Millions of US $)": {"2019": "$1,538", "2018": "$1,655", "2017": "$1,693", "2016": "$1,497", "2015": "$1,362", "2014": "$1,575", "2013": "$1,755", "2012": "$1,438", "2011": "$1,323", "2010": "$1,252", "2009": "$1,146", "2008": "$939", "2007": "$981", "2006": "$918", "2005": "$892"}, "Rayonier Quarterly Share Holder Equity (Millions of US $)": {"2020-09-30": "$1,851", "2020-06-30": "$1,914", "2020-03-31": "$1,400", "2019-12-31": "$1,538", "2019-09-30": "$1,516", "2019-06-30": "$1,600", "2019-03-31": "$1,641", "2018-12-31": "$1,655", "2018-09-30": "$1,701", "2018-06-30": "$1,713", "2018-03-31": "$1,736", "2017-12-31": "$1,693", "2017-09-30": "$1,657", "2017-06-30": "$1,668", "2017-03-31": "$1,647", "2016-12-31": "$1,497", "2016-09-30": "$1,449", "2016-06-30": "$1,421", "2016-03-31": "$1,336", "2015-12-31": "$1,362", "2015-09-30": "$1,376", "2015-06-30": "$1,477", "2015-03-31": "$1,548", "2014-12-31": "$1,575", "2014-09-30": "$1,611", "2014-06-30": "$1,716", "2014-03-31": "$1,758", "2013-12-31": "$1,755", "2013-09-30": "$1,685", "2013-06-30": "$1,650", "2013-03-31": "$1,539", "2012-12-31": "$1,438", "2012-09-30": "$1,418", "2012-06-30": "$1,360", "2012-03-31": "$1,342", "2011-12-31": "$1,323", "2011-09-30": "$1,368", "2011-06-30": "$1,303", "2011-03-31": "$1,274", "2010-12-31": "$1,252", "2010-09-30": "$1,223", "2010-06-30": "$1,182", "2010-03-31": "$1,175", "2009-12-31": "$1,146", "2009-09-30": "$1,078", "2009-06-30": "$1,014", "2009-03-31": "$922", "2008-12-31": "$939", "2008-09-30": "$1,002", "2008-06-30": "$996", "2008-03-31": "$990", "2007-12-31": "$981", "2007-09-30": "$984", "2007-06-30": "$939", "2007-03-31": "$926", "2006-12-31": "$918", "2006-09-30": "$915", "2006-06-30": "$885", "2006-03-31": "$876", "2005-12-31": "$892", "2005-09-30": "$807", "2005-06-30": "$797", "2005-03-31": "$809"}}, "profit-margins": {"current": "4.32%"}, "gross margin": {"2020-12-31": "17.09%", "2020-09-30": "17.77%", "2020-06-30": "19.24%", "2020-03-31": "19.90%", "2019-12-31": "21.49%", "2019-09-30": "20.17%", "2019-06-30": "23.79%", "2019-03-31": "24.10%", "2018-12-31": "25.86%", "2018-09-30": "30.79%", "2018-06-30": "30.13%", "2018-03-31": "31.16%", "2017-12-31": "30.65%", "2017-09-30": "29.63%", "2017-06-30": "31.08%", "2017-03-31": "36.57%", "2016-12-31": "35.42%", "2016-09-30": "34.43%", "2016-06-30": "32.68%", "2016-03-31": "21.45%", "2015-12-31": "22.32%", "2015-09-30": "18.38%", "2015-06-30": "17.72%", "2015-03-31": "21.00%", "2014-12-31": "19.90%", "2014-09-30": "22.95%", "2014-06-30": "22.54%", "2014-03-31": "21.39%", "2013-12-31": "25.24%", "2013-09-30": "27.30%", "2013-06-30": "29.90%", "2013-03-31": "31.21%", "2012-12-31": "30.59%", "2012-09-30": "29.75%", "2012-06-30": "29.22%", "2012-03-31": "28.36%", "2011-12-31": "27.89%", "2011-09-30": "27.14%", "2011-06-30": "26.49%", "2011-03-31": "25.46%", "2010-12-31": "24.64%", "2010-09-30": "24.58%", "2010-06-30": "22.95%", "2010-03-31": "23.00%", "2009-12-31": "21.73%", "2009-09-30": "21.09%", "2009-06-30": "20.50%", "2009-03-31": "20.55%", "2008-12-31": "22.03%", "2008-09-30": "22.06%", "2008-06-30": "25.42%", "2008-03-31": "25.60%", "2007-12-31": "24.67%", "2007-09-30": "28.23%", "2007-06-30": "26.24%", "2007-03-31": "25.61%", "2006-12-31": "24.80%", "2006-09-30": "20.21%", "2006-06-30": "18.84%", "2006-03-31": "19.02%", "2005-12-31": "19.48%"}, "operating margin": {"2020-12-31": "8.72%", "2020-09-30": "9.48%", "2020-06-30": "11.14%", "2020-03-31": "13.74%", "2019-12-31": "15.03%", "2019-09-30": "13.73%", "2019-06-30": "17.61%", "2019-03-31": "18.88%", "2018-12-31": "20.83%", "2018-09-30": "26.40%", "2018-06-30": "26.12%", "2018-03-31": "26.93%", "2017-12-31": "26.25%", "2017-09-30": "23.82%", "2017-06-30": "25.55%", "2017-03-31": "32.34%", "2016-12-31": "31.50%", "2016-09-30": "28.94%", "2016-06-30": "26.62%", "2016-03-31": "13.12%", "2015-12-31": "13.88%", "2015-09-30": "13.87%", "2015-06-30": "14.65%", "2015-03-31": "18.67%", "2014-12-31": "16.25%", "2014-09-30": "20.18%", "2014-06-30": "18.78%", "2014-03-31": "18.32%", "2013-12-31": "22.80%", "2013-09-30": "24.98%", "2013-06-30": "27.52%", "2013-03-31": "28.10%", "2012-12-31": "27.02%", "2012-09-30": "25.29%", "2012-06-30": "25.10%", "2012-03-31": "23.93%", "2011-12-31": "23.92%", "2011-09-30": "23.46%", "2011-06-30": "22.44%", "2011-03-31": "21.50%", "2010-12-31": "21.44%", "2010-09-30": "26.41%", "2010-06-30": "29.60%", "2010-03-31": "36.92%", "2009-12-31": "34.99%", "2009-09-30": "28.55%", "2009-06-30": "23.22%", "2009-03-31": "16.47%", "2008-12-31": "17.86%", "2008-09-30": "17.29%", "2008-06-30": "20.76%", "2008-03-31": "21.02%", "2007-12-31": "20.18%", "2007-09-30": "23.08%", "2007-06-30": "21.02%", "2007-03-31": "21.07%", "2006-12-31": "19.89%", "2006-09-30": "18.57%", "2006-06-30": "17.51%", "2006-03-31": "16.99%", "2005-12-31": "17.87%"}, "ebitda margin": {"2020-09-30": "28.21%", "2020-06-30": "28.99%", "2020-03-31": "30.04%", "2019-12-31": "33.15%", "2019-09-30": "31.04%", "2019-06-30": "34.81%", "2019-03-31": "37.02%", "2018-12-31": "38.60%", "2018-09-30": "42.92%", "2018-06-30": "42.27%", "2018-03-31": "42.87%", "2017-12-31": "41.88%", "2017-09-30": "39.30%", "2017-06-30": "41.65%", "2017-03-31": "45.71%", "2016-12-31": "45.71%", "2016-09-30": "44.58%", "2016-06-30": "42.82%", "2016-03-31": "33.69%", "2015-12-31": "34.45%", "2015-09-30": "35.50%", "2015-06-30": "36.71%", "2015-03-31": "40.50%", "2014-12-31": "37.65%", "2014-09-30": "34.43%", "2014-06-30": "32.99%", "2014-03-31": "31.42%", "2013-12-31": "34.36%", "2013-09-30": "33.01%", "2013-06-30": "34.64%", "2013-03-31": "35.63%", "2012-12-31": "34.43%", "2012-09-30": "35.98%", "2012-06-30": "36.01%", "2012-03-31": "34.42%", "2011-12-31": "34.27%", "2011-09-30": "34.35%", "2011-06-30": "33.10%", "2011-03-31": "32.50%", "2010-12-31": "33.46%", "2010-09-30": "38.63%", "2010-06-30": "42.66%", "2010-03-31": "51.50%", "2009-12-31": "49.53%", "2009-09-30": "43.96%", "2009-06-30": "38.35%", "2009-03-31": "30.43%", "2008-12-31": "31.39%", "2008-09-30": "30.24%", "2008-06-30": "33.31%", "2008-03-31": "33.44%", "2007-12-31": "32.92%", "2007-09-30": "36.45%", "2007-06-30": "34.10%", "2007-03-31": "33.74%", "2006-12-31": "32.11%", "2006-09-30": "29.91%", "2006-06-30": "29.38%", "2006-03-31": "29.25%", "2005-12-31": "30.40%"}, "pre tax profit margin": {"2020-12-31": "4.19%", "2020-09-30": "5.28%", "2020-06-30": "7.22%", "2020-03-31": "10.14%", "2019-12-31": "11.38%", "2019-09-30": "9.73%", "2019-06-30": "13.84%", "2019-03-31": "15.40%", "2018-12-31": "17.40%", "2018-09-30": "23.26%", "2018-06-30": "22.91%", "2018-03-31": "23.19%", "2017-12-31": "22.34%", "2017-09-30": "19.83%", "2017-06-30": "21.25%", "2017-03-31": "28.46%", "2016-12-31": "27.21%", "2016-09-30": "24.55%", "2016-06-30": "22.11%", "2016-03-31": "7.09%", "2015-12-31": "7.73%", "2015-09-30": "6.85%", "2015-06-30": "7.23%", "2015-03-31": "10.17%", "2014-12-31": "7.63%", "2014-09-30": "14.65%", "2014-06-30": "13.20%", "2014-03-31": "13.92%", "2013-12-31": "19.63%", "2013-09-30": "21.77%", "2013-06-30": "25.15%", "2013-03-31": "25.50%", "2012-12-31": "23.99%", "2012-09-30": "22.00%", "2012-06-30": "21.54%", "2012-03-31": "20.65%", "2011-12-31": "20.63%", "2011-09-30": "19.93%", "2011-06-30": "18.82%", "2011-03-31": "17.83%", "2010-12-31": "17.72%", "2010-09-30": "22.60%", "2010-06-30": "25.63%", "2010-03-31": "32.75%", "2009-12-31": "30.71%", "2009-09-30": "24.57%", "2009-06-30": "19.38%", "2009-03-31": "12.63%", "2008-12-31": "14.00%", "2008-09-30": "13.37%", "2008-06-30": "16.61%", "2008-03-31": "16.85%", "2007-12-31": "16.09%", "2007-09-30": "18.62%", "2007-06-30": "17.05%", "2007-03-31": "17.40%", "2006-12-31": "16.32%", "2006-09-30": "15.69%", "2006-06-30": "15.44%", "2006-03-31": "14.71%", "2005-12-31": "15.41%"}, "net profit margin": {"2020-12-31": "4.30%", "2020-09-30": "5.16%", "2020-06-30": "5.57%", "2020-03-31": "7.83%", "2019-12-31": "8.43%", "2019-09-30": "6.58%", "2019-06-30": "9.27%", "2019-03-31": "10.68%", "2018-12-31": "12.50%", "2018-09-30": "18.43%", "2018-06-30": "19.01%", "2018-03-31": "18.84%", "2017-12-31": "18.19%", "2017-09-30": "16.08%", "2017-06-30": "18.06%", "2017-03-31": "26.40%", "2016-12-31": "25.86%", "2016-09-30": "23.73%", "2016-06-30": "21.69%", "2016-03-31": "7.45%", "2015-12-31": "8.08%", "2015-09-30": "8.11%", "2015-06-30": "10.49%", "2015-03-31": "12.67%", "2014-12-31": "16.42%", "2014-09-30": "17.42%", "2014-06-30": "19.70%", "2014-03-31": "27.12%", "2013-12-31": "30.29%", "2013-09-30": "32.83%", "2013-06-30": "29.08%", "2013-03-31": "24.27%", "2012-12-31": "18.80%", "2012-09-30": "17.75%", "2012-06-30": "19.41%", "2012-03-31": "18.40%", "2011-12-31": "18.48%", "2011-09-30": "19.65%", "2011-06-30": "16.76%", "2011-03-31": "16.07%", "2010-12-31": "16.58%", "2010-09-30": "19.62%", "2010-06-30": "22.30%", "2010-03-31": "28.67%", "2009-12-31": "26.78%", "2009-09-30": "20.92%", "2009-06-30": "16.49%", "2009-03-31": "10.59%", "2008-12-31": "11.72%", "2008-09-30": "11.70%", "2008-06-30": "15.12%", "2008-03-31": "14.85%", "2007-12-31": "14.13%", "2007-09-30": "16.96%", "2007-06-30": "15.72%", "2007-03-31": "16.43%", "2006-12-31": "15.70%", "2006-09-30": "14.13%", "2006-06-30": "15.93%", "2006-03-31": "14.03%", "2005-12-31": "14.99%"}, "pe ratio": {"current": "133.36", "2021-02-05": "166.70", "2020-12-31": "146.90", "2020-09-30": "81.89", "2020-06-30": "73.73", "2020-03-31": "49.69", "2019-12-31": "69.65", "2019-09-30": "76.43", "2019-06-30": "53.72", "2019-03-31": "43.82", "2018-12-31": "32.35", "2018-09-30": "24.35", "2018-06-30": "27.43", "2018-03-31": "26.42", "2017-12-31": "24.40", "2017-09-30": "24.43", "2017-06-30": "21.45", "2017-03-31": "13.22", "2016-12-31": "13.38", "2016-09-30": "16.13", "2016-06-30": "17.82", "2016-03-31": "59.26", "2015-12-31": "49.87", "2015-09-30": "50.38", "2015-06-30": "46.15", "2015-03-31": "36.16", "2014-12-31": "27.84", "2014-09-30": "18.21", "2014-06-30": "17.80", "2014-03-31": "12.57", "2013-12-31": "8.25", "2013-09-30": "10.90", "2013-06-30": "10.11", "2013-03-31": "11.29", "2012-12-31": "12.91", "2012-09-30": "12.94", "2012-06-30": "10.60", "2012-03-31": "10.76", "2011-12-31": "10.57", "2011-09-30": "8.51", "2011-06-30": "11.69", "2011-03-31": "11.84", "2010-12-31": "9.85", "2010-09-30": "7.87", "2010-06-30": "6.36", "2010-03-31": "5.17", "2009-12-31": "5.20", "2009-09-30": "6.01", "2009-06-30": "6.57", "2009-03-31": "8.15", "2008-12-31": "7.50", "2008-09-30": "11.83", "2008-06-30": "8.10", "2008-03-31": "8.38", "2007-12-31": "9.25", "2007-09-30": "8.29", "2007-06-30": "8.37", "2007-03-31": "7.47", "2006-12-31": "7.52"}, "price sales": {"2021-02-05": "5.25", "2020-12-31": "4.62", "2020-09-30": "4.17", "2020-06-30": "4.03", "2020-03-31": "3.80", "2019-12-31": "5.71", "2019-09-30": "4.96", "2019-06-30": "4.97", "2019-03-31": "4.73", "2018-12-31": "4.06", "2018-09-30": "4.49", "2018-06-30": "5.19", "2018-03-31": "4.93", "2017-12-31": "4.40", "2017-09-30": "3.90", "2017-06-30": "3.87", "2017-03-31": "3.48", "2016-12-31": "3.46", "2016-09-30": "3.85", "2016-06-30": "3.89", "2016-03-31": "4.61", "2015-12-31": "4.10", "2015-09-30": "4.17", "2015-06-30": "4.84", "2015-03-31": "4.71", "2014-12-31": "4.81", "2014-09-30": "3.26", "2014-06-30": "3.61", "2014-03-31": "3.45", "2013-12-31": "2.50", "2013-09-30": "3.58", "2013-06-30": "2.93", "2013-03-31": "2.73", "2012-12-31": "2.43", "2012-09-30": "2.30", "2012-06-30": "2.07", "2012-03-31": "2.00", "2011-12-31": "1.96", "2011-09-30": "1.67", "2011-06-30": "1.96", "2011-03-31": "1.89", "2010-12-31": "1.63", "2010-09-30": "1.54", "2010-06-30": "1.42", "2010-03-31": "1.48", "2009-12-31": "1.39", "2009-09-30": "1.26", "2009-06-30": "1.09", "2009-03-31": "0.87", "2008-12-31": "0.89", "2008-09-30": "1.40", "2008-06-30": "1.23", "2008-03-31": "1.25", "2007-12-31": "1.32", "2007-09-30": "1.41", "2007-06-30": "1.32", "2007-03-31": "1.23", "2006-12-31": "1.18"}, "price book": {"current": "2.44", "2021-02-05": "2.46", "2020-09-30": "1.93", "2020-06-30": "1.74", "2020-03-31": "2.11", "2019-12-31": "2.64", "2019-09-30": "2.28", "2019-06-30": "2.31", "2019-03-31": "2.32", "2018-12-31": "2.00", "2018-09-30": "2.35", "2018-06-30": "2.65", "2018-03-31": "2.36", "2017-12-31": "2.16", "2017-09-30": "2.00", "2017-06-30": "1.96", "2017-03-31": "1.93", "2016-12-31": "1.89", "2016-09-30": "1.93", "2016-06-30": "1.93", "2016-03-31": "1.91", "2015-12-31": "1.66", "2015-09-30": "1.63", "2015-06-30": "1.78", "2015-03-31": "1.78", "2014-12-31": "1.79", "2014-09-30": "1.93", "2014-06-30": "2.02", "2014-03-31": "1.87", "2013-12-31": "1.70", "2013-09-30": "2.31", "2013-06-30": "2.33", "2013-03-31": "2.66", "2012-12-31": "2.40", "2012-09-30": "2.28", "2012-06-30": "2.15", "2012-03-31": "2.12", "2011-12-31": "2.15", "2011-09-30": "1.69", "2011-06-30": "2.08", "2011-03-31": "2.01", "2010-12-31": "1.70", "2010-09-30": "1.64", "2010-06-30": "1.47", "2010-03-31": "1.51", "2009-12-31": "1.41", "2009-09-30": "1.43", "2009-06-30": "1.33", "2009-03-31": "1.20", "2008-12-31": "1.20", "2008-09-30": "1.67", "2008-06-30": "1.48", "2008-03-31": "1.51", "2007-12-31": "1.63", "2007-09-30": "1.63", "2007-06-30": "1.58", "2007-03-31": "1.50", "2006-12-31": "1.42", "2006-09-30": "1.30", "2006-06-30": "1.33", "2006-03-31": "1.59"}, "price fcf": {"2021-02-05": "", "2020-09-30": "$1.71", "2020-06-30": "$1.67", "2020-03-31": "$1.66", "2019-12-31": "$1.11", "2019-09-30": "$1.11", "2019-06-30": "$1.35", "2019-03-31": "$1.78", "2018-12-31": "$1.84", "2018-09-30": "$2.41", "2018-06-30": "$2.24", "2018-03-31": "$2.12", "2017-12-31": "$2.12", "2017-09-30": "$2.10", "2017-06-30": "$2.39", "2017-03-31": "$3.12", "2016-12-31": "$2.77", "2016-09-30": "$2.10", "2016-06-30": "$1.88", "2016-03-31": "$0.75", "2015-12-31": "$0.93", "2015-09-30": "$0.95", "2015-06-30": "$0.83", "2015-03-31": "$1.28", "2014-12-31": "$1.47", "2014-09-30": "$3.47", "2014-06-30": "$3.61", "2014-03-31": "$3.80", "2013-12-31": "$3.74", "2013-09-30": "$2.01", "2013-06-30": "$2.44", "2013-03-31": "$2.15", "2012-12-31": "$2.25", "2012-09-30": "$2.25", "2012-06-30": "$2.31", "2012-03-31": "$2.18", "2011-12-31": "$2.29", "2011-09-30": "$1.74", "2011-06-30": "$1.62", "2011-03-31": "$3.12", "2010-12-31": "$2.93", "2010-09-30": "$3.64", "2010-06-30": "$3.49", "2010-03-31": "$1.96", "2009-12-31": "$1.80", "2009-09-30": "$1.73", "2009-06-30": "$1.79", "2009-03-31": "$1.66", "2008-12-31": "$1.94", "2008-09-30": "$1.68", "2008-06-30": "$2.00", "2008-03-31": "$2.28", "2007-12-31": "$1.88", "2007-09-30": "$2.23", "2007-06-30": "$1.61", "2007-03-31": "$1.59", "2006-12-31": "$1.54"}, "net worth": {"value": "$4.55B"}, "current ratio": {"2020-12-31": "1.74", "2020-09-30": "1.83", "2020-06-30": "1.48", "2020-03-31": "2.73", "2019-12-31": "0.83", "2019-09-30": "1.27", "2019-06-30": "2.56", "2019-03-31": "2.95", "2018-12-31": "3.27", "2018-09-30": "2.87", "2018-06-30": "2.37", "2018-03-31": "3.00", "2017-12-31": "2.68", "2017-09-30": "1.74", "2017-06-30": "1.60", "2017-03-31": "2.10", "2016-12-31": "1.79", "2016-09-30": "2.14", "2016-06-30": "2.87", "2016-03-31": "1.98", "2015-12-31": "1.78", "2015-09-30": "1.52", "2015-06-30": "1.30", "2015-03-31": "0.97", "2014-12-31": "1.06", "2014-09-30": "1.19", "2014-06-30": "3.94", "2014-03-31": "1.67", "2013-12-31": "1.88", "2013-09-30": "2.67", "2013-06-30": "2.06", "2013-03-31": "2.27", "2012-12-31": "1.84", "2012-09-30": "1.83", "2012-06-30": "2.54", "2012-03-31": "2.14", "2011-12-31": "1.93", "2011-09-30": "2.16", "2011-06-30": "2.00", "2011-03-31": "2.22", "2010-12-31": "2.49", "2010-09-30": "3.78", "2010-06-30": "3.36", "2010-03-31": "3.55", "2009-12-31": "2.91", "2009-09-30": "3.27", "2009-06-30": "2.47", "2009-03-31": "1.95", "2008-12-31": "1.75", "2008-09-30": "1.65", "2008-06-30": "1.55", "2008-03-31": "1.94", "2007-12-31": "1.81", "2007-09-30": "1.69", "2007-06-30": "1.78", "2007-03-31": "1.70", "2006-12-31": "1.55", "2006-09-30": "2.10", "2006-06-30": "2.10", "2006-03-31": "1.94", "2005-12-31": "2.08", "2005-09-30": "1.32", "2005-06-30": "1.64", "2005-03-31": "1.29"}, "quick ratio": {"2020-12-31": "0.00", "2020-09-30": "1.68", "2020-06-30": "1.38", "2020-03-31": "2.54", "2019-12-31": "0.74", "2019-09-30": "1.17", "2019-06-30": "2.29", "2019-03-31": "2.61", "2018-12-31": "3.02", "2018-09-30": "2.54", "2018-06-30": "2.14", "2018-03-31": "2.69", "2017-12-31": "2.33", "2017-09-30": "1.57", "2017-06-30": "1.45", "2017-03-31": "1.96", "2016-12-31": "1.56", "2016-09-30": "1.98", "2016-06-30": "2.65", "2016-03-31": "1.72", "2015-12-31": "1.52", "2015-09-30": "1.34", "2015-06-30": "1.18", "2015-03-31": "0.90", "2014-12-31": "1.02", "2014-09-30": "1.13", "2014-06-30": "3.74", "2014-03-31": "1.19", "2013-12-31": "1.38", "2013-09-30": "2.12", "2013-06-30": "1.77", "2013-03-31": "1.83", "2012-12-31": "1.42", "2012-09-30": "1.41", "2012-06-30": "1.97", "2012-03-31": "1.70", "2011-12-31": "1.25", "2011-09-30": "1.78", "2011-06-30": "1.64", "2011-03-31": "1.83", "2010-12-31": "2.04", "2010-09-30": "3.29", "2010-06-30": "2.84", "2010-03-31": "3.00", "2009-12-31": "2.41", "2009-09-30": "2.67", "2009-06-30": "1.81", "2009-03-31": "1.33", "2008-12-31": "1.14", "2008-09-30": "1.22", "2008-06-30": "1.03", "2008-03-31": "1.52", "2007-12-31": "1.43", "2007-09-30": "1.29", "2007-06-30": "1.34", "2007-03-31": "1.36", "2006-12-31": "1.16", "2006-09-30": "1.69", "2006-06-30": "1.72", "2006-03-31": "1.51", "2005-12-31": "1.58", "2005-09-30": "1.00", "2005-06-30": "1.31", "2005-03-31": "0.92"}, "debt equity ratio": {"current": "0.73", "2020-12-31": "1.00", "2020-09-30": "1.01", "2020-06-30": "0.97", "2020-03-31": "0.99", "2019-12-31": "0.86", "2019-09-30": "0.83", "2019-06-30": "0.79", "2019-03-31": "0.76", "2018-12-31": "0.68", "2018-09-30": "0.67", "2018-06-30": "0.66", "2018-03-31": "0.66", "2017-12-31": "0.69", "2017-09-30": "0.76", "2017-06-30": "0.77", "2017-03-31": "0.77", "2016-12-31": "0.79", "2016-09-30": "0.84", "2016-06-30": "0.85", "2016-03-31": "0.75", "2015-12-31": "0.70", "2015-09-30": "0.68", "2015-06-30": "0.60", "2015-03-31": "0.56", "2014-12-31": "0.56", "2014-09-30": "0.54", "2014-06-30": "0.53", "2014-03-31": "1.07", "2013-12-31": "1.10", "2013-09-30": "1.27", "2013-06-30": "1.32", "2013-03-31": "1.08", "2012-12-31": "1.17", "2012-09-30": "1.06", "2012-06-30": "1.07", "2012-03-31": "1.08", "2011-12-31": "0.94", "2011-09-30": "0.82", "2011-06-30": "0.81", "2011-03-31": "0.83", "2010-12-31": "0.89", "2010-09-30": "0.96", "2010-06-30": "0.99", "2010-03-31": "0.99", "2009-12-31": "0.97", "2009-09-30": "1.13", "2009-06-30": "1.13", "2009-03-31": "1.25", "2008-12-31": "1.22", "2008-09-30": "1.14", "2008-06-30": "1.16", "2008-03-31": "1.07", "2007-12-31": "1.12", "2007-09-30": "1.00", "2007-06-30": "1.09", "2007-03-31": "1.12", "2006-12-31": "1.14", "2006-09-30": "1.05", "2006-06-30": "1.10", "2006-03-31": "1.10", "2005-12-31": "1.06", "2005-09-30": "1.30", "2005-06-30": "1.43", "2005-03-31": "1.41"}, "return on equity": {"2020-12-31": "2.11%", "2020-09-30": "2.57%", "2020-06-30": "2.76%", "2020-03-31": "4.03%", "2019-12-31": "3.81%", "2019-09-30": "2.87%", "2019-06-30": "4.18%", "2019-03-31": "5.13%", "2018-12-31": "6.00%", "2018-09-30": "9.59%", "2018-06-30": "9.77%", "2018-03-31": "9.24%", "2017-12-31": "8.94%", "2017-09-30": "8.22%", "2017-06-30": "9.39%", "2017-03-31": "15.36%", "2016-12-31": "14.80%", "2016-09-30": "12.43%", "2016-06-30": "11.21%", "2016-03-31": "3.03%", "2015-12-31": "3.19%", "2015-09-30": "3.01%", "2015-06-30": "3.74%", "2015-03-31": "4.71%", "2014-12-31": "5.95%", "2014-09-30": "9.94%", "2014-06-30": "11.22%", "2014-03-31": "15.48%", "2013-12-31": "22.45%", "2013-09-30": "23.32%", "2013-06-30": "25.94%", "2013-03-31": "25.99%", "2012-12-31": "20.08%", "2012-09-30": "19.03%", "2012-06-30": "20.99%", "2012-03-31": "20.24%", "2011-12-31": "20.88%", "2011-09-30": "21.40%", "2011-06-30": "18.69%", "2011-03-31": "17.77%", "2010-12-31": "18.05%", "2010-09-30": "21.75%", "2010-06-30": "24.01%", "2010-03-31": "31.18%", "2009-12-31": "30.10%", "2009-09-30": "26.11%", "2009-06-30": "21.25%", "2009-03-31": "13.99%", "2008-12-31": "15.18%", "2008-09-30": "14.11%", "2008-06-30": "18.43%", "2008-03-31": "18.28%", "2007-12-31": "18.07%", "2007-09-30": "20.60%", "2007-06-30": "19.25%", "2007-03-31": "20.64%", "2006-12-31": "19.59%", "2006-09-30": "19.28%", "2006-06-30": "22.20%", "2006-03-31": "19.69%", "2005-12-31": "21.42%"}, "return on assets": {"2020-12-31": "1.06%", "2020-09-30": "1.31%", "2020-06-30": "1.44%", "2020-03-31": "2.16%", "2019-12-31": "2.11%", "2019-09-30": "1.63%", "2019-06-30": "2.43%", "2019-03-31": "3.03%", "2018-12-31": "3.59%", "2018-09-30": "5.74%", "2018-06-30": "5.77%", "2018-03-31": "5.38%", "2017-12-31": "5.12%", "2017-09-30": "4.64%", "2017-06-30": "5.24%", "2017-03-31": "8.47%", "2016-12-31": "8.18%", "2016-09-30": "6.95%", "2016-06-30": "6.42%", "2016-03-31": "1.80%", "2015-12-31": "1.96%", "2015-09-30": "1.89%", "2015-06-30": "2.39%", "2015-03-31": "3.05%", "2014-12-31": "3.53%", "2014-09-30": "5.47%", "2014-06-30": "5.63%", "2014-03-31": "7.08%", "2013-12-31": "10.24%", "2013-09-30": "10.54%", "2013-06-30": "12.00%", "2013-03-31": "12.41%", "2012-12-31": "9.58%", "2012-09-30": "9.34%", "2012-06-30": "10.60%", "2012-03-31": "10.57%", "2011-12-31": "11.28%", "2011-09-30": "11.65%", "2011-06-30": "10.00%", "2011-03-31": "9.29%", "2010-12-31": "9.24%", "2010-09-30": "11.02%", "2010-06-30": "11.92%", "2010-03-31": "15.22%", "2009-12-31": "14.26%", "2009-09-30": "11.99%", "2009-06-30": "9.74%", "2009-03-31": "6.40%", "2008-12-31": "7.08%", "2008-09-30": "6.65%", "2008-06-30": "8.83%", "2008-03-31": "8.84%", "2007-12-31": "8.68%", "2007-09-30": "9.87%", "2007-06-30": "9.17%", "2007-03-31": "9.81%", "2006-12-31": "9.35%", "2006-09-30": "9.29%", "2006-06-30": "10.39%", "2006-03-31": "8.90%", "2005-12-31": "9.35%"}, "return on investments": {"2020-12-31": "2.47%", "2020-09-30": "2.76%", "2020-06-30": "3.29%", "2020-03-31": "4.27%", "2019-12-31": "4.20%", "2019-09-30": "3.73%", "2019-06-30": "5.00%", "2019-03-31": "5.74%", "2018-12-31": "6.34%", "2018-09-30": "8.70%", "2018-06-30": "8.43%", "2018-03-31": "8.23%", "2017-12-31": "7.98%", "2017-09-30": "7.44%", "2017-06-30": "8.01%", "2017-03-31": "11.15%", "2016-12-31": "10.63%", "2016-09-30": "9.04%", "2016-06-30": "8.38%", "2016-03-31": "3.38%", "2015-12-31": "3.62%", "2015-09-30": "3.53%", "2015-06-30": "3.69%", "2015-03-31": "4.94%", "2014-12-31": "3.90%", "2014-09-30": "7.12%", "2014-06-30": "6.07%", "2014-03-31": "5.53%", "2013-12-31": "8.97%", "2013-09-30": "9.47%", "2013-06-30": "13.64%", "2013-03-31": "17.30%", "2012-12-31": "16.64%", "2012-09-30": "16.01%", "2012-06-30": "16.52%", "2012-03-31": "16.78%", "2011-12-31": "17.96%", "2011-09-30": "17.22%", "2011-06-30": "16.47%", "2011-03-31": "15.15%", "2010-12-31": "14.46%", "2010-09-30": "17.94%", "2010-06-30": "19.18%", "2010-03-31": "23.85%", "2009-12-31": "22.84%", "2009-09-30": "20.09%", "2009-06-30": "16.83%", "2009-03-31": "12.14%", "2008-12-31": "13.10%", "2008-09-30": "11.96%", "2008-06-30": "14.81%", "2008-03-31": "15.34%", "2007-12-31": "15.24%", "2007-09-30": "16.55%", "2007-06-30": "15.24%", "2007-03-31": "15.86%", "2006-12-31": "15.08%", "2006-09-30": "15.62%", "2006-06-30": "14.86%", "2006-03-31": "14.20%", "2005-12-31": "14.94%"}, "return on tangible equity": {"2020-09-30": "2.61%", "2020-06-30": "2.81%", "2020-03-31": "4.03%", "2019-12-31": "3.81%", "2019-09-30": "2.87%", "2019-06-30": "4.18%", "2019-03-31": "5.13%", "2018-12-31": "6.00%", "2018-09-30": "9.59%", "2018-06-30": "9.77%", "2018-03-31": "9.24%", "2017-12-31": "8.94%", "2017-09-30": "8.22%", "2017-06-30": "9.39%", "2017-03-31": "15.36%", "2016-12-31": "14.80%", "2016-09-30": "12.43%", "2016-06-30": "11.21%", "2016-03-31": "3.03%", "2015-12-31": "3.19%", "2015-09-30": "3.01%", "2015-06-30": "3.74%", "2015-03-31": "4.71%", "2014-12-31": "5.95%", "2014-09-30": "9.94%", "2014-06-30": "11.22%", "2014-03-31": "15.48%", "2013-12-31": "22.45%", "2013-09-30": "23.32%", "2013-06-30": "34.42%", "2013-03-31": "35.08%", "2012-12-31": "27.43%", "2012-09-30": "26.21%", "2012-06-30": "20.99%", "2012-03-31": "20.24%", "2011-12-31": "20.88%", "2011-09-30": "21.40%", "2011-06-30": "18.69%", "2011-03-31": "17.77%", "2010-12-31": "18.05%", "2010-09-30": "21.75%", "2010-06-30": "24.01%", "2010-03-31": "31.18%", "2009-12-31": "30.10%", "2009-09-30": "26.11%", "2009-06-30": "21.25%", "2009-03-31": "13.99%", "2008-12-31": "15.18%", "2008-09-30": "14.11%", "2008-06-30": "18.43%", "2008-03-31": "18.28%", "2007-12-31": "18.07%", "2007-09-30": "20.60%", "2007-06-30": "19.25%", "2007-03-31": "20.64%", "2006-12-31": "19.59%", "2006-09-30": "19.28%", "2006-06-30": "22.22%", "2006-03-31": "19.74%", "2005-12-31": "21.51%"}, "dividend yield history": {"last payout": "$1.08", "last yield": "3.24%"}}