{"ticker": "RE", "price": {"title": "Everest Re Group Historical Annual Stock Price Data", "value": 244.95, "historical": {"2021": {"Average Stock Price": "228.7957", "Year Open": "228.1100", "Year High": "244.9500", "Year Low": "211.0800", "Year Close": "244.9500", "Annual % Change": "4.64%"}, "2020": {"Average Stock Price": "221.0753", "Year Open": "278.1500", "Year High": "291.7800", "Year Low": "161.7200", "Year Close": "234.0900", "Annual % Change": "-15.44%"}, "2019": {"Average Stock Price": "243.7961", "Year Open": "213.6600", "Year High": "279.0100", "Year Low": "208.8000", "Year Close": "276.8400", "Annual % Change": "27.13%"}, "2018": {"Average Stock Price": "229.0320", "Year Open": "216.4700", "Year High": "262.6700", "Year Low": "205.0300", "Year Close": "217.7600", "Annual % Change": "-1.58%"}, "2017": {"Average Stock Price": "238.2220", "Year Open": "216.0400", "Year High": "271.1200", "Year Low": "210.3600", "Year Close": "221.2600", "Annual % Change": "2.25%"}, "2016": {"Average Stock Price": "190.6834", "Year Open": "181.0800", "Year High": "218.3800", "Year Low": "169.2100", "Year Close": "216.4000", "Annual % Change": "18.19%"}, "2015": {"Average Stock Price": "180.1061", "Year Open": "168.8200", "Year High": "191.5400", "Year Low": "166.9900", "Year Close": "183.0900", "Annual % Change": "7.51%"}, "2014": {"Average Stock Price": "159.3032", "Year Open": "151.0700", "Year High": "176.2700", "Year Low": "137.4800", "Year Close": "170.3000", "Annual % Change": "9.26%"}, "2013": {"Average Stock Price": "134.8087", "Year Open": "111.2000", "Year High": "159.1300", "Year Low": "110.9100", "Year Close": "155.8700", "Annual % Change": "41.76%"}, "2012": {"Average Stock Price": "100.3965", "Year Open": "85.1600", "Year High": "114.6000", "Year Low": "83.3500", "Year Close": "109.9500", "Annual % Change": "30.75%"}, "2011": {"Average Stock Price": "84.3921", "Year Open": "85.2000", "Year High": "93.7600", "Year Low": "73.5000", "Year Close": "84.0900", "Annual % Change": "-0.86%"}, "2010": {"Average Stock Price": "80.8670", "Year Open": "85.4500", "Year High": "88.8200", "Year Low": "69.2400", "Year Close": "84.8200", "Annual % Change": "-1.00%"}, "2009": {"Average Stock Price": "77.2116", "Year Open": "76.5400", "Year High": "92.4900", "Year Low": "58.6900", "Year Close": "85.6800", "Annual % Change": "12.53%"}, "2008": {"Average Stock Price": "84.8851", "Year Open": "98.6200", "Year High": "105.0400", "Year Low": "60.7500", "Year Close": "76.1400", "Annual % Change": "-24.16%"}, "2007": {"Average Stock Price": "101.7896", "Year Open": "99.2500", "Year High": "114.0800", "Year Low": "92.5300", "Year Close": "100.4000", "Annual % Change": "2.33%"}, "2006": {"Average Stock Price": "95.2253", "Year Open": "100.8100", "Year High": "103.0300", "Year Low": "85.8700", "Year Close": "98.1100", "Annual % Change": "-2.23%"}, "2005": {"Average Stock Price": "92.5031", "Year Open": "88.5300", "Year High": "107.3400", "Year Low": "82.2000", "Year Close": "100.3500", "Annual % Change": "12.05%"}, "2004": {"Average Stock Price": "81.3115", "Year Open": "83.8100", "Year High": "90.1300", "Year Low": "69.9900", "Year Close": "89.5600", "Annual % Change": "5.86%"}, "2003": {"Average Stock Price": "69.7879", "Year Open": "56.0000", "Year High": "84.6000", "Year Low": "48.1400", "Year Close": "84.6000", "Annual % Change": "52.98%"}, "2002": {"Average Stock Price": "60.8207", "Year Open": "70.6500", "Year High": "75.0000", "Year Low": "43.2500", "Year Close": "55.3000", "Annual % Change": "-21.78%"}, "2001": {"Average Stock Price": "66.3454", "Year Open": "68.8800", "Year High": "78.5000", "Year Low": "48.7500", "Year Close": "70.7000", "Annual % Change": "-1.30%"}, "2000": {"Average Stock Price": "39.1893", "Year Open": "21.8800", "Year High": "73.9400", "Year Low": "21.8100", "Year Close": "71.6300", "Annual % Change": "221.07%"}, "1999": {"Average Stock Price": "29.6723", "Year Open": "37.1200", "Year High": "38.1300", "Year Low": "20.8100", "Year Close": "22.3100", "Annual % Change": "-42.71%"}, "1998": {"Average Stock Price": "38.0161", "Year Open": "40.5000", "Year High": "44.6900", "Year Low": "29.4400", "Year Close": "38.9400", "Annual % Change": "-5.60%"}, "1997": {"Average Stock Price": "34.6328", "Year Open": "27.3800", "Year High": "42.8800", "Year Low": "26.2500", "Year Close": "41.2500", "Annual % Change": "43.48%"}, "1996": {"Average Stock Price": "24.3952", "Year Open": "22.8800", "Year High": "29.2500", "Year Low": "20.7500", "Year Close": "28.7500", "Annual % Change": "22.97%"}}}, "market cap": {"value": "$9.31B"}, "income statement": {"Revenue": {"2019-12-31": "8231.16900", "2018-12-31": "7361.49500", "2017-12-31": "6622.29800", "2016-12-31": "5794.34600", "2015-12-31": "5676.76500", "2014-12-31": "5678.94700", "2013-12-31": "5640.83600", "2012-12-31": "4922.81000", "2011-12-31": "4693.96100", "2010-12-31": "4705.80700", "2009-12-31": "4498.57800", "2008-12-31": "3527.57900", "2007-12-31": "4782.04700", "2006-12-31": "4517.30000", "2005-12-31": "4562.45600"}, "Cost Of Goods Sold": {"2019-12-31": "7067.52300", "2018-12-31": "7541.97400", "2017-12-31": "6145.36100", "2016-12-31": "4631.04300", "2015-12-31": "4505.43000", "2014-12-31": "4230.18500", "2013-12-31": "4014.93500", "2012-12-31": "3905.62500", "2011-12-31": "4859.12800", "2010-12-31": "4043.82500", "2009-12-31": "3469.56900", "2008-12-31": "3518.20400", "2007-12-31": "3662.53000", "2006-12-31": "3455.65100", "2005-12-31": "4768.96400"}, "Gross Profit": {"2019-12-31": "1163.64600", "2018-12-31": "-180.47850", "2017-12-31": "476.93650", "2016-12-31": "1163.30300", "2015-12-31": "1171.33500", "2014-12-31": "1448.76200", "2013-12-31": "1625.90100", "2012-12-31": "1017.18500", "2011-12-31": "-165.16700", "2010-12-31": "661.98220", "2009-12-31": "1029.00900", "2008-12-31": "9.37520", "2007-12-31": "1119.51700", "2006-12-31": "1061.64900", "2005-12-31": "-206.50780"}, "Research And Development Expenses": {"2019-12-31": "", "2018-12-31": "", "2017-12-31": "", "2016-12-31": "", "2015-12-31": "", "2014-12-31": "", "2013-12-31": "", "2012-12-31": "", "2011-12-31": "", "2010-12-31": "", "2009-12-31": "", "2008-12-31": "", "2007-12-31": "", "2006-12-31": "", "2005-12-31": ""}, "SG&A Expenses": {"2019-12-31": "32.96600", "2018-12-31": "30.67200", "2017-12-31": "25.92300", "2016-12-31": "27.23100", "2015-12-31": "23.25400", "2014-12-31": "23.42100", "2013-12-31": "24.81700", "2012-12-31": "23.97600", "2011-12-31": "16.46100", "2010-12-31": "14.91400", "2009-12-31": "17.60700", "2008-12-31": "13.81100", "2007-12-31": "", "2006-12-31": "", "2005-12-31": ""}, "Other Operating Income Or Expenses": {"2019-12-31": "", "2018-12-31": "", "2017-12-31": "", "2016-12-31": "", "2015-12-31": "", "2014-12-31": "", "2013-12-31": "", "2012-12-31": "", "2011-12-31": "", "2010-12-31": "", "2009-12-31": "", "2008-12-31": "", "2007-12-31": "", "2006-12-31": "", "2005-12-31": ""}, "Operating Expenses": {"2019-12-31": "7100.48900", "2018-12-31": "7572.64600", "2017-12-31": "6171.28400", "2016-12-31": "4658.27400", "2015-12-31": "4528.68400", "2014-12-31": "4253.60600", "2013-12-31": "4039.75200", "2012-12-31": "3929.60100", "2011-12-31": "4875.58900", "2010-12-31": "4058.73900", "2009-12-31": "3487.17600", "2008-12-31": "3532.01500", "2007-12-31": "3662.53000", "2006-12-31": "3455.65100", "2005-12-31": "4769.98300"}, "Operating Income": {"2019-12-31": "1130.68000", "2018-12-31": "-211.15040", "2017-12-31": "451.01370", "2016-12-31": "1136.07200", "2015-12-31": "1148.08100", "2014-12-31": "1425.34100", "2013-12-31": "1601.08400", "2012-12-31": "993.20900", "2011-12-31": "-181.62790", "2010-12-31": "647.06810", "2009-12-31": "1011.40200", "2008-12-31": "-4.43580", "2007-12-31": "1119.51700", "2006-12-31": "1061.64900", "2005-12-31": "-207.52690"}, "Total Non-Operating Income/Expense": {"2019-12-31": "-31.69300", "2018-12-31": "-31.03100", "2017-12-31": "-31.60300", "2016-12-31": "-36.22800", "2015-12-31": "-36.19100", "2014-12-31": "-38.53300", "2013-12-31": "-46.11800", "2012-12-31": "-53.68300", "2011-12-31": "-52.31900", "2010-12-31": "-55.83000", "2009-12-31": "-72.08100", "2008-12-31": "-79.17100", "2007-12-31": "-91.56100", "2006-12-31": "-69.89900", "2005-12-31": "-73.39400"}, "Pre-Tax Income": {"2019-12-31": "1098.98700", "2018-12-31": "-242.18200", "2017-12-31": "419.41100", "2016-12-31": "1099.84400", "2015-12-31": "1111.89000", "2014-12-31": "1386.80800", "2013-12-31": "1554.96600", "2012-12-31": "939.52600", "2011-12-31": "-233.94700", "2010-12-31": "591.23800", "2009-12-31": "939.32100", "2008-12-31": "-83.60700", "2007-12-31": "1027.95600", "2006-12-31": "991.75000", "2005-12-31": "-280.92100"}, "Income Taxes": {"2019-12-31": "89.52600", "2018-12-31": "-331.22300", "2017-12-31": "-63.34000", "2016-12-31": "103.50000", "2015-12-31": "134.02100", "2014-12-31": "187.65200", "2013-12-31": "289.70600", "2012-12-31": "110.57200", "2011-12-31": "-153.46100", "2010-12-31": "-19.51600", "2009-12-31": "132.33200", "2008-12-31": "-64.84900", "2007-12-31": "188.68100", "2006-12-31": "150.92200", "2005-12-31": "-62.25400"}, "Income After Taxes": {"2019-12-31": "1009.46100", "2018-12-31": "89.04100", "2017-12-31": "482.75100", "2016-12-31": "996.34400", "2015-12-31": "977.86900", "2014-12-31": "1199.15600", "2013-12-31": "1265.26000", "2012-12-31": "828.95400", "2011-12-31": "-80.48600", "2010-12-31": "610.75400", "2009-12-31": "806.98900", "2008-12-31": "-18.75800", "2007-12-31": "839.27500", "2006-12-31": "840.82800", "2005-12-31": "-218.66700"}, "Other Income": {"2019-12-31": "", "2018-12-31": "", "2017-12-31": "", "2016-12-31": "", "2015-12-31": "", "2014-12-31": "", "2013-12-31": "", "2012-12-31": "", "2011-12-31": "", "2010-12-31": "", "2009-12-31": "", "2008-12-31": "", "2007-12-31": "", "2006-12-31": "", "2005-12-31": ""}, "Income From Continuous Operations": {"2019-12-31": "1009.46100", "2018-12-31": "89.04100", "2017-12-31": "482.75100", "2016-12-31": "996.34400", "2015-12-31": "977.86900", "2014-12-31": "1199.15600", "2013-12-31": "1265.26000", "2012-12-31": "828.95400", "2011-12-31": "-80.48600", "2010-12-31": "610.75400", "2009-12-31": "806.98900", "2008-12-31": "-18.75800", "2007-12-31": "839.27500", "2006-12-31": "840.82800", "2005-12-31": "-218.66700"}, "Income From Discontinued Operations": {"2019-12-31": "", "2018-12-31": "", "2017-12-31": "", "2016-12-31": "", "2015-12-31": "", "2014-12-31": "", "2013-12-31": "", "2012-12-31": "", "2011-12-31": "", "2010-12-31": "", "2009-12-31": "", "2008-12-31": "", "2007-12-31": "", "2006-12-31": "", "2005-12-31": ""}, "Net Income": {"2019-12-31": "1009.46100", "2018-12-31": "89.04100", "2017-12-31": "482.75100", "2016-12-31": "996.34400", "2015-12-31": "977.86900", "2014-12-31": "1199.15600", "2013-12-31": "1259.38200", "2012-12-31": "828.95400", "2011-12-31": "-80.48600", "2010-12-31": "610.75400", "2009-12-31": "806.98900", "2008-12-31": "-18.75800", "2007-12-31": "839.27500", "2006-12-31": "840.82800", "2005-12-31": "-218.66700"}, "EBITDA": {"2019-12-31": "1161.61600", "2018-12-31": "-181.87840", "2017-12-31": "496.88070", "2016-12-31": "1185.23900", "2015-12-31": "1198.98200", "2014-12-31": "1474.60100", "2013-12-31": "1667.59900", "2012-12-31": "1055.10500", "2011-12-31": "-133.70690", "2010-12-31": "693.23910", "2009-12-31": "1043.76600", "2008-12-31": "10.99920", "2007-12-31": "1111.08700", "2006-12-31": "1083.59500", "2005-12-31": "-180.06680"}, "EBIT": {"2019-12-31": "1130.68000", "2018-12-31": "-211.15040", "2017-12-31": "451.01370", "2016-12-31": "1136.07200", "2015-12-31": "1148.08100", "2014-12-31": "1425.34100", "2013-12-31": "1601.08400", "2012-12-31": "993.20900", "2011-12-31": "-181.62790", "2010-12-31": "647.06810", "2009-12-31": "1011.40200", "2008-12-31": "-4.43580", "2007-12-31": "1119.51700", "2006-12-31": "1061.64900", "2005-12-31": "-207.52690"}, "Basic Shares Outstanding": {"2019-12-31": "40.29100", "2018-12-31": "40.38800", "2017-12-31": "40.59500", "2016-12-31": "41.32900", "2015-12-31": "43.41500", "2014-12-31": "45.37700", "2013-12-31": "48.61900", "2012-12-31": "51.89400", "2011-12-31": "53.79200", "2010-12-31": "56.63000", "2009-12-31": "60.66100", "2008-12-31": "61.67400", "2007-12-31": "63.11800", "2006-12-31": "64.72400", "2005-12-31": "57.64900"}, "Shares Outstanding": {"2019-12-31": "40.42000", "2018-12-31": "40.58600", "2017-12-31": "40.84300", "2016-12-31": "41.62800", "2015-12-31": "43.79500", "2014-12-31": "45.80200", "2013-12-31": "49.05600", "2012-12-31": "52.06700", "2011-12-31": "53.91600", "2010-12-31": "56.78600", "2009-12-31": "60.84700", "2008-12-31": "61.95500", "2007-12-31": "63.58300", "2006-12-31": "65.32400", "2005-12-31": "57.64900"}, "Basic EPS": {"2019-12-31": "24.77000", "2018-12-31": "2.18000", "2017-12-31": "11.77000", "2016-12-31": "23.85000", "2015-12-31": "22.29000", "2014-12-31": "26.16000", "2013-12-31": "25.67000", "2012-12-31": "15.85000", "2011-12-31": "-1.49000", "2010-12-31": "10.73000", "2009-12-31": "13.26000", "2008-12-31": "-0.30000", "2007-12-31": "13.25000", "2006-12-31": "12.99000", "2005-12-31": "-3.79000"}, "EPS - Earnings Per Share": {"2019-12-31": "24.70000", "2018-12-31": "2.17000", "2017-12-31": "11.70000", "2016-12-31": "23.68000", "2015-12-31": "22.10000", "2014-12-31": "25.91000", "2013-12-31": "25.44000", "2012-12-31": "15.79000", "2011-12-31": "-1.49000", "2010-12-31": "10.70000", "2009-12-31": "13.22000", "2008-12-31": "-0.30000", "2007-12-31": "13.15000", "2006-12-31": "12.87000", "2005-12-31": "-3.79000"}}, "income statement, quarterly": {"Revenue": {"2020-09-30": "2610.18400", "2020-06-30": "2244.51500", "2020-03-31": "1982.01600", "2019-12-31": "2214.08600", "2019-09-30": "2042.52000", "2019-06-30": "2008.72700", "2019-03-31": "1965.83600", "2018-12-31": "1786.93600", "2018-09-30": "1936.46300", "2018-06-30": "1892.93900", "2018-03-31": "1745.15700", "2017-12-31": "1881.43800", "2017-09-30": "1725.47100", "2017-06-30": "1530.61100", "2017-03-31": "1484.77800", "2016-12-31": "1613.96000", "2016-09-30": "1510.45600", "2016-06-30": "1427.88400", "2016-03-31": "1242.04600", "2015-12-31": "1518.61000", "2015-09-30": "1332.11900", "2015-06-30": "1390.44800", "2015-03-31": "1435.58800", "2014-12-31": "1406.79100", "2014-09-30": "1535.88000", "2014-06-30": "1452.46000", "2014-03-31": "1283.81600", "2013-12-31": "1517.12200", "2013-09-30": "1401.49800", "2013-06-30": "1354.54300", "2013-03-31": "1367.67300", "2012-12-31": "1272.65000", "2012-09-30": "1218.98100", "2012-06-30": "1182.05500", "2012-03-31": "1249.12400", "2011-12-31": "1285.93100", "2011-09-30": "1024.79400", "2011-06-30": "1176.79100", "2011-03-31": "1206.44500", "2010-12-31": "1258.37400", "2010-09-30": "1178.09000", "2010-06-30": "1099.43100", "2010-03-31": "1169.91200", "2009-12-31": "1181.45600", "2009-09-30": "1156.50800", "2009-06-30": "1171.31900", "2009-03-31": "989.29500", "2008-12-31": "722.78130", "2008-09-30": "809.67200", "2008-06-30": "1078.36000", "2008-03-31": "916.76600", "2007-12-31": "1108.98500", "2007-09-30": "1202.01000", "2007-06-30": "1268.73800", "2007-03-31": "1202.31400", "2006-12-31": "1172.99400", "2006-09-30": "1113.88900", "2006-06-30": "1052.72800", "2006-03-31": "1177.68900", "2005-12-31": "1071.18700", "2005-09-30": "1103.70100", "2005-06-30": "1250.95200", "2005-03-31": "1136.61600"}, "Cost Of Goods Sold": {"2020-09-30": "2320.41700", "2020-06-30": "1991.46200", "2020-03-31": "2008.22200", "2019-12-31": "1976.94300", "2019-09-30": "1933.15800", "2019-06-30": "1620.41300", "2019-03-31": "1537.00900", "2018-12-31": "2481.85800", "2018-09-30": "1731.20100", "2018-06-30": "1817.81500", "2018-03-31": "1511.10000", "2017-12-31": "1159.97700", "2017-09-30": "2616.34000", "2017-06-30": "1240.10000", "2017-03-31": "1128.94400", "2016-12-31": "1183.50700", "2016-09-30": "1174.27600", "2016-06-30": "1225.39500", "2016-03-31": "1047.86500", "2015-12-31": "1083.04900", "2015-09-30": "1234.78500", "2015-06-30": "1130.60600", "2015-03-31": "1056.99000", "2014-12-31": "1044.94900", "2014-09-30": "1191.38900", "2014-06-30": "1077.79800", "2014-03-31": "916.04900", "2013-12-31": "1049.19200", "2013-09-30": "1078.54900", "2013-06-30": "1008.55800", "2013-03-31": "878.63600", "2012-12-31": "1213.32900", "2012-09-30": "880.49800", "2012-06-30": "923.33400", "2012-03-31": "888.46400", "2011-12-31": "1310.76200", "2011-09-30": "998.11700", "2011-06-30": "1019.06000", "2011-03-31": "1531.18900", "2010-12-31": "1006.57800", "2010-09-30": "956.59700", "2010-06-30": "922.18800", "2010-03-31": "1158.46200", "2009-12-31": "939.29410", "2009-09-30": "861.00810", "2009-06-30": "836.96900", "2009-03-31": "832.29800", "2008-12-31": "744.23190", "2008-09-30": "1072.04800", "2008-06-30": "889.18300", "2008-03-31": "812.74100", "2007-12-31": "1080.27800", "2007-09-30": "863.69100", "2007-06-30": "891.07800", "2007-03-31": "827.48300", "2006-12-31": "909.74800", "2006-09-30": "796.75900", "2006-06-30": "783.68510", "2006-03-31": "965.45900", "2005-12-31": "1292.55500", "2005-09-30": "1556.93100", "2005-06-30": "998.51200", "2005-03-31": "920.96610"}, "Gross Profit": {"2020-09-30": "289.76710", "2020-06-30": "253.05300", "2020-03-31": "-26.20590", "2019-12-31": "237.14280", "2019-09-30": "109.36210", "2019-06-30": "388.31400", "2019-03-31": "428.82700", "2018-12-31": "-694.92160", "2018-09-30": "205.26200", "2018-06-30": "75.12400", "2018-03-31": "234.05700", "2017-12-31": "721.46140", "2017-09-30": "-890.86910", "2017-06-30": "290.51090", "2017-03-31": "355.83390", "2016-12-31": "430.45310", "2016-09-30": "336.18010", "2016-06-30": "202.48900", "2016-03-31": "194.18100", "2015-12-31": "435.56100", "2015-09-30": "97.33400", "2015-06-30": "259.84200", "2015-03-31": "378.59800", "2014-12-31": "361.84190", "2014-09-30": "344.49100", "2014-06-30": "374.66190", "2014-03-31": "367.76700", "2013-12-31": "467.93020", "2013-09-30": "322.94900", "2013-06-30": "345.98490", "2013-03-31": "489.03700", "2012-12-31": "59.32100", "2012-09-30": "338.48300", "2012-06-30": "258.72110", "2012-03-31": "360.66000", "2011-12-31": "-24.83110", "2011-09-30": "26.67690", "2011-06-30": "157.73100", "2011-03-31": "-324.74400", "2010-12-31": "251.79630", "2010-09-30": "221.49300", "2010-06-30": "177.24300", "2010-03-31": "11.45000", "2009-12-31": "242.16200", "2009-09-30": "295.50000", "2009-06-30": "334.35000", "2009-03-31": "156.99690", "2008-12-31": "-21.45060", "2008-09-30": "-262.37610", "2008-06-30": "189.17700", "2008-03-31": "104.02500", "2007-12-31": "28.70680", "2007-09-30": "338.31900", "2007-06-30": "377.66000", "2007-03-31": "374.83090", "2006-12-31": "263.24560", "2006-09-30": "317.13010", "2006-06-30": "269.04300", "2006-03-31": "212.23000", "2005-12-31": "-221.36800", "2005-09-30": "-453.23000", "2005-06-30": "252.44010", "2005-03-31": "215.64990"}, "Research And Development Expenses": {"2020-09-30": "", "2020-06-30": "", "2020-03-31": "", "2019-12-31": "", "2019-09-30": "", "2019-06-30": "", "2019-03-31": "", "2018-12-31": "", "2018-09-30": "", "2018-06-30": "", "2018-03-31": "", "2017-12-31": "", "2017-09-30": "", "2017-06-30": "", "2017-03-31": "", "2016-12-31": "", "2016-09-30": "", "2016-06-30": "", "2016-03-31": "", "2015-12-31": "", "2015-09-30": "", "2015-06-30": "", "2015-03-31": "", "2014-12-31": "", "2014-09-30": "", "2014-06-30": "", "2014-03-31": "", "2013-12-31": "", "2013-09-30": "", "2013-06-30": "", "2013-03-31": "", "2012-12-31": "", "2012-09-30": "", "2012-06-30": "", "2012-03-31": "", "2011-12-31": "", "2011-09-30": "", "2011-06-30": "", "2011-03-31": "", "2010-12-31": "", "2010-09-30": "", "2010-06-30": "", "2010-03-31": "", "2009-12-31": "", "2009-09-30": "", "2009-06-30": "", "2009-03-31": "", "2008-12-31": "", "2008-09-30": "", "2008-06-30": "", "2008-03-31": "", "2007-12-31": "", "2007-09-30": "", "2007-06-30": "", "2007-03-31": "", "2006-12-31": "", "2006-09-30": "", "2006-06-30": "", "2006-03-31": "", "2005-12-31": "", "2005-09-30": "", "2005-06-30": "", "2005-03-31": ""}, "SG&A Expenses": {"2020-09-30": "10.61800", "2020-06-30": "8.73300", "2020-03-31": "9.83300", "2019-12-31": "10.34400", "2019-09-30": "8.43500", "2019-06-30": "7.53500", "2019-03-31": "6.65200", "2018-12-31": "7.15300", "2018-09-30": "7.89000", "2018-06-30": "6.63300", "2018-03-31": "8.99600", "2017-12-31": "4.61500", "2017-09-30": "5.93200", "2017-06-30": "6.91900", "2017-03-31": "8.45700", "2016-12-31": "5.82800", "2016-09-30": "6.40000", "2016-06-30": "7.11700", "2016-03-31": "7.88600", "2015-12-31": "5.94200", "2015-09-30": "5.92400", "2015-06-30": "5.92500", "2015-03-31": "5.46300", "2014-12-31": "4.61900", "2014-09-30": "9.95800", "2014-06-30": "3.89900", "2014-03-31": "4.94500", "2013-12-31": "8.17400", "2013-09-30": "4.75800", "2013-06-30": "6.16800", "2013-03-31": "5.71700", "2012-12-31": "7.29300", "2012-09-30": "5.94700", "2012-06-30": "6.07500", "2012-03-31": "4.66100", "2011-12-31": "4.53900", "2011-09-30": "4.20400", "2011-06-30": "3.79000", "2011-03-31": "3.92800", "2010-12-31": "2.53500", "2010-09-30": "3.91700", "2010-06-30": "3.88700", "2010-03-31": "4.57500", "2009-12-31": "5.02700", "2009-09-30": "4.43300", "2009-06-30": "4.36700", "2009-03-31": "3.78000", "2008-12-31": "", "2008-09-30": "", "2008-06-30": "", "2008-03-31": "", "2007-12-31": "", "2007-09-30": "", "2007-06-30": "", "2007-03-31": "", "2006-12-31": "", "2006-09-30": "", "2006-06-30": "", "2006-03-31": "", "2005-12-31": "", "2005-09-30": "", "2005-06-30": "", "2005-03-31": ""}, "Other Operating Income Or Expenses": {"2020-09-30": "", "2020-06-30": "", "2020-03-31": "", "2019-12-31": "", "2019-09-30": "", "2019-06-30": "", "2019-03-31": "", "2018-12-31": "", "2018-09-30": "", "2018-06-30": "", "2018-03-31": "", "2017-12-31": "", "2017-09-30": "", "2017-06-30": "", "2017-03-31": "", "2016-12-31": "", "2016-09-30": "", "2016-06-30": "", "2016-03-31": "", "2015-12-31": "", "2015-09-30": "", "2015-06-30": "", "2015-03-31": "", "2014-12-31": "", "2014-09-30": "", "2014-06-30": "", "2014-03-31": "", "2013-12-31": "", "2013-09-30": "", "2013-06-30": "", "2013-03-31": "", "2012-12-31": "", "2012-09-30": "", "2012-06-30": "", "2012-03-31": "", "2011-12-31": "", "2011-09-30": "", "2011-06-30": "", "2011-03-31": "", "2010-12-31": "", "2010-09-30": "", "2010-06-30": "", "2010-03-31": "", "2009-12-31": "", "2009-09-30": "", "2009-06-30": "", "2009-03-31": "", "2008-12-31": "", "2008-09-30": "", "2008-06-30": "", "2008-03-31": "", "2007-12-31": "", "2007-09-30": "", "2007-06-30": "", "2007-03-31": "", "2006-12-31": "", "2006-09-30": "", "2006-06-30": "", "2006-03-31": "", "2005-12-31": "", "2005-09-30": "", "2005-06-30": "", "2005-03-31": ""}, "Operating Expenses": {"2020-09-30": "2331.03500", "2020-06-30": "2000.19500", "2020-03-31": "2018.05500", "2019-12-31": "1987.28600", "2019-09-30": "1941.59300", "2019-06-30": "1627.94800", "2019-03-31": "1543.66100", "2018-12-31": "2489.01100", "2018-09-30": "1739.09100", "2018-06-30": "1824.44800", "2018-03-31": "1520.09600", "2017-12-31": "1164.59200", "2017-09-30": "2622.27200", "2017-06-30": "1247.01900", "2017-03-31": "1137.40100", "2016-12-31": "1189.33500", "2016-09-30": "1180.67600", "2016-06-30": "1232.51200", "2016-03-31": "1055.75100", "2015-12-31": "1088.99100", "2015-09-30": "1240.70900", "2015-06-30": "1136.53100", "2015-03-31": "1062.45300", "2014-12-31": "1049.56800", "2014-09-30": "1201.34700", "2014-06-30": "1081.69700", "2014-03-31": "920.99400", "2013-12-31": "1057.36600", "2013-09-30": "1083.30700", "2013-06-30": "1014.72600", "2013-03-31": "884.35300", "2012-12-31": "1220.62200", "2012-09-30": "886.44500", "2012-06-30": "929.40900", "2012-03-31": "893.12500", "2011-12-31": "1315.30100", "2011-09-30": "1002.32100", "2011-06-30": "1022.85000", "2011-03-31": "1535.11700", "2010-12-31": "1009.11300", "2010-09-30": "960.51400", "2010-06-30": "926.07500", "2010-03-31": "1163.03700", "2009-12-31": "944.32090", "2009-09-30": "865.44100", "2009-06-30": "841.33600", "2009-03-31": "836.07800", "2008-12-31": "758.04280", "2008-09-30": "1072.04800", "2008-06-30": "889.18300", "2008-03-31": "812.74100", "2007-12-31": "1080.27800", "2007-09-30": "863.69100", "2007-06-30": "891.07800", "2007-03-31": "827.48300", "2006-12-31": "909.04390", "2006-09-30": "796.99400", "2006-06-30": "783.91910", "2006-03-31": "965.69400", "2005-12-31": "1292.78900", "2005-09-30": "1557.16600", "2005-06-30": "998.74690", "2005-03-31": "921.28110"}, "Operating Income": {"2020-09-30": "279.14920", "2020-06-30": "244.31990", "2020-03-31": "-36.03890", "2019-12-31": "226.79970", "2019-09-30": "100.92700", "2019-06-30": "380.77890", "2019-03-31": "422.17500", "2018-12-31": "-702.07450", "2018-09-30": "197.37190", "2018-06-30": "68.49100", "2018-03-31": "225.06100", "2017-12-31": "716.84630", "2017-09-30": "-896.80100", "2017-06-30": "283.59190", "2017-03-31": "347.37680", "2016-12-31": "424.62510", "2016-09-30": "329.78000", "2016-06-30": "195.37210", "2016-03-31": "186.29500", "2015-12-31": "429.61890", "2015-09-30": "91.41000", "2015-06-30": "253.91700", "2015-03-31": "373.13500", "2014-12-31": "357.22330", "2014-09-30": "334.53300", "2014-06-30": "370.76280", "2014-03-31": "362.82200", "2013-12-31": "459.75620", "2013-09-30": "318.19090", "2013-06-30": "339.81690", "2013-03-31": "483.32000", "2012-12-31": "52.02780", "2012-09-30": "332.53590", "2012-06-30": "252.64610", "2012-03-31": "355.99900", "2011-12-31": "-29.37000", "2011-09-30": "22.47290", "2011-06-30": "153.94100", "2011-03-31": "-328.67200", "2010-12-31": "249.26100", "2010-09-30": "217.57600", "2010-06-30": "173.35600", "2010-03-31": "6.87500", "2009-12-31": "237.13510", "2009-09-30": "291.06700", "2009-06-30": "329.98300", "2009-03-31": "153.21700", "2008-12-31": "-35.26160", "2008-09-30": "-262.37610", "2008-06-30": "189.17700", "2008-03-31": "104.02500", "2007-12-31": "28.70680", "2007-09-30": "338.31900", "2007-06-30": "377.66000", "2007-03-31": "374.83090", "2006-12-31": "263.94970", "2006-09-30": "316.89510", "2006-06-30": "268.80900", "2006-03-31": "211.99500", "2005-12-31": "-221.60210", "2005-09-30": "-453.46500", "2005-06-30": "252.20510", "2005-03-31": "215.33490"}, "Total Non-Operating Income/Expense": {"2020-09-30": "-6.64100", "2020-06-30": "-7.25300", "2020-03-31": "-7.58300", "2019-12-31": "-7.72100", "2019-09-30": "-7.90700", "2019-06-30": "-8.43400", "2019-03-31": "-7.63100", "2018-12-31": "-7.98400", "2018-09-30": "-7.90100", "2018-06-30": "-7.72800", "2018-03-31": "-7.41800", "2017-12-31": "-7.31400", "2017-09-30": "-7.26600", "2017-06-30": "-8.05900", "2017-03-31": "-8.96400", "2016-12-31": "-9.03400", "2016-09-30": "-8.89300", "2016-06-30": "-9.07300", "2016-03-31": "-9.22800", "2015-12-31": "-9.18500", "2015-09-30": "-8.99000", "2015-06-30": "-9.02600", "2015-03-31": "-8.99000", "2014-12-31": "-9.56300", "2014-09-30": "-12.42400", "2014-06-30": "-8.97800", "2014-03-31": "-7.56800", "2013-12-31": "-7.63800", "2013-09-30": "-7.63700", "2013-06-30": "-17.36200", "2013-03-31": "-13.48100", "2012-12-31": "-13.93000", "2012-09-30": "-13.33100", "2012-06-30": "-13.24400", "2012-03-31": "-13.17800", "2011-12-31": "-13.12000", "2011-09-30": "-13.08500", "2011-06-30": "-13.11600", "2011-03-31": "-12.99800", "2010-12-31": "-13.03400", "2010-09-30": "-13.13800", "2010-06-30": "-13.01600", "2010-03-31": "-16.64200", "2009-12-31": "-17.44700", "2009-09-30": "-17.37600", "2009-06-30": "-17.11600", "2009-03-31": "-20.14200", "2008-12-31": "-19.79500", "2008-09-30": "-19.79500", "2008-06-30": "-19.79400", "2008-03-31": "-19.78700", "2007-12-31": "-23.02200", "2007-09-30": "-26.83300", "2007-06-30": "-24.24300", "2007-03-31": "-17.46300", "2006-12-31": "-18.16700", "2006-09-30": "-17.24000", "2006-06-30": "-17.24700", "2006-03-31": "-17.24500", "2005-12-31": "-17.24700", "2005-09-30": "-17.27100", "2005-06-30": "-17.16900", "2005-03-31": "-21.70700"}, "Pre-Tax Income": {"2020-09-30": "272.50800", "2020-06-30": "237.06700", "2020-03-31": "-43.62200", "2019-12-31": "219.07810", "2019-09-30": "93.02000", "2019-06-30": "372.34500", "2019-03-31": "414.54400", "2018-12-31": "-710.05900", "2018-09-30": "189.47100", "2018-06-30": "60.76300", "2018-03-31": "217.64300", "2017-12-31": "709.53210", "2017-09-30": "-904.06700", "2017-06-30": "275.53300", "2017-03-31": "338.41300", "2016-12-31": "415.59100", "2016-09-30": "320.88700", "2016-06-30": "186.29900", "2016-03-31": "177.06700", "2015-12-31": "420.43400", "2015-09-30": "82.42000", "2015-06-30": "244.89100", "2015-03-31": "364.14500", "2014-12-31": "347.65990", "2014-09-30": "322.10900", "2014-06-30": "361.78500", "2014-03-31": "355.25400", "2013-12-31": "452.11800", "2013-09-30": "310.55400", "2013-06-30": "322.45500", "2013-03-31": "469.83900", "2012-12-31": "38.09810", "2012-09-30": "319.20500", "2012-06-30": "239.40200", "2012-03-31": "342.82100", "2011-12-31": "-42.49000", "2011-09-30": "9.38800", "2011-06-30": "140.82500", "2011-03-31": "-341.67000", "2010-12-31": "236.22700", "2010-09-30": "204.43800", "2010-06-30": "160.34000", "2010-03-31": "-9.76700", "2009-12-31": "219.68800", "2009-09-30": "273.69100", "2009-06-30": "312.86700", "2009-03-31": "133.07500", "2008-12-31": "-55.05700", "2008-09-30": "-282.17100", "2008-06-30": "169.38300", "2008-03-31": "84.23800", "2007-12-31": "5.68510", "2007-09-30": "311.48600", "2007-06-30": "353.41700", "2007-03-31": "357.36800", "2006-12-31": "245.78300", "2006-09-30": "299.65500", "2006-06-30": "251.56200", "2006-03-31": "194.75000", "2005-12-31": "-238.84900", "2005-09-30": "-470.73600", "2005-06-30": "235.03600", "2005-03-31": "193.62800"}, "Income Taxes": {"2020-09-30": "29.45100", "2020-06-30": "46.18700", "2020-03-31": "-60.23400", "2019-12-31": "1.43400", "2019-09-30": "-11.37800", "2019-06-30": "39.47700", "2019-03-31": "59.99300", "2018-12-31": "-320.50600", "2018-09-30": "-8.91000", "2018-06-30": "-9.13200", "2018-03-31": "7.32500", "2017-12-31": "124.72400", "2017-09-30": "-264.69300", "2017-06-30": "29.85900", "2017-03-31": "46.77000", "2016-12-31": "42.01900", "2016-09-30": "25.49300", "2016-06-30": "30.60700", "2016-03-31": "5.38100", "2015-12-31": "63.15300", "2015-09-30": "-6.13300", "2015-06-30": "35.83400", "2015-03-31": "41.16700", "2014-12-31": "49.70400", "2014-09-30": "20.85600", "2014-06-30": "63.86000", "2014-03-31": "53.23200", "2013-12-31": "85.37000", "2013-09-30": "72.02700", "2013-06-30": "46.81300", "2013-03-31": "85.49600", "2012-12-31": "-20.67900", "2012-09-30": "68.28300", "2012-06-30": "24.85100", "2012-03-31": "38.11700", "2011-12-31": "-83.53200", "2011-09-30": "-53.66600", "2011-06-30": "9.51300", "2011-03-31": "-25.77600", "2010-12-31": "-66.30600", "2010-09-30": "30.23800", "2010-06-30": "3.66700", "2010-03-31": "12.88500", "2009-12-31": "22.46100", "2009-09-30": "45.07300", "2009-06-30": "40.27900", "2009-03-31": "24.51900", "2008-12-31": "-38.46600", "2008-09-30": "-49.04400", "2008-06-30": "16.35600", "2008-03-31": "6.30500", "2007-12-31": "-6.55300", "2007-09-30": "64.89900", "2007-06-30": "70.54900", "2007-03-31": "59.78600", "2006-12-31": "39.43200", "2006-09-30": "53.97700", "2006-06-30": "31.15900", "2006-03-31": "26.35400", "2005-12-31": "-76.65200", "2005-09-30": "-52.99100", "2005-06-30": "40.85600", "2005-03-31": "26.53300"}, "Income After Taxes": {"2020-09-30": "243.05700", "2020-06-30": "190.88000", "2020-03-31": "16.61200", "2019-12-31": "217.64410", "2019-09-30": "104.39800", "2019-06-30": "332.86800", "2019-03-31": "354.55100", "2018-12-31": "-389.55300", "2018-09-30": "198.38100", "2018-06-30": "69.89500", "2018-03-31": "210.31800", "2017-12-31": "584.80800", "2017-09-30": "-639.37400", "2017-06-30": "245.67400", "2017-03-31": "291.64300", "2016-12-31": "373.57200", "2016-09-30": "295.39400", "2016-06-30": "155.69200", "2016-03-31": "171.68600", "2015-12-31": "357.28100", "2015-09-30": "88.55300", "2015-06-30": "209.05700", "2015-03-31": "322.97800", "2014-12-31": "297.95600", "2014-09-30": "301.25300", "2014-06-30": "297.92500", "2014-03-31": "302.02200", "2013-12-31": "366.74810", "2013-09-30": "238.52700", "2013-06-30": "275.64200", "2013-03-31": "384.34300", "2012-12-31": "58.77700", "2012-09-30": "250.92200", "2012-06-30": "214.55100", "2012-03-31": "304.70400", "2011-12-31": "41.04200", "2011-09-30": "63.05400", "2011-06-30": "131.31200", "2011-03-31": "-315.89400", "2010-12-31": "302.53300", "2010-09-30": "174.20000", "2010-06-30": "156.67300", "2010-03-31": "-22.65200", "2009-12-31": "197.22700", "2009-09-30": "228.61800", "2009-06-30": "272.58800", "2009-03-31": "108.55600", "2008-12-31": "-16.59100", "2008-09-30": "-233.12700", "2008-06-30": "153.02700", "2008-03-31": "77.93300", "2007-12-31": "12.23810", "2007-09-30": "246.58700", "2007-06-30": "282.86800", "2007-03-31": "297.58200", "2006-12-31": "206.35100", "2006-09-30": "245.67800", "2006-06-30": "220.40300", "2006-03-31": "168.39600", "2005-12-31": "-162.19700", "2005-09-30": "-417.74500", "2005-06-30": "194.18000", "2005-03-31": "167.09500"}, "Other Income": {"2020-09-30": "", "2020-06-30": "", "2020-03-31": "", "2019-12-31": "", "2019-09-30": "", "2019-06-30": "", "2019-03-31": "", "2018-12-31": "", "2018-09-30": "", "2018-06-30": "", "2018-03-31": "", "2017-12-31": "", "2017-09-30": "", "2017-06-30": "", "2017-03-31": "", "2016-12-31": "", "2016-09-30": "", "2016-06-30": "", "2016-03-31": "", "2015-12-31": "", "2015-09-30": "", "2015-06-30": "", "2015-03-31": "", "2014-12-31": "", "2014-09-30": "", "2014-06-30": "", "2014-03-31": "", "2013-12-31": "", "2013-09-30": "", "2013-06-30": "", "2013-03-31": "", "2012-12-31": "", "2012-09-30": "", "2012-06-30": "", "2012-03-31": "", "2011-12-31": "", "2011-09-30": "", "2011-06-30": "", "2011-03-31": "", "2010-12-31": "", "2010-09-30": "", "2010-06-30": "", "2010-03-31": "", "2009-12-31": "", "2009-09-30": "", "2009-06-30": "", "2009-03-31": "", "2008-12-31": "", "2008-09-30": "", "2008-06-30": "", "2008-03-31": "", "2007-12-31": "", "2007-09-30": "", "2007-06-30": "", "2007-03-31": "", "2006-12-31": "", "2006-09-30": "", "2006-06-30": "", "2006-03-31": "", "2005-12-31": "", "2005-09-30": "", "2005-06-30": "", "2005-03-31": ""}, "Income From Continuous Operations": {"2020-09-30": "243.05700", "2020-06-30": "190.88000", "2020-03-31": "16.61200", "2019-12-31": "217.64410", "2019-09-30": "104.39800", "2019-06-30": "332.86800", "2019-03-31": "354.55100", "2018-12-31": "-389.55300", "2018-09-30": "198.38100", "2018-06-30": "69.89500", "2018-03-31": "210.31800", "2017-12-31": "584.80800", "2017-09-30": "-639.37400", "2017-06-30": "245.67400", "2017-03-31": "291.64300", "2016-12-31": "373.57200", "2016-09-30": "295.39400", "2016-06-30": "155.69200", "2016-03-31": "171.68600", "2015-12-31": "357.28100", "2015-09-30": "88.55300", "2015-06-30": "209.05700", "2015-03-31": "322.97800", "2014-12-31": "297.95600", "2014-09-30": "301.25300", "2014-06-30": "297.92500", "2014-03-31": "302.02200", "2013-12-31": "366.74810", "2013-09-30": "238.52700", "2013-06-30": "275.64200", "2013-03-31": "384.34300", "2012-12-31": "58.77700", "2012-09-30": "250.92200", "2012-06-30": "214.55100", "2012-03-31": "304.70400", "2011-12-31": "41.04200", "2011-09-30": "63.05400", "2011-06-30": "131.31200", "2011-03-31": "-315.89400", "2010-12-31": "302.53300", "2010-09-30": "174.20000", "2010-06-30": "156.67300", "2010-03-31": "-22.65200", "2009-12-31": "197.22700", "2009-09-30": "228.61800", "2009-06-30": "272.58800", "2009-03-31": "108.55600", "2008-12-31": "-16.59100", "2008-09-30": "-233.12700", "2008-06-30": "153.02700", "2008-03-31": "77.93300", "2007-12-31": "12.23810", "2007-09-30": "246.58700", "2007-06-30": "282.86800", "2007-03-31": "297.58200", "2006-12-31": "206.35100", "2006-09-30": "245.67800", "2006-06-30": "220.40300", "2006-03-31": "168.39600", "2005-12-31": "-162.19700", "2005-09-30": "-417.74500", "2005-06-30": "194.18000", "2005-03-31": "167.09500"}, "Income From Discontinued Operations": {"2020-09-30": "", "2020-06-30": "", "2020-03-31": "", "2019-12-31": "", "2019-09-30": "", "2019-06-30": "", "2019-03-31": "", "2018-12-31": "", "2018-09-30": "", "2018-06-30": "", "2018-03-31": "", "2017-12-31": "", "2017-09-30": "", "2017-06-30": "", "2017-03-31": "", "2016-12-31": "", "2016-09-30": "", "2016-06-30": "", "2016-03-31": "", "2015-12-31": "", "2015-09-30": "", "2015-06-30": "", "2015-03-31": "", "2014-12-31": "", "2014-09-30": "", "2014-06-30": "", "2014-03-31": "", "2013-12-31": "", "2013-09-30": "", "2013-06-30": "", "2013-03-31": "", "2012-12-31": "", "2012-09-30": "", "2012-06-30": "", "2012-03-31": "", "2011-12-31": "", "2011-09-30": "", "2011-06-30": "", "2011-03-31": "", "2010-12-31": "", "2010-09-30": "", "2010-06-30": "", "2010-03-31": "", "2009-12-31": "", "2009-09-30": "", "2009-06-30": "", "2009-03-31": "", "2008-12-31": "", "2008-09-30": "", "2008-06-30": "", "2008-03-31": "", "2007-12-31": "", "2007-09-30": "", "2007-06-30": "", "2007-03-31": "", "2006-12-31": "", "2006-09-30": "", "2006-06-30": "", "2006-03-31": "", "2005-12-31": "", "2005-09-30": "", "2005-06-30": "", "2005-03-31": ""}, "Net Income": {"2020-09-30": "243.05700", "2020-06-30": "190.88000", "2020-03-31": "16.61200", "2019-12-31": "217.64400", "2019-09-30": "104.39800", "2019-06-30": "332.86800", "2019-03-31": "354.55100", "2018-12-31": "-389.55300", "2018-09-30": "198.38100", "2018-06-30": "69.89500", "2018-03-31": "210.31800", "2017-12-31": "584.80800", "2017-09-30": "-639.37400", "2017-06-30": "245.67400", "2017-03-31": "291.64300", "2016-12-31": "373.57190", "2016-09-30": "295.39400", "2016-06-30": "155.69200", "2016-03-31": "171.68600", "2015-12-31": "357.28100", "2015-09-30": "88.55300", "2015-06-30": "209.05700", "2015-03-31": "322.97800", "2014-12-31": "340.12300", "2014-09-30": "274.91600", "2014-06-30": "290.18400", "2014-03-31": "293.93300", "2013-12-31": "364.63800", "2013-09-30": "234.75900", "2013-06-30": "275.64200", "2013-03-31": "384.34300", "2012-12-31": "58.77700", "2012-09-30": "250.92200", "2012-06-30": "214.55100", "2012-03-31": "304.70400", "2011-12-31": "41.04200", "2011-09-30": "63.05400", "2011-06-30": "131.31200", "2011-03-31": "-315.89400", "2010-12-31": "302.53300", "2010-09-30": "174.20000", "2010-06-30": "156.67300", "2010-03-31": "-22.65200", "2009-12-31": "197.22700", "2009-09-30": "228.61800", "2009-06-30": "272.58800", "2009-03-31": "108.55600", "2008-12-31": "-16.59100", "2008-09-30": "-233.12700", "2008-06-30": "153.02700", "2008-03-31": "77.93300", "2007-12-31": "12.23800", "2007-09-30": "246.58700", "2007-06-30": "282.86800", "2007-03-31": "297.58200", "2006-12-31": "206.35100", "2006-09-30": "245.67800", "2006-06-30": "220.40300", "2006-03-31": "168.39600", "2005-12-31": "-162.19700", "2005-09-30": "-417.74500", "2005-06-30": "194.18000", "2005-03-31": "167.09500"}, "EBITDA": {"2020-09-30": "291.19620", "2020-06-30": "256.22700", "2020-03-31": "-27.39890", "2019-12-31": "234.09370", "2019-09-30": "111.24800", "2019-06-30": "388.20090", "2019-03-31": "428.07400", "2018-12-31": "-697.60640", "2018-09-30": "204.49890", "2018-06-30": "77.21800", "2018-03-31": "234.01100", "2017-12-31": "728.05630", "2017-09-30": "-884.61900", "2017-06-30": "294.32090", "2017-03-31": "359.12280", "2016-12-31": "435.63810", "2016-09-30": "343.80700", "2016-06-30": "207.14410", "2016-03-31": "198.65000", "2015-12-31": "441.74690", "2015-09-30": "104.66700", "2015-06-30": "266.09900", "2015-03-31": "386.46900", "2014-12-31": "368.43030", "2014-09-30": "345.49000", "2014-06-30": "384.27280", "2014-03-31": "376.40800", "2013-12-31": "475.95020", "2013-09-30": "332.97790", "2013-06-30": "356.73090", "2013-03-31": "501.94000", "2012-12-31": "68.09080", "2012-09-30": "347.37800", "2012-06-30": "268.85810", "2012-03-31": "370.77800", "2011-12-31": "-15.86900", "2011-09-30": "31.29890", "2011-06-30": "166.77100", "2011-03-31": "-315.90800", "2010-12-31": "259.17800", "2010-09-30": "232.43800", "2010-06-30": "183.82100", "2010-03-31": "17.80200", "2009-12-31": "256.56410", "2009-09-30": "297.02700", "2009-06-30": "334.42200", "2009-03-31": "155.75300", "2008-12-31": "-29.34060", "2008-09-30": "-257.42610", "2008-06-30": "193.24500", "2008-03-31": "104.52100", "2007-12-31": "26.86780", "2007-09-30": "332.47400", "2007-06-30": "375.57700", "2007-03-31": "376.16790", "2006-12-31": "266.55470", "2006-09-30": "322.94810", "2006-06-30": "274.75700", "2006-03-31": "219.33500", "2005-12-31": "-213.80710", "2005-09-30": "-445.16800", "2005-06-30": "255.87110", "2005-03-31": "223.03690"}, "EBIT": {"2020-09-30": "279.14920", "2020-06-30": "244.31990", "2020-03-31": "-36.03890", "2019-12-31": "226.79920", "2019-09-30": "100.92700", "2019-06-30": "380.77890", "2019-03-31": "422.17500", "2018-12-31": "-702.07430", "2018-09-30": "197.37190", "2018-06-30": "68.49100", "2018-03-31": "225.06100", "2017-12-31": "716.84590", "2017-09-30": "-896.80100", "2017-06-30": "283.59190", "2017-03-31": "347.37680", "2016-12-31": "424.62510", "2016-09-30": "329.78000", "2016-06-30": "195.37210", "2016-03-31": "186.29500", "2015-12-31": "429.61900", "2015-09-30": "91.41000", "2015-06-30": "253.91700", "2015-03-31": "373.13500", "2014-12-31": "357.22300", "2014-09-30": "334.53300", "2014-06-30": "370.76280", "2014-03-31": "362.82200", "2013-12-31": "459.75620", "2013-09-30": "318.19090", "2013-06-30": "339.81690", "2013-03-31": "483.32000", "2012-12-31": "52.02800", "2012-09-30": "332.53590", "2012-06-30": "252.64610", "2012-03-31": "355.99900", "2011-12-31": "-29.36990", "2011-09-30": "22.47290", "2011-06-30": "153.94100", "2011-03-31": "-328.67200", "2010-12-31": "249.26110", "2010-09-30": "217.57600", "2010-06-30": "173.35600", "2010-03-31": "6.87500", "2009-12-31": "237.13510", "2009-09-30": "291.06700", "2009-06-30": "329.98300", "2009-03-31": "153.21700", "2008-12-31": "-35.26170", "2008-09-30": "-262.37610", "2008-06-30": "189.17700", "2008-03-31": "104.02500", "2007-12-31": "28.70690", "2007-09-30": "338.31900", "2007-06-30": "377.66000", "2007-03-31": "374.83090", "2006-12-31": "263.94990", "2006-09-30": "316.89510", "2006-06-30": "268.80900", "2006-03-31": "211.99500", "2005-12-31": "-221.60190", "2005-09-30": "-453.46500", "2005-06-30": "252.20510", "2005-03-31": "215.33490"}, "Basic Shares Outstanding": {"2020-09-30": "39.48300", "2020-06-30": "39.44900", "2020-03-31": "40.20400", "2019-12-31": "40.29100", "2019-09-30": "40.28700", "2019-06-30": "40.27700", "2019-03-31": "40.30400", "2018-12-31": "40.38800", "2018-09-30": "40.35000", "2018-06-30": "40.50400", "2018-03-31": "40.46900", "2017-12-31": "40.59500", "2017-09-30": "40.63800", "2017-06-30": "40.62400", "2017-03-31": "40.52900", "2016-12-31": "41.32900", "2016-09-30": "41.10100", "2016-06-30": "41.65300", "2016-03-31": "42.12900", "2015-12-31": "43.41500", "2015-09-30": "43.36100", "2015-06-30": "43.80400", "2015-03-31": "44.02800", "2014-12-31": "45.37700", "2014-09-30": "44.94100", "2014-06-30": "45.44100", "2014-03-31": "46.47900", "2013-12-31": "48.61900", "2013-09-30": "47.92500", "2013-06-30": "48.76200", "2013-03-31": "50.42300", "2012-12-31": "51.89400", "2012-09-30": "51.44400", "2012-06-30": "51.85500", "2012-03-31": "53.04700", "2011-12-31": "53.79200", "2011-09-30": "53.82200", "2011-06-30": "53.94900", "2011-03-31": "54.05600", "2010-12-31": "56.63000", "2010-09-30": "55.52600", "2010-06-30": "57.69100", "2010-03-31": "58.92700", "2009-12-31": "60.66100", "2009-09-30": "60.49500", "2009-06-30": "61.11800", "2009-03-31": "61.29400", "2008-12-31": "61.67400", "2008-09-30": "61.39600", "2008-06-30": "61.65800", "2008-03-31": "62.37700", "2007-12-31": "63.11800", "2007-09-30": "62.75100", "2007-06-30": "62.90100", "2007-03-31": "64.17200", "2006-12-31": "64.72400", "2006-09-30": "64.73300", "2006-06-30": "64.70800", "2006-03-31": "64.62200", "2005-12-31": "57.64900", "2005-09-30": "56.36100", "2005-06-30": "56.26600", "2005-03-31": "56.14100"}, "Shares Outstanding": {"2020-09-30": "39.55700", "2020-06-30": "39.51900", "2020-03-31": "40.29600", "2019-12-31": "40.42000", "2019-09-30": "40.41100", "2019-06-30": "40.40400", "2019-03-31": "40.44500", "2018-12-31": "40.58600", "2018-09-30": "40.54200", "2018-06-30": "40.71000", "2018-03-31": "40.68900", "2017-12-31": "40.84300", "2017-09-30": "40.88300", "2017-06-30": "40.87400", "2017-03-31": "40.79600", "2016-12-31": "41.62800", "2016-09-30": "41.38600", "2016-06-30": "41.94900", "2016-03-31": "42.46300", "2015-12-31": "43.79500", "2015-09-30": "43.72800", "2015-06-30": "44.19700", "2015-03-31": "44.44400", "2014-12-31": "45.80200", "2014-09-30": "45.35600", "2014-06-30": "45.86400", "2014-03-31": "46.91300", "2013-12-31": "49.05600", "2013-09-30": "48.32800", "2013-06-30": "49.14700", "2013-03-31": "50.82200", "2012-12-31": "52.06700", "2012-09-30": "51.66700", "2012-06-30": "52.02600", "2012-03-31": "53.17100", "2011-12-31": "53.91600", "2011-09-30": "53.88900", "2011-06-30": "54.10800", "2011-03-31": "54.24200", "2010-12-31": "56.78600", "2010-09-30": "55.66200", "2010-06-30": "57.80800", "2010-03-31": "59.11200", "2009-12-31": "60.84700", "2009-09-30": "60.72000", "2009-06-30": "61.26500", "2009-03-31": "61.43200", "2008-12-31": "61.95500", "2008-09-30": "61.63400", "2008-06-30": "61.98000", "2008-03-31": "62.86000", "2007-12-31": "63.58300", "2007-09-30": "63.26800", "2007-06-30": "63.51800", "2007-03-31": "64.76300", "2006-12-31": "65.32400", "2006-09-30": "65.37500", "2006-06-30": "65.25800", "2006-03-31": "65.43700", "2005-12-31": "57.64900", "2005-09-30": "56.36100", "2005-06-30": "57.12800", "2005-03-31": "57.07600"}, "Basic EPS": {"2020-09-30": "6.08000", "2020-06-30": "4.78000", "2020-03-31": "0.41000", "2019-12-31": "5.34000", "2019-09-30": "2.56000", "2019-06-30": "8.17000", "2019-03-31": "8.70000", "2018-12-31": "-9.54000", "2018-09-30": "4.87000", "2018-06-30": "1.71000", "2018-03-31": "5.14000", "2017-12-31": "14.40000", "2017-09-30": "-15.73000", "2017-06-30": "5.98000", "2017-03-31": "7.12000", "2016-12-31": "9.01000", "2016-09-30": "7.11000", "2016-06-30": "3.70000", "2016-03-31": "4.03000", "2015-12-31": "8.29000", "2015-09-30": "2.02000", "2015-06-30": "4.72000", "2015-03-31": "7.26000", "2014-12-31": "7.53000", "2014-09-30": "6.05000", "2014-06-30": "6.32000", "2014-03-31": "6.26000", "2013-12-31": "7.66000", "2013-09-30": "4.85000", "2013-06-30": "5.60000", "2013-03-31": "7.56000", "2012-12-31": "1.21000", "2012-09-30": "4.84000", "2012-06-30": "4.10000", "2012-03-31": "5.70000", "2011-12-31": "0.74000", "2011-09-30": "1.16000", "2011-06-30": "2.42000", "2011-03-31": "-5.81000", "2010-12-31": "5.29000", "2010-09-30": "3.12000", "2010-06-30": "2.70000", "2010-03-31": "-0.38000", "2009-12-31": "3.29000", "2009-09-30": "3.76000", "2009-06-30": "4.44000", "2009-03-31": "1.77000", "2008-12-31": "-0.24000", "2008-09-30": "-3.79000", "2008-06-30": "2.48000", "2008-03-31": "1.25000", "2007-12-31": "0.18000", "2007-09-30": "3.93000", "2007-06-30": "4.50000", "2007-03-31": "4.64000", "2006-12-31": "3.17000", "2006-09-30": "3.80000", "2006-06-30": "3.41000", "2006-03-31": "2.61000", "2005-12-31": "-2.81000", "2005-09-30": "-7.41000", "2005-06-30": "3.45000", "2005-03-31": "2.98000"}, "EPS - Earnings Per Share": {"2020-09-30": "6.07000", "2020-06-30": "4.77000", "2020-03-31": "0.41000", "2019-12-31": "5.32000", "2019-09-30": "2.56000", "2019-06-30": "8.15000", "2019-03-31": "8.67000", "2018-12-31": "-9.48000", "2018-09-30": "4.84000", "2018-06-30": "1.70000", "2018-03-31": "5.11000", "2017-12-31": "14.41000", "2017-09-30": "-15.73000", "2017-06-30": "5.95000", "2017-03-31": "7.07000", "2016-12-31": "8.95000", "2016-09-30": "7.06000", "2016-06-30": "3.67000", "2016-03-31": "4.00000", "2015-12-31": "8.23000", "2015-09-30": "2.00000", "2015-06-30": "4.68000", "2015-03-31": "7.19000", "2014-12-31": "7.44000", "2014-09-30": "6.00000", "2014-06-30": "6.26000", "2014-03-31": "6.21000", "2013-12-31": "7.57000", "2013-09-30": "4.81000", "2013-06-30": "5.56000", "2013-03-31": "7.50000", "2012-12-31": "1.21000", "2012-09-30": "4.82000", "2012-06-30": "4.08000", "2012-03-31": "5.68000", "2011-12-31": "0.75000", "2011-09-30": "1.16000", "2011-06-30": "2.41000", "2011-03-31": "-5.81000", "2010-12-31": "5.27000", "2010-09-30": "3.11000", "2010-06-30": "2.70000", "2010-03-31": "-0.38000", "2009-12-31": "3.28000", "2009-09-30": "3.75000", "2009-06-30": "4.43000", "2009-03-31": "1.76000", "2008-12-31": "-0.21000", "2008-09-30": "-3.79000", "2008-06-30": "2.46000", "2008-03-31": "1.24000", "2007-12-31": "0.21000", "2007-09-30": "3.90000", "2007-06-30": "4.45000", "2007-03-31": "4.59000", "2006-12-31": "3.16000", "2006-09-30": "3.76000", "2006-06-30": "3.38000", "2006-03-31": "2.57000", "2005-12-31": "-2.71000", "2005-09-30": "-7.41000", "2005-06-30": "3.40000", "2005-03-31": "2.93000"}}, "balance sheet": {"Cash On Hand": {"2019-12-31": "808.03600", "2018-12-31": "656.09500", "2017-12-31": "635.06700", "2016-12-31": "481.92200", "2015-12-31": "283.65800", "2014-12-31": "437.47400", "2013-12-31": "611.38200", "2012-12-31": "537.05000", "2011-12-31": "448.65100", "2010-12-31": "258.40800", "2009-12-31": "247.59800", "2008-12-31": "205.69400", "2007-12-31": "250.56700", "2006-12-31": "249.86800", "2005-12-31": "107.27500"}, "Receivables": {"2019-12-31": "4328.27000", "2018-12-31": "4565.31800", "2017-12-31": "3492.54500", "2016-12-31": "2682.01900", "2015-12-31": "2635.66800", "2014-12-31": "2253.59900", "2013-12-31": "2172.33100", "2012-12-31": "1965.38200", "2011-12-31": "1699.51000", "2010-12-31": "1653.76500", "2009-12-31": "1760.12500", "2008-12-31": "1597.57400", "2007-12-31": "1703.45300", "2006-12-31": "1909.60000", "2005-12-31": "2312.63700"}, "Inventory": {"2019-12-31": "", "2018-12-31": "", "2017-12-31": "", "2016-12-31": "", "2015-12-31": "", "2014-12-31": "", "2013-12-31": "", "2012-12-31": "", "2011-12-31": "", "2010-12-31": "", "2009-12-31": "", "2008-12-31": "", "2007-12-31": "", "2006-12-31": "", "2005-12-31": ""}, "Pre-Paid Expenses": {"2019-12-31": "", "2018-12-31": "", "2017-12-31": "", "2016-12-31": "", "2015-12-31": "", "2014-12-31": "", "2013-12-31": "", "2012-12-31": "", "2011-12-31": "", "2010-12-31": "", "2009-12-31": "", "2008-12-31": "", "2007-12-31": "", "2006-12-31": "", "2005-12-31": ""}, "Other Current Assets": {"2019-12-31": "", "2018-12-31": "", "2017-12-31": "", "2016-12-31": "", "2015-12-31": "", "2014-12-31": "", "2013-12-31": "", "2012-12-31": "", "2011-12-31": "", "2010-12-31": "", "2009-12-31": "", "2008-12-31": "", "2007-12-31": "", "2006-12-31": "", "2005-12-31": ""}, "Total Current Assets": {"2019-12-31": "5136.30600", "2018-12-31": "5221.41300", "2017-12-31": "4127.61200", "2016-12-31": "3163.94100", "2015-12-31": "2919.32600", "2014-12-31": "2691.07300", "2013-12-31": "2783.71300", "2012-12-31": "2502.43200", "2011-12-31": "2148.16100", "2010-12-31": "1912.17300", "2009-12-31": "2007.72300", "2008-12-31": "1803.26800", "2007-12-31": "1954.02000", "2006-12-31": "2159.46800", "2005-12-31": "2419.91200"}, "Property, Plant, And Equipment": {"2019-12-31": "", "2018-12-31": "", "2017-12-31": "", "2016-12-31": "", "2015-12-31": "", "2014-12-31": "", "2013-12-31": "", "2012-12-31": "", "2011-12-31": "", "2010-12-31": "", "2009-12-31": "", "2008-12-31": "", "2007-12-31": "", "2006-12-31": "", "2005-12-31": ""}, "Long-Term Investments": {"2019-12-31": "20057.27000", "2018-12-31": "17881.59000", "2017-12-31": "18089.17000", "2016-12-31": "17097.64000", "2015-12-31": "16493.68000", "2014-12-31": "17109.54000", "2013-12-31": "16104.16000", "2012-12-31": "16169.36000", "2011-12-31": "15478.92000", "2010-12-31": "15255.60000", "2009-12-31": "14830.10000", "2008-12-31": "13657.80000", "2007-12-31": "14830.66000", "2006-12-31": "13849.17000", "2005-12-31": "12996.74000"}, "Goodwill And Intangible Assets": {"2019-12-31": "", "2018-12-31": "", "2017-12-31": "", "2016-12-31": "", "2015-12-31": "", "2014-12-31": "", "2013-12-31": "", "2012-12-31": "", "2011-12-31": "", "2010-12-31": "", "2009-12-31": "", "2008-12-31": "", "2007-12-31": "", "2006-12-31": "", "2005-12-31": ""}, "Other Long-Term Assets": {"2019-12-31": "1548.61400", "2018-12-31": "1136.41600", "2017-12-31": "963.42100", "2016-12-31": "715.87100", "2015-12-31": "760.05200", "2014-12-31": "618.80500", "2013-12-31": "556.44300", "2012-12-31": "540.82800", "2011-12-31": "555.66200", "2010-12-31": "683.55400", "2009-12-31": "626.96900", "2008-12-31": "588.16200", "2007-12-31": "587.41300", "2006-12-31": "490.76800", "2005-12-31": "470.58590"}, "Total Long-Term Assets": {"2019-12-31": "22187.75000", "2018-12-31": "19529.58000", "2017-12-31": "19464.18000", "2016-12-31": "18157.56000", "2015-12-31": "17626.09000", "2014-12-31": "18126.75000", "2013-12-31": "17024.32000", "2012-12-31": "17275.48000", "2011-12-31": "16745.39000", "2010-12-31": "16472.03000", "2009-12-31": "15993.59000", "2008-12-31": "15043.33000", "2007-12-31": "16045.46000", "2006-12-31": "14948.10000", "2005-12-31": "14054.63000"}, "Total Assets": {"2019-12-31": "27324.05000", "2018-12-31": "24750.99000", "2017-12-31": "23591.79000", "2016-12-31": "21321.50000", "2015-12-31": "20545.42000", "2014-12-31": "20817.82000", "2013-12-31": "19808.04000", "2012-12-31": "19777.91000", "2011-12-31": "18893.55000", "2010-12-31": "18384.20000", "2009-12-31": "18001.31000", "2008-12-31": "16846.59000", "2007-12-31": "17999.48000", "2006-12-31": "17107.57000", "2005-12-31": "16474.54000"}, "Total Current Liabilities": {"2019-12-31": "17067.80000", "2018-12-31": "16003.63000", "2017-12-31": "14174.66000", "2016-12-31": "12231.07000", "2015-12-31": "11986.53000", "2014-12-31": "11902.21000", "2013-12-31": "11835.35000", "2012-12-31": "11884.61000", "2011-12-31": "11744.76000", "2010-12-31": "11055.86000", "2009-12-31": "10628.17000", "2008-12-31": "10486.24000", "2007-12-31": "10953.55000", "2006-12-31": "10760.81000", "2005-12-31": "11146.01000"}, "Long Term Debt": {"2019-12-31": "633.83200", "2018-12-31": "633.61300", "2017-12-31": "633.39500", "2016-12-31": "633.17600", "2015-12-31": "632.95800", "2014-12-31": "638.36400", "2013-12-31": "488.31900", "2012-12-31": "818.16100", "2011-12-31": "818.10900", "2010-12-31": "868.06000", "2009-12-31": "1017.98400", "2008-12-31": "1179.08900", "2007-12-31": "1178.91000", "2006-12-31": "995.60500", "2005-12-31": "995.45600"}, "Other Non-Current Liabilities": {"2019-12-31": "489.49800", "2018-12-31": "252.95200", "2017-12-31": "414.50000", "2016-12-31": "381.86300", "2015-12-31": "317.34100", "2014-12-31": "404.58300", "2013-12-31": "422.71500", "2012-12-31": "341.66900", "2011-12-31": "259.31200", "2010-12-31": "176.75600", "2009-12-31": "253.43900", "2008-12-31": "220.90300", "2007-12-31": "182.25000", "2006-12-31": "200.46300", "2005-12-31": "193.37500"}, "Total Long Term Liabilities": {"2019-12-31": "1123.33000", "2018-12-31": "886.56490", "2017-12-31": "1047.89500", "2016-12-31": "1015.03900", "2015-12-31": "950.29900", "2014-12-31": "1464.49900", "2013-12-31": "1004.41200", "2012-12-31": "1159.83000", "2011-12-31": "1077.42100", "2010-12-31": "1044.81600", "2009-12-31": "1271.42300", "2008-12-31": "1399.99200", "2007-12-31": "1361.16000", "2006-12-31": "1239.07000", "2005-12-31": "1188.83100"}, "Total Liabilities": {"2019-12-31": "18191.13000", "2018-12-31": "16890.20000", "2017-12-31": "15222.56000", "2016-12-31": "13246.11000", "2015-12-31": "12936.83000", "2014-12-31": "13366.70000", "2013-12-31": "12839.76000", "2012-12-31": "13044.44000", "2011-12-31": "12822.18000", "2010-12-31": "12100.68000", "2009-12-31": "11899.59000", "2008-12-31": "11886.24000", "2007-12-31": "12314.71000", "2006-12-31": "11999.88000", "2005-12-31": "12334.84000"}, "Common Stock Net": {"2019-12-31": "0.69400", "2018-12-31": "0.69200", "2017-12-31": "0.69100", "2016-12-31": "0.68900", "2015-12-31": "0.68600", "2014-12-31": "0.68300", "2013-12-31": "0.68000", "2012-12-31": "0.67100", "2011-12-31": "0.66500", "2010-12-31": "0.66000", "2009-12-31": "0.65800", "2008-12-31": "0.65600", "2007-12-31": "0.65400", "2006-12-31": "0.65000", "2005-12-31": "0.64600"}, "Retained Earnings (Accumulated Deficit)": {"2019-12-31": "10306.57000", "2018-12-31": "9531.43300", "2017-12-31": "9685.90800", "2016-12-31": "9422.93200", "2015-12-31": "8621.97200", "2014-12-31": "7819.21000", "2013-12-31": "6765.96700", "2012-12-31": "5613.26600", "2011-12-31": "4884.71400", "2010-12-31": "5069.04800", "2009-12-31": "4566.77100", "2008-12-31": "3819.32700", "2007-12-31": "3956.70100", "2006-12-31": "2987.99800", "2005-12-31": "2186.15600"}, "Comprehensive Income": {"2019-12-31": "28.15200", "2018-12-31": "-462.55700", "2017-12-31": "-160.89100", "2016-12-31": "-216.76400", "2015-12-31": "-231.75500", "2014-12-31": "48.31700", "2013-12-31": "157.72800", "2012-12-31": "537.04900", "2011-12-31": "366.97800", "2010-12-31": "332.25800", "2009-12-31": "272.03800", "2008-12-31": "-291.85100", "2007-12-31": "163.15500", "2006-12-31": "348.54300", "2005-12-31": "221.14600"}, "Other Share Holders Equity": {"2019-12-31": "", "2018-12-31": "", "2017-12-31": "", "2016-12-31": "", "2015-12-31": "", "2014-12-31": "", "2013-12-31": "", "2012-12-31": "", "2011-12-31": "", "2010-12-31": "", "2009-12-31": "", "2008-12-31": "", "2007-12-31": "", "2006-12-31": "", "2005-12-31": ""}, "Share Holder Equity": {"2019-12-31": "9132.92500", "2018-12-31": "7860.79700", "2017-12-31": "8369.23200", "2016-12-31": "8075.39600", "2015-12-31": "7608.58500", "2014-12-31": "7451.12000", "2013-12-31": "6968.27600", "2012-12-31": "6733.46700", "2011-12-31": "6071.37500", "2010-12-31": "6283.51700", "2009-12-31": "6101.72200", "2008-12-31": "4960.35500", "2007-12-31": "5684.77000", "2006-12-31": "5107.68700", "2005-12-31": "4139.69400"}, "Total Liabilities And Share Holders Equity": {"2019-12-31": "27324.05000", "2018-12-31": "24750.99000", "2017-12-31": "23591.79000", "2016-12-31": "21321.50000", "2015-12-31": "20545.42000", "2014-12-31": "20817.82000", "2013-12-31": "19808.04000", "2012-12-31": "19777.91000", "2011-12-31": "18893.55000", "2010-12-31": "18384.20000", "2009-12-31": "18001.31000", "2008-12-31": "16846.59000", "2007-12-31": "17999.48000", "2006-12-31": "17107.57000", "2005-12-31": "16474.54000"}}, "balance sheet, quarterly": {"Cash On Hand": {"2020-09-30": "938.88100", "2020-06-30": "922.47900", "2020-03-31": "817.62600", "2019-12-31": "808.03600", "2019-09-30": "717.17200", "2019-06-30": "661.36700", "2019-03-31": "583.97400", "2018-12-31": "656.09500", "2018-09-30": "639.76100", "2018-06-30": "619.49300", "2018-03-31": "700.58600", "2017-12-31": "635.06700", "2017-09-30": "585.39500", "2017-06-30": "469.20500", "2017-03-31": "468.24000", "2016-12-31": "481.92200", "2016-09-30": "435.79500", "2016-06-30": "429.28700", "2016-03-31": "328.94300", "2015-12-31": "283.65800", "2015-09-30": "401.22600", "2015-06-30": "338.90100", "2015-03-31": "398.57500", "2014-12-31": "437.47400", "2014-09-30": "401.80300", "2014-06-30": "341.57000", "2014-03-31": "385.40400", "2013-12-31": "611.38200", "2013-09-30": "589.53400", "2013-06-30": "439.13600", "2013-03-31": "524.13600", "2012-12-31": "537.05000", "2012-09-30": "478.55800", "2012-06-30": "398.85100", "2012-03-31": "472.04700", "2011-12-31": "448.65100", "2011-09-30": "443.70600", "2011-06-30": "411.52300", "2011-03-31": "284.14700", "2010-12-31": "258.40800", "2010-09-30": "201.14000", "2010-06-30": "191.45300", "2010-03-31": "214.15900", "2009-12-31": "247.59800", "2009-09-30": "265.07500", "2009-06-30": "472.30000", "2009-03-31": "467.24800", "2008-12-31": "205.69400", "2008-09-30": "223.63000", "2008-06-30": "225.87800", "2008-03-31": "217.97100", "2007-12-31": "250.56700", "2007-09-30": "206.06200", "2007-06-30": "187.79000", "2007-03-31": "160.20900", "2006-12-31": "249.86800", "2006-09-30": "209.76200", "2006-06-30": "175.42300", "2006-03-31": "166.36400", "2005-12-31": "107.27500", "2005-09-30": "135.57900", "2005-06-30": "112.94900", "2005-03-31": "151.52200"}, "Receivables": {"2020-09-30": "4534.04800", "2020-06-30": "4631.49100", "2020-03-31": "4148.99300", "2019-12-31": "4022.55900", "2019-09-30": "4572.86900", "2019-06-30": "4546.26600", "2019-03-31": "4652.99700", "2018-12-31": "4565.31800", "2018-09-30": "4102.42900", "2018-06-30": "4021.66500", "2018-03-31": "3528.54300", "2017-12-31": "3492.54500", "2017-09-30": "3853.78600", "2017-06-30": "3035.43100", "2017-03-31": "2892.82200", "2016-12-31": "2682.01900", "2016-09-30": "2802.29600", "2016-06-30": "2606.98000", "2016-03-31": "2618.70100", "2015-12-31": "2635.66800", "2015-09-30": "2765.66700", "2015-06-30": "2334.45800", "2015-03-31": "2344.54900", "2014-12-31": "2253.59900", "2014-09-30": "2668.78300", "2014-06-30": "2379.14500", "2014-03-31": "2216.79300", "2013-12-31": "2172.33100", "2013-09-30": "2411.50400", "2013-06-30": "2234.79300", "2013-03-31": "2048.48500", "2012-12-31": "1965.38200", "2012-09-30": "1867.85700", "2012-06-30": "1610.00200", "2012-03-31": "1664.32800", "2011-12-31": "1699.51000", "2011-09-30": "1745.64100", "2011-06-30": "1860.32300", "2011-03-31": "1865.32800", "2010-12-31": "1653.76500", "2010-09-30": "1691.45500", "2010-06-30": "1717.00700", "2010-03-31": "1780.35800", "2009-12-31": "1760.12500", "2009-09-30": "1649.07500", "2009-06-30": "1722.46800", "2009-03-31": "1671.59200", "2008-12-31": "1597.57400", "2008-09-30": "1652.64600", "2008-06-30": "1648.43200", "2008-03-31": "1620.81900", "2007-12-31": "1703.45300", "2007-09-30": "1818.85100", "2007-06-30": "1832.05800", "2007-03-31": "1918.13700", "2006-12-31": "1909.60000", "2006-09-30": "1978.41900", "2006-06-30": "2093.73900", "2006-03-31": "2218.43500", "2005-12-31": "2312.63700", "2005-09-30": "2402.87000", "2005-06-30": "2383.38700", "2005-03-31": "2479.11300"}, "Inventory": {"2020-09-30": "", "2020-06-30": "", "2020-03-31": "", "2019-12-31": "", "2019-09-30": "", "2019-06-30": "", "2019-03-31": "", "2018-12-31": "", "2018-09-30": "", "2018-06-30": "", "2018-03-31": "", "2017-12-31": "", "2017-09-30": "", "2017-06-30": "", "2017-03-31": "", "2016-12-31": "", "2016-09-30": "", "2016-06-30": "", "2016-03-31": "", "2015-12-31": "", "2015-09-30": "", "2015-06-30": "", "2015-03-31": "", "2014-12-31": "", "2014-09-30": "", "2014-06-30": "", "2014-03-31": "", "2013-12-31": "", "2013-09-30": "", "2013-06-30": "", "2013-03-31": "", "2012-12-31": "", "2012-09-30": "", "2012-06-30": "", "2012-03-31": "", "2011-12-31": "", "2011-09-30": "", "2011-06-30": "", "2011-03-31": "", "2010-12-31": "", "2010-09-30": "", "2010-06-30": "", "2010-03-31": "", "2009-12-31": "", "2009-09-30": "", "2009-06-30": "", "2009-03-31": "", "2008-12-31": "", "2008-09-30": "", "2008-06-30": "", "2008-03-31": "", "2007-12-31": "", "2007-09-30": "", "2007-06-30": "", "2007-03-31": "", "2006-12-31": "", "2006-09-30": "", "2006-06-30": "", "2006-03-31": "", "2005-12-31": "", "2005-09-30": "", "2005-06-30": "", "2005-03-31": ""}, "Pre-Paid Expenses": {"2020-09-30": "", "2020-06-30": "", "2020-03-31": "", "2019-12-31": "", "2019-09-30": "", "2019-06-30": "", "2019-03-31": "", "2018-12-31": "", "2018-09-30": "", "2018-06-30": "", "2018-03-31": "", "2017-12-31": "", "2017-09-30": "", "2017-06-30": "", "2017-03-31": "", "2016-12-31": "", "2016-09-30": "", "2016-06-30": "", "2016-03-31": "", "2015-12-31": "", "2015-09-30": "", "2015-06-30": "", "2015-03-31": "", "2014-12-31": "", "2014-09-30": "", "2014-06-30": "", "2014-03-31": "", "2013-12-31": "", "2013-09-30": "", "2013-06-30": "", "2013-03-31": "", "2012-12-31": "", "2012-09-30": "", "2012-06-30": "", "2012-03-31": "", "2011-12-31": "", "2011-09-30": "", "2011-06-30": "", "2011-03-31": "", "2010-12-31": "", "2010-09-30": "", "2010-06-30": "", "2010-03-31": "", "2009-12-31": "", "2009-09-30": "", "2009-06-30": "", "2009-03-31": "", "2008-12-31": "", "2008-09-30": "", "2008-06-30": "", "2008-03-31": "", "2007-12-31": "", "2007-09-30": "", "2007-06-30": "", "2007-03-31": "", "2006-12-31": "", "2006-09-30": "", "2006-06-30": "", "2006-03-31": "", "2005-12-31": "", "2005-09-30": "", "2005-06-30": "", "2005-03-31": ""}, "Other Current Assets": {"2020-09-30": "", "2020-06-30": "", "2020-03-31": "", "2019-12-31": "", "2019-09-30": "", "2019-06-30": "", "2019-03-31": "", "2018-12-31": "", "2018-09-30": "", "2018-06-30": "", "2018-03-31": "", "2017-12-31": "", "2017-09-30": "", "2017-06-30": "", "2017-03-31": "", "2016-12-31": "", "2016-09-30": "", "2016-06-30": "", "2016-03-31": "", "2015-12-31": "", "2015-09-30": "", "2015-06-30": "", "2015-03-31": "", "2014-12-31": "", "2014-09-30": "", "2014-06-30": "", "2014-03-31": "", "2013-12-31": "", "2013-09-30": "", "2013-06-30": "", "2013-03-31": "", "2012-12-31": "", "2012-09-30": "", "2012-06-30": "", "2012-03-31": "", "2011-12-31": "", "2011-09-30": "", "2011-06-30": "", "2011-03-31": "", "2010-12-31": "", "2010-09-30": "", "2010-06-30": "", "2010-03-31": "", "2009-12-31": "", "2009-09-30": "", "2009-06-30": "", "2009-03-31": "", "2008-12-31": "", "2008-09-30": "", "2008-06-30": "", "2008-03-31": "", "2007-12-31": "", "2007-09-30": "", "2007-06-30": "", "2007-03-31": "", "2006-12-31": "", "2006-09-30": "", "2006-06-30": "", "2006-03-31": "", "2005-12-31": "", "2005-09-30": "", "2005-06-30": "", "2005-03-31": ""}, "Total Current Assets": {"2020-09-30": "5472.92900", "2020-06-30": "5553.97000", "2020-03-31": "4966.61900", "2019-12-31": "4830.59500", "2019-09-30": "5290.04100", "2019-06-30": "5207.63300", "2019-03-31": "5236.97100", "2018-12-31": "5221.41300", "2018-09-30": "4742.19000", "2018-06-30": "4641.15800", "2018-03-31": "4229.12900", "2017-12-31": "4127.61200", "2017-09-30": "4439.18100", "2017-06-30": "3504.63600", "2017-03-31": "3361.06200", "2016-12-31": "3163.94100", "2016-09-30": "3238.09100", "2016-06-30": "3036.26700", "2016-03-31": "2947.64400", "2015-12-31": "2919.32600", "2015-09-30": "3166.89300", "2015-06-30": "2673.35900", "2015-03-31": "2743.12400", "2014-12-31": "2691.07300", "2014-09-30": "3070.58600", "2014-06-30": "2720.71500", "2014-03-31": "2602.19700", "2013-12-31": "2783.71300", "2013-09-30": "3001.03800", "2013-06-30": "2673.92900", "2013-03-31": "2572.62100", "2012-12-31": "2502.43200", "2012-09-30": "2346.41500", "2012-06-30": "2008.85300", "2012-03-31": "2136.37500", "2011-12-31": "2148.16100", "2011-09-30": "2189.34700", "2011-06-30": "2271.84600", "2011-03-31": "2149.47500", "2010-12-31": "1912.17300", "2010-09-30": "1892.59500", "2010-06-30": "1908.46000", "2010-03-31": "1994.51700", "2009-12-31": "2007.72300", "2009-09-30": "1914.15000", "2009-06-30": "2194.76800", "2009-03-31": "2138.84000", "2008-12-31": "1803.26800", "2008-09-30": "1876.27600", "2008-06-30": "1874.31000", "2008-03-31": "1838.79000", "2007-12-31": "1954.02000", "2007-09-30": "2024.91300", "2007-06-30": "2019.84800", "2007-03-31": "2078.34600", "2006-12-31": "2159.46800", "2006-09-30": "2188.18100", "2006-06-30": "2269.16200", "2006-03-31": "2384.79900", "2005-12-31": "2419.91200", "2005-09-30": "2538.44900", "2005-06-30": "2496.33600", "2005-03-31": "2630.63500"}, "Property, Plant, And Equipment": {"2020-09-30": "", "2020-06-30": "", "2020-03-31": "", "2019-12-31": "", "2019-09-30": "", "2019-06-30": "", "2019-03-31": "", "2018-12-31": "", "2018-09-30": "", "2018-06-30": "", "2018-03-31": "", "2017-12-31": "", "2017-09-30": "", "2017-06-30": "", "2017-03-31": "", "2016-12-31": "", "2016-09-30": "", "2016-06-30": "", "2016-03-31": "", "2015-12-31": "", "2015-09-30": "", "2015-06-30": "", "2015-03-31": "", "2014-12-31": "", "2014-09-30": "", "2014-06-30": "", "2014-03-31": "", "2013-12-31": "", "2013-09-30": "", "2013-06-30": "", "2013-03-31": "", "2012-12-31": "", "2012-09-30": "", "2012-06-30": "", "2012-03-31": "", "2011-12-31": "", "2011-09-30": "", "2011-06-30": "", "2011-03-31": "", "2010-12-31": "", "2010-09-30": "", "2010-06-30": "", "2010-03-31": "", "2009-12-31": "", "2009-09-30": "", "2009-06-30": "", "2009-03-31": "", "2008-12-31": "", "2008-09-30": "", "2008-06-30": "", "2008-03-31": "", "2007-12-31": "", "2007-09-30": "", "2007-06-30": "", "2007-03-31": "", "2006-12-31": "", "2006-09-30": "", "2006-06-30": "", "2006-03-31": "", "2005-12-31": "", "2005-09-30": "", "2005-06-30": "", "2005-03-31": ""}, "Long-Term Investments": {"2020-09-30": "22298.32000", "2020-06-30": "20799.58000", "2020-03-31": "19636.75000", "2019-12-31": "20057.27000", "2019-09-30": "19763.54000", "2019-06-30": "19241.76000", "2019-03-31": "18745.83000", "2018-12-31": "17881.59000", "2018-09-30": "18128.92000", "2018-06-30": "17684.78000", "2018-03-31": "17982.46000", "2017-12-31": "18089.17000", "2017-09-30": "17997.74000", "2017-06-30": "17828.92000", "2017-03-31": "17753.40000", "2016-12-31": "17097.64000", "2016-09-30": "17204.80000", "2016-06-30": "17126.59000", "2016-03-31": "16843.82000", "2015-12-31": "16493.68000", "2015-09-30": "17353.20000", "2015-06-30": "17772.14000", "2015-03-31": "17502.68000", "2014-12-31": "17109.54000", "2014-09-30": "17312.24000", "2014-06-30": "17420.43000", "2014-03-31": "16537.96000", "2013-12-31": "16104.16000", "2013-09-30": "15779.28000", "2013-06-30": "15714.49000", "2013-03-31": "16162.52000", "2012-12-31": "16169.36000", "2012-09-30": "16184.02000", "2012-06-30": "15760.28000", "2012-03-31": "15770.80000", "2011-12-31": "15478.92000", "2011-09-30": "15400.02000", "2011-06-30": "15569.42000", "2011-03-31": "15219.42000", "2010-12-31": "15255.60000", "2010-09-30": "15432.26000", "2010-06-30": "15065.04000", "2010-03-31": "14973.56000", "2009-12-31": "14830.10000", "2009-09-30": "14997.17000", "2009-06-30": "13886.56000", "2009-03-31": "13269.55000", "2008-12-31": "13657.80000", "2008-09-30": "14043.49000", "2008-06-30": "14509.21000", "2008-03-31": "14915.09000", "2007-12-31": "14830.66000", "2007-09-30": "14817.43000", "2007-06-30": "14366.07000", "2007-03-31": "13913.51000", "2006-12-31": "13849.17000", "2006-09-30": "13564.38000", "2006-06-30": "13157.32000", "2006-03-31": "13116.92000", "2005-12-31": "12996.74000", "2005-09-30": "12172.54000", "2005-06-30": "11977.90000", "2005-03-31": "11446.88000"}, "Goodwill And Intangible Assets": {"2020-09-30": "", "2020-06-30": "", "2020-03-31": "", "2019-12-31": "", "2019-09-30": "", "2019-06-30": "", "2019-03-31": "", "2018-12-31": "", "2018-09-30": "", "2018-06-30": "", "2018-03-31": "", "2017-12-31": "", "2017-09-30": "", "2017-06-30": "", "2017-03-31": "", "2016-12-31": "", "2016-09-30": "", "2016-06-30": "", "2016-03-31": "", "2015-12-31": "", "2015-09-30": "", "2015-06-30": "", "2015-03-31": "", "2014-12-31": "", "2014-09-30": "", "2014-06-30": "", "2014-03-31": "", "2013-12-31": "", "2013-09-30": "", "2013-06-30": "", "2013-03-31": "", "2012-12-31": "", "2012-09-30": "", "2012-06-30": "", "2012-03-31": "", "2011-12-31": "", "2011-09-30": "", "2011-06-30": "", "2011-03-31": "", "2010-12-31": "", "2010-09-30": "", "2010-06-30": "", "2010-03-31": "", "2009-12-31": "", "2009-09-30": "", "2009-06-30": "", "2009-03-31": "", "2008-12-31": "", "2008-09-30": "", "2008-06-30": "", "2008-03-31": "", "2007-12-31": "", "2007-09-30": "", "2007-06-30": "", "2007-03-31": "", "2006-12-31": "", "2006-09-30": "", "2006-06-30": "", "2006-03-31": "", "2005-12-31": "", "2005-09-30": "", "2005-06-30": "", "2005-03-31": ""}, "Other Long-Term Assets": {"2020-09-30": "1702.24300", "2020-06-30": "1653.02900", "2020-03-31": "1609.12400", "2019-12-31": "1548.61400", "2019-09-30": "1443.64200", "2019-06-30": "1427.53900", "2019-03-31": "1119.21600", "2018-12-31": "1136.41600", "2018-09-30": "1079.53600", "2018-06-30": "1141.78400", "2018-03-31": "880.88600", "2017-12-31": "963.42100", "2017-09-30": "1102.49700", "2017-06-30": "831.00600", "2017-03-31": "731.15600", "2016-12-31": "715.87100", "2016-09-30": "870.86990", "2016-06-30": "799.53800", "2016-03-31": "707.05800", "2015-12-31": "760.05200", "2015-09-30": "797.27100", "2015-06-30": "686.84900", "2015-03-31": "648.32600", "2014-12-31": "618.80500", "2014-09-30": "711.19400", "2014-06-30": "682.38500", "2014-03-31": "596.84400", "2013-12-31": "556.44300", "2013-09-30": "685.64900", "2013-06-30": "588.18600", "2013-03-31": "533.95400", "2012-12-31": "540.82800", "2012-09-30": "579.82100", "2012-06-30": "554.40400", "2012-03-31": "592.76300", "2011-12-31": "555.66200", "2011-09-30": "584.79200", "2011-06-30": "680.98100", "2011-03-31": "916.09300", "2010-12-31": "683.55400", "2010-09-30": "727.23800", "2010-06-30": "692.32400", "2010-03-31": "647.31100", "2009-12-31": "626.96900", "2009-09-30": "604.44000", "2009-06-30": "547.62300", "2009-03-31": "581.28300", "2008-12-31": "588.16200", "2008-09-30": "694.46100", "2008-06-30": "674.40200", "2008-03-31": "622.08000", "2007-12-31": "587.41300", "2007-09-30": "485.64100", "2007-06-30": "502.15590", "2007-03-31": "501.17600", "2006-12-31": "490.76800", "2006-09-30": "487.25100", "2006-06-30": "473.14610", "2006-03-31": "498.54700", "2005-12-31": "470.58590", "2005-09-30": "515.24900", "2005-06-30": "454.16700", "2005-03-31": "423.37400"}, "Total Long-Term Assets": {"2020-09-30": "24680.10000", "2020-06-30": "23030.82000", "2020-03-31": "22256.02000", "2019-12-31": "22493.46000", "2019-09-30": "21733.70000", "2019-06-30": "21180.16000", "2019-03-31": "20393.54000", "2018-12-31": "19529.58000", "2018-09-30": "19668.67000", "2018-06-30": "19244.73000", "2018-03-31": "19284.07000", "2017-12-31": "19464.18000", "2017-09-30": "19497.09000", "2017-06-30": "19017.25000", "2017-03-31": "18831.89000", "2016-12-31": "18157.56000", "2016-09-30": "18424.99000", "2016-06-30": "18245.91000", "2016-03-31": "17908.21000", "2015-12-31": "17626.09000", "2015-09-30": "18515.42000", "2015-06-30": "18809.54000", "2015-03-31": "18524.16000", "2014-12-31": "18126.75000", "2014-09-30": "18416.63000", "2014-06-30": "18470.93000", "2014-03-31": "17510.20000", "2013-12-31": "17024.32000", "2013-09-30": "17026.88000", "2013-06-30": "16885.12000", "2013-03-31": "17229.45000", "2012-12-31": "17275.48000", "2012-09-30": "17321.06000", "2012-06-30": "16894.40000", "2012-03-31": "17029.03000", "2011-12-31": "16745.39000", "2011-09-30": "16546.24000", "2011-06-30": "16732.07000", "2011-03-31": "16642.96000", "2010-12-31": "16472.03000", "2010-09-30": "16657.32000", "2010-06-30": "16298.42000", "2010-03-31": "16165.57000", "2009-12-31": "15993.59000", "2009-09-30": "16214.74000", "2009-06-30": "15132.17000", "2009-03-31": "14586.15000", "2008-12-31": "15043.33000", "2008-09-30": "15494.11000", "2008-06-30": "15918.62000", "2008-03-31": "16207.21000", "2007-12-31": "16045.46000", "2007-09-30": "15836.02000", "2007-06-30": "15464.61000", "2007-03-31": "14995.97000", "2006-12-31": "14948.10000", "2006-09-30": "14652.58000", "2006-06-30": "14266.83000", "2006-03-31": "14209.12000", "2005-12-31": "14054.63000", "2005-09-30": "13244.30000", "2005-06-30": "12923.33000", "2005-03-31": "12416.41000"}, "Total Assets": {"2020-09-30": "30153.03000", "2020-06-30": "28584.79000", "2020-03-31": "27222.64000", "2019-12-31": "27324.05000", "2019-09-30": "27023.74000", "2019-06-30": "26387.79000", "2019-03-31": "25630.51000", "2018-12-31": "24750.99000", "2018-09-30": "24410.86000", "2018-06-30": "23885.88000", "2018-03-31": "23513.20000", "2017-12-31": "23591.79000", "2017-09-30": "23936.27000", "2017-06-30": "22521.89000", "2017-03-31": "22192.95000", "2016-12-31": "21321.50000", "2016-09-30": "21663.08000", "2016-06-30": "21282.18000", "2016-03-31": "20855.85000", "2015-12-31": "20545.42000", "2015-09-30": "21682.31000", "2015-06-30": "21482.90000", "2015-03-31": "21267.29000", "2014-12-31": "20817.82000", "2014-09-30": "21487.21000", "2014-06-30": "21191.64000", "2014-03-31": "20112.39000", "2013-12-31": "19808.04000", "2013-09-30": "20027.92000", "2013-06-30": "19559.05000", "2013-03-31": "19802.07000", "2012-12-31": "19777.91000", "2012-09-30": "19667.47000", "2012-06-30": "18903.25000", "2012-03-31": "19165.40000", "2011-12-31": "18893.55000", "2011-09-30": "18735.59000", "2011-06-30": "19003.92000", "2011-03-31": "18792.43000", "2010-12-31": "18384.20000", "2010-09-30": "18549.91000", "2010-06-30": "18206.88000", "2010-03-31": "18160.09000", "2009-12-31": "18001.31000", "2009-09-30": "18128.89000", "2009-06-30": "17326.94000", "2009-03-31": "16724.99000", "2008-12-31": "16846.59000", "2008-09-30": "17370.39000", "2008-06-30": "17792.93000", "2008-03-31": "18046.00000", "2007-12-31": "17999.48000", "2007-09-30": "17860.93000", "2007-06-30": "17484.45000", "2007-03-31": "17074.32000", "2006-12-31": "17107.57000", "2006-09-30": "16840.76000", "2006-06-30": "16535.99000", "2006-03-31": "16593.92000", "2005-12-31": "16474.54000", "2005-09-30": "15782.75000", "2005-06-30": "15419.67000", "2005-03-31": "15047.05000"}, "Total Current Liabilities": {"2020-09-30": "19293.65000", "2020-06-30": "18090.64000", "2020-03-31": "17475.12000", "2019-12-31": "17067.80000", "2019-09-30": "16969.34000", "2019-06-30": "16384.11000", "2019-03-31": "16265.40000", "2018-12-31": "16003.63000", "2018-09-30": "15104.73000", "2018-06-30": "14566.15000", "2018-03-31": "14224.24000", "2017-12-31": "14174.66000", "2017-09-30": "15046.40000", "2017-06-30": "12973.17000", "2017-03-31": "12657.67000", "2016-12-31": "12231.07000", "2016-09-30": "12648.24000", "2016-06-30": "12278.59000", "2016-03-31": "12038.31000", "2015-12-31": "11986.53000", "2015-09-30": "12416.45000", "2015-06-30": "11987.43000", "2015-03-31": "11981.53000", "2014-12-31": "11902.21000", "2014-09-30": "12490.64000", "2014-06-30": "12216.03000", "2014-03-31": "11956.64000", "2013-12-31": "11835.35000", "2013-09-30": "12327.18000", "2013-06-30": "12030.37000", "2013-03-31": "11851.67000", "2012-12-31": "11884.61000", "2012-09-30": "11577.85000", "2012-06-30": "11329.13000", "2012-03-31": "11639.83000", "2011-12-31": "11744.76000", "2011-09-30": "11506.92000", "2011-06-30": "11719.39000", "2011-03-31": "11667.70000", "2010-12-31": "11055.86000", "2010-09-30": "11139.07000", "2010-06-30": "10943.83000", "2010-03-31": "11054.84000", "2009-12-31": "10628.17000", "2009-09-30": "10666.68000", "2009-06-30": "10512.41000", "2009-03-31": "10445.23000", "2008-12-31": "10486.24000", "2008-09-30": "10959.34000", "2008-06-30": "10823.10000", "2008-03-31": "10977.14000", "2007-12-31": "10953.55000", "2007-09-30": "10669.11000", "2007-06-30": "10574.25000", "2007-03-31": "10639.53000", "2006-12-31": "10760.81000", "2006-09-30": "10820.99000", "2006-06-30": "10982.67000", "2006-03-31": "11148.78000", "2005-12-31": "11146.01000", "2005-09-30": "11007.36000", "2005-06-30": "10075.52000", "2005-03-31": "10080.38000"}, "Long Term Debt": {"2020-09-30": "710.81300", "2020-06-30": "620.75900", "2020-03-31": "682.18700", "2019-12-31": "633.83200", "2019-09-30": "633.77700", "2019-06-30": "633.72300", "2019-03-31": "633.66800", "2018-12-31": "633.61300", "2018-09-30": "633.55800", "2018-06-30": "633.50400", "2018-03-31": "633.44900", "2017-12-31": "633.39500", "2017-09-30": "633.34000", "2017-06-30": "633.28500", "2017-03-31": "633.23100", "2016-12-31": "633.17600", "2016-09-30": "633.12200", "2016-06-30": "633.06700", "2016-03-31": "638.36900", "2015-12-31": "632.95800", "2015-09-30": "638.36700", "2015-06-30": "638.36600", "2015-03-31": "638.36500", "2014-12-31": "638.36400", "2014-09-30": "888.36100", "2014-06-30": "888.34600", "2014-03-31": "488.33200", "2013-12-31": "488.31900", "2013-09-30": "488.30500", "2013-06-30": "528.29100", "2013-03-31": "818.17400", "2012-12-31": "818.16100", "2012-09-30": "818.14700", "2012-06-30": "818.13400", "2012-03-31": "818.12200", "2011-12-31": "818.10900", "2011-09-30": "818.09700", "2011-06-30": "858.08400", "2011-03-31": "858.07300", "2010-12-31": "868.06000", "2010-09-30": "901.04800", "2010-06-30": "951.03600", "2010-03-31": "818.02600", "2009-12-31": "1017.98400", "2009-09-30": "1017.93400", "2009-06-30": "1017.88600", "2009-03-31": "1017.83800", "2008-12-31": "1179.08900", "2008-09-30": "1179.04300", "2008-06-30": "1178.99700", "2008-03-31": "1178.95400", "2007-12-31": "1178.91000", "2007-09-30": "1395.36400", "2007-06-30": "1395.32100", "2007-03-31": "995.64400", "2006-12-31": "995.60500", "2006-09-30": "995.56700", "2006-06-30": "995.53000", "2006-03-31": "995.49210", "2005-12-31": "995.45600", "2005-09-30": "995.42100", "2005-06-30": "995.38500", "2005-03-31": "995.35200"}, "Other Non-Current Liabilities": {"2020-09-30": "557.27400", "2020-06-30": "587.09900", "2020-03-31": "484.38700", "2019-12-31": "489.49800", "2019-09-30": "437.36800", "2019-06-30": "485.80100", "2019-03-31": "304.80700", "2018-12-31": "252.95200", "2018-09-30": "343.55700", "2018-06-30": "444.88300", "2018-03-31": "311.32300", "2017-12-31": "414.50000", "2017-09-30": "287.20300", "2017-06-30": "330.64200", "2017-03-31": "554.17700", "2016-12-31": "381.86300", "2016-09-30": "340.62500", "2016-06-30": "385.04500", "2016-03-31": "338.87800", "2015-12-31": "317.34100", "2015-09-30": "388.48000", "2015-06-30": "370.70900", "2015-03-31": "377.16700", "2014-12-31": "404.58300", "2014-09-30": "321.61700", "2014-06-30": "388.49600", "2014-03-31": "314.74600", "2013-12-31": "422.71500", "2013-09-30": "403.71900", "2013-06-30": "377.59100", "2013-03-31": "315.36500", "2012-12-31": "341.66900", "2012-09-30": "486.10200", "2012-06-30": "338.63900", "2012-03-31": "376.44700", "2011-12-31": "259.31200", "2011-09-30": "318.72700", "2011-06-30": "273.88100", "2011-03-31": "352.49300", "2010-12-31": "176.75600", "2010-09-30": "228.17800", "2010-06-30": "276.41300", "2010-03-31": "250.26200", "2009-12-31": "253.43900", "2009-09-30": "359.32700", "2009-06-30": "251.22700", "2009-03-31": "222.07400", "2008-12-31": "220.90300", "2008-09-30": "195.43200", "2008-06-30": "223.22500", "2008-03-31": "256.91900", "2007-12-31": "182.25000", "2007-09-30": "184.10600", "2007-06-30": "176.95700", "2007-03-31": "183.10100", "2006-12-31": "200.46300", "2006-09-30": "184.21900", "2006-06-30": "178.70500", "2006-03-31": "183.52900", "2005-12-31": "193.37500", "2005-09-30": "179.24400", "2005-06-30": "267.22500", "2005-03-31": "186.25800"}, "Total Long Term Liabilities": {"2020-09-30": "1268.08700", "2020-06-30": "1207.85800", "2020-03-31": "1166.57400", "2019-12-31": "1123.33000", "2019-09-30": "1071.14500", "2019-06-30": "1119.52400", "2019-03-31": "938.47500", "2018-12-31": "886.56490", "2018-09-30": "977.11500", "2018-06-30": "1078.38700", "2018-03-31": "944.77200", "2017-12-31": "1047.89500", "2017-09-30": "920.54300", "2017-06-30": "963.92700", "2017-03-31": "1187.40800", "2016-12-31": "1015.03900", "2016-09-30": "973.74700", "2016-06-30": "1018.11200", "2016-03-31": "977.24710", "2015-12-31": "950.29900", "2015-09-30": "1779.53900", "2015-06-30": "1768.80400", "2015-03-31": "1619.12700", "2014-12-31": "1464.49900", "2014-09-30": "1614.38900", "2014-06-30": "1652.75000", "2014-03-31": "1118.24600", "2013-12-31": "1004.41200", "2013-09-30": "983.29200", "2013-06-30": "905.88200", "2013-03-31": "1133.53900", "2012-12-31": "1159.83000", "2012-09-30": "1304.24900", "2012-06-30": "1156.77300", "2012-03-31": "1194.56900", "2011-12-31": "1077.42100", "2011-09-30": "1136.82400", "2011-06-30": "1131.96500", "2011-03-31": "1210.56600", "2010-12-31": "1044.81600", "2010-09-30": "1129.22600", "2010-06-30": "1227.44900", "2010-03-31": "1068.28800", "2009-12-31": "1271.42300", "2009-09-30": "1377.26100", "2009-06-30": "1269.11300", "2009-03-31": "1239.91200", "2008-12-31": "1399.99200", "2008-09-30": "1374.47500", "2008-06-30": "1402.22200", "2008-03-31": "1435.87300", "2007-12-31": "1361.16000", "2007-09-30": "1579.47000", "2007-06-30": "1572.27800", "2007-03-31": "1237.90300", "2006-12-31": "1239.07000", "2006-09-30": "1195.90600", "2006-06-30": "1174.25900", "2006-03-31": "1179.02100", "2005-12-31": "1188.83100", "2005-09-30": "1174.66500", "2005-06-30": "1262.61000", "2005-03-31": "1210.99300"}, "Total Liabilities": {"2020-09-30": "20561.73000", "2020-06-30": "19298.49000", "2020-03-31": "18641.69000", "2019-12-31": "18191.13000", "2019-09-30": "18040.48000", "2019-06-30": "17503.63000", "2019-03-31": "17203.88000", "2018-12-31": "16890.20000", "2018-09-30": "16081.84000", "2018-06-30": "15644.54000", "2018-03-31": "15169.02000", "2017-12-31": "15222.56000", "2017-09-30": "15966.94000", "2017-06-30": "13937.09000", "2017-03-31": "13845.08000", "2016-12-31": "13246.11000", "2016-09-30": "13621.99000", "2016-06-30": "13296.71000", "2016-03-31": "13015.55000", "2015-12-31": "12936.83000", "2015-09-30": "14195.99000", "2015-06-30": "13756.23000", "2015-03-31": "13600.66000", "2014-12-31": "13366.70000", "2014-09-30": "14105.03000", "2014-06-30": "13868.78000", "2014-03-31": "13074.88000", "2013-12-31": "12839.76000", "2013-09-30": "13310.47000", "2013-06-30": "12936.25000", "2013-03-31": "12985.21000", "2012-12-31": "13044.44000", "2012-09-30": "12882.10000", "2012-06-30": "12485.90000", "2012-03-31": "12834.40000", "2011-12-31": "12822.18000", "2011-09-30": "12643.75000", "2011-06-30": "12851.36000", "2011-03-31": "12878.26000", "2010-12-31": "12100.68000", "2010-09-30": "12268.29000", "2010-06-30": "12171.28000", "2010-03-31": "12123.13000", "2009-12-31": "11899.59000", "2009-09-30": "12043.94000", "2009-06-30": "11781.52000", "2009-03-31": "11685.14000", "2008-12-31": "11886.24000", "2008-09-30": "12333.81000", "2008-06-30": "12225.33000", "2008-03-31": "12413.02000", "2007-12-31": "12314.71000", "2007-09-30": "12248.58000", "2007-06-30": "12146.53000", "2007-03-31": "11877.43000", "2006-12-31": "11999.88000", "2006-09-30": "12016.90000", "2006-06-30": "12156.93000", "2006-03-31": "12327.80000", "2005-12-31": "12334.84000", "2005-09-30": "12182.03000", "2005-06-30": "11338.13000", "2005-03-31": "11291.37000"}, "Common Stock Net": {"2020-09-30": "0.69600", "2020-06-30": "0.69600", "2020-03-31": "0.69600", "2019-12-31": "0.69400", "2019-09-30": "0.69400", "2019-06-30": "0.69400", "2019-03-31": "0.69400", "2018-12-31": "0.69200", "2018-09-30": "0.69200", "2018-06-30": "0.69200", "2018-03-31": "0.69200", "2017-12-31": "0.69100", "2017-09-30": "0.69100", "2017-06-30": "0.69100", "2017-03-31": "0.69100", "2016-12-31": "0.68900", "2016-09-30": "0.68800", "2016-06-30": "0.68800", "2016-03-31": "0.68800", "2015-12-31": "0.68600", "2015-09-30": "0.68600", "2015-06-30": "0.68500", "2015-03-31": "0.68500", "2014-12-31": "0.68300", "2014-09-30": "0.68300", "2014-06-30": "0.68300", "2014-03-31": "0.68200", "2013-12-31": "0.68000", "2013-09-30": "0.67900", "2013-06-30": "0.67800", "2013-03-31": "0.67600", "2012-12-31": "0.67100", "2012-09-30": "0.67000", "2012-06-30": "0.66900", "2012-03-31": "0.66700", "2011-12-31": "0.66500", "2011-09-30": "0.66400", "2011-06-30": "0.66400", "2011-03-31": "0.66200", "2010-12-31": "0.66000", "2010-09-30": "0.66000", "2010-06-30": "0.66000", "2010-03-31": "0.66000", "2009-12-31": "0.65800", "2009-09-30": "0.65800", "2009-06-30": "0.65700", "2009-03-31": "0.65700", "2008-12-31": "0.65600", "2008-09-30": "0.65600", "2008-06-30": "0.65500", "2008-03-31": "0.65500", "2007-12-31": "0.65400", "2007-09-30": "0.65300", "2007-06-30": "0.65300", "2007-03-31": "0.65100", "2006-12-31": "0.65000", "2006-09-30": "0.65000", "2006-06-30": "0.64900", "2006-03-31": "0.64900", "2005-12-31": "0.64600", "2005-09-30": "0.57100", "2005-06-30": "0.56900", "2005-03-31": "0.56800"}, "Retained Earnings (Accumulated Deficit)": {"2020-09-30": "10565.79000", "2020-06-30": "10384.64000", "2020-03-31": "10255.69000", "2019-12-31": "10306.57000", "2019-09-30": "10152.12000", "2019-06-30": "10152.06000", "2019-03-31": "9866.20300", "2018-12-31": "9531.43300", "2018-09-30": "10013.59000", "2018-06-30": "9860.84200", "2018-03-31": "9844.18700", "2017-12-31": "9685.90800", "2017-09-30": "9166.98800", "2017-06-30": "9857.66400", "2017-03-31": "9663.29400", "2016-12-31": "9422.93200", "2016-09-30": "9100.44700", "2016-06-30": "8852.51200", "2016-03-31": "8744.95200", "2015-12-31": "8621.97200", "2015-09-30": "8313.89300", "2015-06-30": "8267.03800", "2015-03-31": "8099.93600", "2014-12-31": "7819.21000", "2014-09-30": "7521.96600", "2014-06-30": "7281.02300", "2014-03-31": "7025.15800", "2013-12-31": "6765.96700", "2013-09-30": "6437.29000", "2013-06-30": "6225.70500", "2013-03-31": "5973.37800", "2012-12-31": "5613.26600", "2012-09-30": "5579.22400", "2012-06-30": "5353.19900", "2012-03-31": "5163.77700", "2011-12-31": "4884.71400", "2011-09-30": "4869.45800", "2011-06-30": "4832.34000", "2011-03-31": "4727.10900", "2010-12-31": "5069.04800", "2010-09-30": "4792.57800", "2010-06-30": "4644.95200", "2010-03-31": "4515.83500", "2009-12-31": "4566.77100", "2009-09-30": "4398.21200", "2009-06-30": "4198.69400", "2009-03-31": "3898.34300", "2008-12-31": "3819.32700", "2008-09-30": "3865.40100", "2008-06-30": "4127.99100", "2008-03-31": "4004.64000", "2007-12-31": "3956.70100", "2007-09-30": "3974.85100", "2007-06-30": "3758.30200", "2007-03-31": "3505.65700", "2006-12-31": "2987.99800", "2006-09-30": "2797.25600", "2006-06-30": "2559.37600", "2006-03-31": "2346.76500", "2005-12-31": "2186.15600", "2005-09-30": "2355.16200", "2005-06-30": "2779.12300", "2005-03-31": "2591.14500"}, "Comprehensive Income": {"2020-09-30": "411.59800", "2020-06-30": "297.13700", "2020-03-31": "-269.75100", "2019-12-31": "28.15200", "2019-09-30": "46.27200", "2019-06-30": "-44.90200", "2019-03-31": "-216.11100", "2018-12-31": "-462.55700", "2018-09-30": "-470.31700", "2018-06-30": "-445.33800", "2018-03-31": "-341.97400", "2017-12-31": "-160.89100", "2017-09-30": "-84.24700", "2017-06-30": "-151.97200", "2017-03-31": "-185.51800", "2016-12-31": "-216.76400", "2016-09-30": "75.83000", "2016-06-30": "84.00000", "2016-03-31": "-45.29900", "2015-12-31": "-231.75500", "2015-09-30": "-112.23100", "2015-06-30": "-14.81900", "2015-03-31": "52.96900", "2014-12-31": "48.31700", "2014-09-30": "185.39700", "2014-06-30": "299.30400", "2014-03-31": "211.20700", "2013-12-31": "157.72800", "2013-09-30": "180.20400", "2013-06-30": "207.16400", "2013-03-31": "466.43600", "2012-12-31": "537.04900", "2012-09-30": "593.79600", "2012-06-30": "438.13900", "2012-03-31": "464.20100", "2011-12-31": "366.97800", "2011-09-30": "402.94600", "2011-06-30": "460.40300", "2011-03-31": "337.33700", "2010-12-31": "332.25800", "2010-09-30": "559.59100", "2010-06-30": "366.86600", "2010-03-31": "300.97700", "2009-12-31": "272.03800", "2009-09-30": "332.56400", "2009-06-30": "-43.88400", "2009-03-31": "-294.63600", "2008-12-31": "-291.85100", "2008-09-30": "-258.55900", "2008-06-30": "-9.89500", "2008-03-31": "159.16400", "2007-12-31": "163.15500", "2007-09-30": "78.49000", "2007-06-30": "-12.17000", "2007-03-31": "94.54600", "2006-12-31": "348.54300", "2006-09-30": "266.77900", "2006-06-30": "62.52900", "2006-03-31": "167.85300", "2005-12-31": "221.14600", "2005-09-30": "269.68600", "2005-06-30": "334.27000", "2005-03-31": "200.11200"}, "Other Share Holders Equity": {"2020-09-30": "", "2020-06-30": "", "2020-03-31": "", "2019-12-31": "", "2019-09-30": "", "2019-06-30": "", "2019-03-31": "", "2018-12-31": "", "2018-09-30": "", "2018-06-30": "", "2018-03-31": "", "2017-12-31": "", "2017-09-30": "", "2017-06-30": "", "2017-03-31": "", "2016-12-31": "", "2016-09-30": "", "2016-06-30": "", "2016-03-31": "", "2015-12-31": "", "2015-09-30": "", "2015-06-30": "", "2015-03-31": "", "2014-12-31": "", "2014-09-30": "", "2014-06-30": "", "2014-03-31": "", "2013-12-31": "", "2013-09-30": "", "2013-06-30": "", "2013-03-31": "", "2012-12-31": "", "2012-09-30": "", "2012-06-30": "", "2012-03-31": "", "2011-12-31": "", "2011-09-30": "", "2011-06-30": "", "2011-03-31": "", "2010-12-31": "", "2010-09-30": "", "2010-06-30": "", "2010-03-31": "", "2009-12-31": "", "2009-09-30": "", "2009-06-30": "", "2009-03-31": "", "2008-12-31": "", "2008-09-30": "", "2008-06-30": "", "2008-03-31": "", "2007-12-31": "", "2007-09-30": "", "2007-06-30": "", "2007-03-31": "", "2006-12-31": "", "2006-09-30": "", "2006-06-30": "", "2006-03-31": "", "2005-12-31": "", "2005-09-30": "", "2005-06-30": "", "2005-03-31": ""}, "Share Holder Equity": {"2020-09-30": "9591.29200", "2020-06-30": "9286.29900", "2020-03-31": "8580.94400", "2019-12-31": "9132.92500", "2019-09-30": "8983.25800", "2019-06-30": "8884.16000", "2019-03-31": "8426.62900", "2018-12-31": "7860.79700", "2018-09-30": "8329.01300", "2018-06-30": "8241.34900", "2018-03-31": "8344.18000", "2017-12-31": "8369.23200", "2017-09-30": "7969.33100", "2017-06-30": "8584.79800", "2017-03-31": "8347.87600", "2016-12-31": "8075.39600", "2016-09-30": "8041.09200", "2016-06-30": "7985.46800", "2016-03-31": "7840.29900", "2015-12-31": "7608.58500", "2015-09-30": "7486.32000", "2015-06-30": "7726.66200", "2015-03-31": "7666.63000", "2014-12-31": "7451.12000", "2014-09-30": "7382.18700", "2014-06-30": "7322.86800", "2014-03-31": "7037.51100", "2013-12-31": "6968.27600", "2013-09-30": "6717.45000", "2013-06-30": "6622.80000", "2013-03-31": "6816.86600", "2012-12-31": "6733.46700", "2012-09-30": "6785.37200", "2012-06-30": "6417.35100", "2012-03-31": "6330.99800", "2011-12-31": "6071.37500", "2011-09-30": "6091.84100", "2011-06-30": "6152.55800", "2011-03-31": "5914.17000", "2010-12-31": "6283.51700", "2010-09-30": "6281.62000", "2010-06-30": "6035.59900", "2010-03-31": "6036.95500", "2009-12-31": "6101.72200", "2009-09-30": "6084.95200", "2009-06-30": "5545.41500", "2009-03-31": "5039.85400", "2008-12-31": "4960.35500", "2008-09-30": "5036.57600", "2008-06-30": "5567.60300", "2008-03-31": "5632.98400", "2007-12-31": "5684.77000", "2007-09-30": "5612.34400", "2007-06-30": "5337.92500", "2007-03-31": "5196.88300", "2006-12-31": "5107.68700", "2006-09-30": "4823.85600", "2006-06-30": "4379.06500", "2006-03-31": "4266.11200", "2005-12-31": "4139.69400", "2005-09-30": "3600.72700", "2005-06-30": "4081.53500", "2005-03-31": "3755.67900"}, "Total Liabilities And Share Holders Equity": {"2020-09-30": "30153.03000", "2020-06-30": "28584.79000", "2020-03-31": "27222.64000", "2019-12-31": "27324.05000", "2019-09-30": "27023.74000", "2019-06-30": "26387.79000", "2019-03-31": "25630.51000", "2018-12-31": "24750.99000", "2018-09-30": "24410.86000", "2018-06-30": "23885.88000", "2018-03-31": "23513.20000", "2017-12-31": "23591.79000", "2017-09-30": "23936.27000", "2017-06-30": "22521.89000", "2017-03-31": "22192.95000", "2016-12-31": "21321.50000", "2016-09-30": "21663.08000", "2016-06-30": "21282.18000", "2016-03-31": "20855.85000", "2015-12-31": "20545.42000", "2015-09-30": "21682.31000", "2015-06-30": "21482.90000", "2015-03-31": "21267.29000", "2014-12-31": "20817.82000", "2014-09-30": "21487.21000", "2014-06-30": "21191.64000", "2014-03-31": "20112.39000", "2013-12-31": "19808.04000", "2013-09-30": "20027.92000", "2013-06-30": "19559.05000", "2013-03-31": "19802.07000", "2012-12-31": "19777.91000", "2012-09-30": "19667.47000", "2012-06-30": "18903.25000", "2012-03-31": "19165.40000", "2011-12-31": "18893.55000", "2011-09-30": "18735.59000", "2011-06-30": "19003.92000", "2011-03-31": "18792.43000", "2010-12-31": "18384.20000", "2010-09-30": "18549.91000", "2010-06-30": "18206.88000", "2010-03-31": "18160.09000", "2009-12-31": "18001.31000", "2009-09-30": "18128.89000", "2009-06-30": "17326.94000", "2009-03-31": "16724.99000", "2008-12-31": "16846.59000", "2008-09-30": "17370.39000", "2008-06-30": "17792.93000", "2008-03-31": "18046.00000", "2007-12-31": "17999.48000", "2007-09-30": "17860.93000", "2007-06-30": "17484.45000", "2007-03-31": "17074.32000", "2006-12-31": "17107.57000", "2006-09-30": "16840.76000", "2006-06-30": "16535.99000", "2006-03-31": "16593.92000", "2005-12-31": "16474.54000", "2005-09-30": "15782.75000", "2005-06-30": "15419.67000", "2005-03-31": "15047.05000"}}, "cash flow statement": {"Net Income/Loss": {"2019-12-31": "1009.46100", "2018-12-31": "89.04100", "2017-12-31": "482.75100", "2016-12-31": "996.34400", "2015-12-31": "977.86900", "2014-12-31": "1199.15600", "2013-12-31": "1265.26000", "2012-12-31": "828.95400", "2011-12-31": "-80.48600", "2010-12-31": "610.75400", "2009-12-31": "806.98900", "2008-12-31": "-18.75800", "2007-12-31": "839.27500", "2006-12-31": "840.82800", "2005-12-31": "-218.66700"}, "Total Depreciation And Amortization - Cash Flow": {"2019-12-31": "30.93600", "2018-12-31": "29.27200", "2017-12-31": "45.86700", "2016-12-31": "49.16700", "2015-12-31": "50.90100", "2014-12-31": "49.26000", "2013-12-31": "66.51500", "2012-12-31": "61.89600", "2011-12-31": "47.92100", "2010-12-31": "46.17100", "2009-12-31": "32.36400", "2008-12-31": "15.43500", "2007-12-31": "-8.43000", "2006-12-31": "21.94600", "2005-12-31": "27.46000"}, "Other Non-Cash Items": {"2019-12-31": "-69.68600", "2018-12-31": "244.12800", "2017-12-31": "-72.07200", "2016-12-31": "95.62200", "2015-12-31": "259.36800", "2014-12-31": "-11.72900", "2013-12-31": "-211.40100", "2012-12-31": "-101.69800", "2011-12-31": "-125.04100", "2010-12-31": "-65.10200", "2009-12-31": "84.45900", "2008-12-31": "601.28700", "2007-12-31": "-99.44300", "2006-12-31": "-45.46400", "2005-12-31": "-153.32900"}, "Total Non-Cash Items": {"2019-12-31": "-38.75000", "2018-12-31": "273.40000", "2017-12-31": "-26.20500", "2016-12-31": "144.78900", "2015-12-31": "310.26900", "2014-12-31": "37.53100", "2013-12-31": "-144.88600", "2012-12-31": "-39.80200", "2011-12-31": "-77.12000", "2010-12-31": "-18.93100", "2009-12-31": "116.82300", "2008-12-31": "616.72200", "2007-12-31": "-107.87300", "2006-12-31": "-23.51800", "2005-12-31": "-125.86900"}, "Change In Accounts Receivable": {"2019-12-31": "5.42600", "2018-12-31": "-894.57900", "2017-12-31": "-588.93100", "2016-12-31": "-218.60500", "2015-12-31": "-363.31400", "2014-12-31": "-162.27700", "2013-12-31": "-98.71500", "2012-12-31": "-208.96800", "2011-12-31": "-138.01100", "2010-12-31": "70.03200", "2009-12-31": "1.70800", "2008-12-31": "-46.12200", "2007-12-31": "281.88000", "2006-12-31": "375.36500", "2005-12-31": "252.97100"}, "Change In Inventories": {"2019-12-31": "", "2018-12-31": "", "2017-12-31": "", "2016-12-31": "", "2015-12-31": "", "2014-12-31": "", "2013-12-31": "", "2012-12-31": "", "2011-12-31": "", "2010-12-31": "", "2009-12-31": "", "2008-12-31": "", "2007-12-31": "", "2006-12-31": "", "2005-12-31": ""}, "Change In Accounts Payable": {"2019-12-31": "886.34590", "2018-12-31": "2038.70700", "2017-12-31": "1668.06400", "2016-12-31": "474.12600", "2015-12-31": "252.34300", "2014-12-31": "182.77500", "2013-12-31": "23.52900", "2012-12-31": "-95.86100", "2011-12-31": "809.06990", "2010-12-31": "414.55800", "2009-12-31": "-2.92100", "2008-12-31": "8.40700", "2007-12-31": "16.46500", "2006-12-31": "-463.06000", "2005-12-31": "1388.08900"}, "Change In Assets/Liabilities": {"2019-12-31": "-247.96000", "2018-12-31": "-631.43500", "2017-12-31": "-258.90900", "2016-12-31": "-67.58000", "2015-12-31": "-32.16100", "2014-12-31": "-233.75600", "2013-12-31": "-160.77500", "2012-12-31": "172.23100", "2011-12-31": "121.58300", "2010-12-31": "-147.98700", "2009-12-31": "-137.86100", "2008-12-31": "102.74600", "2007-12-31": "-175.31600", "2006-12-31": "-93.30000", "2005-12-31": "-225.95700"}, "Total Change In Assets/Liabilities": {"2019-12-31": "881.29100", "2018-12-31": "247.62790", "2017-12-31": "706.14700", "2016-12-31": "242.46690", "2015-12-31": "-179.90300", "2014-12-31": "-181.92500", "2013-12-31": "-22.11300", "2012-12-31": "-94.52000", "2011-12-31": "875.34400", "2010-12-31": "326.65200", "2009-12-31": "-139.07400", "2008-12-31": "65.03100", "2007-12-31": "123.02900", "2006-12-31": "-180.99500", "2005-12-31": "1415.10300"}, "Cash Flow From Operating Activities": {"2019-12-31": "1852.00200", "2018-12-31": "610.06900", "2017-12-31": "1162.69300", "2016-12-31": "1383.60000", "2015-12-31": "1108.23500", "2014-12-31": "1054.76200", "2013-12-31": "1098.26100", "2012-12-31": "694.63200", "2011-12-31": "717.73800", "2010-12-31": "918.47500", "2009-12-31": "784.73800", "2008-12-31": "662.99500", "2007-12-31": "854.43100", "2006-12-31": "636.31500", "2005-12-31": "1070.56700"}, "Net Change In Property, Plant, And Equipment": {"2019-12-31": "", "2018-12-31": "", "2017-12-31": "", "2016-12-31": "", "2015-12-31": "", "2014-12-31": "", "2013-12-31": "", "2012-12-31": "", "2011-12-31": "", "2010-12-31": "", "2009-12-31": "", "2008-12-31": "", "2007-12-31": "", "2006-12-31": "", "2005-12-31": ""}, "Net Change In Intangible Assets": {"2019-12-31": "", "2018-12-31": "", "2017-12-31": "", "2016-12-31": "", "2015-12-31": "", "2014-12-31": "", "2013-12-31": "", "2012-12-31": "", "2011-12-31": "", "2010-12-31": "", "2009-12-31": "", "2008-12-31": "", "2007-12-31": "", "2006-12-31": "", "2005-12-31": ""}, "Net Acquisitions/Divestitures": {"2019-12-31": "", "2018-12-31": "", "2017-12-31": "", "2016-12-31": "47.72100", "2015-12-31": "3.93400", "2014-12-31": "", "2013-12-31": "", "2012-12-31": "", "2011-12-31": "-63.10000", "2010-12-31": "", "2009-12-31": "", "2008-12-31": "", "2007-12-31": "", "2006-12-31": "", "2005-12-31": ""}, "Net Change In Short-term Investments": {"2019-12-31": "-167.29000", "2018-12-31": "455.35000", "2017-12-31": "-73.92300", "2016-12-31": "368.97700", "2015-12-31": "341.73300", "2014-12-31": "-76.48300", "2013-12-31": "-357.45100", "2012-12-31": "-175.04300", "2011-12-31": "100.96900", "2010-12-31": "-110.24100", "2009-12-31": "1228.03200", "2008-12-31": "311.32200", "2007-12-31": "-852.65900", "2006-12-31": "150.37900", "2005-12-31": "-853.49900"}, "Net Change In Long-Term Investments": {"2019-12-31": "-1503.59700", "2018-12-31": "-3883.03700", "2017-12-31": "-6207.46800", "2016-12-31": "-5907.44300", "2015-12-31": "-1061.25000", "2014-12-31": "-793.13810", "2013-12-31": "36.17500", "2012-12-31": "-178.32600", "2011-12-31": "-426.41090", "2010-12-31": "-226.53690", "2009-12-31": "-1793.78500", "2008-12-31": "-826.18330", "2007-12-31": "204.42210", "2006-12-31": "-667.20700", "2005-12-31": "-758.17210"}, "Net Change In Investments - Total": {"2019-12-31": "-1670.88700", "2018-12-31": "-3427.68700", "2017-12-31": "-6281.39100", "2016-12-31": "-5538.46600", "2015-12-31": "-719.51680", "2014-12-31": "-869.62110", "2013-12-31": "-321.27600", "2012-12-31": "-353.36900", "2011-12-31": "-325.44190", "2010-12-31": "-336.77790", "2009-12-31": "-565.75290", "2008-12-31": "-514.86130", "2007-12-31": "-648.23690", "2006-12-31": "-516.82800", "2005-12-31": "-1611.67100"}, "Investing Activities - Other": {"2019-12-31": "258.39500", "2018-12-31": "3148.06600", "2017-12-31": "5548.81400", "2016-12-31": "4832.87200", "2015-12-31": "34.48200", "2014-12-31": "111.04900", "2013-12-31": "97.27300", "2012-12-31": "88.82100", "2011-12-31": "121.61800", "2010-12-31": "66.76500", "2009-12-31": "193.39700", "2008-12-31": "124.83700", "2007-12-31": "-4.77900", "2006-12-31": "-11.32200", "2005-12-31": "0.15900"}, "Cash Flow From Investing Activities": {"2019-12-31": "-1412.49200", "2018-12-31": "-279.62100", "2017-12-31": "-732.57700", "2016-12-31": "-657.87300", "2015-12-31": "-681.10100", "2014-12-31": "-758.57200", "2013-12-31": "-224.00300", "2012-12-31": "-264.54800", "2011-12-31": "-266.92400", "2010-12-31": "-270.01300", "2009-12-31": "-372.35600", "2008-12-31": "-390.02400", "2007-12-31": "-653.01600", "2006-12-31": "-528.15000", "2005-12-31": "-1611.51200"}, "Net Long-Term Debt": {"2019-12-31": "", "2018-12-31": "", "2017-12-31": "", "2016-12-31": "", "2015-12-31": "", "2014-12-31": "150.00000", "2013-12-31": "-329.89700", "2012-12-31": "", "2011-12-31": "", "2010-12-31": "-200.00000", "2009-12-31": "-83.02600", "2008-12-31": "", "2007-12-31": "179.14100", "2006-12-31": "", "2005-12-31": "-250.00000"}, "Net Current Debt": {"2019-12-31": "", "2018-12-31": "", "2017-12-31": "", "2016-12-31": "", "2015-12-31": "", "2014-12-31": "", "2013-12-31": "", "2012-12-31": "", "2011-12-31": "-50.00000", "2010-12-31": "50.00000", "2009-12-31": "", "2008-12-31": "", "2007-12-31": "", "2006-12-31": "", "2005-12-31": ""}, "Debt Issuance/Retirement Net - Total": {"2019-12-31": "", "2018-12-31": "", "2017-12-31": "", "2016-12-31": "", "2015-12-31": "", "2014-12-31": "150.00000", "2013-12-31": "-329.89700", "2012-12-31": "", "2011-12-31": "-50.00000", "2010-12-31": "-150.00000", "2009-12-31": "-83.02600", "2008-12-31": "", "2007-12-31": "179.14100", "2006-12-31": "", "2005-12-31": "-250.00000"}, "Net Common Equity Issued/Repurchased": {"2019-12-31": "-27.73800", "2018-12-31": "-83.46100", "2017-12-31": "-55.31000", "2016-12-31": "-375.53700", "2015-12-31": "-386.46200", "2014-12-31": "-482.18500", "2013-12-31": "-570.41500", "2012-12-31": "-268.51500", "2011-12-31": "-80.22100", "2010-12-31": "-395.48800", "2009-12-31": "-183.31300", "2008-12-31": "-148.34000", "2007-12-31": "-223.35100", "2006-12-31": "23.62700", "2005-12-31": "770.85600"}, "Net Total Equity Issued/Repurchased": {"2019-12-31": "-27.73800", "2018-12-31": "-83.46100", "2017-12-31": "-55.31000", "2016-12-31": "-375.53700", "2015-12-31": "-386.46200", "2014-12-31": "-482.18500", "2013-12-31": "-570.41500", "2012-12-31": "-268.51500", "2011-12-31": "-80.22100", "2010-12-31": "-395.48800", "2009-12-31": "-183.31300", "2008-12-31": "-148.34000", "2007-12-31": "-223.35100", "2006-12-31": "23.62700", "2005-12-31": "770.85600"}, "Total Common And Preferred Stock Dividends Paid": {"2019-12-31": "-234.32200", "2018-12-31": "-216.22100", "2017-12-31": "-207.24200", "2016-12-31": "-195.38400", "2015-12-31": "-175.10700", "2014-12-31": "-145.91300", "2013-12-31": "-106.68100", "2012-12-31": "-100.40200", "2011-12-31": "-103.84800", "2010-12-31": "-108.47700", "2009-12-31": "-116.85700", "2008-12-31": "-118.61600", "2007-12-31": "-121.38700", "2006-12-31": "-38.98600", "2005-12-31": "-25.42500"}, "Financial Activities - Other": {"2019-12-31": "-13.62700", "2018-12-31": "-16.91200", "2017-12-31": "-12.90600", "2016-12-31": "-10.59500", "2015-12-31": "-11.60100", "2014-12-31": "", "2013-12-31": "230.50000", "2012-12-31": "", "2011-12-31": "", "2010-12-31": "", "2009-12-31": "", "2008-12-31": "", "2007-12-31": "", "2006-12-31": "", "2005-12-31": ""}, "Cash Flow From Financial Activities": {"2019-12-31": "-275.68700", "2018-12-31": "-316.59400", "2017-12-31": "-275.45800", "2016-12-31": "-581.51600", "2015-12-31": "-573.17000", "2014-12-31": "-478.09800", "2013-12-31": "-776.49300", "2012-12-31": "-368.91700", "2011-12-31": "-234.06900", "2010-12-31": "-653.96500", "2009-12-31": "-383.19600", "2008-12-31": "-266.95600", "2007-12-31": "-165.59700", "2006-12-31": "-15.35900", "2005-12-31": "495.43100"}, "Net Cash Flow": {"2019-12-31": "151.94100", "2018-12-31": "21.02800", "2017-12-31": "153.14500", "2016-12-31": "198.26400", "2015-12-31": "-153.81600", "2014-12-31": "-173.90800", "2013-12-31": "74.33200", "2012-12-31": "88.39900", "2011-12-31": "190.24300", "2010-12-31": "10.81000", "2009-12-31": "41.90400", "2008-12-31": "-44.87300", "2007-12-31": "0.69900", "2006-12-31": "142.59300", "2005-12-31": "-77.65500"}, "Stock-Based Compensation": {"2019-12-31": "34.01800", "2018-12-31": "32.36900", "2017-12-31": "30.29700", "2016-12-31": "26.39800", "2015-12-31": "21.23700", "2014-12-31": "21.19700", "2013-12-31": "31.84400", "2012-12-31": "31.98400", "2011-12-31": "17.69300", "2010-12-31": "14.78600", "2009-12-31": "13.34700", "2008-12-31": "16.30500", "2007-12-31": "17.11900", "2006-12-31": "15.12700", "2005-12-31": "8.00300"}, "Common Stock Dividends Paid": {"2019-12-31": "-234.32200", "2018-12-31": "-216.22100", "2017-12-31": "-207.24200", "2016-12-31": "-195.38400", "2015-12-31": "-175.10700", "2014-12-31": "-145.91300", "2013-12-31": "-106.68100", "2012-12-31": "-100.40200", "2011-12-31": "-103.84800", "2010-12-31": "-108.47700", "2009-12-31": "-116.85700", "2008-12-31": "-118.61600", "2007-12-31": "-121.38700", "2006-12-31": "-38.98600", "2005-12-31": "-25.42500"}}, "cash flow statement, quarterly": {"Net Income/Loss": {"2020-09-30": 243.057, "2020-06-30": 190.88, "2020-03-31": "16.61200", "2019-12-31": 217.644, "2019-09-30": 104.398, "2019-06-30": 332.868, "2019-03-31": "354.55100", "2018-12-31": -385.313, "2018-09-30": 194.141, "2018-06-30": 69.895, "2018-03-31": "210.31800", "2017-12-31": 584.808, "2017-09-30": -639.374, "2017-06-30": 245.674, "2017-03-31": "291.64300", "2016-12-31": 373.572, "2016-09-30": 295.394, "2016-06-30": 155.692, "2016-03-31": "171.68600", "2015-12-31": 357.281, "2015-09-30": 88.553, "2015-06-30": 209.057, "2015-03-31": "322.97800", "2014-12-31": 297.956, "2014-09-30": 301.253, "2014-06-30": 297.925, "2014-03-31": "302.02200", "2013-12-31": 366.748, "2013-09-30": 238.527, "2013-06-30": 275.642, "2013-03-31": "384.34300", "2012-12-31": 58.777, "2012-09-30": 250.922, "2012-06-30": 214.551, "2012-03-31": "304.70400", "2011-12-31": 41.042, "2011-09-30": 63.054, "2011-06-30": 131.312, "2011-03-31": "-315.89400", "2010-12-31": 302.533, "2010-09-30": 174.2, "2010-06-30": 156.673, "2010-03-31": "-22.65200", "2009-12-31": 197.227, "2009-09-30": 228.618, "2009-06-30": 272.588, "2009-03-31": "108.55600", "2008-12-31": -16.591, "2008-09-30": -233.127, "2008-06-30": 153.027, "2008-03-31": "77.93300", "2007-12-31": 12.238, "2007-09-30": 246.587, "2007-06-30": 282.868, "2007-03-31": "297.58200", "2006-12-31": 206.351, "2006-09-30": 245.678, "2006-06-30": 220.403, "2006-03-31": "168.39600", "2005-12-31": -162.197, "2005-09-30": -417.745, "2005-06-30": 194.18, "2005-03-31": "167.09500"}, "Total Depreciation And Amortization - Cash Flow": {"2020-09-30": 12.047, "2020-06-30": 11.907, "2020-03-31": "8.64000", "2019-12-31": 7.294, "2019-09-30": 10.321, "2019-06-30": 7.422, "2019-03-31": "5.89900", "2018-12-31": 4.468, "2018-09-30": 7.127, "2018-06-30": 8.727, "2018-03-31": "8.95000", "2017-12-31": 11.21, "2017-09-30": 12.182, "2017-06-30": 10.729, "2017-03-31": "11.74600", "2016-12-31": 11.013, "2016-09-30": 14.027, "2016-06-30": 11.772, "2016-03-31": "12.35500", "2015-12-31": 12.128, "2015-09-30": 13.257, "2015-06-30": 12.182, "2015-03-31": "13.33400", "2014-12-31": 11.207, "2014-09-30": 10.957, "2014-06-30": 13.51, "2014-03-31": "13.58600", "2013-12-31": 16.194, "2013-09-30": 14.787, "2013-06-30": 16.914, "2013-03-31": "18.62000", "2012-12-31": 16.063, "2012-09-30": 14.842, "2012-06-30": 16.212, "2012-03-31": "14.77900", "2011-12-31": 13.501, "2011-09-30": 8.826, "2011-06-30": 12.83, "2011-03-31": "12.76400", "2010-12-31": 9.917, "2010-09-30": 14.862, "2010-06-30": 10.465, "2010-03-31": "10.92700", "2009-12-31": 19.429, "2009-09-30": 5.96, "2009-06-30": 4.439, "2009-03-31": "2.53600", "2008-12-31": 5.921, "2008-09-30": 4.95, "2008-06-30": 4.068, "2008-03-31": "0.49600", "2007-12-31": -1.839, "2007-09-30": -5.845, "2007-06-30": -2.083, "2007-03-31": "1.33700", "2006-12-31": 2.605, "2006-09-30": 6.053, "2006-06-30": 5.948, "2006-03-31": "7.34000", "2005-12-31": 7.795, "2005-09-30": 8.297, "2005-06-30": 3.666, "2005-03-31": "7.70200"}, "Other Non-Cash Items": {"2020-09-30": -84.912, "2020-06-30": -145.527, "2020-03-31": "231.08900", "2019-12-31": -47.87, "2019-09-30": 42.196, "2019-06-30": 4.365, "2019-03-31": "-68.37700", "2018-12-31": 194.938, "2018-09-30": -19.77, "2018-06-30": 20.199, "2018-03-31": "48.76100", "2017-12-31": -12.411, "2017-09-30": -20.382, "2017-06-30": 0.564, "2017-03-31": "-39.84300", "2016-12-31": -18.871, "2016-09-30": 17.334, "2016-06-30": -1.056, "2016-03-31": "98.21500", "2015-12-31": 5.939, "2015-09-30": 190.05, "2015-06-30": 39.104, "2015-03-31": "24.27500", "2014-12-31": 3.08, "2014-09-30": 42.135, "2014-06-30": -48.845, "2014-03-31": "-8.09900", "2013-12-31": -69.624, "2013-09-30": -34.397, "2013-06-30": -19.945, "2013-03-31": "-87.43500", "2012-12-31": -28.538, "2012-09-30": -38.356, "2012-06-30": 28.188, "2012-03-31": "-62.99200", "2011-12-31": -194.796, "2011-09-30": 67.75, "2011-06-30": -8.525, "2011-03-31": "10.53000", "2010-12-31": -31.971, "2010-09-30": -4.172, "2010-06-30": 33.429, "2010-03-31": "-62.38800", "2009-12-31": 81.839, "2009-09-30": -21.758, "2009-06-30": -10.614, "2009-03-31": "34.99200", "2008-12-31": 158.077, "2008-09-30": 355.493, "2008-06-30": -0.215, "2008-03-31": "87.93200", "2007-12-31": -45.696, "2007-09-30": 43.227, "2007-06-30": -80, "2007-03-31": "-16.97400", "2006-12-31": -24.459, "2006-09-30": -6.297, "2006-06-30": 0.243, "2006-03-31": "-14.95100", "2005-12-31": -61.593, "2005-09-30": -55.885, "2005-06-30": -21.17, "2005-03-31": "-14.68100"}, "Total Non-Cash Items": {"2020-09-30": -72.865, "2020-06-30": -133.62, "2020-03-31": "239.72900", "2019-12-31": -40.576, "2019-09-30": 52.517, "2019-06-30": 11.787, "2019-03-31": "-62.47800", "2018-12-31": 199.406, "2018-09-30": -12.643, "2018-06-30": 28.926, "2018-03-31": "57.71100", "2017-12-31": -1.201, "2017-09-30": -8.2, "2017-06-30": 11.293, "2017-03-31": "-28.09700", "2016-12-31": -7.858, "2016-09-30": 31.361, "2016-06-30": 10.716, "2016-03-31": "110.57000", "2015-12-31": 18.067, "2015-09-30": 203.307, "2015-06-30": 51.286, "2015-03-31": "37.60900", "2014-12-31": 14.287, "2014-09-30": 53.092, "2014-06-30": -35.335, "2014-03-31": "5.48700", "2013-12-31": -53.43, "2013-09-30": -19.61, "2013-06-30": -3.031, "2013-03-31": "-68.81500", "2012-12-31": -12.475, "2012-09-30": -23.514, "2012-06-30": 44.4, "2012-03-31": "-48.21300", "2011-12-31": -181.295, "2011-09-30": 76.576, "2011-06-30": 4.305, "2011-03-31": "23.29400", "2010-12-31": -22.054, "2010-09-30": 10.69, "2010-06-30": 43.894, "2010-03-31": "-51.46100", "2009-12-31": 101.268, "2009-09-30": -15.798, "2009-06-30": -6.175, "2009-03-31": "37.52800", "2008-12-31": 163.998, "2008-09-30": 360.443, "2008-06-30": 3.853, "2008-03-31": "88.42800", "2007-12-31": -47.535, "2007-09-30": 37.382, "2007-06-30": -82.083, "2007-03-31": "-15.63700", "2006-12-31": -21.854, "2006-09-30": -0.244, "2006-06-30": 6.191, "2006-03-31": "-7.61100", "2005-12-31": -53.798, "2005-09-30": -47.588, "2005-06-30": -17.504, "2005-03-31": "-6.97900"}, "Change In Accounts Receivable": {"2020-09-30": -129.492, "2020-06-30": -149.983, "2020-03-31": "-250.14100", "2019-12-31": 267.954, "2019-09-30": -68.626, "2019-06-30": -60.081, "2019-03-31": "-133.82100", "2018-12-31": -206.449, "2018-09-30": -94.764, "2018-06-30": -536.776, "2018-03-31": "-56.59000", "2017-12-31": 220.424, "2017-09-30": -480.556, "2017-06-30": -78.274, "2017-03-31": "-250.52500", "2016-12-31": 54.761, "2016-09-30": -225.25, "2016-06-30": -22.855, "2016-03-31": "-25.26100", "2015-12-31": 147.591, "2015-09-30": -404.871, "2015-06-30": 85.722, "2015-03-31": "-191.75600", "2014-12-31": 349.826, "2014-09-30": -277.199, "2014-06-30": -145.539, "2014-03-31": "-89.36500", "2013-12-31": 380.073, "2013-09-30": -192.504, "2013-06-30": -140.481, "2013-03-31": "-145.80300", "2012-12-31": -53.073, "2012-09-30": -250.278, "2012-06-30": 36.33, "2012-03-31": "58.05300", "2011-12-31": -85.753, "2011-09-30": 83.484, "2011-06-30": -34.537, "2011-03-31": "-101.20500", "2010-12-31": 78.056, "2010-09-30": 59.402, "2010-06-30": -26.523, "2010-03-31": "-40.90300", "2009-12-31": -28.358, "2009-09-30": 45.594, "2009-06-30": 31.088, "2009-03-31": "-46.61600", "2008-12-31": -56.44, "2008-09-30": -16.253, "2008-06-30": -42.942, "2008-03-31": "69.51300", "2007-12-31": 45.197, "2007-09-30": 133.895, "2007-06-30": 113.594, "2007-03-31": "-10.80600", "2006-12-31": 83.988, "2006-09-30": 119.114, "2006-06-30": 139.349, "2006-03-31": "32.91400", "2005-12-31": 125.581, "2005-09-30": 3.653, "2005-06-30": 79.816, "2005-03-31": "43.92100"}, "Change In Inventories": {"2020-09-30": 0, "2020-06-30": 0, "2020-03-31": "", "2019-12-31": 0, "2019-09-30": 0, "2019-06-30": 0, "2019-03-31": "", "2018-12-31": 0, "2018-09-30": 0, "2018-06-30": 0, "2018-03-31": "", "2017-12-31": 0, "2017-09-30": 0, "2017-06-30": 0, "2017-03-31": "", "2016-12-31": 0, "2016-09-30": 0, "2016-06-30": 0, "2016-03-31": "", "2015-12-31": 0, "2015-09-30": 0, "2015-06-30": 0, "2015-03-31": "", "2014-12-31": 0, "2014-09-30": 0, "2014-06-30": 0, "2014-03-31": "", "2013-12-31": 0, "2013-09-30": 0, "2013-06-30": 0, "2013-03-31": "", "2012-12-31": 0, "2012-09-30": 0, "2012-06-30": 0, "2012-03-31": "", "2011-12-31": 0, "2011-09-30": 0, "2011-06-30": 0, "2011-03-31": "", "2010-12-31": 0, "2010-09-30": 0, "2010-06-30": 0, "2010-03-31": "", "2009-12-31": 0, "2009-09-30": 0, "2009-06-30": 0, "2009-03-31": "", "2008-12-31": 0, "2008-09-30": 0, "2008-06-30": 0, "2008-03-31": "", "2007-12-31": 0, "2007-09-30": 0, "2007-06-30": 0, "2007-03-31": "", "2006-12-31": 0, "2006-09-30": 0, "2006-06-30": 0, "2006-03-31": "", "2005-12-31": 0, "2005-09-30": 0, "2005-06-30": 0, "2005-03-31": ""}, "Change In Accounts Payable": {"2020-09-30": 1082.822, "2020-06-30": 543.39, "2020-03-31": "562.66400", "2019-12-31": -46.9791, "2019-09-30": 524.876, "2019-06-30": 281.83, "2019-03-31": "126.61900", "2018-12-31": 987.219, "2018-09-30": 516.854, "2018-06-30": 526.439, "2018-03-31": "8.19500", "2017-12-31": -786.215, "2017-09-30": 1908.056, "2017-06-30": 207.616, "2017-03-31": "338.60700", "2016-12-31": -91.208, "2016-09-30": 322.397, "2016-06-30": 194.556, "2016-03-31": "48.38100", "2015-12-31": -239.019, "2015-09-30": 444.005, "2015-06-30": -38.484, "2015-03-31": "85.84100", "2014-12-31": -408.499, "2014-09-30": 325.57, "2014-06-30": 136.456, "2014-03-31": "129.24800", "2013-12-31": -409.29, "2013-09-30": 251.858, "2013-06-30": 106.603, "2013-03-31": "74.35800", "2012-12-31": 276.021, "2012-09-30": 59.026, "2012-06-30": -302.68, "2012-03-31": "-128.22800", "2011-12-31": 310.7319, "2011-09-30": -80.966, "2011-06-30": 40.206, "2011-03-31": "539.09800", "2010-12-31": -162.157, "2010-09-30": 114.637, "2010-06-30": 1.67, "2010-03-31": "460.40800", "2009-12-31": 35.61, "2009-09-30": 129.014, "2009-06-30": -205.992, "2009-03-31": "38.44700", "2008-12-31": -200.279, "2008-09-30": 304.577, "2008-06-30": -69.968, "2008-03-31": "-25.92300", "2007-12-31": 196.621, "2007-09-30": 72.626, "2007-06-30": -128.879, "2007-03-31": "-123.90300", "2006-12-31": -96.917, "2006-09-30": -147.899, "2006-06-30": -201.436, "2006-03-31": "-16.80800", "2005-12-31": 204.958, "2005-09-30": 934.065, "2005-06-30": 109.878, "2005-03-31": "139.18800"}, "Change In Assets/Liabilities": {"2020-09-30": -246.811, "2020-06-30": 107.816, "2020-03-31": "2.23900", "2019-12-31": -102.023, "2019-09-30": 31.953, "2019-06-30": -260.965, "2019-03-31": "83.07500", "2018-12-31": -205.442, "2018-09-30": -207.007, "2018-06-30": -139.087, "2018-03-31": "-79.89900", "2017-12-31": -32.835, "2017-09-30": -104.137, "2017-06-30": -115.111, "2017-03-31": "-6.82600", "2016-12-31": 54.994, "2016-09-30": -173.079, "2016-06-30": -23.478, "2016-03-31": "73.98300", "2015-12-31": -2.382, "2015-09-30": -20.061, "2015-06-30": -91.401, "2015-03-31": "81.68300", "2014-12-31": -170.781, "2014-09-30": -37.251, "2014-06-30": -11.012, "2014-03-31": "-14.71200", "2013-12-31": -94.644, "2013-09-30": 34.472, "2013-06-30": -51.651, "2013-03-31": "-48.95200", "2012-12-31": -70.746, "2012-09-30": 118.843, "2012-06-30": 141.403, "2012-03-31": "-17.26900", "2011-12-31": 10.859, "2011-09-30": 51.124, "2011-06-30": -40.519, "2011-03-31": "100.11900", "2010-12-31": -58.565, "2010-09-30": -61.158, "2010-06-30": 45.796, "2010-03-31": "-74.06000", "2009-12-31": -119.679, "2009-09-30": -72.685, "2009-06-30": 11.912, "2009-03-31": "42.59100", "2008-12-31": 164.62, "2008-09-30": -40.241, "2008-06-30": -62.334, "2008-03-31": "40.70100", "2007-12-31": 29.219, "2007-09-30": -134.527, "2007-06-30": -85.073, "2007-03-31": "15.06500", "2006-12-31": -29.462, "2006-09-30": -35.705, "2006-06-30": -12.884, "2006-03-31": "-15.24900", "2005-12-31": -39.641, "2005-09-30": -95.233, "2005-06-30": -73.075, "2005-03-31": "-18.00800"}, "Total Change In Assets/Liabilities": {"2020-09-30": 915.83, "2020-06-30": 541.337, "2020-03-31": "249.64800", "2019-12-31": 188.071, "2019-09-30": 476.437, "2019-06-30": 49.054, "2019-03-31": "167.72900", "2018-12-31": 252.3469, "2018-09-30": 229.483, "2018-06-30": -161.813, "2018-03-31": "-72.38900", "2017-12-31": -465.132, "2017-09-30": 1057.43, "2017-06-30": -4.417, "2017-03-31": "118.26600", "2016-12-31": 57.1379, "2016-09-30": -49.573, "2016-06-30": 141.682, "2016-03-31": "93.22000", "2015-12-31": -68.954, "2015-09-30": -21.656, "2015-06-30": -79.275, "2015-03-31": "-10.01800", "2014-12-31": -183.425, "2014-09-30": -18.833, "2014-06-30": -39.255, "2014-03-31": "59.58800", "2013-12-31": -40.021, "2013-09-30": 167.105, "2013-06-30": -93.027, "2013-03-31": "-56.17000", "2012-12-31": 168.894, "2012-09-30": -52.482, "2012-06-30": -120.179, "2012-03-31": "-90.75300", "2011-12-31": 311.335, "2011-09-30": 68.28, "2011-06-30": 15.023, "2011-03-31": "480.70600", "2010-12-31": -152.617, "2010-09-30": 112.881, "2010-06-30": 20.943, "2010-03-31": "345.44500", "2009-12-31": -112.427, "2009-09-30": 101.923, "2009-06-30": -162.992, "2009-03-31": "34.42200", "2008-12-31": -92.099, "2008-09-30": 248.083, "2008-06-30": -175.244, "2008-03-31": "84.29100", "2007-12-31": 271.037, "2007-09-30": 71.994, "2007-06-30": -100.358, "2007-03-31": "-119.64400", "2006-12-31": -42.391, "2006-09-30": -64.49, "2006-06-30": -74.971, "2006-03-31": "0.85700", "2005-12-31": 290.898, "2005-09-30": 842.485, "2005-06-30": 116.619, "2005-03-31": "165.10100"}, "Cash Flow From Operating Activities": {"2020-09-30": 1086.022, "2020-06-30": 598.597, "2020-03-31": "505.98900", "2019-12-31": 365.139, "2019-09-30": 633.352, "2019-06-30": 393.709, "2019-03-31": "459.80200", "2018-12-31": 66.44, "2018-09-30": 410.981, "2018-06-30": -62.992, "2018-03-31": "195.64000", "2017-12-31": 118.475, "2017-09-30": 409.856, "2017-06-30": 252.55, "2017-03-31": "381.81200", "2016-12-31": 422.852, "2016-09-30": 277.182, "2016-06-30": 308.09, "2016-03-31": "375.47600", "2015-12-31": 306.394, "2015-09-30": 270.204, "2015-06-30": 181.068, "2015-03-31": "350.56900", "2014-12-31": 128.818, "2014-09-30": 335.512, "2014-06-30": 223.335, "2014-03-31": "367.09700", "2013-12-31": 273.297, "2013-09-30": 386.022, "2013-06-30": 179.584, "2013-03-31": "259.35800", "2012-12-31": 215.196, "2012-09-30": 174.926, "2012-06-30": 138.772, "2012-03-31": "165.73800", "2011-12-31": 171.082, "2011-09-30": 207.91, "2011-06-30": 150.64, "2011-03-31": "188.10600", "2010-12-31": 127.862, "2010-09-30": 297.771, "2010-06-30": 221.51, "2010-03-31": "271.33200", "2009-12-31": 186.068, "2009-09-30": 314.743, "2009-06-30": 103.421, "2009-03-31": "180.50600", "2008-12-31": 55.308, "2008-09-30": 375.399, "2008-06-30": -18.364, "2008-03-31": "250.65200", "2007-12-31": 235.74, "2007-09-30": 355.963, "2007-06-30": 100.427, "2007-03-31": "162.30100", "2006-12-31": 142.106, "2006-09-30": 180.944, "2006-06-30": 151.623, "2006-03-31": "161.64200", "2005-12-31": 74.903, "2005-09-30": 377.152, "2005-06-30": 293.295, "2005-03-31": "325.21700"}, "Net Change In Property, Plant, And Equipment": {"2020-09-30": 0, "2020-06-30": 0, "2020-03-31": "", "2019-12-31": 0, "2019-09-30": 0, "2019-06-30": 0, "2019-03-31": "", "2018-12-31": 0, "2018-09-30": 0, "2018-06-30": 0, "2018-03-31": "", "2017-12-31": 0, "2017-09-30": 0, "2017-06-30": 0, "2017-03-31": "", "2016-12-31": 0, "2016-09-30": 0, "2016-06-30": 0, "2016-03-31": "", "2015-12-31": 0, "2015-09-30": 0, "2015-06-30": 0, "2015-03-31": "", "2014-12-31": 0, "2014-09-30": 0, "2014-06-30": 0, "2014-03-31": "", "2013-12-31": 0, "2013-09-30": 0, "2013-06-30": 0, "2013-03-31": "", "2012-12-31": 0, "2012-09-30": 0, "2012-06-30": 0, "2012-03-31": "", "2011-12-31": 0, "2011-09-30": 0, "2011-06-30": 0, "2011-03-31": "", "2010-12-31": 0, "2010-09-30": 0, "2010-06-30": 0, "2010-03-31": "", "2009-12-31": 0, "2009-09-30": 0, "2009-06-30": 0, "2009-03-31": "", "2008-12-31": 0, "2008-09-30": 0, "2008-06-30": 0, "2008-03-31": "", "2007-12-31": 0, "2007-09-30": 0, "2007-06-30": 0, "2007-03-31": "", "2006-12-31": 0, "2006-09-30": 0, "2006-06-30": 0, "2006-03-31": "", "2005-12-31": 0, "2005-09-30": 0, "2005-06-30": 0, "2005-03-31": ""}, "Net Change In Intangible Assets": {"2020-09-30": 0, "2020-06-30": 0, "2020-03-31": "", "2019-12-31": 0, "2019-09-30": 0, "2019-06-30": 0, "2019-03-31": "", "2018-12-31": 0, "2018-09-30": 0, "2018-06-30": 0, "2018-03-31": "", "2017-12-31": 0, "2017-09-30": 0, "2017-06-30": 0, "2017-03-31": "", "2016-12-31": 0, "2016-09-30": 0, "2016-06-30": 0, "2016-03-31": "", "2015-12-31": 0, "2015-09-30": 0, "2015-06-30": 0, "2015-03-31": "", "2014-12-31": 0, "2014-09-30": 0, "2014-06-30": 0, "2014-03-31": "", "2013-12-31": 0, "2013-09-30": 0, "2013-06-30": 0, "2013-03-31": "", "2012-12-31": 0, "2012-09-30": 0, "2012-06-30": 0, "2012-03-31": "", "2011-12-31": 0, "2011-09-30": 0, "2011-06-30": 0, "2011-03-31": "", "2010-12-31": 0, "2010-09-30": 0, "2010-06-30": 0, "2010-03-31": "", "2009-12-31": 0, "2009-09-30": 0, "2009-06-30": 0, "2009-03-31": "", "2008-12-31": 0, "2008-09-30": 0, "2008-06-30": 0, "2008-03-31": "", "2007-12-31": 0, "2007-09-30": 0, "2007-06-30": 0, "2007-03-31": "", "2006-12-31": 0, "2006-09-30": 0, "2006-06-30": 0, "2006-03-31": "", "2005-12-31": 0, "2005-09-30": 0, "2005-06-30": 0, "2005-03-31": ""}, "Net Acquisitions/Divestitures": {"2020-09-30": 0, "2020-06-30": 0, "2020-03-31": "", "2019-12-31": 0, "2019-09-30": 0, "2019-06-30": 0, "2019-03-31": "", "2018-12-31": 0, "2018-09-30": 0, "2018-06-30": 0, "2018-03-31": "", "2017-12-31": 0, "2017-09-30": 0, "2017-06-30": 0, "2017-03-31": "", "2016-12-31": 0, "2016-09-30": 47.721, "2016-06-30": 0, "2016-03-31": "", "2015-12-31": 0, "2015-09-30": 3.934, "2015-06-30": 0, "2015-03-31": "", "2014-12-31": 0, "2014-09-30": 0, "2014-06-30": 0, "2014-03-31": "", "2013-12-31": 0, "2013-09-30": 0, "2013-06-30": 0, "2013-03-31": "", "2012-12-31": 0, "2012-09-30": 0, "2012-06-30": 0, "2012-03-31": "", "2011-12-31": 0, "2011-09-30": 0, "2011-06-30": 0, "2011-03-31": "-63.10000", "2010-12-31": 0, "2010-09-30": 0, "2010-06-30": 0, "2010-03-31": "", "2009-12-31": 0, "2009-09-30": 0, "2009-06-30": 0, "2009-03-31": "", "2008-12-31": 0, "2008-09-30": 0, "2008-06-30": 0, "2008-03-31": "", "2007-12-31": 0, "2007-09-30": 0, "2007-06-30": 0, "2007-03-31": "", "2006-12-31": 0, "2006-09-30": 0, "2006-06-30": 0, "2006-03-31": "", "2005-12-31": 0, "2005-09-30": 0, "2005-06-30": 0, "2005-03-31": ""}, "Net Change In Short-term Investments": {"2020-09-30": -365.287, "2020-06-30": -411.575, "2020-03-31": "-27.88200", "2019-12-31": 45.758, "2019-09-30": 286.935, "2019-06-30": -145.595, "2019-03-31": "-354.38800", "2018-12-31": 454.815, "2018-09-30": -212.707, "2018-06-30": 43.537, "2018-03-31": "169.70500", "2017-12-31": -147.923, "2017-09-30": -31.566, "2017-06-30": 150.744, "2017-03-31": "-45.17800", "2016-12-31": -119.07, "2016-09-30": 216.134, "2016-06-30": -88.325, "2016-03-31": "360.23800", "2015-12-31": -157.169, "2015-09-30": 291.023, "2015-06-30": -15.073, "2015-03-31": "222.95200", "2014-12-31": 208.339, "2014-09-30": 138.855, "2014-06-30": -270.962, "2014-03-31": "-152.71500", "2013-12-31": -350.043, "2013-09-30": -139.544, "2013-06-30": 53.629, "2013-03-31": "78.50700", "2012-12-31": 112.153, "2012-09-30": -24.466, "2012-06-30": -5.025, "2012-03-31": "-257.70500", "2011-12-31": 149.585, "2011-09-30": -51.333, "2011-06-30": -130.222, "2011-03-31": "132.93900", "2010-12-31": -193.976, "2010-09-30": -208.162, "2010-06-30": 209.878, "2010-03-31": "82.01900", "2009-12-31": 666.868, "2009-09-30": -229.898, "2009-06-30": 78.14, "2009-03-31": "712.92200", "2008-12-31": -708.508, "2008-09-30": 55.779, "2008-06-30": 1006.187, "2008-03-31": "-42.13600", "2007-12-31": 459.787, "2007-09-30": -209.356, "2007-06-30": -873.1, "2007-03-31": "-229.99000", "2006-12-31": 33.769, "2006-09-30": -237.254, "2006-06-30": -108.943, "2006-03-31": "462.80700", "2005-12-31": -799.483, "2005-09-30": -60.21, "2005-06-30": -152.672, "2005-03-31": "158.86600"}, "Net Change In Long-Term Investments": {"2020-09-30": -820.1099, "2020-06-30": -86.8122, "2020-03-31": "-317.19890", "2019-12-31": -302.813, "2019-09-30": -778.1268, "2019-06-30": -239.7941, "2019-03-31": "-182.86310", "2018-12-31": -442.743, "2018-09-30": -283.711, "2018-06-30": -1822.86, "2018-03-31": "-1333.72300", "2017-12-31": -2032.24, "2017-09-30": -1016.006, "2017-06-30": -1467.506, "2017-03-31": "-1691.71600", "2016-12-31": -1395.62, "2016-09-30": -1622.001, "2016-06-30": -1179.301, "2016-03-31": "-1710.52100", "2015-12-31": -165.782, "2015-09-30": -235.7482, "2015-06-30": -161.3297, "2015-03-31": "-498.39010", "2014-12-31": 178.8453, "2014-09-30": -272.8175, "2014-06-30": -448.8049, "2014-03-31": "-250.36100", "2013-12-31": 39.267, "2013-09-30": 51.8562, "2013-06-30": 112.8949, "2013-03-31": "-167.84310", "2012-12-31": -178.6702, "2012-09-30": -131.5008, "2012-06-30": -72.2829, "2012-03-31": "204.12790", "2011-12-31": -205.738, "2011-09-30": -20.0209, "2011-06-30": -90.4049, "2011-03-31": "-110.24710", "2010-12-31": 180.0547, "2010-09-30": 108.9395, "2010-06-30": -330.2232, "2010-03-31": "-185.30790", "2009-12-31": -782.492, "2009-09-30": -327.7251, "2009-06-30": -190.1638, "2009-03-31": "-493.40410", "2008-12-31": 509.9917, "2008-09-30": -304.574, "2008-06-30": -851.628, "2008-03-31": "-179.97300", "2007-12-31": -383.021, "2007-09-30": -66.0709, "2007-06-30": 457.841, "2007-03-31": "195.67300", "2006-12-31": -144.5731, "2006-09-30": 98.6062, "2006-06-30": -16.4771, "2006-03-31": "-604.76300", "2005-12-31": -70.9551, "2005-09-30": -184.129, "2005-06-30": -205.748, "2005-03-31": "-297.34000"}, "Net Change In Investments - Total": {"2020-09-30": -1185.3969, "2020-06-30": -498.3872, "2020-03-31": "-345.08090", "2019-12-31": -257.055, "2019-09-30": -491.1918, "2019-06-30": -385.3891, "2019-03-31": "-537.25110", "2018-12-31": 12.072, "2018-09-30": -496.418, "2018-06-30": -1779.323, "2018-03-31": "-1164.01800", "2017-12-31": -2180.163, "2017-09-30": -1047.572, "2017-06-30": -1316.762, "2017-03-31": "-1736.89400", "2016-12-31": -1514.69, "2016-09-30": -1405.867, "2016-06-30": -1267.626, "2016-03-31": "-1350.28300", "2015-12-31": -322.9508, "2015-09-30": 55.2749, "2015-06-30": -176.4028, "2015-03-31": "-275.43810", "2014-12-31": 387.1839, "2014-09-30": -133.962, "2014-06-30": -719.767, "2014-03-31": "-403.07600", "2013-12-31": -310.776, "2013-09-30": -87.6878, "2013-06-30": 166.5239, "2013-03-31": "-89.33610", "2012-12-31": -66.5172, "2012-09-30": -155.9668, "2012-06-30": -77.3079, "2012-03-31": "-53.57710", "2011-12-31": -56.1531, "2011-09-30": -71.3538, "2011-06-30": -220.6269, "2011-03-31": "22.69190", "2010-12-31": -13.9213, "2010-09-30": -99.2225, "2010-06-30": -120.3452, "2010-03-31": "-103.28890", "2009-12-31": -115.6237, "2009-09-30": -557.6233, "2009-06-30": -112.0238, "2009-03-31": "219.51790", "2008-12-31": -198.5161, "2008-09-30": -248.7954, "2008-06-30": 154.5592, "2008-03-31": "-222.10900", "2007-12-31": 76.766, "2007-09-30": -275.427, "2007-06-30": -415.2589, "2007-03-31": "-34.31700", "2006-12-31": -110.8041, "2006-09-30": -138.6479, "2006-06-30": -125.42, "2006-03-31": "-141.95600", "2005-12-31": -870.438, "2005-09-30": -244.339, "2005-06-30": -358.42, "2005-03-31": "-138.47400"}, "Investing Activities - Other": {"2020-09-30": 85.112, "2020-06-30": 127.579, "2020-03-31": "86.90000", "2019-12-31": 56.365, "2019-09-30": -30.253, "2019-06-30": 127.782, "2019-03-31": "104.50100", "2018-12-31": -14.519, "2018-09-30": 217.071, "2018-06-30": 1836.912, "2018-03-31": "1108.60200", "2017-12-31": 2212.081, "2017-09-30": 812.534, "2017-06-30": 1121.592, "2017-03-31": "1402.60700", "2016-12-31": 1187.791, "2016-09-30": 1323.78, "2016-06-30": 1179.201, "2016-03-31": "1142.10000", "2015-12-31": 10.942, "2015-09-30": -8.64, "2015-06-30": 21.888, "2015-03-31": "10.29200", "2014-12-31": 38.289, "2014-09-30": 29.607, "2014-06-30": 24.512, "2014-03-31": "18.64100", "2013-12-31": 32.102, "2013-09-30": -64.95, "2013-06-30": 88.572, "2013-03-31": "41.54900", "2012-12-31": -30.168, "2012-09-30": 92.006, "2012-06-30": -20.058, "2012-03-31": "47.04100", "2011-12-31": -56.845, "2011-09-30": 4.168, "2011-06-30": 215.596, "2011-03-31": "-41.30100", "2010-12-31": 49.301, "2010-09-30": -1.701, "2010-06-30": -38.863, "2010-03-31": "58.02800", "2009-12-31": 35.967, "2009-09-30": 104.102, "2009-06-30": 49.629, "2009-03-31": "3.69900", "2008-12-31": 183.399, "2008-09-30": -52.82, "2008-06-30": -74.233, "2008-03-31": "68.49100", "2007-12-31": -7.86, "2007-09-30": 7.493, "2007-06-30": -3.992, "2007-03-31": "-0.42000", "2006-12-31": -1.396, "2006-09-30": -8.726, "2006-06-30": -24.378, "2006-03-31": "23.17800", "2005-12-31": 30.07, "2005-09-30": -100.843, "2005-06-30": 39.758, "2005-03-31": "31.17400"}, "Cash Flow From Investing Activities": {"2020-09-30": -1100.285, "2020-06-30": -370.808, "2020-03-31": "-258.18100", "2019-12-31": -200.69, "2019-09-30": -521.445, "2019-06-30": -257.607, "2019-03-31": "-432.75000", "2018-12-31": -2.447, "2018-09-30": -279.348, "2018-06-30": 57.59, "2018-03-31": "-55.41600", "2017-12-31": 31.918, "2017-09-30": -235.037, "2017-06-30": -195.171, "2017-03-31": "-334.28700", "2016-12-31": -326.899, "2016-09-30": -34.366, "2016-06-30": -88.425, "2016-03-31": "-208.18300", "2015-12-31": -312.009, "2015-09-30": 50.569, "2015-06-30": -154.515, "2015-03-31": "-265.14600", "2014-12-31": 425.473, "2014-09-30": -104.355, "2014-06-30": -695.255, "2014-03-31": "-384.43500", "2013-12-31": -278.674, "2013-09-30": -152.638, "2013-06-30": 255.096, "2013-03-31": "-47.78700", "2012-12-31": -96.685, "2012-09-30": -63.961, "2012-06-30": -97.366, "2012-03-31": "-6.53600", "2011-12-31": -112.998, "2011-09-30": -67.186, "2011-06-30": -5.031, "2011-03-31": "-81.70900", "2010-12-31": 35.38, "2010-09-30": -100.924, "2010-06-30": -159.208, "2010-03-31": "-45.26100", "2009-12-31": -79.657, "2009-09-30": -453.521, "2009-06-30": -62.395, "2009-03-31": "223.21700", "2008-12-31": -15.117, "2008-09-30": -301.615, "2008-06-30": 80.326, "2008-03-31": "-153.61800", "2007-12-31": 68.906, "2007-09-30": -267.934, "2007-06-30": -419.251, "2007-03-31": "-34.73700", "2006-12-31": -112.2, "2006-09-30": -147.374, "2006-06-30": -149.798, "2006-03-31": "-118.77800", "2005-12-31": -840.368, "2005-09-30": -345.182, "2005-06-30": -318.662, "2005-03-31": "-107.30000"}, "Net Long-Term Debt": {"2020-09-30": 100.647, "2020-06-30": -10.647, "2020-03-31": "", "2019-12-31": 0, "2019-09-30": 0, "2019-06-30": 0, "2019-03-31": "", "2018-12-31": 0, "2018-09-30": 0, "2018-06-30": 0, "2018-03-31": "", "2017-12-31": 0, "2017-09-30": 0, "2017-06-30": 0, "2017-03-31": "", "2016-12-31": 0, "2016-09-30": 0, "2016-06-30": 0, "2016-03-31": "", "2015-12-31": 0, "2015-09-30": 0, "2015-06-30": 0, "2015-03-31": "", "2014-12-31": -250, "2014-09-30": 0, "2014-06-30": 400, "2014-03-31": "", "2013-12-31": 0, "2013-09-30": 0, "2013-06-30": -329.897, "2013-03-31": "", "2012-12-31": 0, "2012-09-30": 0, "2012-06-30": 0, "2012-03-31": "", "2011-12-31": 0, "2011-09-30": 0, "2011-06-30": 0, "2011-03-31": "", "2010-12-31": 0, "2010-09-30": -200, "2010-06-30": 200, "2010-03-31": "-200.00000", "2009-12-31": 0, "2009-09-30": 0, "2009-06-30": 0, "2009-03-31": "-83.02600", "2008-12-31": 0, "2008-09-30": 0, "2008-06-30": 0, "2008-03-31": "", "2007-12-31": -216.496, "2007-09-30": 0, "2007-06-30": 395.637, "2007-03-31": "", "2006-12-31": 0, "2006-09-30": 0, "2006-06-30": 0, "2006-03-31": "", "2005-12-31": 0, "2005-09-30": 0, "2005-06-30": 0, "2005-03-31": "-250.00000"}, "Net Current Debt": {"2020-09-30": 0, "2020-06-30": -50, "2020-03-31": "50.00000", "2019-12-31": 0, "2019-09-30": 0, "2019-06-30": 0, "2019-03-31": "", "2018-12-31": 0, "2018-09-30": 0, "2018-06-30": 0, "2018-03-31": "", "2017-12-31": 0, "2017-09-30": 0, "2017-06-30": 0, "2017-03-31": "", "2016-12-31": 0, "2016-09-30": 0, "2016-06-30": 0, "2016-03-31": "", "2015-12-31": 0, "2015-09-30": 0, "2015-06-30": 0, "2015-03-31": "", "2014-12-31": 0, "2014-09-30": 0, "2014-06-30": 0, "2014-03-31": "", "2013-12-31": 0, "2013-09-30": -40, "2013-06-30": 40, "2013-03-31": "", "2012-12-31": 0, "2012-09-30": 0, "2012-06-30": 0, "2012-03-31": "", "2011-12-31": 0, "2011-09-30": -40, "2011-06-30": 0, "2011-03-31": "-10.00000", "2010-12-31": -33, "2010-09-30": -50, "2010-06-30": 133, "2010-03-31": "", "2009-12-31": 0, "2009-09-30": 0, "2009-06-30": 0, "2009-03-31": "", "2008-12-31": 0, "2008-09-30": 0, "2008-06-30": 0, "2008-03-31": "", "2007-12-31": 0, "2007-09-30": 0, "2007-06-30": 0, "2007-03-31": "", "2006-12-31": 0, "2006-09-30": 0, "2006-06-30": 0, "2006-03-31": "", "2005-12-31": 0, "2005-09-30": 0, "2005-06-30": 0, "2005-03-31": ""}, "Debt Issuance/Retirement Net - Total": {"2020-09-30": 100.647, "2020-06-30": -60.647, "2020-03-31": "50.00000", "2019-12-31": 0, "2019-09-30": 0, "2019-06-30": 0, "2019-03-31": "", "2018-12-31": 0, "2018-09-30": 0, "2018-06-30": 0, "2018-03-31": "", "2017-12-31": 0, "2017-09-30": 0, "2017-06-30": 0, "2017-03-31": "", "2016-12-31": 0, "2016-09-30": 0, "2016-06-30": 0, "2016-03-31": "", "2015-12-31": 0, "2015-09-30": 0, "2015-06-30": 0, "2015-03-31": "", "2014-12-31": -250, "2014-09-30": 0, "2014-06-30": 400, "2014-03-31": "", "2013-12-31": 0, "2013-09-30": -40, "2013-06-30": -289.897, "2013-03-31": "", "2012-12-31": 0, "2012-09-30": 0, "2012-06-30": 0, "2012-03-31": "", "2011-12-31": 0, "2011-09-30": -40, "2011-06-30": 0, "2011-03-31": "-10.00000", "2010-12-31": -33, "2010-09-30": -250, "2010-06-30": 333, "2010-03-31": "-200.00000", "2009-12-31": 0, "2009-09-30": 0, "2009-06-30": 0, "2009-03-31": "-83.02600", "2008-12-31": 0, "2008-09-30": 0, "2008-06-30": 0, "2008-03-31": "", "2007-12-31": -216.496, "2007-09-30": 0, "2007-06-30": 395.637, "2007-03-31": "", "2006-12-31": 0, "2006-09-30": 0, "2006-06-30": 0, "2006-03-31": "", "2005-12-31": 0, "2005-09-30": 0, "2005-06-30": 0, "2005-03-31": "-250.00000"}, "Net Common Equity Issued/Repurchased": {"2020-09-30": -0.777, "2020-06-30": -0.267, "2020-03-31": "-212.59300", "2019-12-31": 4.702, "2019-09-30": -0.351, "2019-06-30": -7.648, "2019-03-31": "-24.44100", "2018-12-31": -0.394, "2018-09-30": -48.332, "2018-06-30": -25.352, "2018-03-31": "-9.38300", "2017-12-31": -49.66, "2017-09-30": 0.197, "2017-06-30": 0.782, "2017-03-31": "-6.62900", "2016-12-31": -1.624, "2016-09-30": -190.239, "2016-06-30": -97.911, "2016-03-31": "-85.76300", "2015-12-31": -71.377, "2015-09-30": -195.572, "2015-06-30": -44.475, "2015-03-31": "-75.03800", "2014-12-31": -97.708, "2014-09-30": -72.669, "2014-06-30": -63.946, "2014-03-31": "-247.86200", "2013-12-31": -72.131, "2013-09-30": -94.898, "2013-06-30": -191.672, "2013-03-31": "-211.71400", "2012-12-31": -38.358, "2012-09-30": -23.113, "2012-06-30": -84.656, "2012-03-31": "-122.38800", "2011-12-31": -4.49, "2011-09-30": -45.677, "2011-06-30": 5.879, "2011-03-31": "-35.93300", "2010-12-31": -50.097, "2010-09-30": -99.129, "2010-06-30": -199.951, "2010-03-31": "-46.31100", "2009-12-31": -94.32, "2009-09-30": -39.963, "2009-06-30": -49.162, "2009-03-31": "0.13200", "2008-12-31": 0.351, "2008-09-30": -22.714, "2008-06-30": -22.564, "2008-03-31": "-103.41300", "2007-12-31": 2.297, "2007-09-30": -37.008, "2007-06-30": -9.324, "2007-03-31": "-179.31600", "2006-12-31": 5.754, "2006-09-30": -0.545, "2006-06-30": 2.659, "2006-03-31": "15.75900", "2005-12-31": 753.523, "2005-09-30": 5.841, "2005-06-30": 1.047, "2005-03-31": "10.44500"}, "Net Total Equity Issued/Repurchased": {"2020-09-30": -0.777, "2020-06-30": -0.267, "2020-03-31": "-212.59300", "2019-12-31": 4.702, "2019-09-30": -0.351, "2019-06-30": -7.648, "2019-03-31": "-24.44100", "2018-12-31": -0.394, "2018-09-30": -48.332, "2018-06-30": -25.352, "2018-03-31": "-9.38300", "2017-12-31": -49.66, "2017-09-30": 0.197, "2017-06-30": 0.782, "2017-03-31": "-6.62900", "2016-12-31": -1.624, "2016-09-30": -190.239, "2016-06-30": -97.911, "2016-03-31": "-85.76300", "2015-12-31": -71.377, "2015-09-30": -195.572, "2015-06-30": -44.475, "2015-03-31": "-75.03800", "2014-12-31": -97.708, "2014-09-30": -72.669, "2014-06-30": -63.946, "2014-03-31": "-247.86200", "2013-12-31": -72.131, "2013-09-30": -94.898, "2013-06-30": -191.672, "2013-03-31": "-211.71400", "2012-12-31": -38.358, "2012-09-30": -23.113, "2012-06-30": -84.656, "2012-03-31": "-122.38800", "2011-12-31": -4.49, "2011-09-30": -45.677, "2011-06-30": 5.879, "2011-03-31": "-35.93300", "2010-12-31": -50.097, "2010-09-30": -99.129, "2010-06-30": -199.951, "2010-03-31": "-46.31100", "2009-12-31": -94.32, "2009-09-30": -39.963, "2009-06-30": -49.162, "2009-03-31": "0.13200", "2008-12-31": 0.351, "2008-09-30": -22.714, "2008-06-30": -22.564, "2008-03-31": "-103.41300", "2007-12-31": 2.297, "2007-09-30": -37.008, "2007-06-30": -9.324, "2007-03-31": "-179.31600", "2006-12-31": 5.754, "2006-09-30": -0.545, "2006-06-30": 2.659, "2006-03-31": "15.75900", "2005-12-31": 753.523, "2005-09-30": 5.841, "2005-06-30": 1.047, "2005-03-31": "10.44500"}, "Total Common And Preferred Stock Dividends Paid": {"2020-09-30": -61.905, "2020-06-30": -61.928, "2020-03-31": "-63.27700", "2019-12-31": -63.191, "2019-09-30": -56.995, "2019-06-30": -56.999, "2019-03-31": "-57.13700", "2018-12-31": -56.878, "2018-09-30": -52.863, "2018-06-30": -53.24, "2018-03-31": "-53.24000", "2017-12-31": -53.355, "2017-09-30": -51.302, "2017-06-30": -51.304, "2017-03-31": "-51.28100", "2016-12-31": -51.087, "2016-09-30": -47.459, "2016-06-30": -48.132, "2016-03-31": "-48.70600", "2015-12-31": -49.202, "2015-09-30": -41.698, "2015-06-30": -41.955, "2015-03-31": "-42.25200", "2014-12-31": -32.545, "2014-09-30": -44.307, "2014-06-30": -34.319, "2014-03-31": "-34.74200", "2013-12-31": -35.961, "2013-09-30": -23.174, "2013-06-30": -23.315, "2013-03-31": "-24.23100", "2012-12-31": -24.735, "2012-09-30": -24.897, "2012-06-30": -25.129, "2012-03-31": "-25.64100", "2011-12-31": -25.786, "2011-09-30": -25.936, "2011-06-30": -26.081, "2011-03-31": "-26.04500", "2010-12-31": -26.063, "2010-09-30": -26.574, "2010-06-30": -27.556, "2010-03-31": "-28.28400", "2009-12-31": -28.668, "2009-09-30": -29.1, "2009-06-30": -29.549, "2009-03-31": "-29.54000", "2008-12-31": -29.483, "2008-09-30": -29.463, "2008-06-30": -29.676, "2008-03-31": "-29.99400", "2007-12-31": -30.388, "2007-09-30": -30.038, "2007-06-30": -30.223, "2007-03-31": "-30.73800", "2006-12-31": -15.609, "2006-09-30": -7.798, "2006-06-30": -7.792, "2006-03-31": "-7.78700", "2005-12-31": -6.809, "2005-09-30": -6.216, "2005-06-30": -6.202, "2005-03-31": "-6.19800"}, "Financial Activities - Other": {"2020-09-30": -11.804, "2020-06-30": 1.039, "2020-03-31": "-15.18000", "2019-12-31": -1.154, "2019-09-30": -0.725, "2019-06-30": -0.305, "2019-03-31": "-11.44300", "2018-12-31": -1.653, "2018-09-30": -0.4, "2018-06-30": -0.614, "2018-03-31": "-14.24500", "2017-12-31": -0.199, "2017-09-30": -0.3, "2017-06-30": -0.89, "2017-03-31": "-11.51700", "2016-12-31": -0.578, "2016-09-30": -0.927, "2016-06-30": -0.759, "2016-03-31": "-8.33100", "2015-12-31": -11.601, "2015-09-30": 0, "2015-06-30": 0, "2015-03-31": "", "2014-12-31": -136.2, "2014-09-30": -65, "2014-06-30": 130.5, "2014-03-31": "70.70000", "2013-12-31": 143, "2013-09-30": 87.5, "2013-06-30": 0, "2013-03-31": "", "2012-12-31": 0, "2012-09-30": 0, "2012-06-30": 0, "2012-03-31": "", "2011-12-31": 0, "2011-09-30": 0, "2011-06-30": 0, "2011-03-31": "", "2010-12-31": 0, "2010-09-30": 200, "2010-06-30": -200, "2010-03-31": "", "2009-12-31": 0, "2009-09-30": 0, "2009-06-30": 0, "2009-03-31": "", "2008-12-31": 0, "2008-09-30": 0, "2008-06-30": 0, "2008-03-31": "", "2007-12-31": 0, "2007-09-30": 0, "2007-06-30": 0, "2007-03-31": "", "2006-12-31": 0, "2006-09-30": 0, "2006-06-30": 0, "2006-03-31": "", "2005-12-31": 0, "2005-09-30": 0, "2005-06-30": 0, "2005-03-31": ""}, "Cash Flow From Financial Activities": {"2020-09-30": 26.162, "2020-06-30": -121.803, "2020-03-31": "-241.05000", "2019-12-31": -59.643, "2019-09-30": -58.071, "2019-06-30": -64.952, "2019-03-31": "-93.02100", "2018-12-31": -58.925, "2018-09-30": -101.595, "2018-06-30": -79.206, "2018-03-31": "-76.86800", "2017-12-31": -103.214, "2017-09-30": -51.405, "2017-06-30": -51.412, "2017-03-31": "-69.42700", "2016-12-31": -53.289, "2016-09-30": -238.625, "2016-06-30": -146.802, "2016-03-31": "-142.80000", "2015-12-31": -132.18, "2015-09-30": -237.27, "2015-06-30": -86.43, "2015-03-31": "-117.29000", "2014-12-31": -516.453, "2014-09-30": -181.976, "2014-06-30": 432.235, "2014-03-31": "-211.90400", "2013-12-31": 34.908, "2013-09-30": -70.572, "2013-06-30": -504.884, "2013-03-31": "-235.94500", "2012-12-31": -63.093, "2012-09-30": -48.01, "2012-06-30": -109.785, "2012-03-31": "-148.02900", "2011-12-31": -30.276, "2011-09-30": -111.613, "2011-06-30": -20.202, "2011-03-31": "-71.97800", "2010-12-31": -109.16, "2010-09-30": -175.703, "2010-06-30": -94.507, "2010-03-31": "-274.59500", "2009-12-31": -122.988, "2009-09-30": -69.063, "2009-06-30": -78.711, "2009-03-31": "-112.43400", "2008-12-31": -29.132, "2008-09-30": -52.177, "2008-06-30": -52.24, "2008-03-31": "-133.40700", "2007-12-31": -244.587, "2007-09-30": -67.046, "2007-06-30": 356.09, "2007-03-31": "-210.05400", "2006-12-31": -9.855, "2006-09-30": -8.343, "2006-06-30": -5.133, "2006-03-31": "7.97200", "2005-12-31": 746.714, "2005-09-30": -0.375, "2005-06-30": -5.155, "2005-03-31": "-245.75300"}, "Net Cash Flow": {"2020-09-30": 16.402, "2020-06-30": 104.853, "2020-03-31": "9.59000", "2019-12-31": 90.864, "2019-09-30": 55.805, "2019-06-30": 77.393, "2019-03-31": "-72.12100", "2018-12-31": 16.334, "2018-09-30": 20.268, "2018-06-30": -81.093, "2018-03-31": "65.51900", "2017-12-31": 49.672, "2017-09-30": 116.19, "2017-06-30": 0.965, "2017-03-31": "-13.68200", "2016-12-31": 46.127, "2016-09-30": 6.508, "2016-06-30": 100.344, "2016-03-31": "45.28500", "2015-12-31": -117.568, "2015-09-30": 62.325, "2015-06-30": -59.674, "2015-03-31": "-38.89900", "2014-12-31": 35.671, "2014-09-30": 60.233, "2014-06-30": -43.834, "2014-03-31": "-225.97800", "2013-12-31": 21.848, "2013-09-30": 150.398, "2013-06-30": -85, "2013-03-31": "-12.91400", "2012-12-31": 58.492, "2012-09-30": 79.707, "2012-06-30": -73.196, "2012-03-31": "23.39600", "2011-12-31": 4.945, "2011-09-30": 32.183, "2011-06-30": 127.376, "2011-03-31": "25.73900", "2010-12-31": 57.268, "2010-09-30": 9.687, "2010-06-30": -22.706, "2010-03-31": "-33.43900", "2009-12-31": -17.477, "2009-09-30": -207.225, "2009-06-30": 5.052, "2009-03-31": "261.55400", "2008-12-31": -17.936, "2008-09-30": -2.248, "2008-06-30": 7.907, "2008-03-31": "-32.59600", "2007-12-31": 44.505, "2007-09-30": 18.272, "2007-06-30": 27.581, "2007-03-31": "-89.65900", "2006-12-31": 40.106, "2006-09-30": 34.339, "2006-06-30": 9.059, "2006-03-31": "59.08900", "2005-12-31": -28.304, "2005-09-30": 22.63, "2005-06-30": -38.573, "2005-03-31": "-33.40800"}, "Stock-Based Compensation": {"2020-09-30": 10.162, "2020-06-30": 9.782, "2020-03-31": "9.39300", "2019-12-31": 8.632, "2019-09-30": 8.215, "2019-06-30": 8.115, "2019-03-31": "9.05600", "2018-12-31": 6.578, "2018-09-30": 8.225, "2018-06-30": 9.23, "2018-03-31": "8.33600", "2017-12-31": 7.286, "2017-09-30": 7.286, "2017-06-30": 8.224, "2017-03-31": "7.50100", "2016-12-31": 6.039, "2016-09-30": 6.097, "2016-06-30": 6.221, "2016-03-31": "8.04100", "2015-12-31": 5.087, "2015-09-30": 5.786, "2015-06-30": 5.194, "2015-03-31": "5.17000", "2014-12-31": 6.477, "2014-09-30": 4.952, "2014-06-30": 5.341, "2014-03-31": "4.42700", "2013-12-31": 16.756, "2013-09-30": 4.923, "2013-06-30": 4.551, "2013-03-31": "5.61400", "2012-12-31": 9.158, "2012-09-30": 9.452, "2012-06-30": 7.652, "2012-03-31": "5.72200", "2011-12-31": 4.74, "2011-09-30": 5.295, "2011-06-30": 4.212, "2011-03-31": "3.44600", "2010-12-31": 2.857, "2010-09-30": 4.799, "2010-06-30": 3.589, "2010-03-31": "3.54100", "2009-12-31": 3.057, "2009-09-30": 3.534, "2009-06-30": 3.62, "2009-03-31": "3.13600", "2008-12-31": 2.794, "2008-09-30": 2.941, "2008-06-30": 2.891, "2008-03-31": "7.67900", "2007-12-31": 3.614, "2007-09-30": 4.218, "2007-06-30": 4.437, "2007-03-31": "4.85000", "2006-12-31": 5.572, "2006-09-30": 3.205, "2006-06-30": 3.007, "2006-03-31": "3.34300", "2005-12-31": 2.99, "2005-09-30": 1.896, "2005-06-30": 2.673, "2005-03-31": "0.44400"}, "Common Stock Dividends Paid": {"2020-09-30": -61.905, "2020-06-30": -61.928, "2020-03-31": "-63.27700", "2019-12-31": -63.191, "2019-09-30": -56.995, "2019-06-30": -56.999, "2019-03-31": "-57.13700", "2018-12-31": -56.878, "2018-09-30": -52.863, "2018-06-30": -53.24, "2018-03-31": "-53.24000", "2017-12-31": -53.355, "2017-09-30": -51.302, "2017-06-30": -51.304, "2017-03-31": "-51.28100", "2016-12-31": -51.087, "2016-09-30": -47.459, "2016-06-30": -48.132, "2016-03-31": "-48.70600", "2015-12-31": -49.202, "2015-09-30": -41.698, "2015-06-30": -41.955, "2015-03-31": "-42.25200", "2014-12-31": -32.545, "2014-09-30": -44.307, "2014-06-30": -34.319, "2014-03-31": "-34.74200", "2013-12-31": -35.961, "2013-09-30": -23.174, "2013-06-30": -23.315, "2013-03-31": "-24.23100", "2012-12-31": -24.735, "2012-09-30": -24.897, "2012-06-30": -25.129, "2012-03-31": "-25.64100", "2011-12-31": -25.786, "2011-09-30": -25.936, "2011-06-30": -26.081, "2011-03-31": "-26.04500", "2010-12-31": -26.063, "2010-09-30": -26.574, "2010-06-30": -27.556, "2010-03-31": "-28.28400", "2009-12-31": -28.668, "2009-09-30": -29.1, "2009-06-30": -29.549, "2009-03-31": "-29.54000", "2008-12-31": -29.483, "2008-09-30": -29.463, "2008-06-30": -29.676, "2008-03-31": "-29.99400", "2007-12-31": -30.388, "2007-09-30": -30.038, "2007-06-30": -30.223, "2007-03-31": "-30.73800", "2006-12-31": -15.609, "2006-09-30": -7.798, "2006-06-30": -7.792, "2006-03-31": "-7.78700", "2005-12-31": -6.809, "2005-09-30": -6.216, "2005-06-30": -6.202, "2005-03-31": "-6.19800"}}, "financial ratios": {"Current Ratio": {"2019-12-31": "", "2018-12-31": "", "2017-12-31": "", "2016-12-31": "", "2015-12-31": "", "2014-12-31": "", "2013-12-31": "", "2012-12-31": "", "2011-12-31": "", "2010-12-31": "", "2009-12-31": "", "2008-12-31": "", "2007-12-31": "", "2006-12-31": "", "2005-12-31": ""}, "Long-term Debt / Capital": {"2019-12-31": "0.06490", "2018-12-31": "0.07460", "2017-12-31": "0.07040", "2016-12-31": "0.07270", "2015-12-31": "0.07680", "2014-12-31": "0.07890", "2013-12-31": "0.06550", "2012-12-31": "0.10830", "2011-12-31": "0.11870", "2010-12-31": "0.12140", "2009-12-31": "0.14300", "2008-12-31": "0.19210", "2007-12-31": "0.17180", "2006-12-31": "0.16310", "2005-12-31": "0.19390"}, "Debt/Equity Ratio": {"2019-12-31": "0.06940", "2018-12-31": "0.08060", "2017-12-31": "0.07570", "2016-12-31": "0.07840", "2015-12-31": "0.08320", "2014-12-31": "0.08570", "2013-12-31": "0.07010", "2012-12-31": "0.12150", "2011-12-31": "0.13470", "2010-12-31": "0.13810", "2009-12-31": "0.16680", "2008-12-31": "0.23770", "2007-12-31": "0.20740", "2006-12-31": "0.19490", "2005-12-31": "0.24050"}, "Gross Margin": {"2019-12-31": "", "2018-12-31": "", "2017-12-31": "", "2016-12-31": "", "2015-12-31": "", "2014-12-31": "", "2013-12-31": "", "2012-12-31": "", "2011-12-31": "", "2010-12-31": "", "2009-12-31": "", "2008-12-31": "", "2007-12-31": "", "2006-12-31": "", "2005-12-31": ""}, "Operating Margin": {"2019-12-31": "13.73660", "2018-12-31": "-2.86830", "2017-12-31": "6.81050", "2016-12-31": "19.60660", "2015-12-31": "20.22420", "2014-12-31": "25.09870", "2013-12-31": "28.38380", "2012-12-31": "20.17570", "2011-12-31": "-3.86940", "2010-12-31": "13.75040", "2009-12-31": "22.48270", "2008-12-31": "-0.12570", "2007-12-31": "23.41080", "2006-12-31": "23.50190", "2005-12-31": "-4.54860"}, "EBIT Margin": {"2019-12-31": "13.73660", "2018-12-31": "-2.86830", "2017-12-31": "6.81050", "2016-12-31": "19.60660", "2015-12-31": "20.22420", "2014-12-31": "25.09870", "2013-12-31": "28.38380", "2012-12-31": "20.17570", "2011-12-31": "-3.86940", "2010-12-31": "13.75040", "2009-12-31": "22.48270", "2008-12-31": "-0.12570", "2007-12-31": "23.41080", "2006-12-31": "23.50190", "2005-12-31": "-4.54860"}, "EBITDA Margin": {"2019-12-31": "14.11240", "2018-12-31": "-2.47070", "2017-12-31": "7.50310", "2016-12-31": "20.45510", "2015-12-31": "21.12090", "2014-12-31": "25.96610", "2013-12-31": "29.56300", "2012-12-31": "21.43300", "2011-12-31": "-2.84850", "2010-12-31": "14.73160", "2009-12-31": "23.20210", "2008-12-31": "0.31180", "2007-12-31": "23.23450", "2006-12-31": "23.98770", "2005-12-31": "-3.94670"}, "Pre-Tax Profit Margin": {"2019-12-31": "13.35150", "2018-12-31": "-3.28980", "2017-12-31": "6.33330", "2016-12-31": "18.98130", "2015-12-31": "19.58670", "2014-12-31": "24.42020", "2013-12-31": "27.56620", "2012-12-31": "19.08520", "2011-12-31": "-4.98400", "2010-12-31": "12.56400", "2009-12-31": "20.88040", "2008-12-31": "-2.37010", "2007-12-31": "21.49620", "2006-12-31": "21.95450", "2005-12-31": "-6.15720"}, "Net Profit Margin": {"2019-12-31": "12.26390", "2018-12-31": "1.20960", "2017-12-31": "7.28980", "2016-12-31": "17.19510", "2015-12-31": "17.22580", "2014-12-31": "21.11580", "2013-12-31": "22.32620", "2012-12-31": "16.83900", "2011-12-31": "-1.71470", "2010-12-31": "12.97870", "2009-12-31": "17.93880", "2008-12-31": "-0.53180", "2007-12-31": "17.55050", "2006-12-31": "18.61350", "2005-12-31": "-4.79270"}, "Asset Turnover": {"2019-12-31": "0.30120", "2018-12-31": "0.29740", "2017-12-31": "0.28070", "2016-12-31": "0.27180", "2015-12-31": "0.27630", "2014-12-31": "0.27280", "2013-12-31": "0.28480", "2012-12-31": "0.24890", "2011-12-31": "0.24840", "2010-12-31": "0.25600", "2009-12-31": "0.24990", "2008-12-31": "0.20940", "2007-12-31": "0.26570", "2006-12-31": "0.26410", "2005-12-31": "0.27690"}, "Inventory Turnover Ratio": {"2019-12-31": "", "2018-12-31": "", "2017-12-31": "", "2016-12-31": "", "2015-12-31": "", "2014-12-31": "", "2013-12-31": "", "2012-12-31": "", "2011-12-31": "", "2010-12-31": "", "2009-12-31": "", "2008-12-31": "", "2007-12-31": "", "2006-12-31": "", "2005-12-31": ""}, "Receiveable Turnover": {"2019-12-31": "", "2018-12-31": "", "2017-12-31": "", "2016-12-31": "", "2015-12-31": "", "2014-12-31": "", "2013-12-31": "", "2012-12-31": "", "2011-12-31": "", "2010-12-31": "", "2009-12-31": "", "2008-12-31": "", "2007-12-31": "", "2006-12-31": "", "2005-12-31": ""}, "Days Sales In Receivables": {"2019-12-31": "", "2018-12-31": "", "2017-12-31": "", "2016-12-31": "", "2015-12-31": "", "2014-12-31": "", "2013-12-31": "", "2012-12-31": "", "2011-12-31": "", "2010-12-31": "", "2009-12-31": "", "2008-12-31": "", "2007-12-31": "", "2006-12-31": "", "2005-12-31": ""}, "ROE - Return On Equity": {"2019-12-31": "11.05300", "2018-12-31": "1.13270", "2017-12-31": "5.76820", "2016-12-31": "12.33800", "2015-12-31": "12.85220", "2014-12-31": "16.09360", "2013-12-31": "18.15740", "2012-12-31": "12.31100", "2011-12-31": "-1.32570", "2010-12-31": "9.71990", "2009-12-31": "13.22560", "2008-12-31": "-0.37820", "2007-12-31": "14.76360", "2006-12-31": "16.46200", "2005-12-31": "-5.28220"}, "Return On Tangible Equity": {"2019-12-31": "11.05300", "2018-12-31": "1.13270", "2017-12-31": "5.76820", "2016-12-31": "12.33800", "2015-12-31": "12.85220", "2014-12-31": "16.09360", "2013-12-31": "18.15740", "2012-12-31": "12.31100", "2011-12-31": "-1.32570", "2010-12-31": "9.71990", "2009-12-31": "13.22560", "2008-12-31": "-0.37820", "2007-12-31": "14.76360", "2006-12-31": "16.46200", "2005-12-31": "-5.28220"}, "ROA - Return On Assets": {"2019-12-31": "3.69440", "2018-12-31": "0.35970", "2017-12-31": "2.04630", "2016-12-31": "4.67300", "2015-12-31": "4.75950", "2014-12-31": "5.76020", "2013-12-31": "6.38760", "2012-12-31": "4.19130", "2011-12-31": "-0.42600", "2010-12-31": "3.32220", "2009-12-31": "4.48290", "2008-12-31": "-0.11130", "2007-12-31": "4.66280", "2006-12-31": "4.91490", "2005-12-31": "-1.32730"}, "ROI - Return On Investment": {"2019-12-31": "10.33570", "2018-12-31": "1.04820", "2017-12-31": "5.36230", "2016-12-31": "11.44100", "2015-12-31": "11.86510", "2014-12-31": "14.82360", "2013-12-31": "16.96830", "2012-12-31": "10.97720", "2011-12-31": "-1.16820", "2010-12-31": "8.54010", "2009-12-31": "11.33460", "2008-12-31": "-0.30550", "2007-12-31": "12.22780", "2006-12-31": "13.77660", "2005-12-31": "-4.25820"}, "Book Value Per Share": {"2019-12-31": "223.85170", "2018-12-31": "193.37280", "2017-12-31": "204.94740", "2016-12-31": "197.44730", "2015-12-31": "178.21200", "2014-12-31": "166.74390", "2013-12-31": "146.56790", "2012-12-31": "130.95540", "2011-12-31": "112.98520", "2010-12-31": "115.44640", "2009-12-31": "102.86460", "2008-12-31": "80.78750", "2007-12-31": "90.37790", "2006-12-31": "78.57980", "2005-12-31": "64.08200"}, "Operating Cash Flow Per Share": {"2019-12-31": 30.7875, "2018-12-31": -13.4359, "2017-12-31": -4.7698, "2016-12-31": 7.9321, "2015-12-31": 2.2764, "2014-12-31": 0.6408, "2013-12-31": 9.0468, "2012-12-31": 0.0289, "2011-12-31": -2.8621, "2010-12-31": 3.2774, "2009-12-31": 2.1957, "2008-12-31": -2.7368, "2007-12-31": 3.6971, "2006-12-31": -8.8295, "2005-12-31": 18.5704}, "Free Cash Flow Per Share": {"2019-12-31": 30.7875, "2018-12-31": -13.4359, "2017-12-31": -4.7698, "2016-12-31": 7.9321, "2015-12-31": 2.2764, "2014-12-31": 0.6408, "2013-12-31": 9.0468, "2012-12-31": 0.0289, "2011-12-31": -2.8621, "2010-12-31": 3.2774, "2009-12-31": 2.1957, "2008-12-31": -2.7368, "2007-12-31": 3.6971, "2006-12-31": -8.8295, "2005-12-31": 18.5704}}, "financial ratios, quarterly": {"Current Ratio": {"2020-09-30": "", "2020-06-30": "", "2020-03-31": "", "2019-12-31": "", "2019-09-30": "", "2019-06-30": "", "2019-03-31": "", "2018-12-31": "", "2018-09-30": "", "2018-06-30": "", "2018-03-31": "", "2017-12-31": "", "2017-09-30": "", "2017-06-30": "", "2017-03-31": "", "2016-12-31": "", "2016-09-30": "", "2016-06-30": "", "2016-03-31": "", "2015-12-31": "", "2015-09-30": "", "2015-06-30": "", "2015-03-31": "", "2014-12-31": "", "2014-09-30": "", "2014-06-30": "", "2014-03-31": "", "2013-12-31": "", "2013-09-30": "", "2013-06-30": "", "2013-03-31": "", "2012-12-31": "", "2012-09-30": "", "2012-06-30": "", "2012-03-31": "", "2011-12-31": "", "2011-09-30": "", "2011-06-30": "", "2011-03-31": "", "2010-12-31": "", "2010-09-30": "", "2010-06-30": "", "2010-03-31": "", "2009-12-31": "", "2009-09-30": "", "2009-06-30": "", "2009-03-31": "", "2008-12-31": "", "2008-09-30": "", "2008-06-30": "", "2008-03-31": "", "2007-12-31": "", "2007-09-30": "", "2007-06-30": "", "2007-03-31": "", "2006-12-31": "", "2006-09-30": "", "2006-06-30": "", "2006-03-31": "", "2005-12-31": "", "2005-09-30": "", "2005-06-30": "", "2005-03-31": ""}, "Long-term Debt / Capital": {"2020-09-30": "0.06900", "2020-06-30": "0.06270", "2020-03-31": "0.07360", "2019-12-31": "0.06490", "2019-09-30": "0.06590", "2019-06-30": "0.06660", "2019-03-31": "0.06990", "2018-12-31": "0.07460", "2018-09-30": "0.07070", "2018-06-30": "0.07140", "2018-03-31": "0.07060", "2017-12-31": "0.07040", "2017-09-30": "0.07360", "2017-06-30": "0.06870", "2017-03-31": "0.07050", "2016-12-31": "0.07270", "2016-09-30": "0.07300", "2016-06-30": "0.07350", "2016-03-31": "0.07530", "2015-12-31": "0.07680", "2015-09-30": "0.07860", "2015-06-30": "0.07630", "2015-03-31": "0.07690", "2014-12-31": "0.07890", "2014-09-30": "0.10740", "2014-06-30": "0.10820", "2014-03-31": "0.06490", "2013-12-31": "0.06550", "2013-09-30": "0.06780", "2013-06-30": "0.07390", "2013-03-31": "0.10720", "2012-12-31": "0.10830", "2012-09-30": "0.10760", "2012-06-30": "0.11310", "2012-03-31": "0.11440", "2011-12-31": "0.11870", "2011-09-30": "0.11840", "2011-06-30": "0.12240", "2011-03-31": "0.12670", "2010-12-31": "0.12140", "2010-09-30": "0.12540", "2010-06-30": "0.13610", "2010-03-31": "0.11930", "2009-12-31": "0.14300", "2009-09-30": "0.14330", "2009-06-30": "0.15510", "2009-03-31": "0.16800", "2008-12-31": "0.19210", "2008-09-30": "0.18970", "2008-06-30": "0.17480", "2008-03-31": "0.17310", "2007-12-31": "0.17180", "2007-09-30": "0.19910", "2007-06-30": "0.20720", "2007-03-31": "0.16080", "2006-12-31": "0.16310", "2006-09-30": "0.17110", "2006-06-30": "0.18520", "2006-03-31": "0.18920", "2005-12-31": "0.19390", "2005-09-30": "0.21660", "2005-06-30": "0.19610", "2005-03-31": "0.20950"}, "Debt/Equity Ratio": {"2020-09-30": "0.07410", "2020-06-30": "0.06680", "2020-03-31": "0.07950", "2019-12-31": "0.06940", "2019-09-30": "0.07060", "2019-06-30": "0.07130", "2019-03-31": "0.07520", "2018-12-31": "0.08060", "2018-09-30": "0.07610", "2018-06-30": "0.07690", "2018-03-31": "0.07590", "2017-12-31": "0.07570", "2017-09-30": "0.07950", "2017-06-30": "0.07380", "2017-03-31": "0.07590", "2016-12-31": "0.07840", "2016-09-30": "0.07870", "2016-06-30": "0.07930", "2016-03-31": "0.08140", "2015-12-31": "0.08320", "2015-09-30": "0.08530", "2015-06-30": "0.08260", "2015-03-31": "0.08330", "2014-12-31": "0.08570", "2014-09-30": "0.12030", "2014-06-30": "0.12130", "2014-03-31": "0.06940", "2013-12-31": "0.07010", "2013-09-30": "0.07270", "2013-06-30": "0.07980", "2013-03-31": "0.12000", "2012-12-31": "0.12150", "2012-09-30": "0.12060", "2012-06-30": "0.12750", "2012-03-31": "0.12920", "2011-12-31": "0.13470", "2011-09-30": "0.13430", "2011-06-30": "0.13950", "2011-03-31": "0.14510", "2010-12-31": "0.13810", "2010-09-30": "0.14340", "2010-06-30": "0.15760", "2010-03-31": "0.13550", "2009-12-31": "0.16680", "2009-09-30": "0.16730", "2009-06-30": "0.18360", "2009-03-31": "0.20200", "2008-12-31": "0.23770", "2008-09-30": "0.23410", "2008-06-30": "0.21180", "2008-03-31": "0.20930", "2007-12-31": "0.20740", "2007-09-30": "0.24860", "2007-06-30": "0.26140", "2007-03-31": "0.19160", "2006-12-31": "0.19490", "2006-09-30": "0.20640", "2006-06-30": "0.22730", "2006-03-31": "0.23330", "2005-12-31": "0.24050", "2005-09-30": "0.27650", "2005-06-30": "0.24390", "2005-03-31": "0.26500"}, "Gross Margin": {"2020-09-30": "", "2020-06-30": "", "2020-03-31": "", "2019-12-31": "", "2019-09-30": "", "2019-06-30": "", "2019-03-31": "", "2018-12-31": "", "2018-09-30": "", "2018-06-30": "", "2018-03-31": "", "2017-12-31": "", "2017-09-30": "", "2017-06-30": "", "2017-03-31": "", "2016-12-31": "", "2016-09-30": "", "2016-06-30": "", "2016-03-31": "", "2015-12-31": "", "2015-09-30": "", "2015-06-30": "", "2015-03-31": "", "2014-12-31": "", "2014-09-30": "", "2014-06-30": "", "2014-03-31": "", "2013-12-31": "", "2013-09-30": "", "2013-06-30": "", "2013-03-31": "", "2012-12-31": "", "2012-09-30": "", "2012-06-30": "", "2012-03-31": "", "2011-12-31": "", "2011-09-30": "", "2011-06-30": "", "2011-03-31": "", "2010-12-31": "", "2010-09-30": "", "2010-06-30": "", "2010-03-31": "", "2009-12-31": "", "2009-09-30": "", "2009-06-30": "", "2009-03-31": "", "2008-12-31": "", "2008-09-30": "", "2008-06-30": "", "2008-03-31": "", "2007-12-31": "", "2007-09-30": "", "2007-06-30": "", "2007-03-31": "", "2006-12-31": "", "2006-09-30": "", "2006-06-30": "", "2006-03-31": "", "2005-12-31": "", "2005-09-30": "", "2005-06-30": "", "2005-03-31": ""}, "Operating Margin": {"2020-09-30": "10.69460", "2020-06-30": "10.88520", "2020-03-31": "-1.81830", "2019-12-31": "10.24350", "2019-09-30": "4.94130", "2019-06-30": "18.95620", "2019-03-31": "21.47560", "2018-12-31": "-39.28930", "2018-09-30": "10.19240", "2018-06-30": "3.61820", "2018-03-31": "12.89630", "2017-12-31": "38.10100", "2017-09-30": "-51.97430", "2017-06-30": "18.52800", "2017-03-31": "23.39590", "2016-12-31": "26.30950", "2016-09-30": "21.83310", "2016-06-30": "13.68260", "2016-03-31": "14.99910", "2015-12-31": "28.29030", "2015-09-30": "6.86200", "2015-06-30": "18.26150", "2015-03-31": "25.99180", "2014-12-31": "25.39280", "2014-09-30": "21.78120", "2014-06-30": "25.52650", "2014-03-31": "28.26120", "2013-12-31": "30.30450", "2013-09-30": "22.70360", "2013-06-30": "25.08720", "2013-03-31": "35.33890", "2012-12-31": "4.08820", "2012-09-30": "27.27980", "2012-06-30": "21.37350", "2012-03-31": "28.49990", "2011-12-31": "-2.28390", "2011-09-30": "2.19290", "2011-06-30": "13.08140", "2011-03-31": "-27.24300", "2010-12-31": "19.80820", "2010-09-30": "18.46850", "2010-06-30": "15.76780", "2010-03-31": "0.58770", "2009-12-31": "20.07140", "2009-09-30": "25.16780", "2009-06-30": "28.17190", "2009-03-31": "15.48750", "2008-12-31": "-4.87860", "2008-09-30": "-32.40520", "2008-06-30": "17.54300", "2008-03-31": "11.34700", "2007-12-31": "2.58860", "2007-09-30": "28.14610", "2007-06-30": "29.76660", "2007-03-31": "31.17580", "2006-12-31": "22.50220", "2006-09-30": "28.44940", "2006-06-30": "25.53450", "2006-03-31": "18.00090", "2005-12-31": "-20.68750", "2005-09-30": "-41.08590", "2005-06-30": "20.16110", "2005-03-31": "18.94530"}, "EBIT Margin": {"2020-09-30": "10.69460", "2020-06-30": "10.88520", "2020-03-31": "-1.81830", "2019-12-31": "10.24350", "2019-09-30": "4.94130", "2019-06-30": "18.95620", "2019-03-31": "21.47560", "2018-12-31": "-39.28930", "2018-09-30": "10.19240", "2018-06-30": "3.61820", "2018-03-31": "12.89630", "2017-12-31": "38.10100", "2017-09-30": "-51.97430", "2017-06-30": "18.52800", "2017-03-31": "23.39590", "2016-12-31": "26.30950", "2016-09-30": "21.83310", "2016-06-30": "13.68260", "2016-03-31": "14.99910", "2015-12-31": "28.29030", "2015-09-30": "6.86200", "2015-06-30": "18.26150", "2015-03-31": "25.99180", "2014-12-31": "25.39280", "2014-09-30": "21.78120", "2014-06-30": "25.52650", "2014-03-31": "28.26120", "2013-12-31": "30.30450", "2013-09-30": "22.70360", "2013-06-30": "25.08720", "2013-03-31": "35.33890", "2012-12-31": "4.08820", "2012-09-30": "27.27980", "2012-06-30": "21.37350", "2012-03-31": "28.49990", "2011-12-31": "-2.28390", "2011-09-30": "2.19290", "2011-06-30": "13.08140", "2011-03-31": "-27.24300", "2010-12-31": "19.80820", "2010-09-30": "18.46850", "2010-06-30": "15.76780", "2010-03-31": "0.58770", "2009-12-31": "20.07140", "2009-09-30": "25.16780", "2009-06-30": "28.17190", "2009-03-31": "15.48750", "2008-12-31": "-4.87860", "2008-09-30": "-32.40520", "2008-06-30": "17.54300", "2008-03-31": "11.34700", "2007-12-31": "2.58860", "2007-09-30": "28.14610", "2007-06-30": "29.76660", "2007-03-31": "31.17580", "2006-12-31": "22.50220", "2006-09-30": "28.44940", "2006-06-30": "25.53450", "2006-03-31": "18.00090", "2005-12-31": "-20.68750", "2005-09-30": "-41.08590", "2005-06-30": "20.16110", "2005-03-31": "18.94530"}, "EBITDA Margin": {"2020-09-30": "", "2020-06-30": "", "2020-03-31": "", "2019-12-31": "", "2019-09-30": "", "2019-06-30": "", "2019-03-31": "", "2018-12-31": "", "2018-09-30": "", "2018-06-30": "", "2018-03-31": "", "2017-12-31": "", "2017-09-30": "", "2017-06-30": "", "2017-03-31": "", "2016-12-31": "", "2016-09-30": "", "2016-06-30": "", "2016-03-31": "", "2015-12-31": "", "2015-09-30": "", "2015-06-30": "", "2015-03-31": "", "2014-12-31": "", "2014-09-30": "", "2014-06-30": "", "2014-03-31": "", "2013-12-31": "", "2013-09-30": "", "2013-06-30": "", "2013-03-31": "", "2012-12-31": "", "2012-09-30": "", "2012-06-30": "", "2012-03-31": "", "2011-12-31": "", "2011-09-30": "", "2011-06-30": "", "2011-03-31": "", "2010-12-31": "", "2010-09-30": "", "2010-06-30": "", "2010-03-31": "", "2009-12-31": "", "2009-09-30": "", "2009-06-30": "", "2009-03-31": "", "2008-12-31": "", "2008-09-30": "", "2008-06-30": "", "2008-03-31": "", "2007-12-31": "", "2007-09-30": "", "2007-06-30": "", "2007-03-31": "", "2006-12-31": "", "2006-09-30": "", "2006-06-30": "", "2006-03-31": "", "2005-12-31": "", "2005-09-30": "", "2005-06-30": "", "2005-03-31": ""}, "Pre-Tax Profit Margin": {"2020-09-30": "10.44020", "2020-06-30": "10.56210", "2020-03-31": "-2.20090", "2019-12-31": "9.89470", "2019-09-30": "4.55420", "2019-06-30": "18.53640", "2019-03-31": "21.08740", "2018-12-31": "-39.73610", "2018-09-30": "9.78440", "2018-06-30": "3.21000", "2018-03-31": "12.47130", "2017-12-31": "37.71220", "2017-09-30": "-52.39540", "2017-06-30": "18.00150", "2017-03-31": "22.79220", "2016-12-31": "25.74980", "2016-09-30": "21.24440", "2016-06-30": "13.04720", "2016-03-31": "14.25610", "2015-12-31": "27.68550", "2015-09-30": "6.18710", "2015-06-30": "17.61240", "2015-03-31": "25.36560", "2014-12-31": "24.71300", "2014-09-30": "20.97230", "2014-06-30": "24.90840", "2014-03-31": "27.67170", "2013-12-31": "29.80100", "2013-09-30": "22.15870", "2013-06-30": "23.80540", "2013-03-31": "34.35320", "2012-12-31": "2.99360", "2012-09-30": "26.18620", "2012-06-30": "20.25300", "2012-03-31": "27.44490", "2011-12-31": "-3.30420", "2011-09-30": "0.91610", "2011-06-30": "11.96690", "2011-03-31": "-28.32040", "2010-12-31": "18.77240", "2010-09-30": "17.35330", "2010-06-30": "14.58390", "2010-03-31": "-0.83480", "2009-12-31": "18.59470", "2009-09-30": "23.66530", "2009-06-30": "26.71070", "2009-03-31": "13.45150", "2008-12-31": "-7.61740", "2008-09-30": "-34.85000", "2008-06-30": "15.70750", "2008-03-31": "9.18860", "2007-12-31": "0.51260", "2007-09-30": "25.91380", "2007-06-30": "27.85580", "2007-03-31": "29.72340", "2006-12-31": "20.95350", "2006-09-30": "26.90170", "2006-06-30": "23.89620", "2006-03-31": "16.53660", "2005-12-31": "-22.29760", "2005-09-30": "-42.65070", "2005-06-30": "18.78860", "2005-03-31": "17.03550"}, "Net Profit Margin": {"2020-09-30": "9.31190", "2020-06-30": "8.50430", "2020-03-31": "0.83810", "2019-12-31": "9.83000", "2019-09-30": "5.11120", "2019-06-30": "16.57110", "2019-03-31": "18.03560", "2018-12-31": "-21.80010", "2018-09-30": "10.24450", "2018-06-30": "3.69240", "2018-03-31": "12.05150", "2017-12-31": "31.08300", "2017-09-30": "-37.05510", "2017-06-30": "16.05070", "2017-03-31": "19.64220", "2016-12-31": "23.14630", "2016-09-30": "19.55660", "2016-06-30": "10.90370", "2016-03-31": "13.82280", "2015-12-31": "23.52690", "2015-09-30": "6.64750", "2015-06-30": "15.03520", "2015-03-31": "22.49800", "2014-12-31": "24.17720", "2014-09-30": "17.89960", "2014-06-30": "19.97880", "2014-03-31": "22.89530", "2013-12-31": "24.03490", "2013-09-30": "16.75060", "2013-06-30": "20.34950", "2013-03-31": "28.10200", "2012-12-31": "4.61850", "2012-09-30": "20.58460", "2012-06-30": "18.15070", "2012-03-31": "24.39340", "2011-12-31": "3.19160", "2011-09-30": "6.15280", "2011-06-30": "11.15850", "2011-03-31": "-26.18390", "2010-12-31": "24.04160", "2010-09-30": "14.78670", "2010-06-30": "14.25040", "2010-03-31": "-1.93620", "2009-12-31": "16.69360", "2009-09-30": "19.76800", "2009-06-30": "23.27190", "2009-03-31": "10.97310", "2008-12-31": "-2.29540", "2008-09-30": "-28.79280", "2008-06-30": "14.19070", "2008-03-31": "8.50090", "2007-12-31": "1.10350", "2007-09-30": "20.51460", "2007-06-30": "22.29520", "2007-03-31": "24.75080", "2006-12-31": "17.59180", "2006-09-30": "22.05590", "2006-06-30": "20.93640", "2006-03-31": "14.29890", "2005-12-31": "-15.14180", "2005-09-30": "-37.84950", "2005-06-30": "15.52260", "2005-03-31": "14.70110"}, "Asset Turnover": {"2020-09-30": "0.08660", "2020-06-30": "0.07850", "2020-03-31": "0.07280", "2019-12-31": "0.08100", "2019-09-30": "0.07560", "2019-06-30": "0.07610", "2019-03-31": "0.07670", "2018-12-31": "0.07220", "2018-09-30": "0.07930", "2018-06-30": "0.07920", "2018-03-31": "0.07420", "2017-12-31": "0.07970", "2017-09-30": "0.07210", "2017-06-30": "0.06800", "2017-03-31": "0.06690", "2016-12-31": "0.07570", "2016-09-30": "0.06970", "2016-06-30": "0.06710", "2016-03-31": "0.05960", "2015-12-31": "0.07390", "2015-09-30": "0.06140", "2015-06-30": "0.06470", "2015-03-31": "0.06750", "2014-12-31": "0.06760", "2014-09-30": "0.07150", "2014-06-30": "0.06850", "2014-03-31": "0.06380", "2013-12-31": "0.07660", "2013-09-30": "0.07000", "2013-06-30": "0.06930", "2013-03-31": "0.06910", "2012-12-31": "0.06430", "2012-09-30": "0.06200", "2012-06-30": "0.06250", "2012-03-31": "0.06520", "2011-12-31": "0.06810", "2011-09-30": "0.05470", "2011-06-30": "0.06190", "2011-03-31": "0.06420", "2010-12-31": "0.06840", "2010-09-30": "0.06350", "2010-06-30": "0.06040", "2010-03-31": "0.06440", "2009-12-31": "0.06560", "2009-09-30": "0.06380", "2009-06-30": "0.06760", "2009-03-31": "0.05920", "2008-12-31": "0.04290", "2008-09-30": "0.04660", "2008-06-30": "0.06060", "2008-03-31": "0.05080", "2007-12-31": "0.06160", "2007-09-30": "0.06730", "2007-06-30": "0.07260", "2007-03-31": "0.07040", "2006-12-31": "0.06860", "2006-09-30": "0.06610", "2006-06-30": "0.06370", "2006-03-31": "0.07100", "2005-12-31": "0.06500", "2005-09-30": "0.06990", "2005-06-30": "0.08110", "2005-03-31": "0.07550"}, "Inventory Turnover Ratio": {"2020-09-30": "", "2020-06-30": "", "2020-03-31": "", "2019-12-31": "", "2019-09-30": "", "2019-06-30": "", "2019-03-31": "", "2018-12-31": "", "2018-09-30": "", "2018-06-30": "", "2018-03-31": "", "2017-12-31": "", "2017-09-30": "", "2017-06-30": "", "2017-03-31": "", "2016-12-31": "", "2016-09-30": "", "2016-06-30": "", "2016-03-31": "", "2015-12-31": "", "2015-09-30": "", "2015-06-30": "", "2015-03-31": "", "2014-12-31": "", "2014-09-30": "", "2014-06-30": "", "2014-03-31": "", "2013-12-31": "", "2013-09-30": "", "2013-06-30": "", "2013-03-31": "", "2012-12-31": "", "2012-09-30": "", "2012-06-30": "", "2012-03-31": "", "2011-12-31": "", "2011-09-30": "", "2011-06-30": "", "2011-03-31": "", "2010-12-31": "", "2010-09-30": "", "2010-06-30": "", "2010-03-31": "", "2009-12-31": "", "2009-09-30": "", "2009-06-30": "", "2009-03-31": "", "2008-12-31": "", "2008-09-30": "", "2008-06-30": "", "2008-03-31": "", "2007-12-31": "", "2007-09-30": "", "2007-06-30": "", "2007-03-31": "", "2006-12-31": "", "2006-09-30": "", "2006-06-30": "", "2006-03-31": "", "2005-12-31": "", "2005-09-30": "", "2005-06-30": "", "2005-03-31": ""}, "Receiveable Turnover": {"2020-09-30": "", "2020-06-30": "", "2020-03-31": "", "2019-12-31": "", "2019-09-30": "", "2019-06-30": "", "2019-03-31": "", "2018-12-31": "", "2018-09-30": "", "2018-06-30": "", "2018-03-31": "", "2017-12-31": "", "2017-09-30": "", "2017-06-30": "", "2017-03-31": "", "2016-12-31": "", "2016-09-30": "", "2016-06-30": "", "2016-03-31": "", "2015-12-31": "", "2015-09-30": "", "2015-06-30": "", "2015-03-31": "", "2014-12-31": "", "2014-09-30": "", "2014-06-30": "", "2014-03-31": "", "2013-12-31": "", "2013-09-30": "", "2013-06-30": "", "2013-03-31": "", "2012-12-31": "", "2012-09-30": "", "2012-06-30": "", "2012-03-31": "", "2011-12-31": "", "2011-09-30": "", "2011-06-30": "", "2011-03-31": "", "2010-12-31": "", "2010-09-30": "", "2010-06-30": "", "2010-03-31": "", "2009-12-31": "", "2009-09-30": "", "2009-06-30": "", "2009-03-31": "", "2008-12-31": "", "2008-09-30": "", "2008-06-30": "", "2008-03-31": "", "2007-12-31": "", "2007-09-30": "", "2007-06-30": "", "2007-03-31": "", "2006-12-31": "", "2006-09-30": "", "2006-06-30": "", "2006-03-31": "", "2005-12-31": "", "2005-09-30": "", "2005-06-30": "", "2005-03-31": ""}, "Days Sales In Receivables": {"2020-09-30": "", "2020-06-30": "", "2020-03-31": "", "2019-12-31": "", "2019-09-30": "", "2019-06-30": "", "2019-03-31": "", "2018-12-31": "", "2018-09-30": "", "2018-06-30": "", "2018-03-31": "", "2017-12-31": "", "2017-09-30": "", "2017-06-30": "", "2017-03-31": "", "2016-12-31": "", "2016-09-30": "", "2016-06-30": "", "2016-03-31": "", "2015-12-31": "", "2015-09-30": "", "2015-06-30": "", "2015-03-31": "", "2014-12-31": "", "2014-09-30": "", "2014-06-30": "", "2014-03-31": "", "2013-12-31": "", "2013-09-30": "", "2013-06-30": "", "2013-03-31": "", "2012-12-31": "", "2012-09-30": "", "2012-06-30": "", "2012-03-31": "", "2011-12-31": "", "2011-09-30": "", "2011-06-30": "", "2011-03-31": "", "2010-12-31": "", "2010-09-30": "", "2010-06-30": "", "2010-03-31": "", "2009-12-31": "", "2009-09-30": "", "2009-06-30": "", "2009-03-31": "", "2008-12-31": "", "2008-09-30": "", "2008-06-30": "", "2008-03-31": "", "2007-12-31": "", "2007-09-30": "", "2007-06-30": "", "2007-03-31": "", "2006-12-31": "", "2006-09-30": "", "2006-06-30": "", "2006-03-31": "", "2005-12-31": "", "2005-09-30": "", "2005-06-30": "", "2005-03-31": ""}, "ROE - Return On Equity": {"2020-09-30": "2.53410", "2020-06-30": "2.05550", "2020-03-31": "0.19360", "2019-12-31": "2.38310", "2019-09-30": "1.16210", "2019-06-30": "3.74680", "2019-03-31": "4.20750", "2018-12-31": "-4.95560", "2018-09-30": "2.38180", "2018-06-30": "0.84810", "2018-03-31": "2.52050", "2017-12-31": "6.98760", "2017-09-30": "-8.02290", "2017-06-30": "2.86170", "2017-03-31": "3.49360", "2016-12-31": "4.62610", "2016-09-30": "3.67360", "2016-06-30": "1.94970", "2016-03-31": "2.18980", "2015-12-31": "4.69580", "2015-09-30": "1.18290", "2015-06-30": "2.70570", "2015-03-31": "4.21280", "2014-12-31": "3.99880", "2014-09-30": "4.08080", "2014-06-30": "4.06840", "2014-03-31": "4.29160", "2013-12-31": "5.26310", "2013-09-30": "3.55090", "2013-06-30": "4.16200", "2013-03-31": "5.63810", "2012-12-31": "0.87290", "2012-09-30": "3.69800", "2012-06-30": "3.34330", "2012-03-31": "4.81290", "2011-12-31": "0.67600", "2011-09-30": "1.03510", "2011-06-30": "2.13430", "2011-03-31": "-5.34130", "2010-12-31": "4.81470", "2010-09-30": "2.77320", "2010-06-30": "2.59580", "2010-03-31": "-0.37520", "2009-12-31": "3.23230", "2009-09-30": "3.75710", "2009-06-30": "4.91560", "2009-03-31": "2.15400", "2008-12-31": "-0.33450", "2008-09-30": "-4.62870", "2008-06-30": "2.74850", "2008-03-31": "1.38350", "2007-12-31": "0.21530", "2007-09-30": "4.39370", "2007-06-30": "5.29920", "2007-03-31": "5.72620", "2006-12-31": "4.04000", "2006-09-30": "5.09300", "2006-06-30": "5.03310", "2006-03-31": "3.94730", "2005-12-31": "-3.91810", "2005-09-30": "-11.60170", "2005-06-30": "4.75750", "2005-03-31": "4.44910"}, "Return On Tangible Equity": {"2020-09-30": "2.53410", "2020-06-30": "2.05550", "2020-03-31": "0.19360", "2019-12-31": "2.38310", "2019-09-30": "1.16210", "2019-06-30": "3.74680", "2019-03-31": "4.20750", "2018-12-31": "-4.95560", "2018-09-30": "2.38180", "2018-06-30": "0.84810", "2018-03-31": "2.52050", "2017-12-31": "6.98760", "2017-09-30": "-8.02290", "2017-06-30": "2.86170", "2017-03-31": "3.49360", "2016-12-31": "4.62610", "2016-09-30": "3.67360", "2016-06-30": "1.94970", "2016-03-31": "2.18980", "2015-12-31": "4.69580", "2015-09-30": "1.18290", "2015-06-30": "2.70570", "2015-03-31": "4.21280", "2014-12-31": "3.99880", "2014-09-30": "4.08080", "2014-06-30": "4.06840", "2014-03-31": "4.29160", "2013-12-31": "5.26310", "2013-09-30": "3.55090", "2013-06-30": "4.16200", "2013-03-31": "5.63810", "2012-12-31": "0.87290", "2012-09-30": "3.69800", "2012-06-30": "3.34330", "2012-03-31": "4.81290", "2011-12-31": "0.67600", "2011-09-30": "1.03510", "2011-06-30": "2.13430", "2011-03-31": "-5.34130", "2010-12-31": "4.81470", "2010-09-30": "2.77320", "2010-06-30": "2.59580", "2010-03-31": "-0.37520", "2009-12-31": "3.23230", "2009-09-30": "3.75710", "2009-06-30": "4.91560", "2009-03-31": "2.15400", "2008-12-31": "-0.33450", "2008-09-30": "-4.62870", "2008-06-30": "2.74850", "2008-03-31": "1.38350", "2007-12-31": "0.21530", "2007-09-30": "4.39370", "2007-06-30": "5.29920", "2007-03-31": "5.72620", "2006-12-31": "4.04000", "2006-09-30": "5.09300", "2006-06-30": "5.03310", "2006-03-31": "3.94730", "2005-12-31": "-3.91810", "2005-09-30": "-11.60170", "2005-06-30": "4.75750", "2005-03-31": "4.44910"}, "ROA - Return On Assets": {"2020-09-30": "0.80610", "2020-06-30": "0.66780", "2020-03-31": "0.06100", "2019-12-31": "0.79650", "2019-09-30": "0.38630", "2019-06-30": "1.26140", "2019-03-31": "1.38330", "2018-12-31": "-1.57390", "2018-09-30": "0.81270", "2018-06-30": "0.29260", "2018-03-31": "0.89450", "2017-12-31": "2.47890", "2017-09-30": "-2.67120", "2017-06-30": "1.09080", "2017-03-31": "1.31410", "2016-12-31": "1.75210", "2016-09-30": "1.36360", "2016-06-30": "0.73160", "2016-03-31": "0.82320", "2015-12-31": "1.73900", "2015-09-30": "0.40840", "2015-06-30": "0.97310", "2015-03-31": "1.51870", "2014-12-31": "1.43130", "2014-09-30": "1.40200", "2014-06-30": "1.40590", "2014-03-31": "1.50170", "2013-12-31": "1.85150", "2013-09-30": "1.19100", "2013-06-30": "1.40930", "2013-03-31": "1.94090", "2012-12-31": "0.29720", "2012-09-30": "1.27580", "2012-06-30": "1.13500", "2012-03-31": "1.58990", "2011-12-31": "0.21720", "2011-09-30": "0.33650", "2011-06-30": "0.69100", "2011-03-31": "-1.68100", "2010-12-31": "1.64560", "2010-09-30": "0.93910", "2010-06-30": "0.86050", "2010-03-31": "-0.12470", "2009-12-31": "1.09560", "2009-09-30": "1.26110", "2009-06-30": "1.57320", "2009-03-31": "0.64910", "2008-12-31": "-0.09850", "2008-09-30": "-1.34210", "2008-06-30": "0.86000", "2008-03-31": "0.43190", "2007-12-31": "0.06800", "2007-09-30": "1.38060", "2007-06-30": "1.61780", "2007-03-31": "1.74290", "2006-12-31": "1.20620", "2006-09-30": "1.45880", "2006-06-30": "1.33290", "2006-03-31": "1.01480", "2005-12-31": "-0.98450", "2005-09-30": "-2.64680", "2005-06-30": "1.25930", "2005-03-31": "1.11050"}, "ROI - Return On Investment": {"2020-09-30": "2.35930", "2020-06-30": "1.92670", "2020-03-31": "0.17930", "2019-12-31": "2.22840", "2019-09-30": "1.08560", "2019-06-30": "3.49730", "2019-03-31": "3.91320", "2018-12-31": "-4.58600", "2018-09-30": "2.21340", "2018-06-30": "0.78760", "2018-03-31": "2.34270", "2017-12-31": "6.49600", "2017-09-30": "-7.43230", "2017-06-30": "2.66510", "2017-03-31": "3.24730", "2016-12-31": "4.28970", "2016-09-30": "3.40540", "2016-06-30": "1.80650", "2016-03-31": "2.02490", "2015-12-31": "4.33510", "2015-09-30": "1.08990", "2015-06-30": "2.49920", "2015-03-31": "3.88900", "2014-12-31": "3.68330", "2014-09-30": "3.64250", "2014-06-30": "3.62830", "2014-03-31": "4.01310", "2013-12-31": "4.91840", "2013-09-30": "3.31020", "2013-06-30": "3.85450", "2013-03-31": "5.03390", "2012-12-31": "0.77830", "2012-09-30": "3.30010", "2012-06-30": "2.96530", "2012-03-31": "4.26210", "2011-12-31": "0.59570", "2011-09-30": "0.91250", "2011-06-30": "1.87300", "2011-03-31": "-4.66450", "2010-12-31": "4.23030", "2010-09-30": "2.42530", "2010-06-30": "2.24250", "2010-03-31": "-0.33040", "2009-12-31": "2.77020", "2009-09-30": "3.21870", "2009-06-30": "4.15320", "2009-03-31": "1.79200", "2008-12-31": "-0.27020", "2008-09-30": "-3.75070", "2008-06-30": "2.26820", "2008-03-31": "1.14410", "2007-12-31": "0.17830", "2007-09-30": "3.51880", "2007-06-30": "4.20110", "2007-03-31": "4.80550", "2006-12-31": "3.38100", "2006-09-30": "4.22170", "2006-06-30": "4.10080", "2006-03-31": "3.20050", "2005-12-31": "-3.15860", "2005-09-30": "-9.08900", "2005-06-30": "3.82480", "2005-03-31": "3.51700"}, "Book Value Per Share": {"2020-09-30": "239.98030", "2020-06-30": "232.32010", "2020-03-31": "214.58800", "2019-12-31": "223.85170", "2019-09-30": "220.49670", "2019-06-30": "218.06440", "2019-03-31": "206.68700", "2018-12-31": "193.37280", "2018-09-30": "204.91090", "2018-06-30": "201.69720", "2018-03-31": "203.62090", "2017-12-31": "204.94740", "2017-09-30": "194.05210", "2017-06-30": "209.05390", "2017-03-31": "203.31910", "2016-12-31": "197.44730", "2016-09-30": "196.66620", "2016-06-30": "190.65680", "2016-03-31": "184.91710", "2015-12-31": "178.21200", "2015-09-30": "173.75700", "2015-06-30": "174.84300", "2015-03-31": "172.62910", "2014-12-31": "166.74390", "2014-09-30": "163.14590", "2014-06-30": "160.26940", "2014-03-31": "152.80000", "2013-12-31": "146.56790", "2013-09-30": "140.19810", "2013-06-30": "136.30530", "2013-03-31": "136.43010", "2012-12-31": "130.95540", "2012-09-30": "131.22480", "2012-06-30": "123.75090", "2012-03-31": "120.30400", "2011-12-31": "112.98520", "2011-09-30": "113.25440", "2011-06-30": "113.21090", "2011-03-31": "109.06920", "2010-12-31": "115.44640", "2010-09-30": "114.21130", "2010-06-30": "107.39500", "2010-03-31": "102.49500", "2009-12-31": "102.86460", "2009-09-30": "100.74420", "2009-06-30": "91.20750", "2009-03-31": "81.94880", "2008-12-31": "80.78750", "2008-09-30": "82.02890", "2008-06-30": "90.38320", "2008-03-31": "91.00140", "2007-12-31": "90.37790", "2007-09-30": "89.36850", "2007-06-30": "84.46080", "2007-03-31": "82.22920", "2006-12-31": "78.57980", "2006-09-30": "74.21320", "2006-06-30": "67.47400", "2006-03-31": "65.73360", "2005-12-31": "64.08200", "2005-09-30": "64.18410", "2005-06-30": "73.01490", "2005-03-31": "67.18570"}, "Operating Cash Flow Per Share": {"2020-09-30": 27.4277, "2020-06-30": 15.394, "2020-03-31": "12.55680", "2019-12-31": 9.0255, "2019-09-30": 15.6691, "2019-06-30": 9.7558, "2019-03-31": "11.36860", "2018-12-31": 1.6225, "2018-09-30": 10.1506, "2018-06-30": -1.5498, "2018-03-31": "4.80820", "2017-12-31": 2.9258, "2017-09-30": 10.0217, "2017-06-30": 6.1608, "2017-03-31": "9.35910", "2016-12-31": 10.0229, "2016-09-30": 6.9191, "2016-06-30": 7.4528, "2016-03-31": "8.84240", "2015-12-31": 6.9681, "2015-09-30": 6.3082, "2015-06-30": 4.1409, "2015-03-31": "7.88790", "2014-12-31": 2.6137, "2014-09-30": 7.5415, "2014-06-30": 5.0484, "2014-03-31": "7.82510", "2013-12-31": 5.3178, "2013-09-30": 8.1389, "2013-06-30": 3.8279, "2013-03-31": "5.10330", "2012-12-31": 4.0618, "2012-09-30": 3.4263, "2012-06-30": 2.7359, "2012-03-31": "3.11710", "2011-12-31": 3.1681, "2011-09-30": 3.8835, "2011-06-30": 2.7927, "2011-03-31": "3.46790", "2010-12-31": 1.9705, "2010-09-30": 5.6783, "2010-06-30": 3.9354, "2010-03-31": "4.59010", "2009-12-31": 3.0374, "2009-09-30": 5.2251, "2009-06-30": 1.6961, "2009-03-31": "2.93830", "2008-12-31": 0.8416, "2008-09-30": 6.1118, "2008-06-30": -0.2397, "2008-03-31": "3.98750", "2007-12-31": 3.6591, "2007-09-30": 5.6426, "2007-06-30": 1.6302, "2007-03-31": "2.50610", "2006-12-31": 2.1813, "2006-09-30": 2.7592, "2006-06-30": 2.3302, "2006-03-31": "2.47020", "2005-12-31": 0.9046, "2005-09-30": 6.839, "2005-06-30": 5.1288, "2005-03-31": "5.69800"}, "Free Cash Flow Per Share": {"2020-09-30": 27.4277, "2020-06-30": 15.394, "2020-03-31": "12.55680", "2019-12-31": 9.0255, "2019-09-30": 15.6691, "2019-06-30": 9.7558, "2019-03-31": "11.36860", "2018-12-31": 1.6225, "2018-09-30": 10.1506, "2018-06-30": -1.5498, "2018-03-31": "4.80820", "2017-12-31": 2.9258, "2017-09-30": 10.0217, "2017-06-30": 6.1608, "2017-03-31": "9.35910", "2016-12-31": 10.0229, "2016-09-30": 6.9191, "2016-06-30": 7.4528, "2016-03-31": "8.84240", "2015-12-31": 6.9681, "2015-09-30": 6.3082, "2015-06-30": 4.1409, "2015-03-31": "7.88790", "2014-12-31": 2.6137, "2014-09-30": 7.5415, "2014-06-30": 5.0484, "2014-03-31": "7.82510", "2013-12-31": 5.3178, "2013-09-30": 8.1389, "2013-06-30": 3.8279, "2013-03-31": "5.10330", "2012-12-31": 4.0618, "2012-09-30": 3.4263, "2012-06-30": 2.7359, "2012-03-31": "3.11710", "2011-12-31": 3.1681, "2011-09-30": 3.8835, "2011-06-30": 2.7927, "2011-03-31": "3.46790", "2010-12-31": 1.9705, "2010-09-30": 5.6783, "2010-06-30": 3.9354, "2010-03-31": "4.59010", "2009-12-31": 3.0374, "2009-09-30": 5.2251, "2009-06-30": 1.6961, "2009-03-31": "2.93830", "2008-12-31": 0.8416, "2008-09-30": 6.1118, "2008-06-30": -0.2397, "2008-03-31": "3.98750", "2007-12-31": 3.6591, "2007-09-30": 5.6426, "2007-06-30": 1.6302, "2007-03-31": "2.50610", "2006-12-31": 2.1813, "2006-09-30": 2.7592, "2006-06-30": 2.3302, "2006-03-31": "2.47020", "2005-12-31": 0.9046, "2005-09-30": 6.839, "2005-06-30": 5.1288, "2005-03-31": "5.69800"}}, "revenue": {"Everest Re Group Annual Revenue (Millions of US $)": {"2019": "$8,231", "2018": "$7,361", "2017": "$6,622", "2016": "$5,794", "2015": "$5,677", "2014": "$5,679", "2013": "$5,641", "2012": "$4,923", "2011": "$4,694", "2010": "$4,706", "2009": "$4,499", "2008": "$3,528", "2007": "$4,782", "2006": "$4,517", "2005": "$4,562"}, "Everest Re Group Quarterly Revenue (Millions of US $)": {"2020-09-30": "$2,610", "2020-06-30": "$2,245", "2020-03-31": "$1,982", "2019-12-31": "$2,214", "2019-09-30": "$2,043", "2019-06-30": "$2,009", "2019-03-31": "$1,966", "2018-12-31": "$1,787", "2018-09-30": "$1,936", "2018-06-30": "$1,893", "2018-03-31": "$1,745", "2017-12-31": "$1,881", "2017-09-30": "$1,725", "2017-06-30": "$1,531", "2017-03-31": "$1,485", "2016-12-31": "$1,614", "2016-09-30": "$1,510", "2016-06-30": "$1,428", "2016-03-31": "$1,242", "2015-12-31": "$1,519", "2015-09-30": "$1,332", "2015-06-30": "$1,390", "2015-03-31": "$1,436", "2014-12-31": "$1,407", "2014-09-30": "$1,536", "2014-06-30": "$1,452", "2014-03-31": "$1,284", "2013-12-31": "$1,517", "2013-09-30": "$1,401", "2013-06-30": "$1,355", "2013-03-31": "$1,368", "2012-12-31": "$1,273", "2012-09-30": "$1,219", "2012-06-30": "$1,182", "2012-03-31": "$1,249", "2011-12-31": "$1,286", "2011-09-30": "$1,025", "2011-06-30": "$1,177", "2011-03-31": "$1,206", "2010-12-31": "$1,258", "2010-09-30": "$1,178", "2010-06-30": "$1,099", "2010-03-31": "$1,170", "2009-12-31": "$1,181", "2009-09-30": "$1,157", "2009-06-30": "$1,171", "2009-03-31": "$989", "2008-12-31": "$723", "2008-09-30": "$810", "2008-06-30": "$1,078", "2008-03-31": "$917", "2007-12-31": "$1,109", "2007-09-30": "$1,202", "2007-06-30": "$1,269", "2007-03-31": "$1,202", "2006-12-31": "$1,173", "2006-09-30": "$1,114", "2006-06-30": "$1,053", "2006-03-31": "$1,178", "2005-12-31": "$1,071", "2005-09-30": "$1,104", "2005-06-30": "$1,251", "2005-03-31": "$1,137"}}, "gross-profit": {"Everest Re Group Annual Gross Profit (Millions of US $)": {"2019": "$1,164", "2018": "$-180", "2017": "$477", "2016": "$1,163", "2015": "$1,171", "2014": "$1,449", "2013": "$1,626", "2012": "$1,017", "2011": "$-165", "2010": "$662", "2009": "$1,029", "2008": "$9", "2007": "$1,120", "2006": "$1,062", "2005": "$-207"}, "Everest Re Group Quarterly Gross Profit (Millions of US $)": {"2020-09-30": "$290", "2020-06-30": "$253", "2020-03-31": "$-26", "2019-12-31": "$237", "2019-09-30": "$109", "2019-06-30": "$388", "2019-03-31": "$429", "2018-12-31": "$-695", "2018-09-30": "$205", "2018-06-30": "$75", "2018-03-31": "$234", "2017-12-31": "$721", "2017-09-30": "$-891", "2017-06-30": "$291", "2017-03-31": "$356", "2016-12-31": "$430", "2016-09-30": "$336", "2016-06-30": "$202", "2016-03-31": "$194", "2015-12-31": "$436", "2015-09-30": "$97", "2015-06-30": "$260", "2015-03-31": "$379", "2014-12-31": "$362", "2014-09-30": "$344", "2014-06-30": "$375", "2014-03-31": "$368", "2013-12-31": "$468", "2013-09-30": "$323", "2013-06-30": "$346", "2013-03-31": "$489", "2012-12-31": "$59", "2012-09-30": "$338", "2012-06-30": "$259", "2012-03-31": "$361", "2011-12-31": "$-25", "2011-09-30": "$27", "2011-06-30": "$158", "2011-03-31": "$-325", "2010-12-31": "$252", "2010-09-30": "$221", "2010-06-30": "$177", "2010-03-31": "$11", "2009-12-31": "$242", "2009-09-30": "$296", "2009-06-30": "$334", "2009-03-31": "$157", "2008-12-31": "$-21", "2008-09-30": "$-262", "2008-06-30": "$189", "2008-03-31": "$104", "2007-12-31": "$29", "2007-09-30": "$338", "2007-06-30": "$378", "2007-03-31": "$375", "2006-12-31": "$263", "2006-09-30": "$317", "2006-06-30": "$269", "2006-03-31": "$212", "2005-12-31": "$-221", "2005-09-30": "$-453", "2005-06-30": "$252", "2005-03-31": "$216"}}, "operating-income": {"Everest Re Group Annual Operating Income (Millions of US $)": {"2019": "$1,131", "2018": "$-211", "2017": "$451", "2016": "$1,136", "2015": "$1,148", "2014": "$1,425", "2013": "$1,601", "2012": "$993", "2011": "$-182", "2010": "$647", "2009": "$1,011", "2008": "$-4", "2007": "$1,120", "2006": "$1,062", "2005": "$-208"}, "Everest Re Group Quarterly Operating Income (Millions of US $)": {"2020-09-30": "$279", "2020-06-30": "$244", "2020-03-31": "$-36", "2019-12-31": "$227", "2019-09-30": "$101", "2019-06-30": "$381", "2019-03-31": "$422", "2018-12-31": "$-702", "2018-09-30": "$197", "2018-06-30": "$68", "2018-03-31": "$225", "2017-12-31": "$717", "2017-09-30": "$-897", "2017-06-30": "$284", "2017-03-31": "$347", "2016-12-31": "$425", "2016-09-30": "$330", "2016-06-30": "$195", "2016-03-31": "$186", "2015-12-31": "$430", "2015-09-30": "$91", "2015-06-30": "$254", "2015-03-31": "$373", "2014-12-31": "$357", "2014-09-30": "$335", "2014-06-30": "$371", "2014-03-31": "$363", "2013-12-31": "$460", "2013-09-30": "$318", "2013-06-30": "$340", "2013-03-31": "$483", "2012-12-31": "$52", "2012-09-30": "$333", "2012-06-30": "$253", "2012-03-31": "$356", "2011-12-31": "$-29", "2011-09-30": "$22", "2011-06-30": "$154", "2011-03-31": "$-329", "2010-12-31": "$249", "2010-09-30": "$218", "2010-06-30": "$173", "2010-03-31": "$7", "2009-12-31": "$237", "2009-09-30": "$291", "2009-06-30": "$330", "2009-03-31": "$153", "2008-12-31": "$-35", "2008-09-30": "$-262", "2008-06-30": "$189", "2008-03-31": "$104", "2007-12-31": "$29", "2007-09-30": "$338", "2007-06-30": "$378", "2007-03-31": "$375", "2006-12-31": "$264", "2006-09-30": "$317", "2006-06-30": "$269", "2006-03-31": "$212", "2005-12-31": "$-222", "2005-09-30": "$-453", "2005-06-30": "$252", "2005-03-31": "$215"}}, "ebitda": {"Everest Re Group Annual EBITDA (Millions of US $)": {"2019": "$1,162", "2018": "$-182", "2017": "$497", "2016": "$1,185", "2015": "$1,199", "2014": "$1,475", "2013": "$1,668", "2012": "$1,055", "2011": "$-134", "2010": "$693", "2009": "$1,044", "2008": "$11", "2007": "$1,111", "2006": "$1,084", "2005": "$-180"}, "Everest Re Group Quarterly EBITDA (Millions of US $)": {"2020-09-30": "$291", "2020-06-30": "$256", "2020-03-31": "$-27", "2019-12-31": "$234", "2019-09-30": "$111", "2019-06-30": "$388", "2019-03-31": "$428", "2018-12-31": "$-698", "2018-09-30": "$204", "2018-06-30": "$77", "2018-03-31": "$234", "2017-12-31": "$728", "2017-09-30": "$-885", "2017-06-30": "$294", "2017-03-31": "$359", "2016-12-31": "$436", "2016-09-30": "$344", "2016-06-30": "$207", "2016-03-31": "$199", "2015-12-31": "$442", "2015-09-30": "$105", "2015-06-30": "$266", "2015-03-31": "$386", "2014-12-31": "$368", "2014-09-30": "$345", "2014-06-30": "$384", "2014-03-31": "$376", "2013-12-31": "$476", "2013-09-30": "$333", "2013-06-30": "$357", "2013-03-31": "$502", "2012-12-31": "$68", "2012-09-30": "$347", "2012-06-30": "$269", "2012-03-31": "$371", "2011-12-31": "$-16", "2011-09-30": "$31", "2011-06-30": "$167", "2011-03-31": "$-316", "2010-12-31": "$259", "2010-09-30": "$232", "2010-06-30": "$184", "2010-03-31": "$18", "2009-12-31": "$257", "2009-09-30": "$297", "2009-06-30": "$334", "2009-03-31": "$156", "2008-12-31": "$-29", "2008-09-30": "$-257", "2008-06-30": "$193", "2008-03-31": "$105", "2007-12-31": "$27", "2007-09-30": "$332", "2007-06-30": "$376", "2007-03-31": "$376", "2006-12-31": "$267", "2006-09-30": "$323", "2006-06-30": "$275", "2006-03-31": "$219", "2005-12-31": "$-214", "2005-09-30": "$-445", "2005-06-30": "$256", "2005-03-31": "$223"}}, "net-income": {"Everest Re Group Annual Net Income (Millions of US $)": {"2019": "$1,009", "2018": "$89", "2017": "$483", "2016": "$996", "2015": "$978", "2014": "$1,199", "2013": "$1,259", "2012": "$829", "2011": "$-80", "2010": "$611", "2009": "$807", "2008": "$-19", "2007": "$839", "2006": "$841", "2005": "$-219"}, "Everest Re Group Quarterly Net Income (Millions of US $)": {"2020-09-30": "$243", "2020-06-30": "$191", "2020-03-31": "$17", "2019-12-31": "$218", "2019-09-30": "$104", "2019-06-30": "$333", "2019-03-31": "$355", "2018-12-31": "$-390", "2018-09-30": "$198", "2018-06-30": "$70", "2018-03-31": "$210", "2017-12-31": "$585", "2017-09-30": "$-639", "2017-06-30": "$246", "2017-03-31": "$292", "2016-12-31": "$374", "2016-09-30": "$295", "2016-06-30": "$156", "2016-03-31": "$172", "2015-12-31": "$357", "2015-09-30": "$89", "2015-06-30": "$209", "2015-03-31": "$323", "2014-12-31": "$340", "2014-09-30": "$275", "2014-06-30": "$290", "2014-03-31": "$294", "2013-12-31": "$365", "2013-09-30": "$235", "2013-06-30": "$276", "2013-03-31": "$384", "2012-12-31": "$59", "2012-09-30": "$251", "2012-06-30": "$215", "2012-03-31": "$305", "2011-12-31": "$41", "2011-09-30": "$63", "2011-06-30": "$131", "2011-03-31": "$-316", "2010-12-31": "$303", "2010-09-30": "$174", "2010-06-30": "$157", "2010-03-31": "$-23", "2009-12-31": "$197", "2009-09-30": "$229", "2009-06-30": "$273", "2009-03-31": "$109", "2008-12-31": "$-17", "2008-09-30": "$-233", "2008-06-30": "$153", "2008-03-31": "$78", "2007-12-31": "$12", "2007-09-30": "$247", "2007-06-30": "$283", "2007-03-31": "$298", "2006-12-31": "$206", "2006-09-30": "$246", "2006-06-30": "$220", "2006-03-31": "$168", "2005-12-31": "$-162", "2005-09-30": "$-418", "2005-06-30": "$194", "2005-03-31": "$167"}}, "eps-earnings-per-share-diluted": {"Everest Re Group Annual EPS": {"2019": "$24.70", "2018": "$2.17", "2017": "$11.70", "2016": "$23.68", "2015": "$22.10", "2014": "$25.91", "2013": "$25.44", "2012": "$15.79", "2011": "$-1.49", "2010": "$10.70", "2009": "$13.22", "2008": "$-0.30", "2007": "$13.15", "2006": "$12.87", "2005": "$-3.79"}, "Everest Re Group Quarterly EPS": {"2020-09-30": "$6.07", "2020-06-30": "$4.77", "2020-03-31": "$0.41", "2019-12-31": "$5.32", "2019-09-30": "$2.56", "2019-06-30": "$8.15", "2019-03-31": "$8.67", "2018-12-31": "$-9.48", "2018-09-30": "$4.84", "2018-06-30": "$1.70", "2018-03-31": "$5.11", "2017-12-31": "$14.41", "2017-09-30": "$-15.73", "2017-06-30": "$5.95", "2017-03-31": "$7.07", "2016-12-31": "$8.95", "2016-09-30": "$7.06", "2016-06-30": "$3.67", "2016-03-31": "$4.00", "2015-12-31": "$8.23", "2015-09-30": "$2.00", "2015-06-30": "$4.68", "2015-03-31": "$7.19", "2014-12-31": "$7.44", "2014-09-30": "$6.00", "2014-06-30": "$6.26", "2014-03-31": "$6.21", "2013-12-31": "$7.57", "2013-09-30": "$4.81", "2013-06-30": "$5.56", "2013-03-31": "$7.50", "2012-12-31": "$1.21", "2012-09-30": "$4.82", "2012-06-30": "$4.08", "2012-03-31": "$5.68", "2011-12-31": "$0.75", "2011-09-30": "$1.16", "2011-06-30": "$2.41", "2011-03-31": "$-5.81", "2010-12-31": "$5.27", "2010-09-30": "$3.11", "2010-06-30": "$2.70", "2010-03-31": "$-0.38", "2009-12-31": "$3.28", "2009-09-30": "$3.75", "2009-06-30": "$4.43", "2009-03-31": "$1.76", "2008-12-31": "$-0.21", "2008-09-30": "$-3.79", "2008-06-30": "$2.46", "2008-03-31": "$1.24", "2007-12-31": "$0.21", "2007-09-30": "$3.90", "2007-06-30": "$4.45", "2007-03-31": "$4.59", "2006-12-31": "$3.16", "2006-09-30": "$3.76", "2006-06-30": "$3.38", "2006-03-31": "$2.57", "2005-12-31": "$-2.71", "2005-09-30": "$-7.41", "2005-06-30": "$3.40", "2005-03-31": "$2.93"}}, "shares-outstanding": {"Everest Re Group Annual Shares Outstanding (Millions of Shares)": {"2019": "40", "2018": "41", "2017": "41", "2016": "42", "2015": "44", "2014": "46", "2013": "49", "2012": "52", "2011": "54", "2010": "57", "2009": "61", "2008": "62", "2007": "64", "2006": "65", "2005": "58"}, "Everest Re Group Quarterly Shares Outstanding (Millions of Shares)": {"2020-09-30": "40", "2020-06-30": "40", "2020-03-31": "40", "2019-12-31": "40", "2019-09-30": "40", "2019-06-30": "40", "2019-03-31": "40", "2018-12-31": "41", "2018-09-30": "41", "2018-06-30": "41", "2018-03-31": "41", "2017-12-31": "41", "2017-09-30": "41", "2017-06-30": "41", "2017-03-31": "41", "2016-12-31": "42", "2016-09-30": "41", "2016-06-30": "42", "2016-03-31": "42", "2015-12-31": "44", "2015-09-30": "44", "2015-06-30": "44", "2015-03-31": "44", "2014-12-31": "46", "2014-09-30": "45", "2014-06-30": "46", "2014-03-31": "47", "2013-12-31": "49", "2013-09-30": "48", "2013-06-30": "49", "2013-03-31": "51", "2012-12-31": "52", "2012-09-30": "52", "2012-06-30": "52", "2012-03-31": "53", "2011-12-31": "54", "2011-09-30": "54", "2011-06-30": "54", "2011-03-31": "54", "2010-12-31": "57", "2010-09-30": "56", "2010-06-30": "58", "2010-03-31": "59", "2009-12-31": "61", "2009-09-30": "61", "2009-06-30": "61", "2009-03-31": "61", "2008-12-31": "62", "2008-09-30": "62", "2008-06-30": "62", "2008-03-31": "63", "2007-12-31": "64", "2007-09-30": "63", "2007-06-30": "64", "2007-03-31": "65", "2006-12-31": "65", "2006-09-30": "65", "2006-06-30": "65", "2006-03-31": "65", "2005-12-31": "58", "2005-09-30": "56", "2005-06-30": "57", "2005-03-31": "57"}}, "total-assets": {"Everest Re Group Annual Total Assets (Millions of US $)": {"2019": "$27,324", "2018": "$24,751", "2017": "$23,592", "2016": "$21,322", "2015": "$20,545", "2014": "$20,818", "2013": "$19,808", "2012": "$19,778", "2011": "$18,894", "2010": "$18,384", "2009": "$18,001", "2008": "$16,847", "2007": "$17,999", "2006": "$17,108", "2005": "$16,475"}, "Everest Re Group Quarterly Total Assets (Millions of US $)": {"2020-09-30": "$30,153", "2020-06-30": "$28,585", "2020-03-31": "$27,223", "2019-12-31": "$27,324", "2019-09-30": "$27,024", "2019-06-30": "$26,388", "2019-03-31": "$25,631", "2018-12-31": "$24,751", "2018-09-30": "$24,411", "2018-06-30": "$23,886", "2018-03-31": "$23,513", "2017-12-31": "$23,592", "2017-09-30": "$23,936", "2017-06-30": "$22,522", "2017-03-31": "$22,193", "2016-12-31": "$21,322", "2016-09-30": "$21,663", "2016-06-30": "$21,282", "2016-03-31": "$20,856", "2015-12-31": "$20,545", "2015-09-30": "$21,682", "2015-06-30": "$21,483", "2015-03-31": "$21,267", "2014-12-31": "$20,818", "2014-09-30": "$21,487", "2014-06-30": "$21,192", "2014-03-31": "$20,112", "2013-12-31": "$19,808", "2013-09-30": "$20,028", "2013-06-30": "$19,559", "2013-03-31": "$19,802", "2012-12-31": "$19,778", "2012-09-30": "$19,667", "2012-06-30": "$18,903", "2012-03-31": "$19,165", "2011-12-31": "$18,894", "2011-09-30": "$18,736", "2011-06-30": "$19,004", "2011-03-31": "$18,792", "2010-12-31": "$18,384", "2010-09-30": "$18,550", "2010-06-30": "$18,207", "2010-03-31": "$18,160", "2009-12-31": "$18,001", "2009-09-30": "$18,129", "2009-06-30": "$17,327", "2009-03-31": "$16,725", "2008-12-31": "$16,847", "2008-09-30": "$17,370", "2008-06-30": "$17,793", "2008-03-31": "$18,046", "2007-12-31": "$17,999", "2007-09-30": "$17,861", "2007-06-30": "$17,484", "2007-03-31": "$17,074", "2006-12-31": "$17,108", "2006-09-30": "$16,841", "2006-06-30": "$16,536", "2006-03-31": "$16,594", "2005-12-31": "$16,475", "2005-09-30": "$15,783", "2005-06-30": "$15,420", "2005-03-31": "$15,047"}}, "cash-on-hand": {"Everest Re Group Annual Cash on Hand (Millions of US $)": {"2019": "$808", "2018": "$656", "2017": "$635", "2016": "$482", "2015": "$284", "2014": "$437", "2013": "$611", "2012": "$537", "2011": "$449", "2010": "$258", "2009": "$248", "2008": "$206", "2007": "$251", "2006": "$250", "2005": "$107"}, "Everest Re Group Quarterly Cash on Hand (Millions of US $)": {"2020-09-30": "$939", "2020-06-30": "$922", "2020-03-31": "$818", "2019-12-31": "$808", "2019-09-30": "$717", "2019-06-30": "$661", "2019-03-31": "$584", "2018-12-31": "$656", "2018-09-30": "$640", "2018-06-30": "$619", "2018-03-31": "$701", "2017-12-31": "$635", "2017-09-30": "$585", "2017-06-30": "$469", "2017-03-31": "$468", "2016-12-31": "$482", "2016-09-30": "$436", "2016-06-30": "$429", "2016-03-31": "$329", "2015-12-31": "$284", "2015-09-30": "$401", "2015-06-30": "$339", "2015-03-31": "$399", "2014-12-31": "$437", "2014-09-30": "$402", "2014-06-30": "$342", "2014-03-31": "$385", "2013-12-31": "$611", "2013-09-30": "$590", "2013-06-30": "$439", "2013-03-31": "$524", "2012-12-31": "$537", "2012-09-30": "$479", "2012-06-30": "$399", "2012-03-31": "$472", "2011-12-31": "$449", "2011-09-30": "$444", "2011-06-30": "$412", "2011-03-31": "$284", "2010-12-31": "$258", "2010-09-30": "$201", "2010-06-30": "$191", "2010-03-31": "$214", "2009-12-31": "$248", "2009-09-30": "$265", "2009-06-30": "$472", "2009-03-31": "$467", "2008-12-31": "$206", "2008-09-30": "$224", "2008-06-30": "$226", "2008-03-31": "$218", "2007-12-31": "$251", "2007-09-30": "$206", "2007-06-30": "$188", "2007-03-31": "$160", "2006-12-31": "$250", "2006-09-30": "$210", "2006-06-30": "$175", "2006-03-31": "$166", "2005-12-31": "$107", "2005-09-30": "$136", "2005-06-30": "$113", "2005-03-31": "$152"}}, "long-term-debt": {"Everest Re Group Annual Long Term Debt (Millions of US $)": {"2019": "$634", "2018": "$634", "2017": "$633", "2016": "$633", "2015": "$633", "2014": "$638", "2013": "$488", "2012": "$818", "2011": "$818", "2010": "$868", "2009": "$1,018", "2008": "$1,179", "2007": "$1,179", "2006": "$996", "2005": "$995"}, "Everest Re Group Quarterly Long Term Debt (Millions of US $)": {"2020-09-30": "$711", "2020-06-30": "$621", "2020-03-31": "$682", "2019-12-31": "$634", "2019-09-30": "$634", "2019-06-30": "$634", "2019-03-31": "$634", "2018-12-31": "$634", "2018-09-30": "$634", "2018-06-30": "$634", "2018-03-31": "$633", "2017-12-31": "$633", "2017-09-30": "$633", "2017-06-30": "$633", "2017-03-31": "$633", "2016-12-31": "$633", "2016-09-30": "$633", "2016-06-30": "$633", "2016-03-31": "$638", "2015-12-31": "$633", "2015-09-30": "$638", "2015-06-30": "$638", "2015-03-31": "$638", "2014-12-31": "$638", "2014-09-30": "$888", "2014-06-30": "$888", "2014-03-31": "$488", "2013-12-31": "$488", "2013-09-30": "$488", "2013-06-30": "$528", "2013-03-31": "$818", "2012-12-31": "$818", "2012-09-30": "$818", "2012-06-30": "$818", "2012-03-31": "$818", "2011-12-31": "$818", "2011-09-30": "$818", "2011-06-30": "$858", "2011-03-31": "$858", "2010-12-31": "$868", "2010-09-30": "$901", "2010-06-30": "$951", "2010-03-31": "$818", "2009-12-31": "$1,018", "2009-09-30": "$1,018", "2009-06-30": "$1,018", "2009-03-31": "$1,018", "2008-12-31": "$1,179", "2008-09-30": "$1,179", "2008-06-30": "$1,179", "2008-03-31": "$1,179", "2007-12-31": "$1,179", "2007-09-30": "$1,395", "2007-06-30": "$1,395", "2007-03-31": "$996", "2006-12-31": "$996", "2006-09-30": "$996", "2006-06-30": "$996", "2006-03-31": "$995", "2005-12-31": "$995", "2005-09-30": "$995", "2005-06-30": "$995", "2005-03-31": "$995"}}, "total-liabilities": {"Everest Re Group Annual Total Liabilities (Millions of US $)": {"2019": "$18,191", "2018": "$16,890", "2017": "$15,223", "2016": "$13,246", "2015": "$12,937", "2014": "$13,367", "2013": "$12,840", "2012": "$13,044", "2011": "$12,822", "2010": "$12,101", "2009": "$11,900", "2008": "$11,886", "2007": "$12,315", "2006": "$12,000", "2005": "$12,335"}, "Everest Re Group Quarterly Total Liabilities (Millions of US $)": {"2020-09-30": "$20,562", "2020-06-30": "$19,298", "2020-03-31": "$18,642", "2019-12-31": "$18,191", "2019-09-30": "$18,040", "2019-06-30": "$17,504", "2019-03-31": "$17,204", "2018-12-31": "$16,890", "2018-09-30": "$16,082", "2018-06-30": "$15,645", "2018-03-31": "$15,169", "2017-12-31": "$15,223", "2017-09-30": "$15,967", "2017-06-30": "$13,937", "2017-03-31": "$13,845", "2016-12-31": "$13,246", "2016-09-30": "$13,622", "2016-06-30": "$13,297", "2016-03-31": "$13,016", "2015-12-31": "$12,937", "2015-09-30": "$14,196", "2015-06-30": "$13,756", "2015-03-31": "$13,601", "2014-12-31": "$13,367", "2014-09-30": "$14,105", "2014-06-30": "$13,869", "2014-03-31": "$13,075", "2013-12-31": "$12,840", "2013-09-30": "$13,310", "2013-06-30": "$12,936", "2013-03-31": "$12,985", "2012-12-31": "$13,044", "2012-09-30": "$12,882", "2012-06-30": "$12,486", "2012-03-31": "$12,834", "2011-12-31": "$12,822", "2011-09-30": "$12,644", "2011-06-30": "$12,851", "2011-03-31": "$12,878", "2010-12-31": "$12,101", "2010-09-30": "$12,268", "2010-06-30": "$12,171", "2010-03-31": "$12,123", "2009-12-31": "$11,900", "2009-09-30": "$12,044", "2009-06-30": "$11,782", "2009-03-31": "$11,685", "2008-12-31": "$11,886", "2008-09-30": "$12,334", "2008-06-30": "$12,225", "2008-03-31": "$12,413", "2007-12-31": "$12,315", "2007-09-30": "$12,249", "2007-06-30": "$12,147", "2007-03-31": "$11,877", "2006-12-31": "$12,000", "2006-09-30": "$12,017", "2006-06-30": "$12,157", "2006-03-31": "$12,328", "2005-12-31": "$12,335", "2005-09-30": "$12,182", "2005-06-30": "$11,338", "2005-03-31": "$11,291"}}, "total-share-holder-equity": {"Everest Re Group Annual Share Holder Equity (Millions of US $)": {"2019": "$9,133", "2018": "$7,861", "2017": "$8,369", "2016": "$8,075", "2015": "$7,609", "2014": "$7,451", "2013": "$6,968", "2012": "$6,733", "2011": "$6,071", "2010": "$6,284", "2009": "$6,102", "2008": "$4,960", "2007": "$5,685", "2006": "$5,108", "2005": "$4,140"}, "Everest Re Group Quarterly Share Holder Equity (Millions of US $)": {"2020-09-30": "$9,591", "2020-06-30": "$9,286", "2020-03-31": "$8,581", "2019-12-31": "$9,133", "2019-09-30": "$8,983", "2019-06-30": "$8,884", "2019-03-31": "$8,427", "2018-12-31": "$7,861", "2018-09-30": "$8,329", "2018-06-30": "$8,241", "2018-03-31": "$8,344", "2017-12-31": "$8,369", "2017-09-30": "$7,969", "2017-06-30": "$8,585", "2017-03-31": "$8,348", "2016-12-31": "$8,075", "2016-09-30": "$8,041", "2016-06-30": "$7,985", "2016-03-31": "$7,840", "2015-12-31": "$7,609", "2015-09-30": "$7,486", "2015-06-30": "$7,727", "2015-03-31": "$7,667", "2014-12-31": "$7,451", "2014-09-30": "$7,382", "2014-06-30": "$7,323", "2014-03-31": "$7,038", "2013-12-31": "$6,968", "2013-09-30": "$6,717", "2013-06-30": "$6,623", "2013-03-31": "$6,817", "2012-12-31": "$6,733", "2012-09-30": "$6,785", "2012-06-30": "$6,417", "2012-03-31": "$6,331", "2011-12-31": "$6,071", "2011-09-30": "$6,092", "2011-06-30": "$6,153", "2011-03-31": "$5,914", "2010-12-31": "$6,284", "2010-09-30": "$6,282", "2010-06-30": "$6,036", "2010-03-31": "$6,037", "2009-12-31": "$6,102", "2009-09-30": "$6,085", "2009-06-30": "$5,545", "2009-03-31": "$5,040", "2008-12-31": "$4,960", "2008-09-30": "$5,037", "2008-06-30": "$5,568", "2008-03-31": "$5,633", "2007-12-31": "$5,685", "2007-09-30": "$5,612", "2007-06-30": "$5,338", "2007-03-31": "$5,197", "2006-12-31": "$5,108", "2006-09-30": "$4,824", "2006-06-30": "$4,379", "2006-03-31": "$4,266", "2005-12-31": "$4,140", "2005-09-30": "$3,601", "2005-06-30": "$4,082", "2005-03-31": "$3,756"}}, "profit-margins": {"current": "5.36%"}, "gross margin": {"2020-09-30": "8.33%", "2020-06-30": "6.75%", "2020-03-31": "8.58%", "2019-12-31": "14.13%", "2019-09-30": "2.96%", "2019-06-30": "4.25%", "2019-03-31": "0.18%", "2018-12-31": "-2.46%", "2018-09-30": "16.57%", "2018-06-30": "1.92%", "2018-03-31": "5.16%", "2017-12-31": "7.20%", "2017-09-30": "2.93%", "2017-06-30": "23.01%", "2017-03-31": "21.93%", "2016-12-31": "20.06%", "2016-09-30": "20.49%", "2016-06-30": "16.83%", "2016-03-31": "18.00%", "2015-12-31": "20.64%", "2015-09-30": "19.73%", "2015-06-30": "23.31%", "2015-03-31": "25.04%", "2014-12-31": "25.52%", "2014-09-30": "26.86%", "2014-06-30": "27.13%", "2014-03-31": "27.08%", "2013-12-31": "28.82%", "2013-09-30": "22.55%", "2013-06-30": "23.62%", "2013-03-31": "22.71%", "2012-12-31": "20.66%", "2012-09-30": "18.90%", "2012-06-30": "13.12%", "2012-03-31": "11.00%", "2011-12-31": "-3.52%", "2011-09-30": "2.40%", "2011-06-30": "6.35%", "2011-03-31": "6.86%", "2010-12-31": "14.05%", "2010-09-30": "14.07%", "2010-06-30": "15.76%", "2010-03-31": "18.87%", "2009-12-31": "22.88%", "2009-09-30": "18.96%", "2009-06-30": "5.63%", "2009-03-31": "1.75%", "2008-12-31": "0.28%", "2008-09-30": "1.53%", "2008-06-30": "15.33%", "2008-03-31": "18.88%", "2007-12-31": "23.42%", "2007-09-30": "27.94%", "2007-06-30": "28.02%", "2007-03-31": "26.95%", "2006-12-31": "23.48%", "2006-09-30": "13.07%", "2006-06-30": "-4.38%", "2006-03-31": "-4.56%", "2005-12-31": "-4.51%"}, "operating margin": {"2020-09-30": "7.89%", "2020-06-30": "6.32%", "2020-03-31": "8.16%", "2019-12-31": "13.74%", "2019-09-30": "2.59%", "2019-06-30": "3.87%", "2019-03-31": "-0.20%", "2018-12-31": "-2.88%", "2018-09-30": "16.19%", "2018-06-30": "1.56%", "2018-03-31": "4.78%", "2017-12-31": "6.81%", "2017-09-30": "2.50%", "2017-06-30": "22.57%", "2017-03-31": "21.48%", "2016-12-31": "19.61%", "2016-09-30": "20.02%", "2016-06-30": "16.34%", "2016-03-31": "17.53%", "2015-12-31": "20.22%", "2015-09-30": "19.32%", "2015-06-30": "22.86%", "2015-03-31": "24.63%", "2014-12-31": "25.11%", "2014-09-30": "26.41%", "2014-06-30": "26.74%", "2014-03-31": "26.65%", "2013-12-31": "28.38%", "2013-09-30": "22.10%", "2013-06-30": "23.16%", "2013-03-31": "22.23%", "2012-12-31": "20.19%", "2012-09-30": "18.50%", "2012-06-30": "12.70%", "2012-03-31": "10.62%", "2011-12-31": "-3.88%", "2011-09-30": "2.06%", "2011-06-30": "6.06%", "2011-03-31": "6.56%", "2010-12-31": "13.75%", "2010-09-30": "13.72%", "2010-06-30": "15.37%", "2010-03-31": "18.49%", "2009-12-31": "22.48%", "2009-09-30": "18.29%", "2009-06-30": "5.04%", "2009-03-31": "1.25%", "2008-12-31": "-0.11%", "2008-09-30": "1.53%", "2008-06-30": "15.33%", "2008-03-31": "18.88%", "2007-12-31": "23.42%", "2007-09-30": "27.96%", "2007-06-30": "28.04%", "2007-03-31": "26.97%", "2006-12-31": "23.51%", "2006-09-30": "13.04%", "2006-06-30": "-4.40%", "2006-03-31": "-4.58%", "2005-12-31": "-4.56%"}, "ebitda margin": {"2020-09-30": "8.33%", "2020-06-30": "6.77%", "2020-03-31": "8.56%", "2019-12-31": "14.10%", "2019-09-30": "2.93%", "2019-06-30": "4.18%", "2019-03-31": "0.15%", "2018-12-31": "-2.49%", "2018-09-30": "16.67%", "2018-06-30": "2.13%", "2018-03-31": "5.39%", "2017-12-31": "7.49%", "2017-09-30": "3.21%", "2017-06-30": "23.34%", "2017-03-31": "22.30%", "2016-12-31": "20.47%", "2016-09-30": "20.92%", "2016-06-30": "17.26%", "2016-03-31": "18.46%", "2015-12-31": "21.12%", "2015-09-30": "20.22%", "2015-06-30": "23.66%", "2015-03-31": "25.43%", "2014-12-31": "25.94%", "2014-09-30": "27.31%", "2014-06-30": "27.75%", "2014-03-31": "27.75%", "2013-12-31": "29.57%", "2013-09-30": "23.35%", "2013-06-30": "24.43%", "2013-03-31": "23.52%", "2012-12-31": "21.43%", "2012-09-30": "19.67%", "2012-06-30": "13.81%", "2012-03-31": "11.67%", "2011-12-31": "-2.85%", "2011-09-30": "3.02%", "2011-06-30": "7.10%", "2011-03-31": "7.57%", "2010-12-31": "14.73%", "2010-09-30": "14.93%", "2010-06-30": "16.41%", "2010-03-31": "19.36%", "2009-12-31": "23.21%", "2009-09-30": "18.76%", "2009-06-30": "5.52%", "2009-03-31": "1.75%", "2008-12-31": "0.34%", "2008-09-30": "1.74%", "2008-06-30": "15.26%", "2008-03-31": "18.68%", "2007-12-31": "23.23%", "2007-09-30": "27.88%", "2007-06-30": "28.21%", "2007-03-31": "27.32%", "2006-12-31": "23.99%", "2006-09-30": "13.65%", "2006-06-30": "-3.74%", "2006-03-31": "-4.00%", "2005-12-31": "-3.94%"}, "pre tax profit margin": {"2020-09-30": "7.57%", "2020-06-30": "5.95%", "2020-03-31": "7.76%", "2019-12-31": "13.35%", "2019-09-30": "2.18%", "2019-06-30": "3.46%", "2019-03-31": "-0.59%", "2018-12-31": "-3.29%", "2018-09-30": "15.80%", "2018-06-30": "1.17%", "2018-03-31": "4.36%", "2017-12-31": "6.34%", "2017-09-30": "1.98%", "2017-06-30": "22.00%", "2017-03-31": "20.89%", "2016-12-31": "18.99%", "2016-09-30": "19.37%", "2016-06-30": "15.67%", "2016-03-31": "16.85%", "2015-12-31": "19.57%", "2015-09-30": "18.67%", "2015-06-30": "22.17%", "2015-03-31": "23.94%", "2014-12-31": "24.42%", "2014-09-30": "25.76%", "2014-06-30": "26.18%", "2014-03-31": "25.91%", "2013-12-31": "27.57%", "2013-09-30": "21.14%", "2013-06-30": "22.03%", "2013-03-31": "21.14%", "2012-12-31": "19.07%", "2012-09-30": "17.40%", "2012-06-30": "11.58%", "2012-03-31": "9.52%", "2011-12-31": "-4.99%", "2011-09-30": "0.94%", "2011-06-30": "4.96%", "2011-03-31": "5.44%", "2010-12-31": "12.54%", "2010-09-30": "12.40%", "2010-06-30": "13.98%", "2010-03-31": "17.03%", "2009-12-31": "20.90%", "2009-09-30": "16.46%", "2009-06-30": "2.95%", "2009-03-31": "-0.97%", "2008-12-31": "-2.38%", "2008-09-30": "-0.59%", "2008-06-30": "13.24%", "2008-03-31": "16.77%", "2007-12-31": "21.48%", "2007-09-30": "26.15%", "2007-06-30": "26.40%", "2007-03-31": "25.43%", "2006-12-31": "21.98%", "2006-09-30": "11.50%", "2006-06-30": "-5.97%", "2006-03-31": "-6.08%", "2005-12-31": "-6.16%"}, "net profit margin": {"2020-09-30": "7.39%", "2020-06-30": "6.25%", "2020-03-31": "8.15%", "2019-12-31": "12.27%", "2019-09-30": "5.15%", "2019-06-30": "6.44%", "2019-03-31": "3.07%", "2018-12-31": "1.20%", "2018-09-30": "14.26%", "2018-06-30": "3.12%", "2018-03-31": "5.84%", "2017-12-31": "7.31%", "2017-09-30": "4.30%", "2017-06-30": "19.66%", "2017-03-31": "18.50%", "2016-12-31": "17.21%", "2016-09-30": "17.20%", "2016-06-30": "14.02%", "2016-03-31": "15.08%", "2015-12-31": "17.23%", "2015-09-30": "17.27%", "2015-06-30": "19.88%", "2015-03-31": "21.06%", "2014-12-31": "21.11%", "2014-09-30": "21.14%", "2014-06-30": "20.94%", "2014-03-31": "21.05%", "2013-12-31": "22.34%", "2013-09-30": "17.68%", "2013-06-30": "18.60%", "2013-03-31": "18.03%", "2012-12-31": "16.86%", "2012-09-30": "16.45%", "2012-06-30": "13.16%", "2012-03-31": "11.40%", "2011-12-31": "-1.73%", "2011-09-30": "3.88%", "2011-06-30": "6.06%", "2011-03-31": "6.71%", "2010-12-31": "12.99%", "2010-09-30": "10.91%", "2010-06-30": "12.16%", "2010-03-31": "14.45%", "2009-12-31": "17.96%", "2009-09-30": "14.70%", "2009-06-30": "3.57%", "2009-03-31": "0.33%", "2008-12-31": "-0.54%", "2008-09-30": "0.26%", "2008-06-30": "11.38%", "2008-03-31": "13.79%", "2007-12-31": "17.57%", "2007-09-30": "21.34%", "2007-06-30": "21.71%", "2007-03-31": "21.36%", "2006-12-31": "18.59%", "2006-09-30": "10.69%", "2006-06-30": "-4.36%", "2006-03-31": "-4.74%", "2005-12-31": "-4.80%"}, "pe ratio": {"current": "31.49", "2021-02-11": "14.78", "2020-09-30": "11.84", "2020-06-30": "15.57", "2020-03-31": "11.29", "2019-12-31": "10.85", "2019-09-30": "25.76", "2019-06-30": "19.09", "2019-03-31": "35.84", "2018-12-31": "89.34", "2018-09-30": "8.45", "2018-06-30": "44.14", "2018-03-31": "26.26", "2017-12-31": "18.55", "2017-09-30": "33.29", "2017-06-30": "8.07", "2017-03-31": "8.00", "2016-12-31": "8.31", "2016-09-30": "7.51", "2016-06-30": "9.21", "2016-03-31": "9.36", "2015-12-31": "7.38", "2015-09-30": "7.20", "2015-06-30": "6.34", "2015-03-31": "5.67", "2014-12-31": "5.73", "2014-09-30": "5.41", "2014-06-30": "5.59", "2014-03-31": "5.46", "2013-12-31": "5.25", "2013-09-30": "6.52", "2013-06-30": "5.73", "2013-03-31": "6.26", "2012-12-31": "5.89", "2012-09-30": "5.85", "2012-06-30": "7.39", "2012-03-31": "7.68", "2011-12-31": "0.00", "2011-09-30": "19.94", "2011-06-30": "12.79", "2011-03-31": "13.00", "2010-12-31": "6.26", "2010-09-30": "7.97", "2010-06-30": "6.04", "2010-03-31": "5.79", "2009-12-31": "5.11", "2009-09-30": "7.11", "2009-06-30": "26.20", "2009-03-31": "322.44", "2008-12-31": "0.00", "2008-09-30": "659.70", "2008-06-30": "7.75", "2008-03-31": "6.90", "2007-12-31": "5.74", "2007-09-30": "5.12", "2007-06-30": "5.06", "2007-03-31": "4.78", "2006-12-31": "5.62"}, "price sales": {"2021-02-11": "1.08", "2020-09-30": "0.87", "2020-06-30": "0.96", "2020-03-31": "0.92", "2019-12-31": "1.32", "2019-09-30": "1.33", "2019-06-30": "1.25", "2019-03-31": "1.10", "2018-12-31": "1.15", "2018-09-30": "1.18", "2018-06-30": "1.22", "2018-03-31": "1.43", "2017-12-31": "1.27", "2017-09-30": "1.37", "2017-06-30": "1.58", "2017-03-31": "1.48", "2016-12-31": "1.43", "2016-09-30": "1.28", "2016-06-30": "1.29", "2016-03-31": "1.41", "2015-12-31": "1.27", "2015-09-30": "1.23", "2015-06-30": "1.25", "2015-03-31": "1.19", "2014-12-31": "1.20", "2014-09-30": "1.14", "2014-06-30": "1.17", "2014-03-31": "1.15", "2013-12-31": "1.17", "2013-09-30": "1.15", "2013-06-30": "1.06", "2013-03-31": "1.12", "2012-12-31": "0.98", "2012-09-30": "0.96", "2012-06-30": "0.97", "2012-03-31": "0.87", "2011-12-31": "0.80", "2011-09-30": "0.77", "2011-06-30": "0.76", "2011-03-31": "0.85", "2010-12-31": "0.83", "2010-09-30": "0.87", "2010-06-30": "0.73", "2010-03-31": "0.83", "2009-12-31": "0.92", "2009-09-30": "1.04", "2009-06-30": "0.93", "2009-03-31": "0.94", "2008-12-31": "1.03", "2008-09-30": "1.05", "2008-06-30": "0.88", "2008-03-31": "0.95", "2007-12-31": "1.00", "2007-09-30": "1.09", "2007-06-30": "1.10", "2007-03-31": "1.02", "2006-12-31": "1.05"}, "price book": {"current": "0.97", "2021-02-11": "1.02", "2020-09-30": "0.82", "2020-06-30": "0.88", "2020-03-31": "0.88", "2019-12-31": "1.20", "2019-09-30": "1.17", "2019-06-30": "1.09", "2019-03-31": "1.00", "2018-12-31": "1.08", "2018-09-30": "1.06", "2018-06-30": "1.08", "2018-03-31": "1.18", "2017-12-31": "1.01", "2017-09-30": "1.09", "2017-06-30": "1.13", "2017-03-31": "1.06", "2016-12-31": "1.00", "2016-09-30": "0.88", "2016-06-30": "0.87", "2016-03-31": "0.96", "2015-12-31": "0.92", "2015-09-30": "0.88", "2015-06-30": "0.92", "2015-03-31": "0.88", "2014-12-31": "0.89", "2014-09-30": "0.86", "2014-06-30": "0.87", "2014-03-31": "0.86", "2013-12-31": "0.91", "2013-09-30": "0.88", "2013-06-30": "0.80", "2013-03-31": "0.80", "2012-12-31": "0.71", "2012-09-30": "0.68", "2012-06-30": "0.70", "2012-03-31": "0.64", "2011-12-31": "0.61", "2011-09-30": "0.58", "2011-06-30": "0.59", "2011-03-31": "0.66", "2010-12-31": "0.59", "2010-09-30": "0.61", "2010-06-30": "0.53", "2010-03-31": "0.63", "2009-12-31": "0.66", "2009-09-30": "0.68", "2009-06-30": "0.61", "2009-03-31": "0.67", "2008-12-31": "0.72", "2008-09-30": "0.80", "2008-06-30": "0.67", "2008-03-31": "0.74", "2007-12-31": "0.83", "2007-09-30": "0.92", "2007-06-30": "0.96", "2007-03-31": "0.87", "2006-12-31": "0.92", "2006-09-30": "0.97", "2006-06-30": "0.94", "2006-03-31": "1.04"}, "price fcf": {"2021-02-11": "", "2020-09-30": "$64.40", "2020-06-30": "$52.65", "2020-03-31": "$47.01", "2019-12-31": "$45.82", "2019-09-30": "$38.42", "2019-06-30": "$32.90", "2019-03-31": "$21.59", "2018-12-31": "$15.03", "2018-09-30": "$16.33", "2018-06-30": "$16.21", "2018-03-31": "$23.92", "2017-12-31": "$28.47", "2017-09-30": "$35.56", "2017-06-30": "$32.46", "2017-03-31": "$33.75", "2016-12-31": "$33.24", "2016-09-30": "$30.18", "2016-06-30": "$29.57", "2016-03-31": "$26.26", "2015-12-31": "$25.31", "2015-09-30": "$20.95", "2015-06-30": "$22.18", "2015-03-31": "$23.09", "2014-12-31": "$23.03", "2014-09-30": "$25.73", "2014-06-30": "$26.33", "2014-03-31": "$25.11", "2013-12-31": "$22.39", "2013-09-30": "$21.13", "2013-06-30": "$16.42", "2013-03-31": "$15.33", "2012-12-31": "$13.34", "2012-09-30": "$12.45", "2012-06-30": "$12.90", "2012-03-31": "$12.96", "2011-12-31": "$13.31", "2011-09-30": "$12.11", "2011-06-30": "$13.91", "2011-03-31": "$15.05", "2010-12-31": "$16.17", "2010-09-30": "$17.24", "2010-06-30": "$16.79", "2010-03-31": "$14.55", "2009-12-31": "$12.90", "2009-09-30": "$10.70", "2009-06-30": "$11.59", "2009-03-31": "$9.65", "2008-12-31": "$10.70", "2008-09-30": "$13.52", "2008-06-30": "$13.05", "2008-03-31": "$14.92", "2007-12-31": "$13.44", "2007-09-30": "$11.96", "2007-06-30": "$9.08", "2007-03-31": "$9.78", "2006-12-31": "$9.74"}, "net worth": {"value": "$9.31B"}, "current ratio": {"2020-09-30": "0.28", "2020-06-30": "0.31", "2020-03-31": "0.28", "2019-12-31": "0.28", "2019-09-30": "0.31", "2019-06-30": "0.32", "2019-03-31": "0.32", "2018-12-31": "0.33", "2018-09-30": "0.31", "2018-06-30": "0.32", "2018-03-31": "0.30", "2017-12-31": "0.29", "2017-09-30": "0.30", "2017-06-30": "0.27", "2017-03-31": "0.27", "2016-12-31": "0.26", "2016-09-30": "0.26", "2016-06-30": "0.25", "2016-03-31": "0.25", "2015-12-31": "0.24", "2015-09-30": "0.26", "2015-06-30": "0.22", "2015-03-31": "0.23", "2014-12-31": "0.23", "2014-09-30": "0.25", "2014-06-30": "0.22", "2014-03-31": "0.22", "2013-12-31": "0.24", "2013-09-30": "0.24", "2013-06-30": "0.22", "2013-03-31": "0.22", "2012-12-31": "0.21", "2012-09-30": "0.20", "2012-06-30": "0.18", "2012-03-31": "0.18", "2011-12-31": "0.18", "2011-09-30": "0.19", "2011-06-30": "0.19", "2011-03-31": "0.18", "2010-12-31": "0.17", "2010-09-30": "0.17", "2010-06-30": "0.17", "2010-03-31": "0.18", "2009-12-31": "0.19", "2009-09-30": "0.18", "2009-06-30": "0.21", "2009-03-31": "0.21", "2008-12-31": "0.17", "2008-09-30": "0.17", "2008-06-30": "0.17", "2008-03-31": "0.17", "2007-12-31": "0.18", "2007-09-30": "0.19", "2007-06-30": "0.19", "2007-03-31": "0.20", "2006-12-31": "0.20", "2006-09-30": "0.20", "2006-06-30": "0.21", "2006-03-31": "0.21", "2005-12-31": "0.22", "2005-09-30": "0.23", "2005-06-30": "0.25", "2005-03-31": "0.26"}, "quick ratio": {"2020-09-30": "0.00", "2020-06-30": "0.00", "2020-03-31": "0.00", "2019-12-31": "0.00", "2019-09-30": "0.00", "2019-06-30": "0.00", "2019-03-31": "0.00", "2018-12-31": "0.00", "2018-09-30": "0.00", "2018-06-30": "0.00", "2018-03-31": "0.00", "2017-12-31": "0.00", "2017-09-30": "0.00", "2017-06-30": "0.00", "2017-03-31": "0.00", "2016-12-31": "0.00", "2016-09-30": "0.00", "2016-06-30": "0.00", "2016-03-31": "0.00", "2015-12-31": "0.00", "2015-09-30": "0.00", "2015-06-30": "0.00", "2015-03-31": "0.00", "2014-12-31": "0.00", "2014-09-30": "0.00", "2014-06-30": "0.00", "2014-03-31": "0.00", "2013-12-31": "0.00", "2013-09-30": "0.00", "2013-06-30": "0.00", "2013-03-31": "0.00", "2012-12-31": "0.00", "2012-09-30": "0.00", "2012-06-30": "0.00", "2012-03-31": "0.00", "2011-12-31": "0.00", "2011-09-30": "0.00", "2011-06-30": "0.00", "2011-03-31": "0.00", "2010-12-31": "0.00", "2010-09-30": "0.00", "2010-06-30": "0.00", "2010-03-31": "0.00", "2009-12-31": "0.00", "2009-09-30": "0.00", "2009-06-30": "0.00", "2009-03-31": "0.00", "2008-12-31": "0.00", "2008-09-30": "0.00", "2008-06-30": "0.00", "2008-03-31": "0.00", "2007-12-31": "0.00", "2007-09-30": "0.00", "2007-06-30": "0.00", "2007-03-31": "0.00", "2006-12-31": "0.00", "2006-09-30": "0.00", "2006-06-30": "0.00", "2006-03-31": "0.00", "2005-12-31": "0.00", "2005-09-30": "0.00", "2005-06-30": "0.00", "2005-03-31": "0.00"}, "debt equity ratio": {"current": "0.07", "2020-09-30": "2.14", "2020-06-30": "2.08", "2020-03-31": "2.17", "2019-12-31": "1.99", "2019-09-30": "2.01", "2019-06-30": "1.97", "2019-03-31": "2.04", "2018-12-31": "2.15", "2018-09-30": "1.93", "2018-06-30": "1.90", "2018-03-31": "1.82", "2017-12-31": "1.82", "2017-09-30": "2.00", "2017-06-30": "1.62", "2017-03-31": "1.66", "2016-12-31": "1.64", "2016-09-30": "1.69", "2016-06-30": "1.67", "2016-03-31": "1.66", "2015-12-31": "1.70", "2015-09-30": "1.90", "2015-06-30": "1.78", "2015-03-31": "1.77", "2014-12-31": "1.79", "2014-09-30": "1.91", "2014-06-30": "1.89", "2014-03-31": "1.86", "2013-12-31": "1.84", "2013-09-30": "1.98", "2013-06-30": "1.95", "2013-03-31": "1.91", "2012-12-31": "1.94", "2012-09-30": "1.90", "2012-06-30": "1.95", "2012-03-31": "2.03", "2011-12-31": "2.11", "2011-09-30": "2.08", "2011-06-30": "2.09", "2011-03-31": "2.18", "2010-12-31": "1.93", "2010-09-30": "1.95", "2010-06-30": "2.02", "2010-03-31": "2.01", "2009-12-31": "1.95", "2009-09-30": "1.98", "2009-06-30": "2.13", "2009-03-31": "2.32", "2008-12-31": "2.40", "2008-09-30": "2.45", "2008-06-30": "2.20", "2008-03-31": "2.20", "2007-12-31": "2.17", "2007-09-30": "2.18", "2007-06-30": "2.28", "2007-03-31": "2.29", "2006-12-31": "2.35", "2006-09-30": "2.49", "2006-06-30": "2.78", "2006-03-31": "2.89", "2005-12-31": "2.98", "2005-09-30": "3.38", "2005-06-30": "2.78", "2005-03-31": "3.01"}, "return on equity": {"2020-09-30": "7.31%", "2020-06-30": "5.89%", "2020-03-31": "7.55%", "2019-12-31": "11.40%", "2019-09-30": "4.71%", "2019-06-30": "5.92%", "2019-03-31": "2.84%", "2018-12-31": "1.07%", "2018-09-30": "12.78%", "2018-06-30": "2.75%", "2018-03-31": "4.83%", "2017-12-31": "5.82%", "2017-09-30": "3.31%", "2017-06-30": "14.61%", "2017-03-31": "13.77%", "2016-12-31": "12.49%", "2016-09-30": "12.45%", "2016-06-30": "10.01%", "2016-03-31": "10.79%", "2015-12-31": "12.83%", "2015-09-30": "12.67%", "2015-06-30": "15.18%", "2015-03-31": "16.47%", "2014-12-31": "16.43%", "2014-09-30": "17.05%", "2014-06-30": "16.89%", "2014-03-31": "17.11%", "2013-12-31": "18.58%", "2013-09-30": "14.19%", "2013-06-30": "14.39%", "2013-03-31": "13.59%", "2012-12-31": "12.64%", "2012-09-30": "12.69%", "2012-06-30": "10.02%", "2012-03-31": "8.76%", "2011-12-31": "-1.34%", "2011-09-30": "2.96%", "2011-06-30": "4.74%", "2011-03-31": "5.19%", "2010-12-31": "9.92%", "2010-09-30": "8.26%", "2010-06-30": "9.23%", "2010-03-31": "11.38%", "2009-12-31": "14.19%", "2009-09-30": "10.98%", "2009-06-30": "2.57%", "2009-03-31": "0.23%", "2008-12-31": "-0.36%", "2008-09-30": "0.18%", "2008-06-30": "8.71%", "2008-03-31": "11.14%", "2007-12-31": "15.39%", "2007-09-30": "19.46%", "2007-06-30": "20.19%", "2007-03-31": "19.89%", "2006-12-31": "18.09%", "2006-09-30": "10.72%", "2006-06-30": "-4.69%", "2006-03-31": "-5.42%", "2005-12-31": "-5.62%"}, "return on assets": {"2020-09-30": "2.36%", "2020-06-30": "1.92%", "2020-03-31": "2.49%", "2019-12-31": "3.80%", "2019-09-30": "1.55%", "2019-06-30": "1.96%", "2019-03-31": "0.94%", "2018-12-31": "0.36%", "2018-09-30": "4.46%", "2018-06-30": "0.95%", "2018-03-31": "1.72%", "2017-12-31": "2.10%", "2017-09-30": "1.21%", "2017-06-30": "5.51%", "2017-03-31": "5.17%", "2016-12-31": "4.68%", "2016-09-30": "4.65%", "2016-06-30": "3.67%", "2016-03-31": "3.91%", "2015-12-31": "4.60%", "2015-09-30": "4.51%", "2015-06-30": "5.39%", "2015-03-31": "5.79%", "2014-12-31": "5.74%", "2014-09-30": "5.93%", "2014-06-30": "5.84%", "2014-03-31": "5.89%", "2013-12-31": "6.36%", "2013-09-30": "4.82%", "2013-06-30": "4.92%", "2013-03-31": "4.65%", "2012-12-31": "4.28%", "2012-09-30": "4.24%", "2012-06-30": "3.30%", "2012-03-31": "2.85%", "2011-12-31": "-0.43%", "2011-09-30": "0.97%", "2011-06-30": "1.56%", "2011-03-31": "1.72%", "2010-12-31": "3.33%", "2010-09-30": "2.77%", "2010-06-30": "3.09%", "2010-03-31": "3.78%", "2009-12-31": "4.61%", "2009-09-30": "3.44%", "2009-06-30": "0.77%", "2009-03-31": "0.07%", "2008-12-31": "-0.11%", "2008-09-30": "0.06%", "2008-06-30": "2.73%", "2008-03-31": "3.47%", "2007-12-31": "4.77%", "2007-09-30": "5.95%", "2007-06-30": "6.03%", "2007-03-31": "5.74%", "2006-12-31": "5.01%", "2006-09-30": "2.84%", "2006-06-30": "-1.17%", "2006-03-31": "-1.36%", "2005-12-31": "-1.40%"}, "return on investments": {"2020-09-30": "7.28%", "2020-06-30": "5.56%", "2020-03-31": "7.05%", "2019-12-31": "11.92%", "2019-09-30": "2.20%", "2019-06-30": "3.31%", "2019-03-31": "-0.17%", "2018-12-31": "-2.40%", "2018-09-30": "13.48%", "2018-06-30": "1.27%", "2018-03-31": "3.68%", "2017-12-31": "5.04%", "2017-09-30": "1.79%", "2017-06-30": "15.58%", "2017-03-31": "14.83%", "2016-12-31": "13.18%", "2016-09-30": "13.42%", "2016-06-30": "10.78%", "2016-03-31": "11.57%", "2015-12-31": "13.90%", "2015-09-30": "13.08%", "2015-06-30": "15.97%", "2015-03-31": "17.47%", "2014-12-31": "17.77%", "2014-09-30": "19.44%", "2014-06-30": "19.89%", "2014-03-31": "20.19%", "2013-12-31": "21.75%", "2013-09-30": "16.15%", "2013-06-30": "16.14%", "2013-03-31": "14.93%", "2012-12-31": "13.46%", "2012-09-30": "12.65%", "2012-06-30": "8.54%", "2012-03-31": "7.20%", "2011-12-31": "-2.64%", "2011-09-30": "1.38%", "2011-06-30": "4.15%", "2011-03-31": "4.43%", "2010-12-31": "9.18%", "2010-09-30": "9.02%", "2010-06-30": "10.09%", "2010-03-31": "12.52%", "2009-12-31": "15.06%", "2009-09-30": "11.43%", "2009-06-30": "2.98%", "2009-03-31": "0.72%", "2008-12-31": "-0.06%", "2008-09-30": "0.90%", "2008-06-30": "9.62%", "2008-03-31": "12.39%", "2007-12-31": "16.72%", "2007-09-30": "20.82%", "2007-06-30": "21.47%", "2007-03-31": "20.86%", "2006-12-31": "18.83%", "2006-09-30": "10.67%", "2006-06-30": "-3.81%", "2006-03-31": "-4.21%", "2005-12-31": "-4.25%"}, "return on tangible equity": {"2020-09-30": "7.31%", "2020-06-30": "5.89%", "2020-03-31": "7.55%", "2019-12-31": "11.40%", "2019-09-30": "4.71%", "2019-06-30": "5.92%", "2019-03-31": "2.84%", "2018-12-31": "1.07%", "2018-09-30": "12.78%", "2018-06-30": "2.75%", "2018-03-31": "4.83%", "2017-12-31": "5.82%", "2017-09-30": "3.31%", "2017-06-30": "14.61%", "2017-03-31": "13.77%", "2016-12-31": "12.49%", "2016-09-30": "12.45%", "2016-06-30": "10.01%", "2016-03-31": "10.79%", "2015-12-31": "12.83%", "2015-09-30": "12.67%", "2015-06-30": "15.18%", "2015-03-31": "16.47%", "2014-12-31": "16.43%", "2014-09-30": "17.05%", "2014-06-30": "16.89%", "2014-03-31": "17.11%", "2013-12-31": "18.58%", "2013-09-30": "14.19%", "2013-06-30": "14.39%", "2013-03-31": "13.59%", "2012-12-31": "12.64%", "2012-09-30": "12.69%", "2012-06-30": "10.02%", "2012-03-31": "8.76%", "2011-12-31": "-1.34%", "2011-09-30": "2.96%", "2011-06-30": "4.74%", "2011-03-31": "5.19%", "2010-12-31": "9.92%", "2010-09-30": "8.26%", "2010-06-30": "9.23%", "2010-03-31": "11.38%", "2009-12-31": "14.19%", "2009-09-30": "10.98%", "2009-06-30": "2.57%", "2009-03-31": "0.23%", "2008-12-31": "-0.36%", "2008-09-30": "0.18%", "2008-06-30": "8.71%", "2008-03-31": "11.14%", "2007-12-31": "15.39%", "2007-09-30": "19.46%", "2007-06-30": "20.19%", "2007-03-31": "19.89%", "2006-12-31": "18.09%", "2006-09-30": "10.72%", "2006-06-30": "-4.69%", "2006-03-31": "-5.42%", "2005-12-31": "-5.62%"}, "dividend yield history": {"last payout": "$6.20", "last yield": "2.66%"}}