{"ticker": "RP", "price": {"title": "RealPage Historical Annual Stock Price Data", "value": 86.7, "historical": {"2020": {"Average Stock Price": "61.8890", "Year Open": "54.5900", "Year High": "87.6800", "Year Low": "42.6900", "Year Close": "87.2400", "Annual % Change": "62.31%"}, "2019": {"Average Stock Price": "59.4007", "Year Open": "47.2900", "Year High": "65.3200", "Year Low": "47.2700", "Year Close": "53.7500", "Annual % Change": "11.54%"}, "2018": {"Average Stock Price": "54.6259", "Year Open": "45.3500", "Year High": "65.9000", "Year Low": "44.6600", "Year Close": "48.1900", "Annual % Change": "8.78%"}, "2017": {"Average Stock Price": "37.9923", "Year Open": "29.7500", "Year High": "45.9500", "Year Low": "28.2500", "Year Close": "44.3000", "Annual % Change": "47.67%"}, "2016": {"Average Stock Price": "23.5927", "Year Open": "22.1000", "Year High": "30.7500", "Year Low": "16.3100", "Year Close": "30.0000", "Annual % Change": "33.63%"}, "2015": {"Average Stock Price": "19.5104", "Year Open": "21.5000", "Year High": "23.5600", "Year Low": "16.5700", "Year Close": "22.4500", "Annual % Change": "2.23%"}, "2014": {"Average Stock Price": "19.1543", "Year Open": "22.4000", "Year High": "22.9200", "Year Low": "15.0000", "Year Close": "21.9600", "Annual % Change": "-6.07%"}, "2013": {"Average Stock Price": "21.4139", "Year Open": "21.7600", "Year High": "25.8900", "Year Low": "17.0600", "Year Close": "23.3800", "Annual % Change": "8.39%"}, "2012": {"Average Stock Price": "21.6553", "Year Open": "25.7800", "Year High": "28.6600", "Year Low": "16.9200", "Year Close": "21.5700", "Annual % Change": "-14.64%"}, "2011": {"Average Stock Price": "25.3970", "Year Open": "30.1100", "Year High": "31.9000", "Year Low": "18.5700", "Year Close": "25.2700", "Annual % Change": "-18.30%"}, "2010": {"Average Stock Price": "23.1743", "Year Open": "14.5200", "Year High": "32.8000", "Year Low": "14.5200", "Year Close": "30.9300", "Annual % Change": "0.00%"}}}, "market cap": {"value": "$8.83B"}, "income statement": {"Revenue": {"2019-12-31": "988.13600", "2018-12-31": "869.48000", "2017-12-31": "670.96300", "2016-12-31": "568.12800", "2015-12-31": "468.52000", "2014-12-31": "404.55100", "2013-12-31": "377.02200", "2012-12-31": "322.17200", "2011-12-31": "257.97900", "2010-12-31": "188.27400", "2009-12-31": "140.90200", "2008-12-31": "112.56800", "2007-12-31": "83.58100"}, "Cost Of Goods Sold": {"2019-12-31": "426.17300", "2018-12-31": "364.17900", "2017-12-31": "280.29800", "2016-12-31": "243.20800", "2015-12-31": "198.61300", "2014-12-31": "174.87100", "2013-12-31": "148.32100", "2012-12-31": "128.56200", "2011-12-31": "108.15500", "2010-12-31": "79.04400", "2009-12-31": "58.51300", "2008-12-31": "46.05800", "2007-12-31": "35.70300"}, "Gross Profit": {"2019-12-31": "561.96300", "2018-12-31": "505.30100", "2017-12-31": "390.66500", "2016-12-31": "324.92000", "2015-12-31": "269.90700", "2014-12-31": "229.68000", "2013-12-31": "228.70100", "2012-12-31": "193.61000", "2011-12-31": "149.82400", "2010-12-31": "109.23000", "2009-12-31": "82.38900", "2008-12-31": "66.51000", "2007-12-31": "47.87800"}, "Research And Development Expenses": {"2019-12-31": "112.22200", "2018-12-31": "118.52500", "2017-12-31": "89.45200", "2016-12-31": "73.60700", "2015-12-31": "68.79900", "2014-12-31": "64.41800", "2013-12-31": "50.63800", "2012-12-31": "48.17700", "2011-12-31": "43.44100", "2010-12-31": "36.92200", "2009-12-31": "27.44600", "2008-12-31": "28.80600", "2007-12-31": "21.70800"}, "SG&A Expenses": {"2019-12-31": "317.01800", "2018-12-31": "284.81500", "2017-12-31": "253.44800", "2016-12-31": "207.47000", "2015-12-31": "191.92200", "2014-12-31": "180.76500", "2013-12-31": "156.50400", "2012-12-31": "133.98500", "2011-12-31": "104.57300", "2010-12-31": "66.02100", "2009-12-31": "48.01400", "2008-12-31": "38.05800", "2007-12-31": "27.80300"}, "Other Operating Income Or Expenses": {"2019-12-31": "", "2018-12-31": "", "2017-12-31": "", "2016-12-31": "", "2015-12-31": "", "2014-12-31": "", "2013-12-31": "", "2012-12-31": "", "2011-12-31": "", "2010-12-31": "", "2009-12-31": "", "2008-12-31": "", "2007-12-31": ""}, "Operating Expenses": {"2019-12-31": "895.71600", "2018-12-31": "803.43000", "2017-12-31": "640.95300", "2016-12-31": "536.88400", "2015-12-31": "480.13500", "2014-12-31": "420.05400", "2013-12-31": "355.46300", "2012-12-31": "310.72400", "2011-12-31": "256.16900", "2010-12-31": "181.98700", "2009-12-31": "133.97300", "2008-12-31": "112.92200", "2007-12-31": "85.21400"}, "Operating Income": {"2019-12-31": "92.42000", "2018-12-31": "66.05000", "2017-12-31": "30.01000", "2016-12-31": "31.24400", "2015-12-31": "-11.61500", "2014-12-31": "-15.50300", "2013-12-31": "21.55900", "2012-12-31": "11.44800", "2011-12-31": "1.81000", "2010-12-31": "6.28700", "2009-12-31": "6.92900", "2008-12-31": "-0.35400", "2007-12-31": "-1.63300"}, "Total Non-Operating Income/Expense": {"2019-12-31": "-31.86200", "2018-12-31": "-31.75000", "2017-12-31": "-14.76900", "2016-12-31": "-3.75800", "2015-12-31": "-1.44900", "2014-12-31": "-1.10400", "2013-12-31": "-1.07700", "2012-12-31": "-2.04600", "2011-12-31": "-3.25100", "2010-12-31": "-5.50100", "2009-12-31": "-4.52800", "2008-12-31": "-2.15200", "2007-12-31": "-1.51000"}, "Pre-Tax Income": {"2019-12-31": "60.55800", "2018-12-31": "34.30000", "2017-12-31": "15.24100", "2016-12-31": "27.48600", "2015-12-31": "-13.06400", "2014-12-31": "-16.60700", "2013-12-31": "20.48200", "2012-12-31": "9.40200", "2011-12-31": "-1.44100", "2010-12-31": "0.78600", "2009-12-31": "2.40100", "2008-12-31": "-2.50600", "2007-12-31": "-3.14300"}, "Income Taxes": {"2019-12-31": "2.35000", "2018-12-31": "-0.42500", "2017-12-31": "14.86400", "2016-12-31": "10.83600", "2015-12-31": "-3.84600", "2014-12-31": "-6.33300", "2013-12-31": "-0.21000", "2012-12-31": "4.21900", "2011-12-31": "-0.21000", "2010-12-31": "0.71900", "2009-12-31": "-26.02800", "2008-12-31": "0.70300", "2007-12-31": ""}, "Income After Taxes": {"2019-12-31": "58.20800", "2018-12-31": "34.72500", "2017-12-31": "0.37700", "2016-12-31": "16.65000", "2015-12-31": "-9.21800", "2014-12-31": "-10.27400", "2013-12-31": "20.69200", "2012-12-31": "5.18300", "2011-12-31": "-1.23100", "2010-12-31": "0.06700", "2009-12-31": "28.42900", "2008-12-31": "-3.20900", "2007-12-31": "-3.14300"}, "Other Income": {"2019-12-31": "", "2018-12-31": "", "2017-12-31": "", "2016-12-31": "", "2015-12-31": "", "2014-12-31": "", "2013-12-31": "", "2012-12-31": "", "2011-12-31": "", "2010-12-31": "", "2009-12-31": "", "2008-12-31": "", "2007-12-31": ""}, "Income From Continuous Operations": {"2019-12-31": "58.20800", "2018-12-31": "34.72500", "2017-12-31": "0.37700", "2016-12-31": "16.65000", "2015-12-31": "-9.21800", "2014-12-31": "-10.27400", "2013-12-31": "20.69200", "2012-12-31": "5.18300", "2011-12-31": "-1.23100", "2010-12-31": "0.06700", "2009-12-31": "28.42900", "2008-12-31": "-3.20900", "2007-12-31": "-3.14300"}, "Income From Discontinued Operations": {"2019-12-31": "", "2018-12-31": "", "2017-12-31": "", "2016-12-31": "", "2015-12-31": "", "2014-12-31": "", "2013-12-31": "", "2012-12-31": "", "2011-12-31": "", "2010-12-31": "", "2009-12-31": "", "2008-12-31": "", "2007-12-31": ""}, "Net Income": {"2019-12-31": "58.20800", "2018-12-31": "34.72500", "2017-12-31": "0.37700", "2016-12-31": "16.65000", "2015-12-31": "-9.21800", "2014-12-31": "-10.27400", "2013-12-31": "20.69200", "2012-12-31": "5.18300", "2011-12-31": "-1.23100", "2010-12-31": "-2.87700", "2009-12-31": "10.61100", "2008-12-31": "-10.65800", "2007-12-31": "-9.14300"}, "EBITDA": {"2019-12-31": "232.50500", "2018-12-31": "178.70000", "2017-12-31": "104.45200", "2016-12-31": "86.52100", "2015-12-31": "55.34800", "2014-12-31": "25.80300", "2013-12-31": "53.30400", "2012-12-31": "43.91700", "2011-12-31": "30.95700", "2010-12-31": "27.24300", "2009-12-31": "21.69800", "2008-12-31": "10.64300", "2007-12-31": "5.49400"}, "EBIT": {"2019-12-31": "92.42000", "2018-12-31": "66.05000", "2017-12-31": "30.01000", "2016-12-31": "31.24400", "2015-12-31": "-11.61500", "2014-12-31": "-15.50300", "2013-12-31": "21.55900", "2012-12-31": "11.44800", "2011-12-31": "1.81000", "2010-12-31": "6.28700", "2009-12-31": "6.92900", "2008-12-31": "-0.35400", "2007-12-31": "-1.63300"}, "Basic Shares Outstanding": {"2019-12-31": "92.01700", "2018-12-31": "87.29000", "2017-12-31": "79.43300", "2016-12-31": "76.85400", "2015-12-31": "76.68900", "2014-12-31": "76.99100", "2013-12-31": "74.96200", "2012-12-31": "71.83800", "2011-12-31": "68.48000", "2010-12-31": "39.73700", "2009-12-31": "23.93400", "2008-12-31": "13.88600", "2007-12-31": "20.44600"}, "Shares Outstanding": {"2019-12-31": "96.28200", "2018-12-31": "91.53100", "2017-12-31": "82.39800", "2016-12-31": "77.84300", "2015-12-31": "76.68900", "2014-12-31": "76.99100", "2013-12-31": "76.18700", "2012-12-31": "74.00200", "2011-12-31": "68.48000", "2010-12-31": "39.73700", "2009-12-31": "25.51100", "2008-12-31": "13.88600", "2007-12-31": "20.44600"}, "Basic EPS": {"2019-12-31": "0.63000", "2018-12-31": "0.40000", "2017-12-31": "0.00000", "2016-12-31": "0.22000", "2015-12-31": "-0.12000", "2014-12-31": "-0.13000", "2013-12-31": "0.28000", "2012-12-31": "0.07000", "2011-12-31": "-0.02000", "2010-12-31": "-0.07000", "2009-12-31": "0.44000", "2008-12-31": "-0.77000", "2007-12-31": "-0.45000"}, "EPS - Earnings Per Share": {"2019-12-31": "0.60000", "2018-12-31": "0.38000", "2017-12-31": "0.00000", "2016-12-31": "0.21000", "2015-12-31": "-0.12000", "2014-12-31": "-0.13000", "2013-12-31": "0.27000", "2012-12-31": "0.07000", "2011-12-31": "-0.02000", "2010-12-31": "-0.07000", "2009-12-31": "0.42000", "2008-12-31": "-0.77000", "2007-12-31": "-0.45000"}}, "income statement, quarterly": {"Revenue": {"2020-09-30": "298.14900", "2020-06-30": "285.60700", "2020-03-31": "276.67300", "2019-12-31": "254.76700", "2019-09-30": "255.20200", "2019-06-30": "243.86100", "2019-03-31": "234.30600", "2018-12-31": "226.97400", "2018-09-30": "224.95300", "2018-06-30": "216.25200", "2018-03-31": "201.30100", "2017-12-31": "187.68000", "2017-09-30": "169.05800", "2017-06-30": "161.30600", "2017-03-31": "152.91900", "2016-12-31": "149.07100", "2016-09-30": "147.95500", "2016-06-30": "142.71900", "2016-03-31": "128.38300", "2015-12-31": "121.70000", "2015-09-30": "121.58800", "2015-06-30": "114.76200", "2015-03-31": "110.47000", "2014-12-31": "104.46400", "2014-09-30": "104.53600", "2014-06-30": "94.98800", "2014-03-31": "100.56300", "2013-12-31": "95.51900", "2013-09-30": "98.07100", "2013-06-30": "94.45100", "2013-03-31": "88.98100", "2012-12-31": "85.72400", "2012-09-30": "83.23900", "2012-06-30": "78.79200", "2012-03-31": "74.41700", "2011-12-31": "71.14100", "2011-09-30": "67.65500", "2011-06-30": "61.63500", "2011-03-31": "57.54800", "2010-12-31": "54.05900", "2010-09-30": "48.02800", "2010-06-30": "44.80900", "2010-03-31": "41.37800", "2009-12-31": "", "2009-09-30": "35.65400", "2008-12-31": ""}, "Cost Of Goods Sold": {"2020-09-30": "125.73300", "2020-06-30": "125.24400", "2020-03-31": "122.68200", "2019-12-31": "111.75900", "2019-09-30": "109.09800", "2019-06-30": "105.60800", "2019-03-31": "99.70800", "2018-12-31": "97.49200", "2018-09-30": "94.48600", "2018-06-30": "91.06900", "2018-03-31": "81.13200", "2017-12-31": "78.42100", "2017-09-30": "71.29100", "2017-06-30": "67.54400", "2017-03-31": "63.04200", "2016-12-31": "62.27100", "2016-09-30": "64.11100", "2016-06-30": "62.07800", "2016-03-31": "54.74800", "2015-12-31": "50.81800", "2015-09-30": "51.74000", "2015-06-30": "48.49300", "2015-03-31": "47.56200", "2014-12-31": "46.51800", "2014-09-30": "46.31100", "2014-06-30": "42.11500", "2014-03-31": "39.92700", "2013-12-31": "37.50600", "2013-09-30": "38.11100", "2013-06-30": "37.34000", "2013-03-31": "35.36400", "2012-12-31": "33.20400", "2012-09-30": "32.89700", "2012-06-30": "31.84800", "2012-03-31": "30.61300", "2011-12-31": "30.07700", "2011-09-30": "27.58500", "2011-06-30": "25.81000", "2011-03-31": "24.68300", "2010-12-31": "22.44900", "2010-09-30": "20.20300", "2010-06-30": "18.53400", "2010-03-31": "17.85800", "2009-12-31": "", "2009-09-30": "15.20100", "2008-12-31": ""}, "Gross Profit": {"2020-09-30": "172.41600", "2020-06-30": "160.36300", "2020-03-31": "153.99100", "2019-12-31": "143.00800", "2019-09-30": "146.10400", "2019-06-30": "138.25300", "2019-03-31": "134.59800", "2018-12-31": "129.48200", "2018-09-30": "130.46700", "2018-06-30": "125.18300", "2018-03-31": "120.16900", "2017-12-31": "109.25900", "2017-09-30": "97.76700", "2017-06-30": "93.76200", "2017-03-31": "89.87700", "2016-12-31": "86.80000", "2016-09-30": "83.84400", "2016-06-30": "80.64100", "2016-03-31": "73.63500", "2015-12-31": "70.88200", "2015-09-30": "69.84800", "2015-06-30": "66.26900", "2015-03-31": "62.90800", "2014-12-31": "57.94600", "2014-09-30": "58.22500", "2014-06-30": "52.87300", "2014-03-31": "60.63600", "2013-12-31": "58.01300", "2013-09-30": "59.96000", "2013-06-30": "57.11100", "2013-03-31": "53.61700", "2012-12-31": "52.52000", "2012-09-30": "50.34200", "2012-06-30": "46.94400", "2012-03-31": "43.80400", "2011-12-31": "41.06400", "2011-09-30": "40.07000", "2011-06-30": "35.82500", "2011-03-31": "32.86500", "2010-12-31": "31.61000", "2010-09-30": "27.82500", "2010-06-30": "26.27500", "2010-03-31": "23.52000", "2009-12-31": "", "2009-09-30": "20.45300", "2008-12-31": ""}, "Research And Development Expenses": {"2020-09-30": "34.06600", "2020-06-30": "31.43300", "2020-03-31": "31.54800", "2019-12-31": "26.30800", "2019-09-30": "27.86600", "2019-06-30": "28.15100", "2019-03-31": "29.89700", "2018-12-31": "29.77200", "2018-09-30": "28.94200", "2018-06-30": "30.77100", "2018-03-31": "29.04000", "2017-12-31": "25.89000", "2017-09-30": "21.88500", "2017-06-30": "21.29000", "2017-03-31": "20.38700", "2016-12-31": "18.71400", "2016-09-30": "18.74300", "2016-06-30": "18.87800", "2016-03-31": "17.27200", "2015-12-31": "15.88000", "2015-09-30": "16.85800", "2015-06-30": "18.08400", "2015-03-31": "17.97700", "2014-12-31": "16.10800", "2014-09-30": "17.52800", "2014-06-30": "15.94100", "2014-03-31": "14.84100", "2013-12-31": "13.64100", "2013-09-30": "13.23200", "2013-06-30": "11.72700", "2013-03-31": "12.03800", "2012-12-31": "12.85200", "2012-09-30": "12.27400", "2012-06-30": "11.73800", "2012-03-31": "11.31300", "2011-12-31": "11.35800", "2011-09-30": "11.23000", "2011-06-30": "10.53700", "2011-03-31": "10.31600", "2010-12-31": "10.49100", "2010-09-30": "9.12700", "2010-06-30": "8.98900", "2010-03-31": "8.31500", "2009-12-31": "", "2009-09-30": "6.67500", "2008-12-31": ""}, "SG&A Expenses": {"2020-09-30": "93.47200", "2020-06-30": "91.82300", "2020-03-31": "95.18500", "2019-12-31": "83.46700", "2019-09-30": "83.15500", "2019-06-30": "77.43000", "2019-03-31": "72.96600", "2018-12-31": "77.72200", "2018-09-30": "73.21500", "2018-06-30": "69.10800", "2018-03-31": "64.77000", "2017-12-31": "59.63900", "2017-09-30": "67.80600", "2017-06-30": "66.60500", "2017-03-31": "59.39800", "2016-12-31": "44.32700", "2016-09-30": "55.53700", "2016-06-30": "57.06100", "2016-03-31": "50.54500", "2015-12-31": "47.42700", "2015-09-30": "46.12200", "2015-06-30": "50.92400", "2015-03-31": "47.44900", "2014-12-31": "43.60400", "2014-09-30": "45.39200", "2014-06-30": "44.84900", "2014-03-31": "46.92000", "2013-12-31": "39.63200", "2013-09-30": "40.72000", "2013-06-30": "36.74300", "2013-03-31": "39.40900", "2012-12-31": "32.00500", "2012-09-30": "34.33700", "2012-06-30": "38.53400", "2012-03-31": "29.10900", "2011-12-31": "28.39100", "2011-09-30": "29.52800", "2011-06-30": "24.08400", "2011-03-31": "22.57000", "2010-12-31": "19.99800", "2010-09-30": "16.39700", "2010-06-30": "15.56400", "2010-03-31": "14.06200", "2009-12-31": "", "2009-09-30": "11.91500", "2008-12-31": ""}, "Other Operating Income Or Expenses": {"2020-09-30": "", "2020-06-30": "", "2020-03-31": "", "2019-12-31": "", "2019-09-30": "", "2019-06-30": "", "2019-03-31": "", "2018-12-31": "", "2018-09-30": "", "2018-06-30": "", "2018-03-31": "", "2017-12-31": "", "2017-09-30": "", "2017-06-30": "", "2017-03-31": "", "2016-12-31": "", "2016-09-30": "", "2016-06-30": "", "2016-03-31": "", "2015-12-31": "", "2015-09-30": "", "2015-06-30": "", "2015-03-31": "", "2014-12-31": "", "2014-09-30": "", "2014-06-30": "", "2014-03-31": "", "2013-12-31": "", "2013-09-30": "", "2013-06-30": "", "2013-03-31": "", "2012-12-31": "", "2012-09-30": "", "2012-06-30": "", "2012-03-31": "", "2011-12-31": "", "2011-09-30": "", "2011-06-30": "", "2011-03-31": "", "2010-12-31": "", "2010-09-30": "", "2010-06-30": "", "2010-03-31": "", "2009-12-31": "", "2009-09-30": "", "2008-12-31": ""}, "Operating Expenses": {"2020-09-30": "264.47700", "2020-06-30": "259.74700", "2020-03-31": "260.83400", "2019-12-31": "231.15500", "2019-09-30": "230.56300", "2019-06-30": "221.59100", "2019-03-31": "212.40700", "2018-12-31": "214.57400", "2018-09-30": "206.38100", "2018-06-30": "199.44400", "2018-03-31": "183.03100", "2017-12-31": "177.86700", "2017-09-30": "164.82000", "2017-06-30": "155.43900", "2017-03-31": "142.82700", "2016-12-31": "137.16100", "2016-09-30": "139.14100", "2016-06-30": "138.01700", "2016-03-31": "122.56500", "2015-12-31": "114.12500", "2015-09-30": "134.99400", "2015-06-30": "117.50100", "2015-03-31": "113.51500", "2014-12-31": "106.23000", "2014-09-30": "109.23100", "2014-06-30": "102.90500", "2014-03-31": "101.68800", "2013-12-31": "90.77900", "2013-09-30": "92.06300", "2013-06-30": "85.81000", "2013-03-31": "86.81100", "2012-12-31": "78.06100", "2012-09-30": "79.50800", "2012-06-30": "82.12000", "2012-03-31": "71.03500", "2011-12-31": "69.82600", "2011-09-30": "68.34300", "2011-06-30": "60.43100", "2011-03-31": "57.56900", "2010-12-31": "52.93800", "2010-09-30": "45.72700", "2010-06-30": "43.08700", "2010-03-31": "40.23500", "2009-12-31": "", "2009-09-30": "33.79100", "2008-12-31": ""}, "Operating Income": {"2020-09-30": "33.67200", "2020-06-30": "25.86000", "2020-03-31": "15.83900", "2019-12-31": "23.61200", "2019-09-30": "24.63900", "2019-06-30": "22.27000", "2019-03-31": "21.89900", "2018-12-31": "12.40000", "2018-09-30": "18.57200", "2018-06-30": "16.80800", "2018-03-31": "18.27000", "2017-12-31": "9.81300", "2017-09-30": "4.23800", "2017-06-30": "5.86700", "2017-03-31": "10.09200", "2016-12-31": "11.90990", "2016-09-30": "8.81400", "2016-06-30": "4.70200", "2016-03-31": "5.81800", "2015-12-31": "7.57500", "2015-09-30": "-13.40600", "2015-06-30": "-2.73900", "2015-03-31": "-3.04500", "2014-12-31": "-1.76600", "2014-09-30": "-4.69500", "2014-06-30": "-7.91700", "2014-03-31": "-1.12500", "2013-12-31": "4.74000", "2013-09-30": "6.00800", "2013-06-30": "8.64100", "2013-03-31": "2.17000", "2012-12-31": "7.66300", "2012-09-30": "3.73100", "2012-06-30": "-3.32800", "2012-03-31": "3.38200", "2011-12-31": "1.31500", "2011-09-30": "-0.68800", "2011-06-30": "1.20400", "2011-03-31": "-0.02100", "2010-12-31": "1.12100", "2010-09-30": "2.30100", "2010-06-30": "1.72200", "2010-03-31": "1.14300", "2009-12-31": "", "2009-09-30": "1.86300", "2008-12-31": ""}, "Total Non-Operating Income/Expense": {"2020-09-30": "-13.30500", "2020-06-30": "-12.69200", "2020-03-31": "-12.73500", "2019-12-31": "-9.08900", "2019-09-30": "-8.76400", "2019-06-30": "-8.02900", "2019-03-31": "-5.98000", "2018-12-31": "-6.74600", "2018-09-30": "-8.81600", "2018-06-30": "-8.51800", "2018-03-31": "-7.67000", "2017-12-31": "-6.22000", "2017-09-30": "-4.67700", "2017-06-30": "-2.78600", "2017-03-31": "-1.08600", "2016-12-31": "-0.91200", "2016-09-30": "-1.06400", "2016-06-30": "-1.07400", "2016-03-31": "-0.70800", "2015-12-31": "-0.40100", "2015-09-30": "-0.39100", "2015-06-30": "-0.39000", "2015-03-31": "-0.26700", "2014-12-31": "-0.33300", "2014-09-30": "-0.34500", "2014-06-30": "-0.20400", "2014-03-31": "-0.22200", "2013-12-31": "-0.15600", "2013-09-30": "-0.23600", "2013-06-30": "-0.59600", "2013-03-31": "-0.08900", "2012-12-31": "-0.42600", "2012-09-30": "-0.40700", "2012-06-30": "-0.57700", "2012-03-31": "-0.63600", "2011-12-31": "-0.66900", "2011-09-30": "-0.68400", "2011-06-30": "-0.73200", "2011-03-31": "-1.16600", "2010-12-31": "-0.75200", "2010-09-30": "-1.82200", "2010-06-30": "-1.46300", "2010-03-31": "-1.46400", "2009-12-31": "", "2009-09-30": "-1.12300", "2008-12-31": ""}, "Pre-Tax Income": {"2020-09-30": "20.36700", "2020-06-30": "13.16800", "2020-03-31": "3.10400", "2019-12-31": "14.52300", "2019-09-30": "15.87500", "2019-06-30": "14.24100", "2019-03-31": "15.91900", "2018-12-31": "5.65400", "2018-09-30": "9.75600", "2018-06-30": "8.29000", "2018-03-31": "10.60000", "2017-12-31": "3.59300", "2017-09-30": "-0.43900", "2017-06-30": "3.08100", "2017-03-31": "9.00600", "2016-12-31": "10.99800", "2016-09-30": "7.75000", "2016-06-30": "3.62800", "2016-03-31": "5.11000", "2015-12-31": "7.17400", "2015-09-30": "-13.79700", "2015-06-30": "-3.12900", "2015-03-31": "-3.31200", "2014-12-31": "-2.09900", "2014-09-30": "-5.04000", "2014-06-30": "-8.12100", "2014-03-31": "-1.34700", "2013-12-31": "4.58400", "2013-09-30": "5.77200", "2013-06-30": "8.04500", "2013-03-31": "2.08100", "2012-12-31": "7.23700", "2012-09-30": "3.32400", "2012-06-30": "-3.90500", "2012-03-31": "2.74600", "2011-12-31": "0.64600", "2011-09-30": "-1.37200", "2011-06-30": "0.47200", "2011-03-31": "-1.18700", "2010-12-31": "0.36900", "2010-09-30": "0.47900", "2010-06-30": "0.25900", "2010-03-31": "-0.32100", "2009-12-31": "", "2009-09-30": "0.74000", "2008-12-31": ""}, "Income Taxes": {"2020-09-30": "4.02600", "2020-06-30": "1.86700", "2020-03-31": "-2.50100", "2019-12-31": "-5.64600", "2019-09-30": "4.17100", "2019-06-30": "-0.82200", "2019-03-31": "4.64700", "2018-12-31": "-0.61800", "2018-09-30": "0.68300", "2018-06-30": "-0.18900", "2018-03-31": "-0.30100", "2017-12-31": "24.45800", "2017-09-30": "-7.27300", "2017-06-30": "-3.13200", "2017-03-31": "0.81100", "2016-12-31": "3.63700", "2016-09-30": "3.54000", "2016-06-30": "1.54500", "2016-03-31": "2.11400", "2015-12-31": "3.27400", "2015-09-30": "-5.60500", "2015-06-30": "0.18900", "2015-03-31": "-1.70400", "2014-12-31": "-2.20900", "2014-09-30": "-1.78300", "2014-06-30": "-1.83000", "2014-03-31": "-0.51100", "2013-12-31": "2.40600", "2013-09-30": "-7.11400", "2013-06-30": "3.43500", "2013-03-31": "1.06300", "2012-12-31": "3.51500", "2012-09-30": "1.21100", "2012-06-30": "-1.53300", "2012-03-31": "1.02600", "2011-12-31": "0.40500", "2011-09-30": "-0.26600", "2011-06-30": "0.19000", "2011-03-31": "-0.53900", "2010-12-31": "0.55500", "2010-09-30": "0.18700", "2010-06-30": "0.09500", "2010-03-31": "-0.11800", "2009-12-31": "", "2009-09-30": "0.06400", "2008-12-31": ""}, "Income After Taxes": {"2020-09-30": "16.34100", "2020-06-30": "11.30100", "2020-03-31": "5.60500", "2019-12-31": "20.16900", "2019-09-30": "11.70400", "2019-06-30": "15.06300", "2019-03-31": "11.27200", "2018-12-31": "6.27200", "2018-09-30": "9.07300", "2018-06-30": "8.47900", "2018-03-31": "10.90100", "2017-12-31": "-20.86500", "2017-09-30": "6.83400", "2017-06-30": "6.21300", "2017-03-31": "8.19500", "2016-12-31": "7.36100", "2016-09-30": "4.21000", "2016-06-30": "2.08300", "2016-03-31": "2.99600", "2015-12-31": "3.90000", "2015-09-30": "-8.19200", "2015-06-30": "-3.31800", "2015-03-31": "-1.60800", "2014-12-31": "0.11000", "2014-09-30": "-3.25700", "2014-06-30": "-6.29100", "2014-03-31": "-0.83600", "2013-12-31": "2.17800", "2013-09-30": "12.88600", "2013-06-30": "4.61000", "2013-03-31": "1.01800", "2012-12-31": "3.72200", "2012-09-30": "2.11300", "2012-06-30": "-2.37200", "2012-03-31": "1.72000", "2011-12-31": "0.24100", "2011-09-30": "-1.10600", "2011-06-30": "0.28200", "2011-03-31": "-0.64800", "2010-12-31": "-0.18600", "2010-09-30": "0.29200", "2010-06-30": "0.16400", "2010-03-31": "-0.20300", "2009-12-31": "", "2009-09-30": "0.67600", "2008-12-31": ""}, "Other Income": {"2020-09-30": "", "2020-06-30": "", "2020-03-31": "", "2019-12-31": "", "2019-09-30": "", "2019-06-30": "", "2019-03-31": "", "2018-12-31": "", "2018-09-30": "", "2018-06-30": "", "2018-03-31": "", "2017-12-31": "", "2017-09-30": "", "2017-06-30": "", "2017-03-31": "", "2016-12-31": "", "2016-09-30": "", "2016-06-30": "", "2016-03-31": "", "2015-12-31": "", "2015-09-30": "", "2015-06-30": "", "2015-03-31": "", "2014-12-31": "", "2014-09-30": "", "2014-06-30": "", "2014-03-31": "", "2013-12-31": "", "2013-09-30": "", "2013-06-30": "", "2013-03-31": "", "2012-12-31": "", "2012-09-30": "", "2012-06-30": "", "2012-03-31": "", "2011-12-31": "", "2011-09-30": "", "2011-06-30": "", "2011-03-31": "", "2010-12-31": "", "2010-09-30": "", "2010-06-30": "", "2010-03-31": "", "2009-12-31": "", "2009-09-30": "", "2008-12-31": ""}, "Income From Continuous Operations": {"2020-09-30": "16.34100", "2020-06-30": "11.30100", "2020-03-31": "5.60500", "2019-12-31": "20.16900", "2019-09-30": "11.70400", "2019-06-30": "15.06300", "2019-03-31": "11.27200", "2018-12-31": "6.27200", "2018-09-30": "9.07300", "2018-06-30": "8.47900", "2018-03-31": "10.90100", "2017-12-31": "-20.86500", "2017-09-30": "6.83400", "2017-06-30": "6.21300", "2017-03-31": "8.19500", "2016-12-31": "7.36100", "2016-09-30": "4.21000", "2016-06-30": "2.08300", "2016-03-31": "2.99600", "2015-12-31": "3.90000", "2015-09-30": "-8.19200", "2015-06-30": "-3.31800", "2015-03-31": "-1.60800", "2014-12-31": "0.11000", "2014-09-30": "-3.25700", "2014-06-30": "-6.29100", "2014-03-31": "-0.83600", "2013-12-31": "2.17800", "2013-09-30": "12.88600", "2013-06-30": "4.61000", "2013-03-31": "1.01800", "2012-12-31": "3.72200", "2012-09-30": "2.11300", "2012-06-30": "-2.37200", "2012-03-31": "1.72000", "2011-12-31": "0.24100", "2011-09-30": "-1.10600", "2011-06-30": "0.28200", "2011-03-31": "-0.64800", "2010-12-31": "-0.18600", "2010-09-30": "0.29200", "2010-06-30": "0.16400", "2010-03-31": "-0.20300", "2009-12-31": "", "2009-09-30": "0.67600", "2008-12-31": ""}, "Income From Discontinued Operations": {"2020-09-30": "", "2020-06-30": "", "2020-03-31": "", "2019-12-31": "", "2019-09-30": "", "2019-06-30": "", "2019-03-31": "", "2018-12-31": "", "2018-09-30": "", "2018-06-30": "", "2018-03-31": "", "2017-12-31": "", "2017-09-30": "", "2017-06-30": "", "2017-03-31": "", "2016-12-31": "", "2016-09-30": "", "2016-06-30": "", "2016-03-31": "", "2015-12-31": "", "2015-09-30": "", "2015-06-30": "", "2015-03-31": "", "2014-12-31": "", "2014-09-30": "", "2014-06-30": "", "2014-03-31": "", "2013-12-31": "", "2013-09-30": "", "2013-06-30": "", "2013-03-31": "", "2012-12-31": "", "2012-09-30": "", "2012-06-30": "", "2012-03-31": "", "2011-12-31": "", "2011-09-30": "", "2011-06-30": "", "2011-03-31": "", "2010-12-31": "", "2010-09-30": "", "2010-06-30": "", "2010-03-31": "", "2009-12-31": "", "2009-09-30": "", "2008-12-31": ""}, "Net Income": {"2020-09-30": "16.34100", "2020-06-30": "11.30100", "2020-03-31": "5.60500", "2019-12-31": "20.16900", "2019-09-30": "11.70400", "2019-06-30": "15.06300", "2019-03-31": "11.27200", "2018-12-31": "6.27200", "2018-09-30": "9.07300", "2018-06-30": "8.47900", "2018-03-31": "10.90100", "2017-12-31": "-20.86500", "2017-09-30": "6.83400", "2017-06-30": "6.21300", "2017-03-31": "8.19500", "2016-12-31": "7.36100", "2016-09-30": "4.21000", "2016-06-30": "2.08300", "2016-03-31": "2.99600", "2015-12-31": "3.90000", "2015-09-30": "-8.19200", "2015-06-30": "-3.31800", "2015-03-31": "-1.60800", "2014-12-31": "0.11000", "2014-09-30": "-3.25700", "2014-06-30": "-6.29100", "2014-03-31": "-0.83600", "2013-12-31": "2.17800", "2013-09-30": "12.88600", "2013-06-30": "4.61000", "2013-03-31": "1.01800", "2012-12-31": "3.72200", "2012-09-30": "2.11300", "2012-06-30": "-2.37200", "2012-03-31": "1.72000", "2011-12-31": "0.24100", "2011-09-30": "-1.10600", "2011-06-30": "0.28200", "2011-03-31": "-0.64800", "2010-12-31": "-0.39000", "2010-09-30": "-0.32700", "2010-06-30": "-0.80700", "2010-03-31": "-1.35300", "2009-12-31": "", "2009-09-30": "-0.71500", "2008-12-31": ""}, "EBITDA": {"2020-09-30": "77.51500", "2020-06-30": "68.52000", "2020-03-31": "56.47800", "2019-12-31": "58.71800", "2019-09-30": "60.34000", "2019-06-30": "57.48500", "2019-03-31": "55.96200", "2018-12-31": "41.76000", "2018-09-30": "47.35200", "2018-06-30": "45.04600", "2018-03-31": "44.54200", "2017-12-31": "34.10100", "2017-09-30": "23.43500", "2017-06-30": "22.29500", "2017-03-31": "24.62100", "2016-12-31": "25.98790", "2016-09-30": "22.98600", "2016-06-30": "19.12200", "2016-03-31": "18.42500", "2015-12-31": "19.95000", "2015-09-30": "18.78100", "2015-06-30": "8.52400", "2015-03-31": "8.09300", "2014-12-31": "9.00700", "2014-09-30": "6.26700", "2014-06-30": "2.15000", "2014-03-31": "8.37900", "2013-12-31": "13.66200", "2013-09-30": "13.61300", "2013-06-30": "16.06100", "2013-03-31": "9.96800", "2012-12-31": "16.45000", "2012-09-30": "11.67600", "2012-06-30": "4.53100", "2012-03-31": "11.26000", "2011-12-31": "9.00400", "2011-09-30": "6.75400", "2011-06-30": "8.44700", "2011-03-31": "6.75200", "2010-12-31": "7.22100", "2010-09-30": "7.61300", "2010-06-30": "6.59600", "2010-03-31": "5.81300", "2009-12-31": "", "2009-09-30": "1.86300", "2008-12-31": ""}, "EBIT": {"2020-09-30": "33.67200", "2020-06-30": "25.86000", "2020-03-31": "15.83900", "2019-12-31": "23.61200", "2019-09-30": "24.63900", "2019-06-30": "22.27000", "2019-03-31": "21.89900", "2018-12-31": "12.40000", "2018-09-30": "18.57200", "2018-06-30": "16.80800", "2018-03-31": "18.27000", "2017-12-31": "9.81300", "2017-09-30": "4.23800", "2017-06-30": "5.86700", "2017-03-31": "10.09200", "2016-12-31": "11.91000", "2016-09-30": "8.81400", "2016-06-30": "4.70200", "2016-03-31": "5.81800", "2015-12-31": "7.57500", "2015-09-30": "-13.40600", "2015-06-30": "-2.73900", "2015-03-31": "-3.04500", "2014-12-31": "-1.76600", "2014-09-30": "-4.69500", "2014-06-30": "-7.91700", "2014-03-31": "-1.12500", "2013-12-31": "4.74000", "2013-09-30": "6.00800", "2013-06-30": "8.64100", "2013-03-31": "2.17000", "2012-12-31": "7.66300", "2012-09-30": "3.73100", "2012-06-30": "-3.32800", "2012-03-31": "3.38200", "2011-12-31": "1.31500", "2011-09-30": "-0.68800", "2011-06-30": "1.20400", "2011-03-31": "-0.02100", "2010-12-31": "1.12100", "2010-09-30": "2.30100", "2010-06-30": "1.72200", "2010-03-31": "1.14300", "2009-12-31": "", "2009-09-30": "1.86300", "2008-12-31": ""}, "Basic Shares Outstanding": {"2020-09-30": "99.33400", "2020-06-30": "95.75200", "2020-03-31": "92.65400", "2019-12-31": "92.01700", "2019-09-30": "92.23900", "2019-06-30": "91.91400", "2019-03-31": "91.49000", "2018-12-31": "87.29000", "2018-09-30": "91.22200", "2018-06-30": "85.12400", "2018-03-31": "81.16600", "2017-12-31": "79.43300", "2017-09-30": "79.83800", "2017-06-30": "79.01800", "2017-03-31": "78.26300", "2016-12-31": "76.85400", "2016-09-30": "76.82300", "2016-06-30": "76.36300", "2016-03-31": "76.65600", "2015-12-31": "76.68900", "2015-09-30": "76.56400", "2015-06-30": "76.79900", "2015-03-31": "76.95600", "2014-12-31": "76.99100", "2014-09-30": "77.28000", "2014-06-30": "77.28300", "2014-03-31": "76.72200", "2013-12-31": "74.96200", "2013-09-30": "75.23400", "2013-06-30": "74.54100", "2013-03-31": "74.01100", "2012-12-31": "71.83800", "2012-09-30": "72.17800", "2012-06-30": "71.10200", "2012-03-31": "70.59000", "2011-12-31": "68.48000", "2011-09-30": "68.79200", "2011-06-30": "68.67300", "2011-03-31": "66.80000", "2010-12-31": "39.73700", "2010-09-30": "43.63600", "2010-06-30": "26.04200", "2010-03-31": "25.75900", "2009-12-31": "", "2009-09-30": "23.90400", "2008-12-31": ""}, "Shares Outstanding": {"2020-09-30": "103.38500", "2020-06-30": "100.25400", "2020-03-31": "95.91900", "2019-12-31": "96.28200", "2019-09-30": "97.11400", "2019-06-30": "96.49300", "2019-03-31": "95.56100", "2018-12-31": "91.53100", "2018-09-30": "96.59000", "2018-06-30": "90.00500", "2018-03-31": "84.81700", "2017-12-31": "82.39800", "2017-09-30": "82.76000", "2017-06-30": "81.92500", "2017-03-31": "81.38600", "2016-12-31": "77.84300", "2016-09-30": "78.12400", "2016-06-30": "77.16100", "2016-03-31": "77.14700", "2015-12-31": "76.68900", "2015-09-30": "76.56400", "2015-06-30": "76.79900", "2015-03-31": "76.95600", "2014-12-31": "76.99100", "2014-09-30": "77.28000", "2014-06-30": "77.28300", "2014-03-31": "76.72200", "2013-12-31": "76.18700", "2013-09-30": "76.34700", "2013-06-30": "75.78100", "2013-03-31": "75.45400", "2012-12-31": "74.00200", "2012-09-30": "74.28200", "2012-06-30": "71.10200", "2012-03-31": "73.17000", "2011-12-31": "68.48000", "2011-09-30": "68.79200", "2011-06-30": "72.01200", "2011-03-31": "66.80000", "2010-12-31": "39.73700", "2010-09-30": "43.63600", "2010-06-30": "26.04200", "2010-03-31": "25.75900", "2009-12-31": "", "2009-09-30": "23.90400", "2008-12-31": ""}, "Basic EPS": {"2020-09-30": "0.16000", "2020-06-30": "0.12000", "2020-03-31": "0.06000", "2019-12-31": "0.22000", "2019-09-30": "0.13000", "2019-06-30": "0.16000", "2019-03-31": "0.12000", "2018-12-31": "0.07000", "2018-09-30": "0.10000", "2018-06-30": "0.10000", "2018-03-31": "0.13000", "2017-12-31": "-0.27000", "2017-09-30": "0.09000", "2017-06-30": "0.08000", "2017-03-31": "0.10000", "2016-12-31": "0.10000", "2016-09-30": "0.05000", "2016-06-30": "0.03000", "2016-03-31": "0.04000", "2015-12-31": "0.05000", "2015-09-30": "-0.11000", "2015-06-30": "-0.04000", "2015-03-31": "-0.02000", "2014-12-31": "0.00000", "2014-09-30": "-0.04000", "2014-06-30": "-0.08000", "2014-03-31": "-0.01000", "2013-12-31": "0.04000", "2013-09-30": "0.17000", "2013-06-30": "0.06000", "2013-03-31": "0.01000", "2012-12-31": "0.05000", "2012-09-30": "0.03000", "2012-06-30": "-0.03000", "2012-03-31": "0.02000", "2011-12-31": "0.01000", "2011-09-30": "-0.02000", "2011-06-30": "0.00000", "2011-03-31": "-0.01000", "2010-12-31": "0.02000", "2010-09-30": "-0.01000", "2010-06-30": "-0.03000", "2010-03-31": "-0.05000", "2009-12-31": "", "2009-09-30": "-0.03000", "2008-12-31": ""}, "EPS - Earnings Per Share": {"2020-09-30": "0.16000", "2020-06-30": "0.11000", "2020-03-31": "0.06000", "2019-12-31": "0.20000", "2019-09-30": "0.12000", "2019-06-30": "0.16000", "2019-03-31": "0.12000", "2018-12-31": "0.07000", "2018-09-30": "0.09000", "2018-06-30": "0.09000", "2018-03-31": "0.13000", "2017-12-31": "-0.26000", "2017-09-30": "0.08000", "2017-06-30": "0.08000", "2017-03-31": "0.10000", "2016-12-31": "0.09000", "2016-09-30": "0.05000", "2016-06-30": "0.03000", "2016-03-31": "0.04000", "2015-12-31": "0.05000", "2015-09-30": "-0.11000", "2015-06-30": "-0.04000", "2015-03-31": "-0.02000", "2014-12-31": "0.00000", "2014-09-30": "-0.04000", "2014-06-30": "-0.08000", "2014-03-31": "-0.01000", "2013-12-31": "0.03000", "2013-09-30": "0.17000", "2013-06-30": "0.06000", "2013-03-31": "0.01000", "2012-12-31": "0.05000", "2012-09-30": "0.03000", "2012-06-30": "-0.03000", "2012-03-31": "0.02000", "2011-12-31": "0.01000", "2011-09-30": "-0.02000", "2011-06-30": "0.00000", "2011-03-31": "-0.01000", "2010-12-31": "0.02000", "2010-09-30": "-0.01000", "2010-06-30": "-0.03000", "2010-03-31": "-0.05000", "2009-12-31": "0.00000", "2009-09-30": "-0.03000", "2008-12-31": "0.00000"}}, "balance sheet": {"Cash On Hand": {"2019-12-31": "440.47700", "2018-12-31": "382.75800", "2017-12-31": "165.34500", "2016-12-31": "188.54000", "2015-12-31": "116.37200", "2014-12-31": "112.47900", "2013-12-31": "106.44300", "2012-12-31": "69.00600", "2011-12-31": "70.37100", "2010-12-31": "133.35600", "2009-12-31": "19.31300", "2008-12-31": "18.37900", "2007-12-31": ""}, "Receivables": {"2019-12-31": "143.12700", "2018-12-31": "123.59600", "2017-12-31": "124.50500", "2016-12-31": "92.36700", "2015-12-31": "74.19200", "2014-12-31": "64.84500", "2013-12-31": "66.63500", "2012-12-31": "51.93700", "2011-12-31": "43.88300", "2010-12-31": "29.57700", "2009-12-31": "25.84100", "2008-12-31": "27.45900", "2007-12-31": ""}, "Inventory": {"2019-12-31": "", "2018-12-31": "", "2017-12-31": "", "2016-12-31": "", "2015-12-31": "", "2014-12-31": "", "2013-12-31": "", "2012-12-31": "", "2011-12-31": "", "2010-12-31": "", "2009-12-31": "", "2008-12-31": "", "2007-12-31": ""}, "Pre-Paid Expenses": {"2019-12-31": "24.53900", "2018-12-31": "19.21400", "2017-12-31": "12.10700", "2016-12-31": "10.83600", "2015-12-31": "8.29400", "2014-12-31": "7.64700", "2013-12-31": "", "2012-12-31": "", "2011-12-31": "", "2010-12-31": "", "2009-12-31": "", "2008-12-31": "", "2007-12-31": ""}, "Other Current Assets": {"2019-12-31": "27.38700", "2018-12-31": "15.18500", "2017-12-31": "6.62200", "2016-12-31": "5.71200", "2015-12-31": "23.08500", "2014-12-31": "1.84800", "2013-12-31": "7.45300", "2012-12-31": "6.54100", "2011-12-31": "10.23200", "2010-12-31": "6.06000", "2009-12-31": "2.73900", "2008-12-31": "3.28100", "2007-12-31": ""}, "Total Current Assets": {"2019-12-31": "635.53000", "2018-12-31": "540.75300", "2017-12-31": "308.57900", "2016-12-31": "297.45500", "2015-12-31": "221.94300", "2014-12-31": "186.81900", "2013-12-31": "183.81500", "2012-12-31": "127.48400", "2011-12-31": "124.75800", "2010-12-31": "170.52200", "2009-12-31": "51.00300", "2008-12-31": "49.11900", "2007-12-31": ""}, "Property, Plant, And Equipment": {"2019-12-31": "163.28200", "2018-12-31": "153.52800", "2017-12-31": "148.42800", "2016-12-31": "130.42800", "2015-12-31": "82.19800", "2014-12-31": "72.61600", "2013-12-31": "54.77500", "2012-12-31": "32.48700", "2011-12-31": "27.97400", "2010-12-31": "24.51500", "2009-12-31": "20.74900", "2008-12-31": "19.13700", "2007-12-31": ""}, "Long-Term Investments": {"2019-12-31": "", "2018-12-31": "", "2017-12-31": "", "2016-12-31": "", "2015-12-31": "", "2014-12-31": "", "2013-12-31": "", "2012-12-31": "", "2011-12-31": "", "2010-12-31": "", "2009-12-31": "", "2008-12-31": "", "2007-12-31": ""}, "Goodwill And Intangible Assets": {"2019-12-31": "1984.74500", "2018-12-31": "1340.49700", "2017-12-31": "1003.38900", "2016-12-31": "334.91400", "2015-12-31": "301.37700", "2014-12-31": "293.46300", "2013-12-31": "261.23700", "2012-12-31": "238.66500", "2011-12-31": "241.60000", "2010-12-31": "128.24600", "2009-12-31": "50.25700", "2008-12-31": "32.97400", "2007-12-31": ""}, "Other Long-Term Assets": {"2019-12-31": "30.50700", "2018-12-31": "20.39300", "2017-12-31": "11.01000", "2016-12-31": "9.63600", "2015-12-31": "5.63200", "2014-12-31": "5.05900", "2013-12-31": "3.38600", "2012-12-31": "3.56100", "2011-12-31": "3.19400", "2010-12-31": "2.18700", "2009-12-31": "2.30100", "2008-12-31": "1.11000", "2007-12-31": ""}, "Total Long-Term Assets": {"2019-12-31": "2334.28700", "2018-12-31": "1557.02000", "2017-12-31": "1207.71400", "2016-12-31": "490.64300", "2015-12-31": "401.25800", "2014-12-31": "379.47500", "2013-12-31": "319.39800", "2012-12-31": "274.71300", "2011-12-31": "275.30700", "2010-12-31": "172.27000", "2009-12-31": "91.11000", "2008-12-31": "53.22100", "2007-12-31": ""}, "Total Assets": {"2019-12-31": "2969.81700", "2018-12-31": "2097.77300", "2017-12-31": "1516.29300", "2016-12-31": "788.09800", "2015-12-31": "623.20100", "2014-12-31": "566.29400", "2013-12-31": "503.21300", "2012-12-31": "402.19700", "2011-12-31": "400.06500", "2010-12-31": "342.79200", "2009-12-31": "142.11300", "2008-12-31": "102.34000", "2007-12-31": "0.00000"}, "Total Current Liabilities": {"2019-12-31": "525.34400", "2018-12-31": "412.23200", "2017-12-31": "332.90700", "2016-12-31": "250.52700", "2015-12-31": "215.34700", "2014-12-31": "196.70900", "2013-12-31": "173.09500", "2012-12-31": "124.85700", "2011-12-31": "114.37600", "2010-12-31": "93.97400", "2009-12-31": "78.05000", "2008-12-31": "79.20600", "2007-12-31": ""}, "Long Term Debt": {"2019-12-31": "1110.50100", "2018-12-31": "580.42500", "2017-12-31": "634.46000", "2016-12-31": "116.65700", "2015-12-31": "40.00000", "2014-12-31": "20.00000", "2013-12-31": "", "2012-12-31": "10.00000", "2011-12-31": "50.31200", "2010-12-31": "55.25800", "2009-12-31": "43.44900", "2008-12-31": "37.49800", "2007-12-31": ""}, "Other Non-Current Liabilities": {"2019-12-31": "22.94000", "2018-12-31": "37.19000", "2017-12-31": "41.51300", "2016-12-31": "29.84300", "2015-12-31": "34.42300", "2014-12-31": "13.90200", "2013-12-31": "8.56400", "2012-12-31": "2.81300", "2011-12-31": "3.80300", "2010-12-31": "13.02900", "2009-12-31": "5.80600", "2008-12-31": "6.76700", "2007-12-31": ""}, "Total Long Term Liabilities": {"2019-12-31": "1271.54700", "2018-12-31": "622.51700", "2017-12-31": "681.51100", "2016-12-31": "152.80800", "2015-12-31": "81.40200", "2014-12-31": "40.80500", "2013-12-31": "15.61400", "2012-12-31": "22.26900", "2011-12-31": "62.80800", "2010-12-31": "76.23400", "2009-12-31": "58.70700", "2008-12-31": "50.41600", "2007-12-31": ""}, "Total Liabilities": {"2019-12-31": "1796.89100", "2018-12-31": "1034.74900", "2017-12-31": "1014.41800", "2016-12-31": "403.33500", "2015-12-31": "296.74900", "2014-12-31": "237.51400", "2013-12-31": "188.70900", "2012-12-31": "147.12600", "2011-12-31": "177.18400", "2010-12-31": "170.20800", "2009-12-31": "136.75700", "2008-12-31": "129.62200", "2007-12-31": ""}, "Common Stock Net": {"2019-12-31": "0.09600", "2018-12-31": "0.09600", "2017-12-31": "0.08700", "2016-12-31": "0.08600", "2015-12-31": "0.08300", "2014-12-31": "0.08300", "2013-12-31": "0.08100", "2012-12-31": "0.07700", "2011-12-31": "0.07300", "2010-12-31": "0.06900", "2009-12-31": "0.02700", "2008-12-31": "0.04800", "2007-12-31": ""}, "Retained Earnings (Accumulated Deficit)": {"2019-12-31": "-7.69500", "2018-12-31": "-58.79300", "2017-12-31": "-75.04600", "2016-12-31": "-119.26000", "2015-12-31": "-120.41500", "2014-12-31": "-75.36000", "2013-12-31": "-65.08600", "2012-12-31": "-85.77800", "2011-12-31": "-90.96100", "2010-12-31": "-89.73000", "2009-12-31": "-89.79700", "2008-12-31": "-118.22600", "2007-12-31": ""}, "Comprehensive Income": {"2019-12-31": "-2.34800", "2018-12-31": "-0.49200", "2017-12-31": "0.24300", "2016-12-31": "-0.05300", "2015-12-31": "-0.54600", "2014-12-31": "-0.20900", "2013-12-31": "-0.16200", "2012-12-31": "-0.10800", "2011-12-31": "-0.05700", "2010-12-31": "-0.01600", "2009-12-31": "", "2008-12-31": "", "2007-12-31": ""}, "Other Share Holders Equity": {"2019-12-31": "", "2018-12-31": "", "2017-12-31": "", "2016-12-31": "", "2015-12-31": "", "2014-12-31": "", "2013-12-31": "", "2012-12-31": "", "2011-12-31": "", "2010-12-31": "", "2009-12-31": "", "2008-12-31": "", "2007-12-31": ""}, "Share Holder Equity": {"2019-12-31": "1172.92600", "2018-12-31": "1063.02400", "2017-12-31": "501.87500", "2016-12-31": "384.76300", "2015-12-31": "326.45200", "2014-12-31": "328.78000", "2013-12-31": "314.50400", "2012-12-31": "255.07100", "2011-12-31": "222.88100", "2010-12-31": "172.58400", "2009-12-31": "5.35600", "2008-12-31": "-27.28200", "2007-12-31": ""}, "Total Liabilities And Share Holders Equity": {"2019-12-31": "2969.81700", "2018-12-31": "2097.77300", "2017-12-31": "1516.29300", "2016-12-31": "788.09800", "2015-12-31": "623.20100", "2014-12-31": "566.29400", "2013-12-31": "503.21300", "2012-12-31": "402.19700", "2011-12-31": "400.06500", "2010-12-31": "342.79200", "2009-12-31": "142.11300", "2008-12-31": "102.34000", "2007-12-31": ""}}, "balance sheet, quarterly": {"Cash On Hand": {"2020-09-30": "843.46900", "2020-06-30": "900.95300", "2020-03-31": "425.61900", "2019-12-31": "440.47700", "2019-09-30": "429.01900", "2019-06-30": "374.93000", "2019-03-31": "356.42500", "2018-12-31": "382.75800", "2018-09-30": "370.79100", "2018-06-30": "475.69200", "2018-03-31": "214.12400", "2017-12-31": "165.34500", "2017-09-30": "201.89400", "2017-06-30": "431.07000", "2017-03-31": "155.94600", "2016-12-31": "188.54000", "2016-09-30": "161.37400", "2016-06-30": "123.02300", "2016-03-31": "142.66700", "2015-12-31": "116.37200", "2015-09-30": "112.65200", "2015-06-30": "128.81600", "2015-03-31": "131.99400", "2014-12-31": "112.47900", "2014-09-30": "111.71900", "2014-06-30": "86.14400", "2014-03-31": "91.58800", "2013-12-31": "106.44300", "2013-09-30": "88.43000", "2013-06-30": "62.71300", "2013-03-31": "51.69700", "2012-12-31": "69.00600", "2012-09-30": "58.66300", "2012-06-30": "70.00700", "2012-03-31": "72.13200", "2011-12-31": "70.37100", "2011-09-30": "67.82500", "2011-06-30": "127.89400", "2011-03-31": "139.33300", "2010-12-31": "133.35600", "2010-09-30": "52.33500", "2010-06-30": "", "2010-03-31": "", "2009-12-31": "", "2009-09-30": "", "2008-12-31": "18.37000"}, "Receivables": {"2020-09-30": "130.11800", "2020-06-30": "129.67500", "2020-03-31": "131.61300", "2019-12-31": "143.12700", "2019-09-30": "131.39200", "2019-06-30": "128.08000", "2019-03-31": "125.06800", "2018-12-31": "123.59600", "2018-09-30": "114.44100", "2018-06-30": "112.48400", "2018-03-31": "101.00500", "2017-12-31": "124.50500", "2017-09-30": "101.16400", "2017-06-30": "89.72700", "2017-03-31": "88.05200", "2016-12-31": "92.36700", "2016-09-30": "83.44400", "2016-06-30": "80.20900", "2016-03-31": "76.16400", "2015-12-31": "74.19200", "2015-09-30": "68.46000", "2015-06-30": "65.47800", "2015-03-31": "60.80500", "2014-12-31": "64.84500", "2014-09-30": "63.73100", "2014-06-30": "59.97900", "2014-03-31": "62.58800", "2013-12-31": "66.63500", "2013-09-30": "58.43000", "2013-06-30": "58.92900", "2013-03-31": "54.65200", "2012-12-31": "51.93700", "2012-09-30": "45.35100", "2012-06-30": "43.75000", "2012-03-31": "42.64800", "2011-12-31": "43.88300", "2011-09-30": "36.73900", "2011-06-30": "33.61200", "2011-03-31": "29.55000", "2010-12-31": "29.57700", "2010-09-30": "24.94800", "2010-06-30": "", "2010-03-31": "", "2009-12-31": "", "2009-09-30": "", "2008-12-31": "27.45000"}, "Inventory": {"2020-09-30": "", "2020-06-30": "", "2020-03-31": "", "2019-12-31": "", "2019-09-30": "", "2019-06-30": "", "2019-03-31": "", "2018-12-31": "", "2018-09-30": "", "2018-06-30": "", "2018-03-31": "", "2017-12-31": "", "2017-09-30": "", "2017-06-30": "", "2017-03-31": "", "2016-12-31": "", "2016-09-30": "", "2016-06-30": "", "2016-03-31": "", "2015-12-31": "", "2015-09-30": "", "2015-06-30": "", "2015-03-31": "", "2014-12-31": "", "2014-09-30": "", "2014-06-30": "", "2014-03-31": "", "2013-12-31": "", "2013-09-30": "", "2013-06-30": "", "2013-03-31": "", "2012-12-31": "", "2012-09-30": "", "2012-06-30": "", "2012-03-31": "", "2011-12-31": "", "2011-09-30": "", "2011-06-30": "", "2011-03-31": "", "2010-12-31": "", "2010-09-30": "", "2010-06-30": "", "2010-03-31": "", "2009-12-31": "", "2009-09-30": "", "2008-12-31": ""}, "Pre-Paid Expenses": {"2020-09-30": "34.80200", "2020-06-30": "28.61300", "2020-03-31": "26.88600", "2019-12-31": "24.53900", "2019-09-30": "21.30400", "2019-06-30": "17.41100", "2019-03-31": "19.70200", "2018-12-31": "19.21400", "2018-09-30": "20.21500", "2018-06-30": "15.49300", "2018-03-31": "15.40000", "2017-12-31": "12.10700", "2017-09-30": "14.55400", "2017-06-30": "13.29300", "2017-03-31": "13.03300", "2016-12-31": "10.83600", "2016-09-30": "11.28600", "2016-06-30": "11.16600", "2016-03-31": "10.36200", "2015-12-31": "8.29400", "2015-09-30": "9.61000", "2015-06-30": "8.52400", "2015-03-31": "8.73700", "2014-12-31": "7.64700", "2014-09-30": "", "2014-06-30": "", "2014-03-31": "", "2013-12-31": "", "2013-09-30": "", "2013-06-30": "", "2013-03-31": "", "2012-12-31": "", "2012-09-30": "", "2012-06-30": "", "2012-03-31": "", "2011-12-31": "", "2011-09-30": "", "2011-06-30": "", "2011-03-31": "", "2010-12-31": "", "2010-09-30": "", "2010-06-30": "", "2010-03-31": "", "2009-12-31": "", "2009-09-30": "", "2008-12-31": ""}, "Other Current Assets": {"2020-09-30": "32.18700", "2020-06-30": "28.35400", "2020-03-31": "27.51900", "2019-12-31": "27.38700", "2019-09-30": "17.69900", "2019-06-30": "17.04600", "2019-03-31": "11.38300", "2018-12-31": "15.18500", "2018-09-30": "17.83400", "2018-06-30": "15.81200", "2018-03-31": "9.83800", "2017-12-31": "6.62200", "2017-09-30": "6.04300", "2017-06-30": "6.06100", "2017-03-31": "4.65400", "2016-12-31": "5.71200", "2016-09-30": "7.86600", "2016-06-30": "22.41400", "2016-03-31": "25.82800", "2015-12-31": "23.08500", "2015-09-30": "2.57100", "2015-06-30": "1.20300", "2015-03-31": "1.92800", "2014-12-31": "1.84800", "2014-09-30": "9.56600", "2014-06-30": "8.30800", "2014-03-31": "8.03800", "2013-12-31": "7.45300", "2013-09-30": "8.32000", "2013-06-30": "8.35700", "2013-03-31": "9.63300", "2012-12-31": "6.54100", "2012-09-30": "7.10100", "2012-06-30": "10.91900", "2012-03-31": "10.06900", "2011-12-31": "10.23200", "2011-09-30": "12.11100", "2011-06-30": "8.20700", "2011-03-31": "6.71300", "2010-12-31": "6.06000", "2010-09-30": "6.59500", "2010-06-30": "", "2010-03-31": "", "2009-12-31": "", "2009-09-30": "", "2008-12-31": ""}, "Total Current Assets": {"2020-09-30": "1040.57600", "2020-06-30": "1087.59500", "2020-03-31": "611.63700", "2019-12-31": "635.53000", "2019-09-30": "599.41400", "2019-06-30": "537.46700", "2019-03-31": "512.57800", "2018-12-31": "540.75300", "2018-09-30": "523.28100", "2018-06-30": "619.48100", "2018-03-31": "340.36700", "2017-12-31": "308.57900", "2017-09-30": "323.65500", "2017-06-30": "540.15100", "2017-03-31": "261.68500", "2016-12-31": "297.45500", "2016-09-30": "263.97000", "2016-06-30": "236.81200", "2016-03-31": "255.02100", "2015-12-31": "221.94300", "2015-09-30": "210.92800", "2015-06-30": "215.13200", "2015-03-31": "214.55300", "2014-12-31": "186.81900", "2014-09-30": "187.88400", "2014-06-30": "161.26700", "2014-03-31": "167.49200", "2013-12-31": "183.81500", "2013-09-30": "163.90300", "2013-06-30": "129.99900", "2013-03-31": "116.17900", "2012-12-31": "127.48400", "2012-09-30": "111.39100", "2012-06-30": "125.06300", "2012-03-31": "125.07400", "2011-12-31": "124.75800", "2011-09-30": "117.27600", "2011-06-30": "171.25200", "2011-03-31": "177.13500", "2010-12-31": "170.52200", "2010-09-30": "85.67700", "2010-06-30": "", "2010-03-31": "", "2009-12-31": "", "2009-09-30": "", "2008-12-31": "49.11000"}, "Property, Plant, And Equipment": {"2020-09-30": "176.99400", "2020-06-30": "169.22200", "2020-03-31": "165.95700", "2019-12-31": "163.28200", "2019-09-30": "159.60500", "2019-06-30": "156.21300", "2019-03-31": "153.95600", "2018-12-31": "153.52800", "2018-09-30": "151.21300", "2018-06-30": "145.34000", "2018-03-31": "145.52200", "2017-12-31": "148.42800", "2017-09-30": "147.06900", "2017-06-30": "138.24100", "2017-03-31": "138.37900", "2016-12-31": "130.42800", "2016-09-30": "122.11900", "2016-06-30": "114.75700", "2016-03-31": "94.18800", "2015-12-31": "82.19800", "2015-09-30": "71.94400", "2015-06-30": "70.83100", "2015-03-31": "73.14200", "2014-12-31": "72.61600", "2014-09-30": "71.46400", "2014-06-30": "66.51500", "2014-03-31": "58.42200", "2013-12-31": "54.77500", "2013-09-30": "48.19100", "2013-06-30": "42.60300", "2013-03-31": "40.84500", "2012-12-31": "32.48700", "2012-09-30": "36.16300", "2012-06-30": "31.45300", "2012-03-31": "28.22400", "2011-12-31": "27.97400", "2011-09-30": "26.55200", "2011-06-30": "23.60700", "2011-03-31": "23.04800", "2010-12-31": "24.51500", "2010-09-30": "21.04800", "2010-06-30": "", "2010-03-31": "", "2009-12-31": "", "2009-09-30": "", "2008-12-31": "49.38000"}, "Long-Term Investments": {"2020-09-30": "", "2020-06-30": "", "2020-03-31": "", "2019-12-31": "", "2019-09-30": "", "2019-06-30": "", "2019-03-31": "", "2018-12-31": "", "2018-09-30": "", "2018-06-30": "", "2018-03-31": "", "2017-12-31": "", "2017-09-30": "", "2017-06-30": "", "2017-03-31": "", "2016-12-31": "", "2016-09-30": "", "2016-06-30": "", "2016-03-31": "", "2015-12-31": "", "2015-09-30": "", "2015-06-30": "", "2015-03-31": "", "2014-12-31": "", "2014-09-30": "", "2014-06-30": "", "2014-03-31": "", "2013-12-31": "", "2013-09-30": "", "2013-06-30": "", "2013-03-31": "", "2012-12-31": "", "2012-09-30": "", "2012-06-30": "", "2012-03-31": "", "2011-12-31": "", "2011-09-30": "", "2011-06-30": "", "2011-03-31": "", "2010-12-31": "", "2010-09-30": "", "2010-06-30": "", "2010-03-31": "", "2009-12-31": "", "2009-09-30": "", "2008-12-31": ""}, "Goodwill And Intangible Assets": {"2020-09-30": "2076.27200", "2020-06-30": "2012.25900", "2020-03-31": "2033.08400", "2019-12-31": "1984.74500", "2019-09-30": "1364.68600", "2019-06-30": "1333.53900", "2019-03-31": "1324.36700", "2018-12-31": "1340.49700", "2018-09-30": "1302.84400", "2018-06-30": "1195.76800", "2018-03-31": "989.72100", "2017-12-31": "1003.38900", "2017-09-30": "708.87200", "2017-06-30": "469.73800", "2017-03-31": "407.21800", "2016-12-31": "334.91400", "2016-09-30": "346.34700", "2016-06-30": "353.39200", "2016-03-31": "347.12100", "2015-12-31": "301.37700", "2015-09-30": "307.39100", "2015-06-30": "334.10500", "2015-03-31": "288.14200", "2014-12-31": "293.46300", "2014-09-30": "298.66000", "2014-06-30": "304.04000", "2014-03-31": "269.18200", "2013-12-31": "261.23700", "2013-09-30": "241.12900", "2013-06-30": "245.60800", "2013-03-31": "244.82200", "2012-12-31": "238.66500", "2012-09-30": "241.03000", "2012-06-30": "236.66300", "2012-03-31": "242.40800", "2011-12-31": "241.60000", "2011-09-30": "243.77300", "2011-06-30": "145.56500", "2011-03-31": "124.71800", "2010-12-31": "128.24600", "2010-09-30": "71.95100", "2010-06-30": "0.00000", "2010-03-31": "0.00000", "2009-12-31": "", "2009-09-30": "0.00000", "2008-12-31": "0.00000"}, "Other Long-Term Assets": {"2020-09-30": "27.55000", "2020-06-30": "28.47300", "2020-03-31": "28.81900", "2019-12-31": "30.50700", "2019-09-30": "25.78100", "2019-06-30": "23.78300", "2019-03-31": "22.19700", "2018-12-31": "20.39300", "2018-09-30": "18.99200", "2018-06-30": "20.71000", "2018-03-31": "19.53300", "2017-12-31": "11.01000", "2017-09-30": "9.64300", "2017-06-30": "10.05700", "2017-03-31": "10.43000", "2016-12-31": "9.63600", "2016-09-30": "8.64200", "2016-06-30": "5.87000", "2016-03-31": "5.57100", "2015-12-31": "5.63200", "2015-09-30": "5.20100", "2015-06-30": "4.89500", "2015-03-31": "4.88900", "2014-12-31": "5.05900", "2014-09-30": "5.02300", "2014-06-30": "4.16700", "2014-03-31": "3.81100", "2013-12-31": "3.38600", "2013-09-30": "3.53000", "2013-06-30": "3.60200", "2013-03-31": "3.73100", "2012-12-31": "3.56100", "2012-09-30": "3.88700", "2012-06-30": "3.97300", "2012-03-31": "4.43900", "2011-12-31": "3.19400", "2011-09-30": "2.85500", "2011-06-30": "2.67300", "2011-03-31": "2.83300", "2010-12-31": "2.18700", "2010-09-30": "2.39800", "2010-06-30": "", "2010-03-31": "", "2009-12-31": "", "2009-09-30": "", "2008-12-31": ""}, "Total Long-Term Assets": {"2020-09-30": "2416.29800", "2020-06-30": "2352.85100", "2020-03-31": "2380.85000", "2019-12-31": "2334.28700", "2019-09-30": "1692.49600", "2019-06-30": "1651.65600", "2019-03-31": "1631.83800", "2018-12-31": "1557.02000", "2018-09-30": "1515.44600", "2018-06-30": "1404.42500", "2018-03-31": "1199.98100", "2017-12-31": "1207.71400", "2017-09-30": "935.17300", "2017-06-30": "681.29600", "2017-03-31": "615.22200", "2016-12-31": "490.64300", "2016-09-30": "492.56400", "2016-06-30": "492.88200", "2016-03-31": "467.79800", "2015-12-31": "401.25800", "2015-09-30": "384.53600", "2015-06-30": "411.27600", "2015-03-31": "370.12500", "2014-12-31": "379.47500", "2014-09-30": "379.70000", "2014-06-30": "374.72200", "2014-03-31": "331.41500", "2013-12-31": "319.39800", "2013-09-30": "292.85000", "2013-06-30": "291.81300", "2013-03-31": "290.24400", "2012-12-31": "274.71300", "2012-09-30": "283.42200", "2012-06-30": "276.73000", "2012-03-31": "277.07900", "2011-12-31": "275.30700", "2011-09-30": "275.94000", "2011-06-30": "189.92400", "2011-03-31": "168.68900", "2010-12-31": "172.27000", "2010-09-30": "112.02500", "2010-06-30": "", "2010-03-31": "", "2009-12-31": "", "2009-09-30": "", "2008-12-31": "49.38000"}, "Total Assets": {"2020-09-30": "3456.87400", "2020-06-30": "3440.44600", "2020-03-31": "2992.48700", "2019-12-31": "2969.81700", "2019-09-30": "2291.91000", "2019-06-30": "2189.12300", "2019-03-31": "2144.41600", "2018-12-31": "2097.77300", "2018-09-30": "2038.72700", "2018-06-30": "2023.90600", "2018-03-31": "1540.34800", "2017-12-31": "1516.29300", "2017-09-30": "1258.82800", "2017-06-30": "1221.44700", "2017-03-31": "876.90700", "2016-12-31": "788.09800", "2016-09-30": "756.53400", "2016-06-30": "729.69400", "2016-03-31": "722.81900", "2015-12-31": "623.20100", "2015-09-30": "595.46400", "2015-06-30": "626.40800", "2015-03-31": "584.67800", "2014-12-31": "566.29400", "2014-09-30": "567.58400", "2014-06-30": "535.98900", "2014-03-31": "498.90700", "2013-12-31": "503.21300", "2013-09-30": "456.75300", "2013-06-30": "421.81200", "2013-03-31": "406.42300", "2012-12-31": "402.19700", "2012-09-30": "394.81300", "2012-06-30": "401.79300", "2012-03-31": "402.15300", "2011-12-31": "400.06500", "2011-09-30": "393.21600", "2011-06-30": "361.17600", "2011-03-31": "345.82400", "2010-12-31": "342.79200", "2010-09-30": "197.70200", "2010-06-30": "0.00000", "2010-03-31": "0.00000", "2009-12-31": "0.00000", "2009-09-30": "0.00000", "2008-12-31": "102.34000"}, "Total Current Liabilities": {"2020-09-30": "859.08600", "2020-06-30": "873.14100", "2020-03-31": "529.71000", "2019-12-31": "525.34400", "2019-09-30": "706.73900", "2019-06-30": "660.66900", "2019-03-31": "653.00600", "2018-12-31": "412.23200", "2018-09-30": "629.52800", "2018-06-30": "642.66900", "2018-03-31": "343.73600", "2017-12-31": "332.90700", "2017-09-30": "305.25300", "2017-06-30": "289.26500", "2017-03-31": "268.91000", "2016-12-31": "250.52700", "2016-09-30": "242.98900", "2016-06-30": "233.26500", "2016-03-31": "238.22300", "2015-12-31": "215.34700", "2015-09-30": "220.42500", "2015-06-30": "225.52000", "2015-03-31": "217.20300", "2014-12-31": "196.70900", "2014-09-30": "192.77500", "2014-06-30": "162.60500", "2014-03-31": "155.71700", "2013-12-31": "173.09500", "2013-09-30": "139.38800", "2013-06-30": "125.91500", "2013-03-31": "123.56600", "2012-12-31": "124.85700", "2012-09-30": "109.65200", "2012-06-30": "121.68000", "2012-03-31": "114.62500", "2011-12-31": "114.37600", "2011-09-30": "117.91000", "2011-06-30": "108.23500", "2011-03-31": "93.00500", "2010-12-31": "93.97400", "2010-09-30": "80.56900", "2010-06-30": "", "2010-03-31": "", "2009-12-31": "", "2009-09-30": "", "2008-12-31": "79.20000"}, "Long Term Debt": {"2020-09-30": "838.66300", "2020-06-30": "843.69300", "2020-03-31": "1106.33100", "2019-12-31": "1110.50100", "2019-09-30": "291.06400", "2019-06-30": "275.70100", "2019-03-31": "283.65900", "2018-12-31": "580.42500", "2018-09-30": "291.50400", "2018-06-30": "295.38200", "2018-03-31": "633.38900", "2017-12-31": "634.46000", "2017-09-30": "393.11100", "2017-06-30": "391.81600", "2017-03-31": "117.74600", "2016-12-31": "116.65700", "2016-09-30": "118.16700", "2016-06-30": "119.67800", "2016-03-31": "121.18800", "2015-12-31": "40.00000", "2015-09-30": "44.00000", "2015-06-30": "50.00000", "2015-03-31": "15.00000", "2014-12-31": "20.00000", "2014-09-30": "38.57200", "2014-06-30": "25.00000", "2014-03-31": "", "2013-12-31": "", "2013-09-30": "", "2013-06-30": "", "2013-03-31": "", "2012-12-31": "10.00000", "2012-09-30": "25.00000", "2012-06-30": "35.00000", "2012-03-31": "45.00000", "2011-12-31": "50.31200", "2011-09-30": "47.17300", "2011-06-30": "49.86700", "2011-03-31": "52.56300", "2010-12-31": "55.25800", "2010-09-30": "34.49300", "2010-06-30": "", "2010-03-31": "", "2009-12-31": "", "2009-09-30": "", "2008-12-31": "37.49000"}, "Other Non-Current Liabilities": {"2020-09-30": "41.83500", "2020-06-30": "34.03800", "2020-03-31": "30.01400", "2019-12-31": "22.94000", "2019-09-30": "19.40700", "2019-06-30": "14.99900", "2019-03-31": "12.42100", "2018-12-31": "37.19000", "2018-09-30": "36.89300", "2018-06-30": "41.29900", "2018-03-31": "35.73900", "2017-12-31": "41.51300", "2017-09-30": "38.13400", "2017-06-30": "34.89900", "2017-03-31": "32.73900", "2016-12-31": "29.84300", "2016-09-30": "35.28800", "2016-06-30": "35.38200", "2016-03-31": "33.45100", "2015-12-31": "34.42300", "2015-09-30": "10.57400", "2015-06-30": "13.25900", "2015-03-31": "12.13500", "2014-12-31": "13.90200", "2014-09-30": "14.93100", "2014-06-30": "14.64700", "2014-03-31": "12.25500", "2013-12-31": "8.56400", "2013-09-30": "5.23300", "2013-06-30": "5.54100", "2013-03-31": "5.92700", "2012-12-31": "2.81300", "2012-09-30": "3.14300", "2012-06-30": "3.67200", "2012-03-31": "3.64900", "2011-12-31": "3.80300", "2011-09-30": "5.92600", "2011-06-30": "5.25800", "2011-03-31": "12.31000", "2010-12-31": "13.02900", "2010-09-30": "5.30700", "2010-06-30": "", "2010-03-31": "", "2009-12-31": "", "2009-09-30": "", "2008-12-31": ""}, "Total Long Term Liabilities": {"2020-09-30": "1009.67400", "2020-06-30": "1007.49000", "2020-03-31": "1271.93400", "2019-12-31": "1271.54700", "2019-09-30": "435.85900", "2019-06-30": "408.13500", "2019-03-31": "406.03500", "2018-12-31": "622.51700", "2018-09-30": "333.47600", "2018-06-30": "341.86200", "2018-03-31": "674.58500", "2017-12-31": "681.51100", "2017-09-30": "436.88500", "2017-06-30": "432.61100", "2017-03-31": "156.65800", "2016-12-31": "152.80800", "2016-09-30": "160.03700", "2016-06-30": "161.98200", "2016-03-31": "161.63100", "2015-12-31": "81.40200", "2015-09-30": "63.12000", "2015-06-30": "73.52400", "2015-03-31": "38.73100", "2014-12-31": "40.80500", "2014-09-30": "60.26700", "2014-06-30": "47.56600", "2014-03-31": "21.02900", "2013-12-31": "15.61400", "2013-09-30": "15.73300", "2013-06-30": "18.10600", "2013-03-31": "16.04800", "2012-12-31": "22.26900", "2012-09-30": "38.09000", "2012-06-30": "48.20600", "2012-03-31": "58.22800", "2011-12-31": "62.80800", "2011-09-30": "62.00900", "2011-06-30": "63.90300", "2011-03-31": "73.18400", "2010-12-31": "76.23400", "2010-09-30": "47.29300", "2010-06-30": "", "2010-03-31": "", "2009-12-31": "", "2009-09-30": "", "2008-12-31": "37.49000"}, "Total Liabilities": {"2020-09-30": "1868.76000", "2020-06-30": "1880.63100", "2020-03-31": "1801.64400", "2019-12-31": "1796.89100", "2019-09-30": "1142.59800", "2019-06-30": "1068.80400", "2019-03-31": "1059.04100", "2018-12-31": "1034.74900", "2018-09-30": "963.00400", "2018-06-30": "984.53100", "2018-03-31": "1018.32100", "2017-12-31": "1014.41800", "2017-09-30": "742.13800", "2017-06-30": "721.87600", "2017-03-31": "425.56800", "2016-12-31": "403.33500", "2016-09-30": "403.02600", "2016-06-30": "395.24700", "2016-03-31": "399.85400", "2015-12-31": "296.74900", "2015-09-30": "283.54500", "2015-06-30": "299.04400", "2015-03-31": "255.93400", "2014-12-31": "237.51400", "2014-09-30": "253.04200", "2014-06-30": "210.17100", "2014-03-31": "176.74600", "2013-12-31": "188.70900", "2013-09-30": "155.12100", "2013-06-30": "144.02100", "2013-03-31": "139.61400", "2012-12-31": "147.12600", "2012-09-30": "147.74200", "2012-06-30": "169.88600", "2012-03-31": "172.85300", "2011-12-31": "177.18400", "2011-09-30": "179.91900", "2011-06-30": "172.13800", "2011-03-31": "166.18900", "2010-12-31": "170.20800", "2010-09-30": "127.86200", "2010-06-30": "0.00000", "2010-03-31": "0.00000", "2009-12-31": "", "2009-09-30": "0.00000", "2008-12-31": "129.62000"}, "Common Stock Net": {"2020-09-30": "0.10200", "2020-06-30": "0.10200", "2020-03-31": "0.09600", "2019-12-31": "0.09600", "2019-09-30": "0.09600", "2019-06-30": "0.09600", "2019-03-31": "0.09600", "2018-12-31": "0.09600", "2018-09-30": "0.09700", "2018-06-30": "0.09600", "2018-03-31": "0.08700", "2017-12-31": "0.08700", "2017-09-30": "0.08700", "2017-06-30": "0.08700", "2017-03-31": "0.08600", "2016-12-31": "0.08600", "2016-09-30": "0.08500", "2016-06-30": "0.08500", "2016-03-31": "0.08400", "2015-12-31": "0.08300", "2015-09-30": "0.08200", "2015-06-30": "0.08300", "2015-03-31": "0.08400", "2014-12-31": "0.08300", "2014-09-30": "0.08300", "2014-06-30": "0.08200", "2014-03-31": "0.08100", "2013-12-31": "0.08100", "2013-09-30": "0.08000", "2013-06-30": "0.07900", "2013-03-31": "0.07800", "2012-12-31": "0.07700", "2012-09-30": "0.07600", "2012-06-30": "0.07400", "2012-03-31": "0.07400", "2011-12-31": "0.07300", "2011-09-30": "0.07200", "2011-06-30": "0.07100", "2011-03-31": "0.07000", "2010-12-31": "0.06900", "2010-09-30": "0.06300", "2010-06-30": "0.00000", "2010-03-31": "0.00000", "2009-12-31": "", "2009-09-30": "0.00000", "2008-12-31": "0.00000"}, "Retained Earnings (Accumulated Deficit)": {"2020-09-30": "25.03600", "2020-06-30": "8.69500", "2020-03-31": "-2.09000", "2019-12-31": "-7.69500", "2019-09-30": "-21.37100", "2019-06-30": "-33.07500", "2019-03-31": "-47.54600", "2018-12-31": "-58.79300", "2018-09-30": "-44.37200", "2018-06-30": "-53.44500", "2018-03-31": "-61.92400", "2017-12-31": "-75.04600", "2017-09-30": "-54.18100", "2017-06-30": "-61.01500", "2017-03-31": "-67.22800", "2016-12-31": "-119.26000", "2016-09-30": "-126.62100", "2016-06-30": "-130.83100", "2016-03-31": "-129.14000", "2015-12-31": "-120.41500", "2015-09-30": "-120.89800", "2015-06-30": "-101.77600", "2015-03-31": "-76.96800", "2014-12-31": "-75.36000", "2014-09-30": "-75.47000", "2014-06-30": "-72.21300", "2014-03-31": "-65.92200", "2013-12-31": "-65.08600", "2013-09-30": "-67.26400", "2013-06-30": "-80.15000", "2013-03-31": "-84.76000", "2012-12-31": "-85.77800", "2012-09-30": "-89.50000", "2012-06-30": "-91.61300", "2012-03-31": "-89.24100", "2011-12-31": "-90.96100", "2011-09-30": "-91.20200", "2011-06-30": "-90.09600", "2011-03-31": "-90.37800", "2010-12-31": "-89.73000", "2010-09-30": "-89.54400", "2010-06-30": "", "2010-03-31": "", "2009-12-31": "", "2009-09-30": "", "2008-12-31": "-118.22000"}, "Comprehensive Income": {"2020-09-30": "-5.21700", "2020-06-30": "-6.12700", "2020-03-31": "-6.26800", "2019-12-31": "-2.34800", "2019-09-30": "-2.48800", "2019-06-30": "-2.46800", "2019-03-31": "-1.37200", "2018-12-31": "-0.49200", "2018-09-30": "0.20700", "2018-06-30": "0.25300", "2018-03-31": "0.27500", "2017-12-31": "0.24300", "2017-09-30": "0.10500", "2017-06-30": "0.02700", "2017-03-31": "0.00300", "2016-12-31": "-0.05300", "2016-09-30": "-0.59500", "2016-06-30": "-0.79900", "2016-03-31": "-0.52900", "2015-12-31": "-0.54600", "2015-09-30": "-0.47600", "2015-06-30": "-0.44500", "2015-03-31": "-0.37300", "2014-12-31": "-0.20900", "2014-09-30": "-0.18000", "2014-06-30": "-0.17100", "2014-03-31": "-0.17600", "2013-12-31": "-0.16200", "2013-09-30": "-0.14400", "2013-06-30": "-0.15600", "2013-03-31": "-0.13000", "2012-12-31": "-0.10800", "2012-09-30": "-0.05700", "2012-06-30": "-0.06200", "2012-03-31": "-0.06100", "2011-12-31": "-0.05700", "2011-09-30": "-0.05200", "2011-06-30": "-0.03600", "2011-03-31": "-0.02800", "2010-12-31": "-0.01600", "2010-09-30": "-0.01900", "2010-06-30": "", "2010-03-31": "", "2009-12-31": "", "2009-09-30": "", "2008-12-31": ""}, "Other Share Holders Equity": {"2020-09-30": "", "2020-06-30": "", "2020-03-31": "", "2019-12-31": "", "2019-09-30": "", "2019-06-30": "", "2019-03-31": "", "2018-12-31": "", "2018-09-30": "", "2018-06-30": "", "2018-03-31": "", "2017-12-31": "", "2017-09-30": "", "2017-06-30": "", "2017-03-31": "", "2016-12-31": "", "2016-09-30": "", "2016-06-30": "", "2016-03-31": "", "2015-12-31": "", "2015-09-30": "", "2015-06-30": "", "2015-03-31": "", "2014-12-31": "", "2014-09-30": "", "2014-06-30": "", "2014-03-31": "", "2013-12-31": "", "2013-09-30": "", "2013-06-30": "", "2013-03-31": "", "2012-12-31": "", "2012-09-30": "", "2012-06-30": "", "2012-03-31": "", "2011-12-31": "", "2011-09-30": "", "2011-06-30": "", "2011-03-31": "", "2010-12-31": "", "2010-09-30": "", "2010-06-30": "0.00000", "2010-03-31": "0.00000", "2009-12-31": "", "2009-09-30": "0.00000", "2008-12-31": "0.00000"}, "Share Holder Equity": {"2020-09-30": "1588.11400", "2020-06-30": "1559.81500", "2020-03-31": "1190.84300", "2019-12-31": "1172.92600", "2019-09-30": "1149.31200", "2019-06-30": "1120.31900", "2019-03-31": "1085.37500", "2018-12-31": "1063.02400", "2018-09-30": "1075.72300", "2018-06-30": "1039.37500", "2018-03-31": "522.02700", "2017-12-31": "501.87500", "2017-09-30": "516.69000", "2017-06-30": "499.57100", "2017-03-31": "451.33900", "2016-12-31": "384.76300", "2016-09-30": "353.50800", "2016-06-30": "334.44700", "2016-03-31": "322.96500", "2015-12-31": "326.45200", "2015-09-30": "311.91900", "2015-06-30": "327.36400", "2015-03-31": "328.74400", "2014-12-31": "328.78000", "2014-09-30": "314.54200", "2014-06-30": "325.81800", "2014-03-31": "322.16100", "2013-12-31": "314.50400", "2013-09-30": "301.63200", "2013-06-30": "277.79100", "2013-03-31": "266.80900", "2012-12-31": "255.07100", "2012-09-30": "247.07100", "2012-06-30": "231.90700", "2012-03-31": "229.30000", "2011-12-31": "222.88100", "2011-09-30": "213.29700", "2011-06-30": "189.03800", "2011-03-31": "179.63500", "2010-12-31": "172.58400", "2010-09-30": "69.84000", "2010-06-30": "0.00000", "2010-03-31": "0.00000", "2009-12-31": "", "2009-09-30": "0.00000", "2008-12-31": "-27.28000"}, "Total Liabilities And Share Holders Equity": {"2020-09-30": "3456.87400", "2020-06-30": "3440.44600", "2020-03-31": "2992.48700", "2019-12-31": "2969.81700", "2019-09-30": "2291.91000", "2019-06-30": "2189.12300", "2019-03-31": "2144.41600", "2018-12-31": "2097.77300", "2018-09-30": "2038.72700", "2018-06-30": "2023.90600", "2018-03-31": "1540.34800", "2017-12-31": "1516.29300", "2017-09-30": "1258.82800", "2017-06-30": "1221.44700", "2017-03-31": "876.90700", "2016-12-31": "788.09800", "2016-09-30": "756.53400", "2016-06-30": "729.69400", "2016-03-31": "722.81900", "2015-12-31": "623.20100", "2015-09-30": "595.46400", "2015-06-30": "626.40800", "2015-03-31": "584.67800", "2014-12-31": "566.29400", "2014-09-30": "567.58400", "2014-06-30": "535.98900", "2014-03-31": "498.90700", "2013-12-31": "503.21300", "2013-09-30": "456.75300", "2013-06-30": "421.81200", "2013-03-31": "406.42300", "2012-12-31": "402.19700", "2012-09-30": "394.81300", "2012-06-30": "401.79300", "2012-03-31": "402.15300", "2011-12-31": "400.06500", "2011-09-30": "393.21600", "2011-06-30": "361.17600", "2011-03-31": "345.82400", "2010-12-31": "342.79200", "2010-09-30": "197.70200", "2010-06-30": "0.00000", "2010-03-31": "0.00000", "2009-12-31": "", "2009-09-30": "0.00000", "2008-12-31": "0.00000"}}, "cash flow statement": {"Net Income/Loss": {"2019-12-31": "58.20800", "2018-12-31": "34.72500", "2017-12-31": "0.37700", "2016-12-31": "16.65000", "2015-12-31": "-9.21800", "2014-12-31": "-10.27400", "2013-12-31": "20.69200", "2012-12-31": "5.18300", "2011-12-31": "-1.23100", "2010-12-31": "0.06700", "2009-12-31": "28.42900", "2008-12-31": "-3.20900", "2007-12-31": "-3.14300"}, "Total Depreciation And Amortization - Cash Flow": {"2019-12-31": "140.08500", "2018-12-31": "112.65000", "2017-12-31": "74.44200", "2016-12-31": "55.27700", "2015-12-31": "66.96300", "2014-12-31": "41.30600", "2013-12-31": "31.74500", "2012-12-31": "32.46900", "2011-12-31": "29.14700", "2010-12-31": "20.95600", "2009-12-31": "14.76900", "2008-12-31": "10.99700", "2007-12-31": "7.12700"}, "Other Non-Cash Items": {"2019-12-31": "65.78100", "2018-12-31": "55.47900", "2017-12-31": "60.83400", "2016-12-31": "39.61000", "2015-12-31": "32.34800", "2014-12-31": "27.47000", "2013-12-31": "28.79200", "2012-12-31": "20.64800", "2011-12-31": "23.29100", "2010-12-31": "7.19200", "2009-12-31": "-23.25700", "2008-12-31": "2.91000", "2007-12-31": "0.49000"}, "Total Non-Cash Items": {"2019-12-31": "205.86600", "2018-12-31": "168.12900", "2017-12-31": "135.27600", "2016-12-31": "94.88700", "2015-12-31": "99.31100", "2014-12-31": "68.77600", "2013-12-31": "60.53700", "2012-12-31": "53.11700", "2011-12-31": "52.43800", "2010-12-31": "28.14800", "2009-12-31": "-8.48800", "2008-12-31": "13.90700", "2007-12-31": "7.61700"}, "Change In Accounts Receivable": {"2019-12-31": "-14.70400", "2018-12-31": "-0.71700", "2017-12-31": "-18.82100", "2016-12-31": "-12.23900", "2015-12-31": "-8.70100", "2014-12-31": "1.92900", "2013-12-31": "-13.66900", "2012-12-31": "-7.68100", "2011-12-31": "-11.10100", "2010-12-31": "-2.06800", "2009-12-31": "2.40700", "2008-12-31": "-7.62200", "2007-12-31": "-5.16800"}, "Change In Inventories": {"2019-12-31": "", "2018-12-31": "", "2017-12-31": "", "2016-12-31": "", "2015-12-31": "", "2014-12-31": "", "2013-12-31": "", "2012-12-31": "", "2011-12-31": "", "2010-12-31": "", "2009-12-31": "", "2008-12-31": "", "2007-12-31": ""}, "Change In Accounts Payable": {"2019-12-31": "9.31800", "2018-12-31": "1.26600", "2017-12-31": "0.26800", "2016-12-31": "0.65200", "2015-12-31": "-0.80600", "2014-12-31": "1.82100", "2013-12-31": "1.76500", "2012-12-31": "-2.76300", "2011-12-31": "4.22400", "2010-12-31": "0.69900", "2009-12-31": "0.64500", "2008-12-31": "-0.57900", "2007-12-31": "0.93900"}, "Change In Assets/Liabilities": {"2019-12-31": "59.43500", "2018-12-31": "38.11600", "2017-12-31": "19.72500", "2016-12-31": "24.27900", "2015-12-31": "11.53800", "2014-12-31": "5.75600", "2013-12-31": "1.14300", "2012-12-31": "8.05100", "2011-12-31": "6.08200", "2010-12-31": "0.44000", "2009-12-31": "2.22600", "2008-12-31": "4.53100", "2007-12-31": "3.98600"}, "Total Change In Assets/Liabilities": {"2019-12-31": "52.89900", "2018-12-31": "41.95300", "2017-12-31": "4.61000", "2016-12-31": "17.91200", "2015-12-31": "5.91900", "2014-12-31": "11.47000", "2013-12-31": "-12.02000", "2012-12-31": "0.11200", "2011-12-31": "-1.98100", "2010-12-31": "-0.52500", "2009-12-31": "4.81700", "2008-12-31": "-2.73600", "2007-12-31": "-0.03300"}, "Cash Flow From Operating Activities": {"2019-12-31": "316.97300", "2018-12-31": "244.80700", "2017-12-31": "140.26300", "2016-12-31": "129.44900", "2015-12-31": "96.01200", "2014-12-31": "69.97200", "2013-12-31": "69.20900", "2012-12-31": "58.41200", "2011-12-31": "49.22600", "2010-12-31": "27.69000", "2009-12-31": "24.75800", "2008-12-31": "7.96200", "2007-12-31": "4.44100"}, "Net Change In Property, Plant, And Equipment": {"2019-12-31": "-51.50000", "2018-12-31": "-50.93300", "2017-12-31": "-49.75200", "2016-12-31": "-70.74100", "2015-12-31": "-33.07900", "2014-12-31": "-37.06200", "2013-12-31": "-32.95200", "2012-12-31": "-18.77400", "2011-12-31": "-16.14700", "2010-12-31": "-12.17800", "2009-12-31": "-9.50900", "2008-12-31": "-10.26300", "2007-12-31": "-7.12200"}, "Net Change In Intangible Assets": {"2019-12-31": "", "2018-12-31": "", "2017-12-31": "", "2016-12-31": "", "2015-12-31": "", "2014-12-31": "-0.26000", "2013-12-31": "-0.92700", "2012-12-31": "-3.37500", "2011-12-31": "-1.85000", "2010-12-31": "0.00000", "2009-12-31": "", "2008-12-31": "", "2007-12-31": ""}, "Net Acquisitions/Divestitures": {"2019-12-31": "-665.84400", "2018-12-31": "-278.56300", "2017-12-31": "-649.91000", "2016-12-31": "-66.44000", "2015-12-31": "-45.28200", "2014-12-31": "-41.94700", "2013-12-31": "-28.22900", "2012-12-31": "-10.62700", "2011-12-31": "-89.74900", "2010-12-31": "-70.91700", "2009-12-31": "-15.16700", "2008-12-31": "-22.05700", "2007-12-31": "-9.03300"}, "Net Change In Short-term Investments": {"2019-12-31": "-1.75000", "2018-12-31": "-1.80000", "2017-12-31": "-0.20000", "2016-12-31": "-3.00000", "2015-12-31": "", "2014-12-31": "", "2013-12-31": "", "2012-12-31": "", "2011-12-31": "", "2010-12-31": "", "2009-12-31": "", "2008-12-31": "", "2007-12-31": ""}, "Net Change In Long-Term Investments": {"2019-12-31": "", "2018-12-31": "", "2017-12-31": "", "2016-12-31": "", "2015-12-31": "", "2014-12-31": "", "2013-12-31": "", "2012-12-31": "", "2011-12-31": "", "2010-12-31": "", "2009-12-31": "", "2008-12-31": "", "2007-12-31": ""}, "Net Change In Investments - Total": {"2019-12-31": "-1.75000", "2018-12-31": "-1.80000", "2017-12-31": "-0.20000", "2016-12-31": "-3.00000", "2015-12-31": "", "2014-12-31": "", "2013-12-31": "", "2012-12-31": "", "2011-12-31": "", "2010-12-31": "", "2009-12-31": "", "2008-12-31": "", "2007-12-31": ""}, "Investing Activities - Other": {"2019-12-31": "", "2018-12-31": "", "2017-12-31": "", "2016-12-31": "", "2015-12-31": "", "2014-12-31": "", "2013-12-31": "", "2012-12-31": "", "2011-12-31": "", "2010-12-31": "", "2009-12-31": "", "2008-12-31": "", "2007-12-31": ""}, "Cash Flow From Investing Activities": {"2019-12-31": "-719.09400", "2018-12-31": "-331.29600", "2017-12-31": "-699.86200", "2016-12-31": "-140.18100", "2015-12-31": "-78.36100", "2014-12-31": "-79.26900", "2013-12-31": "-62.10800", "2012-12-31": "-32.77600", "2011-12-31": "-107.74600", "2010-12-31": "-83.09500", "2009-12-31": "-24.67600", "2008-12-31": "-32.32000", "2007-12-31": "-16.15500"}, "Net Long-Term Debt": {"2019-12-31": "517.60500", "2018-12-31": "-64.34300", "2017-12-31": "527.96500", "2016-12-31": "81.79500", "2015-12-31": "19.42600", "2014-12-31": "19.43800", "2013-12-31": "-10.54800", "2012-12-31": "-40.37700", "2011-12-31": "41.83400", "2010-12-31": "-1.53900", "2009-12-31": "-15.59200", "2008-12-31": "-1.14200", "2007-12-31": "6.90600"}, "Net Current Debt": {"2019-12-31": "", "2018-12-31": "", "2017-12-31": "", "2016-12-31": "", "2015-12-31": "", "2014-12-31": "", "2013-12-31": "", "2012-12-31": "", "2011-12-31": "-58.08600", "2010-12-31": "13.74300", "2009-12-31": "18.14700", "2008-12-31": "13.06700", "2007-12-31": "3.90200"}, "Debt Issuance/Retirement Net - Total": {"2019-12-31": "517.60500", "2018-12-31": "-64.34300", "2017-12-31": "527.96500", "2016-12-31": "81.79500", "2015-12-31": "19.42600", "2014-12-31": "19.43800", "2013-12-31": "-10.54800", "2012-12-31": "-40.37700", "2011-12-31": "-16.25200", "2010-12-31": "12.20400", "2009-12-31": "2.55500", "2008-12-31": "11.92500", "2007-12-31": "10.80800"}, "Net Common Equity Issued/Repurchased": {"2019-12-31": "-45.47500", "2018-12-31": "397.64600", "2017-12-31": "19.11800", "2016-12-31": "1.22600", "2015-12-31": "-29.42900", "2014-12-31": "-12.30100", "2013-12-31": "5.74800", "2012-12-31": "8.88000", "2011-12-31": "9.71900", "2010-12-31": "158.32900", "2009-12-31": "0.05800", "2008-12-31": "0.59300", "2007-12-31": "1.14400"}, "Net Total Equity Issued/Repurchased": {"2019-12-31": "-45.47500", "2018-12-31": "397.64600", "2017-12-31": "19.11800", "2016-12-31": "1.22600", "2015-12-31": "-29.42900", "2014-12-31": "-12.30100", "2013-12-31": "5.74800", "2012-12-31": "8.88000", "2011-12-31": "9.71900", "2010-12-31": "158.32900", "2009-12-31": "0.05800", "2008-12-31": "13.95000", "2007-12-31": "1.14400"}, "Total Common And Preferred Stock Dividends Paid": {"2019-12-31": "", "2018-12-31": "", "2017-12-31": "", "2016-12-31": "", "2015-12-31": "", "2014-12-31": "", "2013-12-31": "", "2012-12-31": "", "2011-12-31": "", "2010-12-31": "-0.66600", "2009-12-31": "-2.51600", "2008-12-31": "", "2007-12-31": ""}, "Financial Activities - Other": {"2019-12-31": "-12.11900", "2018-12-31": "-29.21800", "2017-12-31": "-10.73400", "2016-12-31": "-0.07800", "2015-12-31": "-3.33600", "2014-12-31": "-5.35900", "2013-12-31": "-1.54900", "2012-12-31": "-11.55700", "2011-12-31": "-1.64300", "2010-12-31": "-0.86300", "2009-12-31": "", "2008-12-31": "", "2007-12-31": ""}, "Cash Flow From Financial Activities": {"2019-12-31": "460.01100", "2018-12-31": "304.08500", "2017-12-31": "536.34900", "2016-12-31": "82.94300", "2015-12-31": "-13.33900", "2014-12-31": "1.77800", "2013-12-31": "-6.34900", "2012-12-31": "-43.05400", "2011-12-31": "-8.17600", "2010-12-31": "169.00400", "2009-12-31": "0.09700", "2008-12-31": "25.87500", "2007-12-31": "11.95200"}, "Net Cash Flow": {"2019-12-31": "57.71900", "2018-12-31": "217.41300", "2017-12-31": "-23.19500", "2016-12-31": "72.16800", "2015-12-31": "3.97500", "2014-12-31": "-7.56600", "2013-12-31": "0.69800", "2012-12-31": "-17.46900", "2011-12-31": "-66.73700", "2010-12-31": "113.58300", "2009-12-31": "0.17900", "2008-12-31": "1.51700", "2007-12-31": "0.23800"}, "Stock-Based Compensation": {"2019-12-31": "62.56300", "2018-12-31": "50.64100", "2017-12-31": "45.83500", "2016-12-31": "36.85200", "2015-12-31": "38.12200", "2014-12-31": "37.05000", "2013-12-31": "29.69700", "2012-12-31": "18.17800", "2011-12-31": "22.61800", "2010-12-31": "7.34000", "2009-12-31": "2.80500", "2008-12-31": "1.47600", "2007-12-31": "0.49000"}, "Common Stock Dividends Paid": {"2019-12-31": "", "2018-12-31": "", "2017-12-31": "", "2016-12-31": "", "2015-12-31": "", "2014-12-31": "", "2013-12-31": "", "2012-12-31": "", "2011-12-31": "", "2010-12-31": "", "2009-12-31": "", "2008-12-31": "", "2007-12-31": ""}}, "cash flow statement, quarterly": {"Net Income/Loss": {"2020-09-30": 16.341, "2020-06-30": 11.301, "2020-03-31": "5.60500", "2019-12-31": 20.169, "2019-09-30": 11.704, "2019-06-30": 15.063, "2019-03-31": "11.27200", "2018-12-31": 6.272, "2018-09-30": 9.073, "2018-06-30": 8.479, "2018-03-31": "10.90100", "2017-12-31": -20.865, "2017-09-30": 6.834, "2017-06-30": 6.213, "2017-03-31": "8.19500", "2016-12-31": 7.361, "2016-09-30": 4.21, "2016-06-30": 2.083, "2016-03-31": "2.99600", "2015-12-31": 3.9, "2015-09-30": -8.192, "2015-06-30": -3.318, "2015-03-31": "-1.60800", "2014-12-31": 0.11, "2014-09-30": -3.257, "2014-06-30": -6.291, "2014-03-31": "-0.83600", "2013-12-31": 2.178, "2013-09-30": 12.886, "2013-06-30": 4.61, "2013-03-31": "1.01800", "2012-12-31": 3.722, "2012-09-30": 2.113, "2012-06-30": -2.372, "2012-03-31": "1.72000", "2011-12-31": 0.241, "2011-09-30": -1.106, "2011-06-30": 0.282, "2011-03-31": "-0.64800", "2010-12-31": -0.186, "2010-09-30": 0.292, "2010-06-30": 0.164, "2010-03-31": "-0.20300", "2009-12-31": 25.707, "2009-09-30": 5.913, "2008-12-31": -3.2}, "Total Depreciation And Amortization - Cash Flow": {"2020-09-30": 43.843, "2020-06-30": 42.66, "2020-03-31": "40.63900", "2019-12-31": 35.106, "2019-09-30": 35.701, "2019-06-30": 35.215, "2019-03-31": "34.06300", "2018-12-31": 29.36, "2018-09-30": 28.78, "2018-06-30": 28.238, "2018-03-31": "26.27200", "2017-12-31": 24.288, "2017-09-30": 19.197, "2017-06-30": 16.428, "2017-03-31": "14.52900", "2016-12-31": 14.078, "2016-09-30": 14.172, "2016-06-30": 14.42, "2016-03-31": "12.60700", "2015-12-31": 12.375, "2015-09-30": 32.187, "2015-06-30": 11.263, "2015-03-31": "11.13800", "2014-12-31": 10.773, "2014-09-30": 10.962, "2014-06-30": 10.067, "2014-03-31": "9.50400", "2013-12-31": 8.922, "2013-09-30": 7.605, "2013-06-30": 7.42, "2013-03-31": "7.79800", "2012-12-31": 8.787, "2012-09-30": 7.945, "2012-06-30": 7.859, "2012-03-31": "7.87800", "2011-12-31": 7.689, "2011-09-30": 7.442, "2011-06-30": 7.243, "2011-03-31": "6.77300", "2010-12-31": 6.1, "2010-09-30": 5.312, "2010-06-30": 4.874, "2010-03-31": "4.67000", "2009-12-31": 4.057, "2009-09-30": -0.287, "2008-12-31": 10.99}, "Other Non-Cash Items": {"2020-09-30": 19.286, "2020-06-30": 13.494, "2020-03-31": "13.71000", "2019-12-31": 11.722, "2019-09-30": 20.677, "2019-06-30": 17.828, "2019-03-31": "15.55400", "2018-12-31": 16.462, "2018-09-30": 15.755, "2018-06-30": 12.754, "2018-03-31": "10.50800", "2017-12-31": 35.059, "2017-09-30": 3.784, "2017-06-30": 11.511, "2017-03-31": "10.48000", "2016-12-31": 6.303, "2016-09-30": 12.025, "2016-06-30": 11.505, "2016-03-31": "9.77700", "2015-12-31": 9.591, "2015-09-30": -0.992, "2015-06-30": 14.141, "2015-03-31": "9.60800", "2014-12-31": 4.087, "2014-09-30": 8.021, "2014-06-30": 6.941, "2014-03-31": "8.42100", "2013-12-31": 11.013, "2013-09-30": -0.291, "2013-06-30": 7.499, "2013-03-31": "10.57100", "2012-12-31": 6.44, "2012-09-30": 6.199, "2012-06-30": 2.835, "2012-03-31": "5.17400", "2011-12-31": 7.991, "2011-09-30": 5.745, "2011-06-30": 5.021, "2011-03-31": "4.53400", "2010-12-31": 3.513, "2010-09-30": 1.376, "2010-06-30": 1.311, "2010-03-31": "0.99200", "2009-12-31": -2.096, "2009-09-30": 2.096, "2008-12-31": 0}, "Total Non-Cash Items": {"2020-09-30": 63.129, "2020-06-30": 56.154, "2020-03-31": "54.34900", "2019-12-31": 46.828, "2019-09-30": 56.378, "2019-06-30": 53.043, "2019-03-31": "49.61700", "2018-12-31": 45.822, "2018-09-30": 44.535, "2018-06-30": 40.992, "2018-03-31": "36.78000", "2017-12-31": 59.347, "2017-09-30": 22.981, "2017-06-30": 27.939, "2017-03-31": "25.00900", "2016-12-31": 20.381, "2016-09-30": 26.197, "2016-06-30": 25.925, "2016-03-31": "22.38400", "2015-12-31": 21.966, "2015-09-30": 31.195, "2015-06-30": 25.404, "2015-03-31": "20.74600", "2014-12-31": 14.86, "2014-09-30": 18.983, "2014-06-30": 17.008, "2014-03-31": "17.92500", "2013-12-31": 19.935, "2013-09-30": 7.314, "2013-06-30": 14.919, "2013-03-31": "18.36900", "2012-12-31": 15.227, "2012-09-30": 14.144, "2012-06-30": 10.694, "2012-03-31": "13.05200", "2011-12-31": 15.68, "2011-09-30": 13.187, "2011-06-30": 12.264, "2011-03-31": "11.30700", "2010-12-31": 9.613, "2010-09-30": 6.688, "2010-06-30": 6.185, "2010-03-31": "5.66200", "2009-12-31": 1.961, "2009-09-30": 1.809, "2008-12-31": 10.99}, "Change In Accounts Receivable": {"2020-09-30": 2.328, "2020-06-30": 1.948, "2020-03-31": "12.67400", "2019-12-31": -9.617, "2019-09-30": -1.75, "2019-06-30": -2.354, "2019-03-31": "-0.98300", "2018-12-31": -7.65, "2018-09-30": 0.118, "2018-06-30": -8.833, "2018-03-31": "15.64800", "2017-12-31": -19.594, "2017-09-30": -5.657, "2017-06-30": 0.443, "2017-03-31": "5.98700", "2016-12-31": -10.232, "2016-09-30": -3.258, "2016-06-30": -3.701, "2016-03-31": "4.95200", "2015-12-31": -5.656, "2015-09-30": -3.236, "2015-06-30": -3.841, "2015-03-31": "4.03200", "2014-12-31": -1.114, "2014-09-30": -3.752, "2014-06-30": 2.68, "2014-03-31": "4.11500", "2013-12-31": -7.662, "2013-09-30": 0.499, "2013-06-30": -4.271, "2013-03-31": "-2.23500", "2012-12-31": -6.658, "2012-09-30": -1.184, "2012-06-30": -1.141, "2012-03-31": "1.30200", "2011-12-31": -7.201, "2011-09-30": 0.134, "2011-06-30": -4.061, "2011-03-31": "0.02700", "2010-12-31": -3.908, "2010-09-30": -0.761, "2010-06-30": -3.674, "2010-03-31": "6.27500", "2009-12-31": -3.488, "2009-09-30": 3.488, "2008-12-31": 0}, "Change In Inventories": {"2020-09-30": 0, "2020-06-30": 0, "2020-03-31": "", "2019-12-31": 0, "2019-09-30": 0, "2019-06-30": 0, "2019-03-31": "", "2018-12-31": 0, "2018-09-30": 0, "2018-06-30": 0, "2018-03-31": "", "2017-12-31": 0, "2017-09-30": 0, "2017-06-30": 0, "2017-03-31": "", "2016-12-31": 0, "2016-09-30": 0, "2016-06-30": 0, "2016-03-31": "", "2015-12-31": 0, "2015-09-30": 0, "2015-06-30": 0, "2015-03-31": "", "2014-12-31": 0, "2014-09-30": 0, "2014-06-30": 0, "2014-03-31": "", "2013-12-31": 0, "2013-09-30": 0, "2013-06-30": 0, "2013-03-31": "", "2012-12-31": 0, "2012-09-30": 0, "2012-06-30": 0, "2012-03-31": "", "2011-12-31": 0, "2011-09-30": 0, "2011-06-30": 0, "2011-03-31": "", "2010-12-31": 0, "2010-09-30": 0, "2010-06-30": 0, "2010-03-31": "", "2009-12-31": 0, "2009-09-30": 0, "2008-12-31": 0}, "Change In Accounts Payable": {"2020-09-30": -1.798, "2020-06-30": 2.03, "2020-03-31": "-0.88700", "2019-12-31": 1.482, "2019-09-30": 1.797, "2019-06-30": 2.038, "2019-03-31": "4.00100", "2018-12-31": -2.778, "2018-09-30": -1.855, "2018-06-30": -1.044, "2018-03-31": "6.94300", "2017-12-31": -3.434, "2017-09-30": -0.364, "2017-06-30": 2.982, "2017-03-31": "1.08400", "2016-12-31": 0.296, "2016-09-30": 0.294, "2016-06-30": -1.044, "2016-03-31": "1.10600", "2015-12-31": -0.08, "2015-09-30": -1.812, "2015-06-30": 0.916, "2015-03-31": "0.17000", "2014-12-31": -1.278, "2014-09-30": -4.359, "2014-06-30": 3.455, "2014-03-31": "4.00300", "2013-12-31": -2.137, "2013-09-30": 0.91, "2013-06-30": 0.172, "2013-03-31": "2.82000", "2012-12-31": -0.508, "2012-09-30": -1.868, "2012-06-30": 0.503, "2012-03-31": "-0.89000", "2011-12-31": 2.751, "2011-09-30": -0.468, "2011-06-30": 0.876, "2011-03-31": "1.06500", "2010-12-31": -0.922, "2010-09-30": 0.888, "2010-06-30": -0.896, "2010-03-31": "1.62900", "2009-12-31": -0.6, "2009-09-30": 0.6, "2008-12-31": 0}, "Change In Assets/Liabilities": {"2020-09-30": -35.762, "2020-06-30": 16.239, "2020-03-31": "-5.86900", "2019-12-31": 71.496, "2019-09-30": 37.426, "2019-06-30": -0.175, "2019-03-31": "-49.31200", "2018-12-31": 67.465, "2018-09-30": -23.082, "2018-06-30": -14.157, "2018-03-31": "7.89000", "2017-12-31": 16.661, "2017-09-30": -15.495, "2017-06-30": 6.295, "2017-03-31": "12.26400", "2016-12-31": 3.907, "2016-09-30": 16.3, "2016-06-30": 4.209, "2016-03-31": "-0.13700", "2015-12-31": 9.152, "2015-09-30": 0.967, "2015-06-30": 3.633, "2015-03-31": "-2.21400", "2014-12-31": 5.119, "2014-09-30": -0.136, "2014-06-30": 0.48, "2014-03-31": "0.29300", "2013-12-31": 4.423, "2013-09-30": -3.838, "2013-06-30": 2.625, "2013-03-31": "-2.06700", "2012-12-31": 4.635, "2012-09-30": -4.461, "2012-06-30": 11.566, "2012-03-31": "-3.68900", "2011-12-31": 8.081, "2011-09-30": -1.444, "2011-06-30": 0.305, "2011-03-31": "-0.86000", "2010-12-31": 7.521, "2010-09-30": -0.199, "2010-06-30": -2.402, "2010-03-31": "-4.48000", "2009-12-31": 1.177, "2009-09-30": -1.177, "2008-12-31": 0}, "Total Change In Assets/Liabilities": {"2020-09-30": -29.038, "2020-06-30": 28.592, "2020-03-31": "1.62800", "2019-12-31": 63.831, "2019-09-30": 44.686, "2019-06-30": 1.279, "2019-03-31": "-56.89700", "2018-12-31": 57.751, "2018-09-30": -20.866, "2018-06-30": -18.022, "2018-03-31": "23.09000", "2017-12-31": -4.102, "2017-09-30": -19.584, "2017-06-30": 14.517, "2017-03-31": "13.77900", "2016-12-31": -3.417, "2016-09-30": 14.116, "2016-06-30": 3.624, "2016-03-31": "3.58900", "2015-12-31": 1.632, "2015-09-30": -3.283, "2015-06-30": 4.21, "2015-03-31": "3.36000", "2014-12-31": 4.948, "2014-09-30": -8.42, "2014-06-30": 8.405, "2014-03-31": "6.53700", "2013-12-31": -4.513, "2013-09-30": -3.174, "2013-06-30": -2.151, "2013-03-31": "-2.18200", "2012-12-31": -1.692, "2012-09-30": -7.308, "2012-06-30": 12.982, "2012-03-31": "-3.87000", "2011-12-31": 3.606, "2011-09-30": -1.603, "2011-06-30": -2.586, "2011-03-31": "-1.39800", "2010-12-31": 3.522, "2010-09-30": -0.436, "2010-06-30": -5.35, "2010-03-31": "1.73900", "2009-12-31": 2.781, "2009-09-30": 4.759, "2008-12-31": -2.73}, "Cash Flow From Operating Activities": {"2020-09-30": 50.432, "2020-06-30": 96.047, "2020-03-31": "61.58200", "2019-12-31": 130.828, "2019-09-30": 112.768, "2019-06-30": 69.385, "2019-03-31": "3.99200", "2018-12-31": 109.845, "2018-09-30": 32.742, "2018-06-30": 31.449, "2018-03-31": "70.77100", "2017-12-31": 34.38, "2017-09-30": 10.231, "2017-06-30": 48.669, "2017-03-31": "46.98300", "2016-12-31": 24.325, "2016-09-30": 44.523, "2016-06-30": 31.632, "2016-03-31": "28.96900", "2015-12-31": 27.498, "2015-09-30": 19.72, "2015-06-30": 26.296, "2015-03-31": "22.49800", "2014-12-31": 19.918, "2014-09-30": 7.306, "2014-06-30": 19.122, "2014-03-31": "23.62600", "2013-12-31": 17.6, "2013-09-30": 17.026, "2013-06-30": 17.378, "2013-03-31": "17.20500", "2012-12-31": 17.257, "2012-09-30": 8.949, "2012-06-30": 21.304, "2012-03-31": "10.90200", "2011-12-31": 19.527, "2011-09-30": 10.478, "2011-06-30": 9.96, "2011-03-31": "9.26100", "2010-12-31": 12.949, "2010-09-30": 6.544, "2010-06-30": 0.999, "2010-03-31": "7.19800", "2009-12-31": 7.209, "2009-09-30": 9.581, "2008-12-31": 7.96}, "Net Change In Property, Plant, And Equipment": {"2020-09-30": -18.565, "2020-06-30": -16.492, "2020-03-31": "-13.25400", "2019-12-31": -12.989, "2019-09-30": -15.045, "2019-06-30": -12.593, "2019-03-31": "-10.87300", "2018-12-31": -13.646, "2018-09-30": -14.794, "2018-06-30": -9.833, "2018-03-31": "-12.66000", "2017-12-31": -11.176, "2017-09-30": -11.447, "2017-06-30": -17.204, "2017-03-31": "-9.92500", "2016-12-31": -9.736, "2016-09-30": -22.519, "2016-06-30": -28.269, "2016-03-31": "-10.21700", "2015-12-31": -14.6, "2015-09-30": -7.536, "2015-06-30": -4.761, "2015-03-31": "-6.18200", "2014-12-31": -7.937, "2014-09-30": -9.99, "2014-06-30": -11.873, "2014-03-31": "-7.26200", "2013-12-31": -10.762, "2013-09-30": -8.797, "2013-06-30": -5.669, "2013-03-31": "-7.72400", "2012-12-31": -0.173, "2012-09-30": -8.696, "2012-06-30": -6.345, "2012-03-31": "-3.56000", "2011-12-31": -5.365, "2011-09-30": -5.14, "2011-06-30": -3.688, "2011-03-31": "-1.95400", "2010-12-31": -4.751, "2010-09-30": -2.709, "2010-06-30": -1.801, "2010-03-31": "-2.91700", "2009-12-31": -3.166, "2009-09-30": 3.926, "2008-12-31": -10.26}, "Net Change In Intangible Assets": {"2020-09-30": 0, "2020-06-30": 0, "2020-03-31": "", "2019-12-31": 0, "2019-09-30": 0, "2019-06-30": 0, "2019-03-31": "", "2018-12-31": 0, "2018-09-30": 0, "2018-06-30": 0, "2018-03-31": "", "2017-12-31": 0, "2017-09-30": 0, "2017-06-30": 0, "2017-03-31": "", "2016-12-31": 0, "2016-09-30": 0, "2016-06-30": 0, "2016-03-31": "", "2015-12-31": 0, "2015-09-30": 0, "2015-06-30": 0, "2015-03-31": "", "2014-12-31": -0.26, "2014-09-30": 0, "2014-06-30": 0, "2014-03-31": "", "2013-12-31": -0.327, "2013-09-30": 0, "2013-06-30": 0, "2013-03-31": "-0.60000", "2012-12-31": -3.15, "2012-09-30": -0.225, "2012-06-30": 0.075, "2012-03-31": "-0.07500", "2011-12-31": -1.85, "2011-09-30": 0, "2011-06-30": 0, "2011-03-31": "", "2010-12-31": 0, "2010-09-30": 0, "2010-06-30": 0, "2010-03-31": "", "2009-12-31": 0, "2009-09-30": 0, "2008-12-31": 0}, "Net Acquisitions/Divestitures": {"2020-09-30": -70.196, "2020-06-30": -0.038, "2020-03-31": "-59.46200", "2019-12-31": -615.785, "2019-09-30": -32.531, "2019-06-30": -17.528, "2019-03-31": "", "2018-12-31": -48.089, "2018-09-30": -92.999, "2018-06-30": -137.475, "2018-03-31": "", "2017-12-31": -302.36, "2017-09-30": -224.309, "2017-06-30": -57.138, "2017-03-31": "-66.10300", "2016-12-31": 4.96, "2016-09-30": -0.095, "2016-06-30": -12.153, "2016-03-31": "-59.15200", "2015-12-31": 0.168, "2015-09-30": 0, "2015-06-30": -45.45, "2015-03-31": "", "2014-12-31": -0.005, "2014-09-30": 0.111, "2014-06-30": -34.874, "2014-03-31": "-7.17900", "2013-12-31": -17.887, "2013-09-30": -0.146, "2013-06-30": -0.146, "2013-03-31": "-10.05000", "2012-12-31": -0.904, "2012-09-30": -5.019, "2012-06-30": -0.401, "2012-03-31": "-4.30300", "2011-12-31": -1.932, "2011-09-30": -67.786, "2011-06-30": -19.847, "2011-03-31": "-0.18400", "2010-12-31": -53.686, "2010-09-30": -3.939, "2010-06-30": -0.244, "2010-03-31": "-13.04800", "2009-12-31": -11.373, "2009-09-30": 18.263, "2008-12-31": -22.05}, "Net Change In Short-term Investments": {"2020-09-30": 0, "2020-06-30": 0, "2020-03-31": "", "2019-12-31": -1.75, "2019-09-30": 1.75, "2019-06-30": -1.75, "2019-03-31": "", "2018-12-31": 0, "2018-09-30": 0, "2018-06-30": 0, "2018-03-31": "-1.80000", "2017-12-31": -0.2, "2017-09-30": 0, "2017-06-30": 0, "2017-03-31": "", "2016-12-31": 0, "2016-09-30": -3, "2016-06-30": 0, "2016-03-31": "", "2015-12-31": 0, "2015-09-30": 0, "2015-06-30": 0, "2015-03-31": "", "2014-12-31": 0, "2014-09-30": 0, "2014-06-30": 0, "2014-03-31": "", "2013-12-31": 0, "2013-09-30": 0, "2013-06-30": 0, "2013-03-31": "", "2012-12-31": 0, "2012-09-30": 0, "2012-06-30": 0, "2012-03-31": "", "2011-12-31": 0, "2011-09-30": 0, "2011-06-30": 0, "2011-03-31": "", "2010-12-31": 0, "2010-09-30": 0, "2010-06-30": 0, "2010-03-31": "", "2009-12-31": 0, "2009-09-30": 0, "2008-12-31": 0}, "Net Change In Long-Term Investments": {"2020-09-30": 0, "2020-06-30": 0, "2020-03-31": "", "2019-12-31": 1.75, "2019-09-30": -1.75, "2019-06-30": 0, "2019-03-31": "", "2018-12-31": 0, "2018-09-30": 0, "2018-06-30": 0, "2018-03-31": "", "2017-12-31": 0, "2017-09-30": 0, "2017-06-30": 0, "2017-03-31": "", "2016-12-31": 0, "2016-09-30": 0, "2016-06-30": 0, "2016-03-31": "", "2015-12-31": 0, "2015-09-30": 0, "2015-06-30": 0, "2015-03-31": "", "2014-12-31": 0, "2014-09-30": 0, "2014-06-30": 0, "2014-03-31": "", "2013-12-31": 0, "2013-09-30": 0, "2013-06-30": 0, "2013-03-31": "", "2012-12-31": 0, "2012-09-30": 0, "2012-06-30": 0, "2012-03-31": "", "2011-12-31": 0, "2011-09-30": 0, "2011-06-30": 0, "2011-03-31": "", "2010-12-31": 0, "2010-09-30": 0, "2010-06-30": 0, "2010-03-31": "", "2009-12-31": 0, "2009-09-30": 0, "2008-12-31": 0}, "Net Change In Investments - Total": {"2020-09-30": 0, "2020-06-30": 0, "2020-03-31": "", "2019-12-31": 0, "2019-09-30": 0, "2019-06-30": -1.75, "2019-03-31": "", "2018-12-31": 0, "2018-09-30": 0, "2018-06-30": 0, "2018-03-31": "-1.80000", "2017-12-31": -0.2, "2017-09-30": 0, "2017-06-30": 0, "2017-03-31": "", "2016-12-31": 0, "2016-09-30": -3, "2016-06-30": 0, "2016-03-31": "", "2015-12-31": 0, "2015-09-30": 0, "2015-06-30": 0, "2015-03-31": "", "2014-12-31": 0, "2014-09-30": 0, "2014-06-30": 0, "2014-03-31": "", "2013-12-31": 0, "2013-09-30": 0, "2013-06-30": 0, "2013-03-31": "", "2012-12-31": 0, "2012-09-30": 0, "2012-06-30": 0, "2012-03-31": "", "2011-12-31": 0, "2011-09-30": 0, "2011-06-30": 0, "2011-03-31": "", "2010-12-31": 0, "2010-09-30": 0, "2010-06-30": 0, "2010-03-31": "", "2009-12-31": 0, "2009-09-30": 0, "2008-12-31": 0}, "Investing Activities - Other": {"2020-09-30": 0, "2020-06-30": 0, "2020-03-31": "", "2019-12-31": 0, "2019-09-30": 0, "2019-06-30": 0, "2019-03-31": "", "2018-12-31": 0, "2018-09-30": 0, "2018-06-30": 0, "2018-03-31": "", "2017-12-31": 0, "2017-09-30": 0, "2017-06-30": 0, "2017-03-31": "", "2016-12-31": 0, "2016-09-30": 0, "2016-06-30": 0, "2016-03-31": "", "2015-12-31": 0, "2015-09-30": 0, "2015-06-30": 0, "2015-03-31": "", "2014-12-31": 0, "2014-09-30": 0, "2014-06-30": 0, "2014-03-31": "", "2013-12-31": 0, "2013-09-30": 0, "2013-06-30": 0, "2013-03-31": "", "2012-12-31": 0, "2012-09-30": 0, "2012-06-30": 0, "2012-03-31": "", "2011-12-31": 0, "2011-09-30": 0, "2011-06-30": 0, "2011-03-31": "", "2010-12-31": 0, "2010-09-30": 0, "2010-06-30": 0, "2010-03-31": "", "2009-12-31": 0, "2009-09-30": 0, "2008-12-31": 0}, "Cash Flow From Investing Activities": {"2020-09-30": -88.761, "2020-06-30": -16.53, "2020-03-31": "-72.71600", "2019-12-31": -628.774, "2019-09-30": -47.576, "2019-06-30": -31.871, "2019-03-31": "-10.87300", "2018-12-31": -61.735, "2018-09-30": -107.793, "2018-06-30": -147.308, "2018-03-31": "-14.46000", "2017-12-31": -313.736, "2017-09-30": -235.756, "2017-06-30": -74.342, "2017-03-31": "-76.02800", "2016-12-31": -4.776, "2016-09-30": -25.614, "2016-06-30": -40.422, "2016-03-31": "-69.36900", "2015-12-31": -14.432, "2015-09-30": -7.536, "2015-06-30": -50.211, "2015-03-31": "-6.18200", "2014-12-31": -8.202, "2014-09-30": -9.879, "2014-06-30": -46.747, "2014-03-31": "-14.44100", "2013-12-31": -28.976, "2013-09-30": -8.943, "2013-06-30": -5.815, "2013-03-31": "-18.37400", "2012-12-31": -4.227, "2012-09-30": -13.94, "2012-06-30": -6.671, "2012-03-31": "-7.93800", "2011-12-31": -9.147, "2011-09-30": -72.926, "2011-06-30": -23.535, "2011-03-31": "-2.13800", "2010-12-31": -58.437, "2010-09-30": -6.648, "2010-06-30": -2.045, "2010-03-31": "-15.96500", "2009-12-31": -14.549, "2009-09-30": 22.199, "2008-12-31": -32.32}, "Net Long-Term Debt": {"2020-09-30": -4.581, "2020-06-30": 110.428, "2020-03-31": "-4.56100", "2019-12-31": 525.48, "2019-09-30": 2.319, "2019-06-30": -5.392, "2019-03-31": "-4.80200", "2018-12-31": -4.041, "2018-09-30": -4.042, "2018-06-30": -54.13, "2018-03-31": "-2.13000", "2017-12-31": 247.279, "2017-09-30": -0.862, "2017-06-30": 281.649, "2017-03-31": "-0.10100", "2016-12-31": -0.781, "2016-09-30": -0.905, "2016-06-30": -1.055, "2016-03-31": "84.53600", "2015-12-31": -4.145, "2015-09-30": -6.143, "2015-06-30": 34.857, "2015-03-31": "-5.14300", "2014-12-31": -18.714, "2014-09-30": 13.432, "2014-06-30": 24.859, "2014-03-31": "-0.13900", "2013-12-31": -0.137, "2013-09-30": -0.138, "2013-06-30": -0.137, "2013-03-31": "-10.13600", "2012-12-31": -15, "2012-09-30": -10, "2012-06-30": -10.004, "2012-03-31": "-5.37300", "2011-12-31": 42.272, "2011-09-30": -0.087, "2011-06-30": -0.085, "2011-03-31": "-0.26600", "2010-12-31": -2.338, "2010-09-30": -4.264, "2010-06-30": 5.375, "2010-03-31": "-0.31200", "2009-12-31": 15.05, "2009-09-30": -15.05, "2008-12-31": 0}, "Net Current Debt": {"2020-09-30": 0, "2020-06-30": 0, "2020-03-31": "", "2019-12-31": 0, "2019-09-30": 0, "2019-06-30": 0, "2019-03-31": "", "2018-12-31": 0, "2018-09-30": 0, "2018-06-30": 0, "2018-03-31": "", "2017-12-31": 0, "2017-09-30": 0, "2017-06-30": 0, "2017-03-31": "", "2016-12-31": 0, "2016-09-30": 0, "2016-06-30": 0, "2016-03-31": "", "2015-12-31": 0, "2015-09-30": 0, "2015-06-30": 0, "2015-03-31": "", "2014-12-31": 0, "2014-09-30": 0, "2014-06-30": 0, "2014-03-31": "", "2013-12-31": 0, "2013-09-30": 0, "2013-06-30": 0, "2013-03-31": "", "2012-12-31": 0, "2012-09-30": 0, "2012-06-30": 0, "2012-03-31": "", "2011-12-31": -50, "2011-09-30": -2.695, "2011-06-30": -2.696, "2011-03-31": "-2.69500", "2010-12-31": 27.305, "2010-09-30": -18.817, "2010-06-30": -2.252, "2010-03-31": "7.50700", "2009-12-31": -1.32, "2009-09-30": 6.4, "2008-12-31": 13.06}, "Debt Issuance/Retirement Net - Total": {"2020-09-30": -4.581, "2020-06-30": 110.428, "2020-03-31": "-4.56100", "2019-12-31": 525.48, "2019-09-30": 2.319, "2019-06-30": -5.392, "2019-03-31": "-4.80200", "2018-12-31": -4.041, "2018-09-30": -4.042, "2018-06-30": -54.13, "2018-03-31": "-2.13000", "2017-12-31": 247.279, "2017-09-30": -0.862, "2017-06-30": 281.649, "2017-03-31": "-0.10100", "2016-12-31": -0.781, "2016-09-30": -0.905, "2016-06-30": -1.055, "2016-03-31": "84.53600", "2015-12-31": -4.145, "2015-09-30": -6.143, "2015-06-30": 34.857, "2015-03-31": "-5.14300", "2014-12-31": -18.714, "2014-09-30": 13.432, "2014-06-30": 24.859, "2014-03-31": "-0.13900", "2013-12-31": -0.137, "2013-09-30": -0.138, "2013-06-30": -0.137, "2013-03-31": "-10.13600", "2012-12-31": -15, "2012-09-30": -10, "2012-06-30": -10.004, "2012-03-31": "-5.37300", "2011-12-31": -7.728, "2011-09-30": -2.782, "2011-06-30": -2.781, "2011-03-31": "-2.96100", "2010-12-31": 24.967, "2010-09-30": -23.081, "2010-06-30": 3.123, "2010-03-31": "7.19500", "2009-12-31": -20, "2009-09-30": 5.55, "2008-12-31": -1.14}, "Net Common Equity Issued/Repurchased": {"2020-09-30": -4.248, "2020-06-30": 295.103, "2020-03-31": "1.41300", "2019-12-31": -33.158, "2019-09-30": -4.278, "2019-06-30": -4.9, "2019-03-31": "-3.13900", "2018-12-31": -31.979, "2018-09-30": -5.153, "2018-06-30": 438.19, "2018-03-31": "-3.41200", "2017-12-31": -12.806, "2017-09-30": -1.718, "2017-06-30": 29.291, "2017-03-31": "4.35100", "2016-12-31": 10.11, "2016-09-30": 6.531, "2016-06-30": -0.497, "2016-03-31": "-14.91800", "2015-12-31": 3.745, "2015-09-30": -15.56, "2015-06-30": -8.603, "2015-03-31": "-9.01100", "2014-12-31": 3.653, "2014-09-30": -15.146, "2014-06-30": -0.09, "2014-03-31": "-0.71800", "2013-12-31": 2.057, "2013-09-30": 2.763, "2013-06-30": 0.337, "2013-03-31": "0.59100", "2012-12-31": 1.394, "2012-09-30": 6.107, "2012-06-30": 0.664, "2012-03-31": "0.71500", "2011-12-31": 2.003, "2011-09-30": 0.752, "2011-06-30": 4.106, "2011-03-31": "2.85800", "2010-12-31": 99.997, "2010-09-30": 58.119, "2010-06-30": 0.057, "2010-03-31": "0.15600", "2009-12-31": 0.166, "2009-09-30": -0.166, "2008-12-31": 0}, "Net Total Equity Issued/Repurchased": {"2020-09-30": -4.248, "2020-06-30": 295.103, "2020-03-31": "1.41300", "2019-12-31": -33.158, "2019-09-30": -4.278, "2019-06-30": -4.9, "2019-03-31": "-3.13900", "2018-12-31": -31.979, "2018-09-30": -5.153, "2018-06-30": 438.19, "2018-03-31": "-3.41200", "2017-12-31": -12.806, "2017-09-30": -1.718, "2017-06-30": 29.291, "2017-03-31": "4.35100", "2016-12-31": 10.11, "2016-09-30": 6.531, "2016-06-30": -0.497, "2016-03-31": "-14.91800", "2015-12-31": 3.745, "2015-09-30": -15.56, "2015-06-30": -8.603, "2015-03-31": "-9.01100", "2014-12-31": 3.653, "2014-09-30": -15.146, "2014-06-30": -0.09, "2014-03-31": "-0.71800", "2013-12-31": 2.057, "2013-09-30": 2.763, "2013-06-30": 0.337, "2013-03-31": "0.59100", "2012-12-31": 1.394, "2012-09-30": 6.107, "2012-06-30": 0.664, "2012-03-31": "0.71500", "2011-12-31": 2.003, "2011-09-30": 0.752, "2011-06-30": 4.106, "2011-03-31": "2.85800", "2010-12-31": 99.997, "2010-09-30": 58.119, "2010-06-30": 0.057, "2010-03-31": "0.15600", "2009-12-31": 0.216, "2009-09-30": -14.116, "2008-12-31": 13.95}, "Total Common And Preferred Stock Dividends Paid": {"2020-09-30": 0, "2020-06-30": 0, "2020-03-31": "", "2019-12-31": 0, "2019-09-30": 0, "2019-06-30": 0, "2019-03-31": "", "2018-12-31": 0, "2018-09-30": 0, "2018-06-30": 0, "2018-03-31": "", "2017-12-31": 0, "2017-09-30": 0, "2017-06-30": 0, "2017-03-31": "", "2016-12-31": 0, "2016-09-30": 0, "2016-06-30": 0, "2016-03-31": "", "2015-12-31": 0, "2015-09-30": 0, "2015-06-30": 0, "2015-03-31": "", "2014-12-31": 0, "2014-09-30": 0, "2014-06-30": 0, "2014-03-31": "", "2013-12-31": 0, "2013-09-30": 0, "2013-06-30": 0, "2013-03-31": "", "2012-12-31": 0, "2012-09-30": 0, "2012-06-30": 0, "2012-03-31": "", "2011-12-31": 0, "2011-09-30": 0, "2011-06-30": 0, "2011-03-31": "", "2010-12-31": 0, "2010-09-30": -0.666, "2010-06-30": 0, "2010-03-31": "", "2009-12-31": -2.51, "2009-09-30": 0, "2008-12-31": 0}, "Financial Activities - Other": {"2020-09-30": -10.595, "2020-06-30": -9.894, "2020-03-31": "-0.07100", "2019-12-31": 17.53, "2019-09-30": -9.402, "2019-06-30": -8.835, "2019-03-31": "-11.41200", "2018-12-31": 0.027, "2018-09-30": -20.735, "2018-06-30": -6.647, "2018-03-31": "-1.86300", "2017-12-31": 8.365, "2017-09-30": -1.159, "2017-06-30": -10.191, "2017-03-31": "-7.74900", "2016-12-31": 5.19, "2016-09-30": -2.14, "2016-06-30": -0.402, "2016-03-31": "-2.72600", "2015-12-31": -0.251, "2015-09-30": -1.206, "2015-06-30": -0.732, "2015-03-31": "-1.14700", "2014-12-31": -0.36, "2014-09-30": -4.251, "2014-06-30": -0.028, "2014-03-31": "-0.72000", "2013-12-31": -0.004, "2013-09-30": -1.059, "2013-06-30": -0.179, "2013-03-31": "-0.30700", "2012-12-31": -1.789, "2012-09-30": -0.738, "2012-06-30": -9.03, "2012-03-31": "", "2011-12-31": -0.868, "2011-09-30": 0, "2011-06-30": 0, "2011-03-31": "-0.77500", "2010-12-31": -0.863, "2010-09-30": 0, "2010-06-30": 0, "2010-03-31": "", "2009-12-31": 0, "2009-09-30": 0, "2008-12-31": 0}, "Cash Flow From Financial Activities": {"2020-09-30": -19.424, "2020-06-30": 395.637, "2020-03-31": "-3.21900", "2019-12-31": 509.852, "2019-09-30": -11.361, "2019-06-30": -19.127, "2019-03-31": "-19.35300", "2018-12-31": -35.993, "2018-09-30": -29.93, "2018-06-30": 377.413, "2018-03-31": "-7.40500", "2017-12-31": 242.838, "2017-09-30": -3.739, "2017-06-30": 300.749, "2017-03-31": "-3.49900", "2016-12-31": 14.519, "2016-09-30": 3.486, "2016-06-30": -1.954, "2016-03-31": "66.89200", "2015-12-31": -0.651, "2015-09-30": -22.909, "2015-06-30": 25.522, "2015-03-31": "-15.30100", "2014-12-31": -15.421, "2014-09-30": -5.965, "2014-06-30": 24.741, "2014-03-31": "-1.57700", "2013-12-31": 1.916, "2013-09-30": 1.566, "2013-06-30": 0.021, "2013-03-31": "-9.85200", "2012-12-31": -15.395, "2012-09-30": -4.631, "2012-06-30": -18.37, "2012-03-31": "-4.65800", "2011-12-31": -6.593, "2011-09-30": -2.03, "2011-06-30": 1.325, "2011-03-31": "-0.87800", "2010-12-31": 124.101, "2010-09-30": 34.372, "2010-06-30": 3.18, "2010-03-31": "7.35100", "2009-12-31": -4.154, "2009-09-30": -21.626, "2008-12-31": 25.87}, "Net Cash Flow": {"2020-09-30": -57.484, "2020-06-30": 475.334, "2020-03-31": "-14.85800", "2019-12-31": 11.458, "2019-09-30": 54.089, "2019-06-30": 18.505, "2019-03-31": "-26.33300", "2018-12-31": 11.967, "2018-09-30": -104.901, "2018-06-30": 261.568, "2018-03-31": "48.77900", "2017-12-31": -36.549, "2017-09-30": -229.176, "2017-06-30": 275.124, "2017-03-31": "-32.59400", "2016-12-31": 33.989, "2016-09-30": 22.402, "2016-06-30": -10.811, "2016-03-31": "26.58800", "2015-12-31": 12.345, "2015-09-30": -10.756, "2015-06-30": 1.535, "2015-03-31": "0.85100", "2014-12-31": -3.734, "2014-09-30": -8.547, "2014-06-30": -2.879, "2014-03-31": "7.59400", "2013-12-31": -9.478, "2013-09-30": 9.661, "2013-06-30": 11.558, "2013-03-31": "-11.04300", "2012-12-31": -2.416, "2012-09-30": -9.617, "2012-06-30": -3.738, "2012-03-31": "-1.69800", "2011-12-31": 3.782, "2011-09-30": -64.494, "2011-06-30": -12.258, "2011-03-31": "6.23300", "2010-12-31": 78.616, "2010-09-30": 34.262, "2010-06-30": 2.094, "2010-03-31": "-1.38900", "2009-12-31": -11.494, "2009-09-30": 10.154, "2008-12-31": 1.51}, "Stock-Based Compensation": {"2020-09-30": 15.817, "2020-06-30": 12.331, "2020-03-31": "16.20100", "2019-12-31": 15.287, "2019-09-30": 16.498, "2019-06-30": 15.865, "2019-03-31": "14.91300", "2018-12-31": 13.149, "2018-09-30": 13.479, "2018-06-30": 13.695, "2018-03-31": "10.31800", "2017-12-31": 10.103, "2017-09-30": 11.764, "2017-06-30": 13.876, "2017-03-31": "10.09200", "2016-12-31": 9.469, "2016-09-30": 8.255, "2016-06-30": 10.737, "2016-03-31": "8.39100", "2015-12-31": 7.456, "2015-09-30": 8.669, "2015-06-30": 11.25, "2015-03-31": "10.74700", "2014-12-31": 8.256, "2014-09-30": 9.536, "2014-06-30": 10.033, "2014-03-31": "9.22500", "2013-12-31": 8.655, "2013-09-30": 7.736, "2013-06-30": 6.061, "2013-03-31": "7.24500", "2012-12-31": 3.861, "2012-09-30": 6.013, "2012-06-30": 4.316, "2012-03-31": "3.98800", "2011-12-31": 6.388, "2011-09-30": 6.408, "2011-06-30": 4.969, "2011-03-31": "4.85300", "2010-12-31": 3.595, "2010-09-30": 1.359, "2010-06-30": 1.292, "2010-03-31": "1.09400", "2009-12-31": -1.904, "2009-09-30": 1.904, "2008-12-31": 0}, "Common Stock Dividends Paid": {"2020-09-30": 0, "2020-06-30": 0, "2020-03-31": "", "2019-12-31": 0, "2019-09-30": 0, "2019-06-30": 0, "2019-03-31": "", "2018-12-31": 0, "2018-09-30": 0, "2018-06-30": 0, "2018-03-31": "", "2017-12-31": 0, "2017-09-30": 0, "2017-06-30": 0, "2017-03-31": "", "2016-12-31": 0, "2016-09-30": 0, "2016-06-30": 0, "2016-03-31": "", "2015-12-31": 0, "2015-09-30": 0, "2015-06-30": 0, "2015-03-31": "", "2014-12-31": 0, "2014-09-30": 0, "2014-06-30": 0, "2014-03-31": "", "2013-12-31": 0, "2013-09-30": 0, "2013-06-30": 0, "2013-03-31": "", "2012-12-31": 0, "2012-09-30": 0, "2012-06-30": 0, "2012-03-31": "", "2011-12-31": 0, "2011-09-30": 0, "2011-06-30": 0, "2011-03-31": "", "2010-12-31": 0, "2010-09-30": 0, "2010-06-30": 0, "2010-03-31": "", "2009-12-31": 0, "2009-09-30": 0, "2008-12-31": 0}}, "financial ratios": {"Current Ratio": {"2019-12-31": "1.20970", "2018-12-31": "1.31180", "2017-12-31": "0.92690", "2016-12-31": "1.18730", "2015-12-31": "1.03060", "2014-12-31": "0.94970", "2013-12-31": "1.06190", "2012-12-31": "1.02100", "2011-12-31": "1.09080", "2010-12-31": "1.81460", "2009-12-31": "0.65350", "2008-12-31": "0.62010", "2007-12-31": ""}, "Long-term Debt / Capital": {"2019-12-31": "0.48630", "2018-12-31": "0.35320", "2017-12-31": "0.55830", "2016-12-31": "0.23270", "2015-12-31": "0.10920", "2014-12-31": "0.05730", "2013-12-31": "", "2012-12-31": "0.03770", "2011-12-31": "0.18420", "2010-12-31": "0.24250", "2009-12-31": "0.89030", "2008-12-31": "3.67050", "2007-12-31": ""}, "Debt/Equity Ratio": {"2019-12-31": "0.96280", "2018-12-31": "0.56120", "2017-12-31": "1.29230", "2016-12-31": "0.31740", "2015-12-31": "0.12250", "2014-12-31": "0.06080", "2013-12-31": "", "2012-12-31": "0.03920", "2011-12-31": "0.22570", "2010-12-31": "0.38260", "2009-12-31": "9.68280", "2008-12-31": "-1.60230", "2007-12-31": ""}, "Gross Margin": {"2019-12-31": "56.87100", "2018-12-31": "58.11530", "2017-12-31": "58.22450", "2016-12-31": "57.19130", "2015-12-31": "57.60840", "2014-12-31": "56.77410", "2013-12-31": "60.65990", "2012-12-31": "60.09520", "2011-12-31": "58.07610", "2010-12-31": "58.01650", "2009-12-31": "58.47260", "2008-12-31": "59.08430", "2007-12-31": "57.28340"}, "Operating Margin": {"2019-12-31": "9.35300", "2018-12-31": "7.59650", "2017-12-31": "4.47270", "2016-12-31": "5.49950", "2015-12-31": "-2.47910", "2014-12-31": "-3.83220", "2013-12-31": "5.71820", "2012-12-31": "3.55340", "2011-12-31": "0.70160", "2010-12-31": "3.33930", "2009-12-31": "4.91760", "2008-12-31": "-0.31450", "2007-12-31": "-1.95380"}, "EBIT Margin": {"2019-12-31": "9.35300", "2018-12-31": "7.59650", "2017-12-31": "4.47270", "2016-12-31": "5.49950", "2015-12-31": "-2.47910", "2014-12-31": "-3.83220", "2013-12-31": "5.71820", "2012-12-31": "3.55340", "2011-12-31": "0.70160", "2010-12-31": "3.33930", "2009-12-31": "4.91760", "2008-12-31": "-0.31450", "2007-12-31": "-1.95380"}, "EBITDA Margin": {"2019-12-31": "23.52970", "2018-12-31": "20.55250", "2017-12-31": "15.56750", "2016-12-31": "15.22910", "2015-12-31": "11.81340", "2014-12-31": "6.37820", "2013-12-31": "14.13820", "2012-12-31": "13.63150", "2011-12-31": "11.99980", "2010-12-31": "14.46990", "2009-12-31": "15.39940", "2008-12-31": "9.45470", "2007-12-31": "6.57330"}, "Pre-Tax Profit Margin": {"2019-12-31": "6.12850", "2018-12-31": "3.94490", "2017-12-31": "2.27150", "2016-12-31": "4.83800", "2015-12-31": "-2.78840", "2014-12-31": "-4.10500", "2013-12-31": "5.43260", "2012-12-31": "2.91830", "2011-12-31": "-0.55860", "2010-12-31": "0.41750", "2009-12-31": "1.70400", "2008-12-31": "-2.22620", "2007-12-31": "-3.76040"}, "Net Profit Margin": {"2019-12-31": "5.89070", "2018-12-31": "3.99380", "2017-12-31": "0.05620", "2016-12-31": "2.93070", "2015-12-31": "-1.96750", "2014-12-31": "-2.53960", "2013-12-31": "5.48830", "2012-12-31": "1.60880", "2011-12-31": "-0.47720", "2010-12-31": "-1.52810", "2009-12-31": "7.53080", "2008-12-31": "-9.46810", "2007-12-31": "-10.93910"}, "Asset Turnover": {"2019-12-31": "0.33270", "2018-12-31": "0.41450", "2017-12-31": "0.44250", "2016-12-31": "0.72090", "2015-12-31": "0.75180", "2014-12-31": "0.71440", "2013-12-31": "0.74920", "2012-12-31": "0.80100", "2011-12-31": "0.64480", "2010-12-31": "0.54920", "2009-12-31": "0.99150", "2008-12-31": "1.09990", "2007-12-31": ""}, "Inventory Turnover Ratio": {"2019-12-31": "", "2018-12-31": "", "2017-12-31": "", "2016-12-31": "", "2015-12-31": "", "2014-12-31": "", "2013-12-31": "", "2012-12-31": "", "2011-12-31": "", "2010-12-31": "", "2009-12-31": "", "2008-12-31": "", "2007-12-31": ""}, "Receiveable Turnover": {"2019-12-31": "6.90390", "2018-12-31": "7.03490", "2017-12-31": "5.38900", "2016-12-31": "6.15080", "2015-12-31": "6.31500", "2014-12-31": "6.23870", "2013-12-31": "5.65800", "2012-12-31": "6.20310", "2011-12-31": "5.87880", "2010-12-31": "6.36560", "2009-12-31": "5.45270", "2008-12-31": "4.09950", "2007-12-31": ""}, "Days Sales In Receivables": {"2019-12-31": "52.86860", "2018-12-31": "51.88450", "2017-12-31": "67.73000", "2016-12-31": "59.34220", "2015-12-31": "57.79920", "2014-12-31": "58.50540", "2013-12-31": "64.51020", "2012-12-31": "58.84130", "2011-12-31": "62.08760", "2010-12-31": "57.33990", "2009-12-31": "66.93990", "2008-12-31": "89.03540", "2007-12-31": ""}, "ROE - Return On Equity": {"2019-12-31": "4.96260", "2018-12-31": "3.26660", "2017-12-31": "0.07510", "2016-12-31": "4.32730", "2015-12-31": "-2.82370", "2014-12-31": "-3.12490", "2013-12-31": "6.57920", "2012-12-31": "2.03200", "2011-12-31": "-0.55230", "2010-12-31": "0.03880", "2009-12-31": "-42.76580", "2008-12-31": "3.24280", "2007-12-31": ""}, "Return On Tangible Equity": {"2019-12-31": "-7.17010", "2018-12-31": "-12.51470", "2017-12-31": "-0.07520", "2016-12-31": "33.40090", "2015-12-31": "-36.76170", "2014-12-31": "-29.09080", "2013-12-31": "38.84580", "2012-12-31": "31.59210", "2011-12-31": "6.57620", "2010-12-31": "0.15110", "2009-12-31": "-63.31490", "2008-12-31": "5.32560", "2007-12-31": ""}, "ROA - Return On Assets": {"2019-12-31": "1.96000", "2018-12-31": "1.65530", "2017-12-31": "0.02490", "2016-12-31": "2.11270", "2015-12-31": "-1.47910", "2014-12-31": "-1.81430", "2013-12-31": "4.11200", "2012-12-31": "1.28870", "2011-12-31": "-0.30770", "2010-12-31": "0.01950", "2009-12-31": "20.00450", "2008-12-31": "-3.13560", "2007-12-31": ""}, "ROI - Return On Investment": {"2019-12-31": "2.54920", "2018-12-31": "2.11290", "2017-12-31": "0.03320", "2016-12-31": "3.32060", "2015-12-31": "-2.51550", "2014-12-31": "-2.94570", "2013-12-31": "6.57920", "2012-12-31": "1.95530", "2011-12-31": "-0.45060", "2010-12-31": "0.02940", "2009-12-31": "58.25020", "2008-12-31": "-31.41150", "2007-12-31": ""}, "Book Value Per Share": {"2019-12-31": "12.21910", "2018-12-31": "11.35100", "2017-12-31": "6.03360", "2016-12-31": "4.74510", "2015-12-31": "4.14310", "2014-12-31": "4.15980", "2013-12-31": "4.00980", "2012-12-31": "3.36390", "2011-12-31": "3.06570", "2010-12-31": "2.51980", "2009-12-31": "0.20240", "2008-12-31": "-0.57550", "2007-12-31": ""}, "Operating Cash Flow Per Share": {"2019-12-31": 0.6175, "2018-12-31": 0.9723, "2017-12-31": 0.0393, "2016-12-31": 0.411, "2015-12-31": 0.3432, "2014-12-31": 0.0004, "2013-12-31": 0.1191, "2012-12-31": 0.0705, "2011-12-31": 0.022, "2010-12-31": -0.2737, "2009-12-31": 0.3971, "2008-12-31": 0.3562, "2007-12-31": 0.2172}, "Free Cash Flow Per Share": {"2019-12-31": 0.6391, "2018-12-31": 1.0196, "2017-12-31": 0.3443, "2016-12-31": -0.0664, "2015-12-31": 0.3931, "2014-12-31": -0.0484, "2013-12-31": -0.0597, "2012-12-31": 0.0526, "2011-12-31": 0.0926, "2010-12-31": -0.2073, "2009-12-31": 0.7634, "2008-12-31": -0.0346, "2007-12-31": -0.1311}}, "financial ratios, quarterly": {"Current Ratio": {"2020-09-30": "1.21130", "2020-06-30": "1.24560", "2020-03-31": "1.15470", "2019-12-31": "1.20970", "2019-09-30": "0.84810", "2019-06-30": "0.81350", "2019-03-31": "0.78500", "2018-12-31": "1.31180", "2018-09-30": "0.83120", "2018-06-30": "0.96390", "2018-03-31": "0.99020", "2017-12-31": "0.92690", "2017-09-30": "1.06030", "2017-06-30": "1.86730", "2017-03-31": "0.97310", "2016-12-31": "1.18730", "2016-09-30": "1.08630", "2016-06-30": "1.01520", "2016-03-31": "1.07050", "2015-12-31": "1.03060", "2015-09-30": "0.95690", "2015-06-30": "0.95390", "2015-03-31": "0.98780", "2014-12-31": "0.94970", "2014-09-30": "0.97460", "2014-06-30": "0.99180", "2014-03-31": "1.07560", "2013-12-31": "1.06190", "2013-09-30": "1.17590", "2013-06-30": "1.03240", "2013-03-31": "0.94020", "2012-12-31": "1.02100", "2012-09-30": "1.01590", "2012-06-30": "1.02780", "2012-03-31": "1.09120", "2011-12-31": "1.09080", "2011-09-30": "0.99460", "2011-06-30": "1.58220", "2011-03-31": "1.90460", "2010-12-31": "1.81460", "2010-09-30": "1.06340", "2010-06-30": "", "2010-03-31": "", "2009-12-31": "", "2009-09-30": "", "2008-12-31": ""}, "Long-term Debt / Capital": {"2020-09-30": "0.34560", "2020-06-30": "0.35100", "2020-03-31": "0.48160", "2019-12-31": "0.48630", "2019-09-30": "0.20210", "2019-06-30": "0.19750", "2019-03-31": "0.20720", "2018-12-31": "0.35320", "2018-09-30": "0.21320", "2018-06-30": "0.22130", "2018-03-31": "0.54820", "2017-12-31": "0.55830", "2017-09-30": "0.43210", "2017-06-30": "0.43960", "2017-03-31": "0.20690", "2016-12-31": "0.23270", "2016-09-30": "0.25050", "2016-06-30": "0.26350", "2016-03-31": "0.27290", "2015-12-31": "0.10920", "2015-09-30": "0.12360", "2015-06-30": "0.13250", "2015-03-31": "0.04360", "2014-12-31": "0.05730", "2014-09-30": "0.10920", "2014-06-30": "0.07130", "2014-03-31": "", "2013-12-31": "", "2013-09-30": "", "2013-06-30": "", "2013-03-31": "", "2012-12-31": "0.03770", "2012-09-30": "0.09190", "2012-06-30": "0.13110", "2012-03-31": "0.16410", "2011-12-31": "0.18420", "2011-09-30": "0.18110", "2011-06-30": "0.20870", "2011-03-31": "0.22640", "2010-12-31": "0.24250", "2010-09-30": "0.33060", "2010-06-30": "", "2010-03-31": "", "2009-12-31": "", "2009-09-30": "", "2008-12-31": ""}, "Debt/Equity Ratio": {"2020-09-30": "0.74530", "2020-06-30": "0.75750", "2020-03-31": "0.94790", "2019-12-31": "0.96280", "2019-09-30": "0.52260", "2019-06-30": "0.53090", "2019-03-31": "0.54880", "2018-12-31": "0.56120", "2018-09-30": "0.55540", "2018-06-30": "0.57580", "2018-03-31": "1.24420", "2017-12-31": "1.29230", "2017-09-30": "0.76970", "2017-06-30": "0.79200", "2017-03-31": "0.26780", "2016-12-31": "0.31740", "2016-09-30": "0.34750", "2016-06-30": "0.36950", "2016-03-31": "0.38490", "2015-12-31": "0.12250", "2015-09-30": "0.14110", "2015-06-30": "0.15270", "2015-03-31": "0.04560", "2014-12-31": "0.06080", "2014-09-30": "0.12260", "2014-06-30": "0.07670", "2014-03-31": "", "2013-12-31": "", "2013-09-30": "", "2013-06-30": "", "2013-03-31": "", "2012-12-31": "0.03920", "2012-09-30": "0.10120", "2012-06-30": "0.15090", "2012-03-31": "0.19620", "2011-12-31": "0.22570", "2011-09-30": "0.27160", "2011-06-30": "0.32080", "2011-03-31": "0.35260", "2010-12-31": "0.38260", "2010-09-30": "0.58380", "2010-06-30": "", "2010-03-31": "", "2009-12-31": "", "2009-09-30": "", "2008-12-31": ""}, "Gross Margin": {"2020-09-30": "57.82880", "2020-06-30": "56.14810", "2020-03-31": "55.65810", "2019-12-31": "56.13290", "2019-09-30": "57.25030", "2019-06-30": "56.69340", "2019-03-31": "57.44540", "2018-12-31": "57.04710", "2018-09-30": "57.99750", "2018-06-30": "57.88760", "2018-03-31": "59.69620", "2017-12-31": "58.21560", "2017-09-30": "57.83050", "2017-06-30": "58.12680", "2017-03-31": "58.77430", "2016-12-31": "58.22730", "2016-09-30": "56.66860", "2016-06-30": "56.50330", "2016-03-31": "57.35570", "2015-12-31": "58.24320", "2015-09-30": "57.44650", "2015-06-30": "57.74470", "2015-03-31": "56.94580", "2014-12-31": "55.46980", "2014-09-30": "55.69850", "2014-06-30": "55.66280", "2014-03-31": "60.29650", "2013-12-31": "60.73450", "2013-09-30": "61.13940", "2013-06-30": "60.46630", "2013-03-31": "60.25670", "2012-12-31": "61.26640", "2012-09-30": "60.47890", "2012-06-30": "59.57970", "2012-03-31": "58.86290", "2011-12-31": "57.72200", "2011-09-30": "59.22700", "2011-06-30": "58.12450", "2011-03-31": "57.10890", "2010-12-31": "58.47310", "2010-09-30": "57.93500", "2010-06-30": "58.63780", "2010-03-31": "56.84180", "2009-12-31": "", "2009-09-30": "57.36520", "2008-12-31": ""}, "Operating Margin": {"2020-09-30": "11.29370", "2020-06-30": "9.05440", "2020-03-31": "5.72480", "2019-12-31": "9.26810", "2019-09-30": "9.65470", "2019-06-30": "9.13220", "2019-03-31": "9.34630", "2018-12-31": "5.46320", "2018-09-30": "8.25590", "2018-06-30": "7.77240", "2018-03-31": "9.07600", "2017-12-31": "5.22860", "2017-09-30": "2.50680", "2017-06-30": "3.63720", "2017-03-31": "6.59960", "2016-12-31": "7.98940", "2016-09-30": "5.95720", "2016-06-30": "3.29460", "2016-03-31": "4.53170", "2015-12-31": "6.22430", "2015-09-30": "-11.02580", "2015-06-30": "-2.38670", "2015-03-31": "-2.75640", "2014-12-31": "-1.69060", "2014-09-30": "-4.49130", "2014-06-30": "-8.33470", "2014-03-31": "-1.11870", "2013-12-31": "4.96230", "2013-09-30": "6.12620", "2013-06-30": "9.14870", "2013-03-31": "2.43870", "2012-12-31": "8.93910", "2012-09-30": "4.48230", "2012-06-30": "-4.22380", "2012-03-31": "4.54470", "2011-12-31": "1.84840", "2011-09-30": "-1.01690", "2011-06-30": "1.95340", "2011-03-31": "-0.03650", "2010-12-31": "2.07370", "2010-09-30": "4.79100", "2010-06-30": "3.84300", "2010-03-31": "2.76230", "2009-12-31": "", "2009-09-30": "5.22520", "2008-12-31": ""}, "EBIT Margin": {"2020-09-30": "11.29370", "2020-06-30": "9.05440", "2020-03-31": "5.72480", "2019-12-31": "9.26810", "2019-09-30": "9.65470", "2019-06-30": "9.13220", "2019-03-31": "9.34630", "2018-12-31": "5.46320", "2018-09-30": "8.25590", "2018-06-30": "7.77240", "2018-03-31": "9.07600", "2017-12-31": "5.22860", "2017-09-30": "2.50680", "2017-06-30": "3.63720", "2017-03-31": "6.59960", "2016-12-31": "7.98950", "2016-09-30": "5.95720", "2016-06-30": "3.29460", "2016-03-31": "4.53170", "2015-12-31": "6.22430", "2015-09-30": "-11.02580", "2015-06-30": "-2.38670", "2015-03-31": "-2.75640", "2014-12-31": "-1.69060", "2014-09-30": "-4.49130", "2014-06-30": "-8.33470", "2014-03-31": "-1.11870", "2013-12-31": "4.96240", "2013-09-30": "6.12620", "2013-06-30": "9.14870", "2013-03-31": "2.43870", "2012-12-31": "8.93910", "2012-09-30": "4.48230", "2012-06-30": "-4.22380", "2012-03-31": "4.54470", "2011-12-31": "1.84840", "2011-09-30": "-1.01690", "2011-06-30": "1.95340", "2011-03-31": "-0.03650", "2010-12-31": "2.07370", "2010-09-30": "4.79100", "2010-06-30": "3.84300", "2010-03-31": "2.76230", "2009-12-31": "", "2009-09-30": "5.22520", "2008-12-31": ""}, "EBITDA Margin": {"2020-09-30": "", "2020-06-30": "", "2020-03-31": "", "2019-12-31": "", "2019-09-30": "", "2019-06-30": "", "2019-03-31": "", "2018-12-31": "", "2018-09-30": "", "2018-06-30": "", "2018-03-31": "", "2017-12-31": "", "2017-09-30": "", "2017-06-30": "", "2017-03-31": "", "2016-12-31": "", "2016-09-30": "", "2016-06-30": "", "2016-03-31": "", "2015-12-31": "", "2015-09-30": "", "2015-06-30": "", "2015-03-31": "", "2014-12-31": "", "2014-09-30": "", "2014-06-30": "", "2014-03-31": "", "2013-12-31": "", "2013-09-30": "", "2013-06-30": "", "2013-03-31": "", "2012-12-31": "", "2012-09-30": "", "2012-06-30": "", "2012-03-31": "", "2011-12-31": "", "2011-09-30": "", "2011-06-30": "", "2011-03-31": "", "2010-12-31": "", "2010-09-30": "", "2010-06-30": "", "2010-03-31": "", "2009-12-31": "", "2009-09-30": "", "2008-12-31": ""}, "Pre-Tax Profit Margin": {"2020-09-30": "6.83110", "2020-06-30": "4.61050", "2020-03-31": "1.12190", "2019-12-31": "5.70050", "2019-09-30": "6.22060", "2019-06-30": "5.83980", "2019-03-31": "6.79410", "2018-12-31": "2.49100", "2018-09-30": "4.33690", "2018-06-30": "3.83350", "2018-03-31": "5.26570", "2017-12-31": "1.91440", "2017-09-30": "-0.25970", "2017-06-30": "1.91000", "2017-03-31": "5.88940", "2016-12-31": "7.37770", "2016-09-30": "5.23810", "2016-06-30": "2.54210", "2016-03-31": "3.98030", "2015-12-31": "5.89480", "2015-09-30": "-11.34730", "2015-06-30": "-2.72650", "2015-03-31": "-2.99810", "2014-12-31": "-2.00930", "2014-09-30": "-4.82130", "2014-06-30": "-8.54950", "2014-03-31": "-1.33950", "2013-12-31": "4.79900", "2013-09-30": "5.88550", "2013-06-30": "8.51760", "2013-03-31": "2.33870", "2012-12-31": "8.44220", "2012-09-30": "3.99330", "2012-06-30": "-4.95610", "2012-03-31": "3.69000", "2011-12-31": "0.90810", "2011-09-30": "-2.02790", "2011-06-30": "0.76580", "2011-03-31": "-2.06260", "2010-12-31": "0.68260", "2010-09-30": "0.99730", "2010-06-30": "0.57800", "2010-03-31": "-0.77580", "2009-12-31": "", "2009-09-30": "2.07550", "2008-12-31": ""}, "Net Profit Margin": {"2020-09-30": "5.48080", "2020-06-30": "3.95680", "2020-03-31": "2.02590", "2019-12-31": "7.91660", "2019-09-30": "4.58620", "2019-06-30": "6.17690", "2019-03-31": "4.81080", "2018-12-31": "2.76330", "2018-09-30": "4.03330", "2018-06-30": "3.92090", "2018-03-31": "5.41530", "2017-12-31": "-11.11730", "2017-09-30": "4.04240", "2017-06-30": "3.85170", "2017-03-31": "5.35900", "2016-12-31": "4.93790", "2016-09-30": "2.84550", "2016-06-30": "1.45950", "2016-03-31": "2.33360", "2015-12-31": "3.20460", "2015-09-30": "-6.73750", "2015-06-30": "-2.89120", "2015-03-31": "-1.45560", "2014-12-31": "0.10530", "2014-09-30": "-3.11570", "2014-06-30": "-6.62290", "2014-03-31": "-0.83130", "2013-12-31": "2.28020", "2013-09-30": "13.13950", "2013-06-30": "4.88080", "2013-03-31": "1.14410", "2012-12-31": "4.34180", "2012-09-30": "2.53850", "2012-06-30": "-3.01050", "2012-03-31": "2.31130", "2011-12-31": "0.33880", "2011-09-30": "-1.63480", "2011-06-30": "0.45750", "2011-03-31": "-1.12600", "2010-12-31": "-0.72140", "2010-09-30": "-0.68090", "2010-06-30": "-1.80100", "2010-03-31": "-3.26990", "2009-12-31": "", "2009-09-30": "-2.00540", "2008-12-31": ""}, "Asset Turnover": {"2020-09-30": "0.08620", "2020-06-30": "0.08300", "2020-03-31": "0.09250", "2019-12-31": "0.08580", "2019-09-30": "0.11130", "2019-06-30": "0.11140", "2019-03-31": "0.10930", "2018-12-31": "0.10820", "2018-09-30": "0.11030", "2018-06-30": "0.10680", "2018-03-31": "0.13070", "2017-12-31": "0.12380", "2017-09-30": "0.13430", "2017-06-30": "0.13210", "2017-03-31": "0.17440", "2016-12-31": "0.18920", "2016-09-30": "0.19560", "2016-06-30": "0.19560", "2016-03-31": "0.17760", "2015-12-31": "0.19530", "2015-09-30": "0.20420", "2015-06-30": "0.18320", "2015-03-31": "0.18890", "2014-12-31": "0.18450", "2014-09-30": "0.18420", "2014-06-30": "0.17720", "2014-03-31": "0.20160", "2013-12-31": "0.18980", "2013-09-30": "0.21470", "2013-06-30": "0.22390", "2013-03-31": "0.21890", "2012-12-31": "0.21310", "2012-09-30": "0.21080", "2012-06-30": "0.19610", "2012-03-31": "0.18500", "2011-12-31": "0.17780", "2011-09-30": "0.17210", "2011-06-30": "0.17070", "2011-03-31": "0.16640", "2010-12-31": "0.15770", "2010-09-30": "0.24290", "2010-06-30": "", "2010-03-31": "", "2009-12-31": "", "2009-09-30": "", "2008-12-31": ""}, "Inventory Turnover Ratio": {"2020-09-30": "", "2020-06-30": "", "2020-03-31": "", "2019-12-31": "", "2019-09-30": "", "2019-06-30": "", "2019-03-31": "", "2018-12-31": "", "2018-09-30": "", "2018-06-30": "", "2018-03-31": "", "2017-12-31": "", "2017-09-30": "", "2017-06-30": "", "2017-03-31": "", "2016-12-31": "", "2016-09-30": "", "2016-06-30": "", "2016-03-31": "", "2015-12-31": "", "2015-09-30": "", "2015-06-30": "", "2015-03-31": "", "2014-12-31": "", "2014-09-30": "", "2014-06-30": "", "2014-03-31": "", "2013-12-31": "", "2013-09-30": "", "2013-06-30": "", "2013-03-31": "", "2012-12-31": "", "2012-09-30": "", "2012-06-30": "", "2012-03-31": "", "2011-12-31": "", "2011-09-30": "", "2011-06-30": "", "2011-03-31": "", "2010-12-31": "", "2010-09-30": "", "2010-06-30": "", "2010-03-31": "", "2009-12-31": "", "2009-09-30": "", "2008-12-31": ""}, "Receiveable Turnover": {"2020-09-30": "2.29140", "2020-06-30": "2.20250", "2020-03-31": "2.10220", "2019-12-31": "1.78000", "2019-09-30": "1.94230", "2019-06-30": "1.90400", "2019-03-31": "1.87340", "2018-12-31": "1.83640", "2018-09-30": "1.96570", "2018-06-30": "1.92250", "2018-03-31": "1.99300", "2017-12-31": "1.50740", "2017-09-30": "1.67110", "2017-06-30": "1.79770", "2017-03-31": "1.73670", "2016-12-31": "1.61390", "2016-09-30": "1.77310", "2016-06-30": "1.77930", "2016-03-31": "1.68560", "2015-12-31": "1.64030", "2015-09-30": "1.77600", "2015-06-30": "1.75270", "2015-03-31": "1.81680", "2014-12-31": "1.61100", "2014-09-30": "1.64030", "2014-06-30": "1.58370", "2014-03-31": "1.60670", "2013-12-31": "1.43350", "2013-09-30": "1.67840", "2013-06-30": "1.60280", "2013-03-31": "1.62810", "2012-12-31": "1.65050", "2012-09-30": "1.83540", "2012-06-30": "1.80100", "2012-03-31": "1.74490", "2011-12-31": "1.62120", "2011-09-30": "1.84150", "2011-06-30": "1.83370", "2011-03-31": "1.94750", "2010-12-31": "1.82770", "2010-09-30": "1.92510", "2010-06-30": "", "2010-03-31": "", "2009-12-31": "", "2009-09-30": "", "2008-12-31": ""}, "Days Sales In Receivables": {"2020-09-30": "39.27770", "2020-06-30": "40.86300", "2020-03-31": "42.81290", "2019-12-31": "50.56160", "2019-09-30": "46.33690", "2019-06-30": "47.26960", "2019-03-31": "48.04030", "2018-12-31": "49.00840", "2018-09-30": "45.78600", "2018-06-30": "46.81370", "2018-03-31": "45.15850", "2017-12-31": "59.70510", "2017-09-30": "53.85580", "2017-06-30": "50.06280", "2017-03-31": "51.82270", "2016-12-31": "55.76560", "2016-09-30": "50.75840", "2016-06-30": "50.58060", "2016-03-31": "53.39310", "2015-12-31": "54.86670", "2015-09-30": "50.67440", "2015-06-30": "51.34990", "2015-03-31": "49.53790", "2014-12-31": "55.86660", "2014-09-30": "54.86900", "2014-06-30": "56.82940", "2014-03-31": "56.01380", "2013-12-31": "62.78490", "2013-09-30": "53.62140", "2013-06-30": "56.15200", "2013-03-31": "55.27790", "2012-12-31": "54.52770", "2012-09-30": "49.03460", "2012-06-30": "49.97340", "2012-03-31": "51.57850", "2011-12-31": "55.51610", "2011-09-30": "48.87310", "2011-06-30": "49.08060", "2011-03-31": "46.21360", "2010-12-31": "49.24120", "2010-09-30": "46.75020", "2010-06-30": "", "2010-03-31": "", "2009-12-31": "", "2009-09-30": "", "2008-12-31": ""}, "ROE - Return On Equity": {"2020-09-30": "1.02900", "2020-06-30": "0.72450", "2020-03-31": "0.47070", "2019-12-31": "1.71950", "2019-09-30": "1.01830", "2019-06-30": "1.34450", "2019-03-31": "1.03850", "2018-12-31": "0.59000", "2018-09-30": "0.84340", "2018-06-30": "0.81580", "2018-03-31": "2.08820", "2017-12-31": "-4.15740", "2017-09-30": "1.32270", "2017-06-30": "1.24370", "2017-03-31": "1.81570", "2016-12-31": "1.91310", "2016-09-30": "1.19090", "2016-06-30": "0.62280", "2016-03-31": "0.92770", "2015-12-31": "1.19470", "2015-09-30": "-2.62630", "2015-06-30": "-1.01360", "2015-03-31": "-0.48910", "2014-12-31": "0.03350", "2014-09-30": "-1.03550", "2014-06-30": "-1.93080", "2014-03-31": "-0.25950", "2013-12-31": "0.69250", "2013-09-30": "4.27210", "2013-06-30": "1.65950", "2013-03-31": "0.38150", "2012-12-31": "1.45920", "2012-09-30": "0.85520", "2012-06-30": "-1.02280", "2012-03-31": "0.75010", "2011-12-31": "0.10810", "2011-09-30": "-0.51850", "2011-06-30": "0.14920", "2011-03-31": "-0.36070", "2010-12-31": "-0.10780", "2010-09-30": "0.41810", "2010-06-30": "", "2010-03-31": "", "2009-12-31": "", "2009-09-30": "", "2008-12-31": ""}, "Return On Tangible Equity": {"2020-09-30": "-3.34750", "2020-06-30": "-2.49780", "2020-03-31": "-0.66550", "2019-12-31": "-2.48440", "2019-09-30": "-5.43430", "2019-06-30": "-7.06450", "2019-03-31": "-4.71650", "2018-12-31": "-2.26040", "2018-09-30": "-3.99480", "2018-06-30": "-5.42160", "2018-03-31": "-2.33080", "2017-12-31": "4.16040", "2017-09-30": "-3.55600", "2017-06-30": "20.82590", "2017-03-31": "18.57390", "2016-12-31": "14.76660", "2016-09-30": "58.79080", "2016-06-30": "-10.99500", "2016-03-31": "-12.40270", "2015-12-31": "15.55340", "2015-09-30": "-180.91930", "2015-06-30": "49.22140", "2015-03-31": "-3.96040", "2014-12-31": "0.31150", "2014-09-30": "-20.50750", "2014-06-30": "-28.88700", "2014-03-31": "-1.57800", "2013-12-31": "4.08880", "2013-09-30": "21.29810", "2013-06-30": "14.32430", "2013-03-31": "4.63000", "2012-12-31": "22.68680", "2012-09-30": "34.97770", "2012-06-30": "49.87390", "2012-03-31": "-13.12180", "2011-12-31": "-1.28750", "2011-09-30": "3.62910", "2011-06-30": "0.64870", "2011-03-31": "-1.18000", "2010-12-31": "-0.41950", "2010-09-30": "-13.83230", "2010-06-30": "", "2010-03-31": "", "2009-12-31": "", "2009-09-30": "", "2008-12-31": ""}, "ROA - Return On Assets": {"2020-09-30": "0.47270", "2020-06-30": "0.32850", "2020-03-31": "0.18730", "2019-12-31": "0.67910", "2019-09-30": "0.51070", "2019-06-30": "0.68810", "2019-03-31": "0.52560", "2018-12-31": "0.29900", "2018-09-30": "0.44500", "2018-06-30": "0.41890", "2018-03-31": "0.70770", "2017-12-31": "-1.37610", "2017-09-30": "0.54290", "2017-06-30": "0.50870", "2017-03-31": "0.93450", "2016-12-31": "0.93400", "2016-09-30": "0.55650", "2016-06-30": "0.28550", "2016-03-31": "0.41450", "2015-12-31": "0.62580", "2015-09-30": "-1.37570", "2015-06-30": "-0.52970", "2015-03-31": "-0.27500", "2014-12-31": "0.01940", "2014-09-30": "-0.57380", "2014-06-30": "-1.17370", "2014-03-31": "-0.16760", "2013-12-31": "0.43280", "2013-09-30": "2.82120", "2013-06-30": "1.09290", "2013-03-31": "0.25050", "2012-12-31": "0.92540", "2012-09-30": "0.53520", "2012-06-30": "-0.59040", "2012-03-31": "0.42770", "2011-12-31": "0.06020", "2011-09-30": "-0.28130", "2011-06-30": "0.07810", "2011-03-31": "-0.18740", "2010-12-31": "-0.05430", "2010-09-30": "0.14770", "2010-06-30": "", "2010-03-31": "", "2009-12-31": "", "2009-09-30": "", "2008-12-31": ""}, "ROI - Return On Investment": {"2020-09-30": "0.67340", "2020-06-30": "0.47020", "2020-03-31": "0.24400", "2019-12-31": "0.88330", "2019-09-30": "0.81260", "2019-06-30": "1.07900", "2019-03-31": "0.82340", "2018-12-31": "0.38160", "2018-09-30": "0.66360", "2018-06-30": "0.63520", "2018-03-31": "0.94350", "2017-12-31": "-1.83620", "2017-09-30": "0.75120", "2017-06-30": "0.69700", "2017-03-31": "1.44000", "2016-12-31": "1.46800", "2016-09-30": "0.89260", "2016-06-30": "0.45870", "2016-03-31": "0.67450", "2015-12-31": "1.06430", "2015-09-30": "-2.30160", "2015-06-30": "-0.87930", "2015-03-31": "-0.46780", "2014-12-31": "0.03150", "2014-09-30": "-0.92240", "2014-06-30": "-1.79320", "2014-03-31": "-0.25950", "2013-12-31": "0.69250", "2013-09-30": "4.27210", "2013-06-30": "1.65950", "2013-03-31": "0.38150", "2012-12-31": "1.40420", "2012-09-30": "0.77660", "2012-06-30": "-0.88870", "2012-03-31": "0.62710", "2011-12-31": "0.08820", "2011-09-30": "-0.42460", "2011-06-30": "0.11800", "2011-03-31": "-0.27910", "2010-12-31": "-0.08160", "2010-09-30": "0.27990", "2010-06-30": "", "2010-03-31": "", "2009-12-31": "", "2009-09-30": "", "2008-12-31": ""}, "Book Value Per Share": {"2020-09-30": "15.58140", "2020-06-30": "15.29380", "2020-03-31": "12.36880", "2019-12-31": "12.38000", "2019-09-30": "12.10500", "2019-06-30": "11.81020", "2019-03-31": "11.45720", "2018-12-31": "11.35100", "2018-09-30": "11.44080", "2018-06-30": "11.06190", "2018-03-31": "6.17720", "2017-12-31": "6.03360", "2017-09-30": "6.21540", "2017-06-30": "6.02150", "2017-03-31": "5.44650", "2016-12-31": "4.74510", "2016-09-30": "4.38780", "2016-06-30": "4.16290", "2016-03-31": "4.03600", "2015-12-31": "4.14310", "2015-09-30": "3.97450", "2015-06-30": "4.12990", "2015-03-31": "4.12620", "2014-12-31": "4.15980", "2014-09-30": "3.98910", "2014-06-30": "4.12000", "2014-03-31": "4.08220", "2013-12-31": "4.00980", "2013-09-30": "3.87970", "2013-06-30": "3.60430", "2013-03-31": "3.48290", "2012-12-31": "3.36390", "2012-09-30": "3.27850", "2012-06-30": "3.14840", "2012-03-31": "3.12250", "2011-12-31": "3.06570", "2011-09-30": "2.97210", "2011-06-30": "2.66800", "2011-03-31": "2.58390", "2010-12-31": "2.51980", "2010-09-30": "1.10580", "2010-06-30": "", "2010-03-31": "", "2009-12-31": "", "2009-09-30": "", "2008-12-31": ""}, "Operating Cash Flow Per Share": {"2020-09-30": 0.4402, "2020-06-30": 0.9303, "2020-03-31": "0.64200", "2019-12-31": 1.3753, "2019-09-30": 1.1564, "2019-06-30": 0.7186, "2019-03-31": "0.04180", "2018-12-31": 1.2773, "2018-09-30": 0.2616, "2018-06-30": 0.3013, "2018-03-31": "0.83440", "2017-12-31": 0.4229, "2017-09-30": 0.1118, "2017-06-30": 0.5903, "2017-03-31": "0.57730", "2016-12-31": 0.3174, "2016-09-30": 0.5602, "2016-06-30": 0.4099, "2016-03-31": "0.37550", "2015-12-31": 0.3571, "2015-09-30": 0.2596, "2015-06-30": 0.343, "2015-03-31": "0.29230", "2014-12-31": 0.2611, "2014-09-30": 0.0946, "2014-06-30": 0.2452, "2014-03-31": "0.30790", "2013-12-31": 0.2324, "2013-09-30": 0.2196, "2013-06-30": 0.2284, "2013-03-31": "0.22800", "2012-12-31": 0.2353, "2012-09-30": 0.101, "2012-06-30": 0.304, "2012-03-31": "0.14900", "2011-12-31": 0.2871, "2011-09-30": 0.1648, "2011-06-30": 0.1283, "2011-03-31": "0.13860", "2010-12-31": 0.359, "2010-09-30": 0.023, "2010-06-30": 0.0354, "2010-03-31": "0.27940", "2009-12-31": -0.7338, "2009-09-30": 0.7338, "2008-12-31": 0}, "Free Cash Flow Per Share": {"2020-09-30": 0.2696, "2020-06-30": 0.7718, "2020-03-31": "0.50380", "2019-12-31": 1.237, "2019-09-30": 1.003, "2019-06-30": 0.5892, "2019-03-31": "-0.07200", "2018-12-31": 1.1069, "2018-09-30": 0.1254, "2018-06-30": 0.2007, "2018-03-31": "0.68510", "2017-12-31": 0.2852, "2017-09-30": -0.0231, "2017-06-30": 0.3811, "2017-03-31": "0.45530", "2016-12-31": 0.1895, "2016-09-30": 0.2781, "2016-06-30": 0.0435, "2016-03-31": "0.24310", "2015-12-31": 0.1671, "2015-09-30": 0.1606, "2015-06-30": 0.2809, "2015-03-31": "0.21200", "2014-12-31": 0.1567, "2014-09-30": -0.0347, "2014-06-30": 0.0922, "2014-03-31": "0.21330", "2013-12-31": 0.0906, "2013-09-30": 0.1057, "2013-06-30": 0.1539, "2013-03-31": "0.12570", "2012-12-31": 0.232, "2012-09-30": -0.01, "2012-06-30": 0.2133, "2012-03-31": "0.10030", "2011-12-31": 0.208, "2011-09-30": 0.0864, "2011-06-30": 0.0792, "2011-03-31": "0.10940", "2010-12-31": 0.2228, "2010-09-30": 0.034, "2010-06-30": -0.0326, "2010-03-31": "0.16620", "2009-12-31": -0.4688, "2009-09-30": 0.4688, "2008-12-31": 0}}, "revenue": {"RealPage Annual Revenue (Millions of US $)": {"2019": "$988", "2018": "$869", "2017": "$671", "2016": "$568", "2015": "$469", "2014": "$405", "2013": "$377", "2012": "$322", "2011": "$258", "2010": "$188", "2009": "$141", "2008": "$113", "2007": "$84"}, "RealPage Quarterly Revenue (Millions of US $)": {"2020-09-30": "$298", "2020-06-30": "$286", "2020-03-31": "$277", "2019-12-31": "$255", "2019-09-30": "$255", "2019-06-30": "$244", "2019-03-31": "$234", "2018-12-31": "$227", "2018-09-30": "$225", "2018-06-30": "$216", "2018-03-31": "$201", "2017-12-31": "$188", "2017-09-30": "$169", "2017-06-30": "$161", "2017-03-31": "$153", "2016-12-31": "$149", "2016-09-30": "$148", "2016-06-30": "$143", "2016-03-31": "$128", "2015-12-31": "$122", "2015-09-30": "$122", "2015-06-30": "$115", "2015-03-31": "$110", "2014-12-31": "$104", "2014-09-30": "$105", "2014-06-30": "$95", "2014-03-31": "$101", "2013-12-31": "$96", "2013-09-30": "$98", "2013-06-30": "$94", "2013-03-31": "$89", "2012-12-31": "$86", "2012-09-30": "$83", "2012-06-30": "$79", "2012-03-31": "$74", "2011-12-31": "$71", "2011-09-30": "$68", "2011-06-30": "$62", "2011-03-31": "$58", "2010-12-31": "$54", "2010-09-30": "$48", "2010-06-30": "$45", "2010-03-31": "$41", "2009-12-31": "", "2009-09-30": "$36", "2008-12-31": ""}}, "gross-profit": {"RealPage Annual Gross Profit (Millions of US $)": {"2019": "$562", "2018": "$505", "2017": "$391", "2016": "$325", "2015": "$270", "2014": "$230", "2013": "$229", "2012": "$194", "2011": "$150", "2010": "$109", "2009": "$82", "2008": "$67", "2007": "$48"}, "RealPage Quarterly Gross Profit (Millions of US $)": {"2020-09-30": "$172", "2020-06-30": "$160", "2020-03-31": "$154", "2019-12-31": "$143", "2019-09-30": "$146", "2019-06-30": "$138", "2019-03-31": "$135", "2018-12-31": "$129", "2018-09-30": "$130", "2018-06-30": "$125", "2018-03-31": "$120", "2017-12-31": "$109", "2017-09-30": "$98", "2017-06-30": "$94", "2017-03-31": "$90", "2016-12-31": "$87", "2016-09-30": "$84", "2016-06-30": "$81", "2016-03-31": "$74", "2015-12-31": "$71", "2015-09-30": "$70", "2015-06-30": "$66", "2015-03-31": "$63", "2014-12-31": "$58", "2014-09-30": "$58", "2014-06-30": "$53", "2014-03-31": "$61", "2013-12-31": "$58", "2013-09-30": "$60", "2013-06-30": "$57", "2013-03-31": "$54", "2012-12-31": "$53", "2012-09-30": "$50", "2012-06-30": "$47", "2012-03-31": "$44", "2011-12-31": "$41", "2011-09-30": "$40", "2011-06-30": "$36", "2011-03-31": "$33", "2010-12-31": "$32", "2010-09-30": "$28", "2010-06-30": "$26", "2010-03-31": "$24", "2009-12-31": "", "2009-09-30": "$20", "2008-12-31": ""}}, "operating-income": {"RealPage Annual Operating Income (Millions of US $)": {"2019": "$92", "2018": "$66", "2017": "$30", "2016": "$31", "2015": "$-12", "2014": "$-16", "2013": "$22", "2012": "$11", "2011": "$2", "2010": "$6", "2009": "$7", "2008": "$-0", "2007": "$-2"}, "RealPage Quarterly Operating Income (Millions of US $)": {"2020-09-30": "$34", "2020-06-30": "$26", "2020-03-31": "$16", "2019-12-31": "$24", "2019-09-30": "$25", "2019-06-30": "$22", "2019-03-31": "$22", "2018-12-31": "$12", "2018-09-30": "$19", "2018-06-30": "$17", "2018-03-31": "$18", "2017-12-31": "$10", "2017-09-30": "$4", "2017-06-30": "$6", "2017-03-31": "$10", "2016-12-31": "$12", "2016-09-30": "$9", "2016-06-30": "$5", "2016-03-31": "$6", "2015-12-31": "$8", "2015-09-30": "$-13", "2015-06-30": "$-3", "2015-03-31": "$-3", "2014-12-31": "$-2", "2014-09-30": "$-5", "2014-06-30": "$-8", "2014-03-31": "$-1", "2013-12-31": "$5", "2013-09-30": "$6", "2013-06-30": "$9", "2013-03-31": "$2", "2012-12-31": "$8", "2012-09-30": "$4", "2012-06-30": "$-3", "2012-03-31": "$3", "2011-12-31": "$1", "2011-09-30": "$-1", "2011-06-30": "$1", "2011-03-31": "$-0", "2010-12-31": "$1", "2010-09-30": "$2", "2010-06-30": "$2", "2010-03-31": "$1", "2009-12-31": "", "2009-09-30": "$2", "2008-12-31": ""}}, "ebitda": {"RealPage Annual EBITDA (Millions of US $)": {"2019": "$233", "2018": "$179", "2017": "$104", "2016": "$87", "2015": "$55", "2014": "$26", "2013": "$53", "2012": "$44", "2011": "$31", "2010": "$27", "2009": "$22", "2008": "$11", "2007": "$5"}, "RealPage Quarterly EBITDA (Millions of US $)": {"2020-09-30": "$78", "2020-06-30": "$69", "2020-03-31": "$56", "2019-12-31": "$59", "2019-09-30": "$60", "2019-06-30": "$57", "2019-03-31": "$56", "2018-12-31": "$42", "2018-09-30": "$47", "2018-06-30": "$45", "2018-03-31": "$45", "2017-12-31": "$34", "2017-09-30": "$23", "2017-06-30": "$22", "2017-03-31": "$25", "2016-12-31": "$26", "2016-09-30": "$23", "2016-06-30": "$19", "2016-03-31": "$18", "2015-12-31": "$20", "2015-09-30": "$19", "2015-06-30": "$9", "2015-03-31": "$8", "2014-12-31": "$9", "2014-09-30": "$6", "2014-06-30": "$2", "2014-03-31": "$8", "2013-12-31": "$14", "2013-09-30": "$14", "2013-06-30": "$16", "2013-03-31": "$10", "2012-12-31": "$16", "2012-09-30": "$12", "2012-06-30": "$5", "2012-03-31": "$11", "2011-12-31": "$9", "2011-09-30": "$7", "2011-06-30": "$8", "2011-03-31": "$7", "2010-12-31": "$7", "2010-09-30": "$8", "2010-06-30": "$7", "2010-03-31": "$6", "2009-12-31": "", "2009-09-30": "$2", "2008-12-31": ""}}, "net-income": {"RealPage Annual Net Income (Millions of US $)": {"2019": "$58", "2018": "$35", "2017": "$0", "2016": "$17", "2015": "$-9", "2014": "$-10", "2013": "$21", "2012": "$5", "2011": "$-1", "2010": "$-3", "2009": "$11", "2008": "$-11", "2007": "$-9"}, "RealPage Quarterly Net Income (Millions of US $)": {"2020-09-30": "$16", "2020-06-30": "$11", "2020-03-31": "$6", "2019-12-31": "$20", "2019-09-30": "$12", "2019-06-30": "$15", "2019-03-31": "$11", "2018-12-31": "$6", "2018-09-30": "$9", "2018-06-30": "$8", "2018-03-31": "$11", "2017-12-31": "$-21", "2017-09-30": "$7", "2017-06-30": "$6", "2017-03-31": "$8", "2016-12-31": "$7", "2016-09-30": "$4", "2016-06-30": "$2", "2016-03-31": "$3", "2015-12-31": "$4", "2015-09-30": "$-8", "2015-06-30": "$-3", "2015-03-31": "$-2", "2014-12-31": "$0", "2014-09-30": "$-3", "2014-06-30": "$-6", "2014-03-31": "$-1", "2013-12-31": "$2", "2013-09-30": "$13", "2013-06-30": "$5", "2013-03-31": "$1", "2012-12-31": "$4", "2012-09-30": "$2", "2012-06-30": "$-2", "2012-03-31": "$2", "2011-12-31": "$0", "2011-09-30": "$-1", "2011-06-30": "$0", "2011-03-31": "$-1", "2010-12-31": "$-0", "2010-09-30": "$-0", "2010-06-30": "$-1", "2010-03-31": "$-1", "2009-12-31": "", "2009-09-30": "$-1", "2008-12-31": ""}}, "eps-earnings-per-share-diluted": {"RealPage Annual EPS": {"2019": "$0.60", "2018": "$0.38", "2017": "$0.00", "2016": "$0.21", "2015": "$-0.12", "2014": "$-0.13", "2013": "$0.27", "2012": "$0.07", "2011": "$-0.02", "2010": "$-0.07", "2009": "$0.42", "2008": "$-0.77", "2007": "$-0.45"}, "RealPage Quarterly EPS": {"2020-09-30": "$0.16", "2020-06-30": "$0.11", "2020-03-31": "$0.06", "2019-12-31": "$0.20", "2019-09-30": "$0.12", "2019-06-30": "$0.16", "2019-03-31": "$0.12", "2018-12-31": "$0.07", "2018-09-30": "$0.09", "2018-06-30": "$0.09", "2018-03-31": "$0.13", "2017-12-31": "$-0.26", "2017-09-30": "$0.08", "2017-06-30": "$0.08", "2017-03-31": "$0.10", "2016-12-31": "$0.09", "2016-09-30": "$0.05", "2016-06-30": "$0.03", "2016-03-31": "$0.04", "2015-12-31": "$0.05", "2015-09-30": "$-0.11", "2015-06-30": "$-0.04", "2015-03-31": "$-0.02", "2014-12-31": "$0.00", "2014-09-30": "$-0.04", "2014-06-30": "$-0.08", "2014-03-31": "$-0.01", "2013-12-31": "$0.03", "2013-09-30": "$0.17", "2013-06-30": "$0.06", "2013-03-31": "$0.01", "2012-12-31": "$0.05", "2012-09-30": "$0.03", "2012-06-30": "$-0.03", "2012-03-31": "$0.02", "2011-12-31": "$0.01", "2011-09-30": "$-0.02", "2011-06-30": "$0.00", "2011-03-31": "$-0.01", "2010-12-31": "$0.02", "2010-09-30": "$-0.01", "2010-06-30": "$-0.03", "2010-03-31": "$-0.05", "2009-12-31": "$0.00", "2009-09-30": "$-0.03", "2008-12-31": "$0.00"}}, "shares-outstanding": {"RealPage Annual Shares Outstanding (Millions of Shares)": {"2019": "96", "2018": "92", "2017": "82", "2016": "78", "2015": "77", "2014": "77", "2013": "76", "2012": "74", "2011": "68", "2010": "40", "2009": "26", "2008": "14", "2007": "20"}, "RealPage Quarterly Shares Outstanding (Millions of Shares)": {"2020-09-30": "103", "2020-06-30": "100", "2020-03-31": "96", "2019-12-31": "96", "2019-09-30": "97", "2019-06-30": "96", "2019-03-31": "96", "2018-12-31": "92", "2018-09-30": "97", "2018-06-30": "90", "2018-03-31": "85", "2017-12-31": "82", "2017-09-30": "83", "2017-06-30": "82", "2017-03-31": "81", "2016-12-31": "78", "2016-09-30": "78", "2016-06-30": "77", "2016-03-31": "77", "2015-12-31": "77", "2015-09-30": "77", "2015-06-30": "77", "2015-03-31": "77", "2014-12-31": "77", "2014-09-30": "77", "2014-06-30": "77", "2014-03-31": "77", "2013-12-31": "76", "2013-09-30": "76", "2013-06-30": "76", "2013-03-31": "75", "2012-12-31": "74", "2012-09-30": "74", "2012-06-30": "71", "2012-03-31": "73", "2011-12-31": "68", "2011-09-30": "69", "2011-06-30": "72", "2011-03-31": "67", "2010-12-31": "40", "2010-09-30": "44", "2010-06-30": "26", "2010-03-31": "26", "2009-12-31": "", "2009-09-30": "24", "2008-12-31": ""}}, "total-assets": {"RealPage Annual Total Assets (Millions of US $)": {"2019": "$2,970", "2018": "$2,098", "2017": "$1,516", "2016": "$788", "2015": "$623", "2014": "$566", "2013": "$503", "2012": "$402", "2011": "$400", "2010": "$343", "2009": "$142", "2008": "$102", "2007": "$0"}, "RealPage Quarterly Total Assets (Millions of US $)": {"2020-09-30": "$3,457", "2020-06-30": "$3,440", "2020-03-31": "$2,992", "2019-12-31": "$2,970", "2019-09-30": "$2,292", "2019-06-30": "$2,189", "2019-03-31": "$2,144", "2018-12-31": "$2,098", "2018-09-30": "$2,039", "2018-06-30": "$2,024", "2018-03-31": "$1,540", "2017-12-31": "$1,516", "2017-09-30": "$1,259", "2017-06-30": "$1,221", "2017-03-31": "$877", "2016-12-31": "$788", "2016-09-30": "$757", "2016-06-30": "$730", "2016-03-31": "$723", "2015-12-31": "$623", "2015-09-30": "$595", "2015-06-30": "$626", "2015-03-31": "$585", "2014-12-31": "$566", "2014-09-30": "$568", "2014-06-30": "$536", "2014-03-31": "$499", "2013-12-31": "$503", "2013-09-30": "$457", "2013-06-30": "$422", "2013-03-31": "$406", "2012-12-31": "$402", "2012-09-30": "$395", "2012-06-30": "$402", "2012-03-31": "$402", "2011-12-31": "$400", "2011-09-30": "$393", "2011-06-30": "$361", "2011-03-31": "$346", "2010-12-31": "$343", "2010-09-30": "$198", "2010-06-30": "$0", "2010-03-31": "$0", "2009-12-31": "$0", "2009-09-30": "$0", "2008-12-31": "$102"}}, "cash-on-hand": {"RealPage Annual Cash on Hand (Millions of US $)": {"2019": "$440", "2018": "$383", "2017": "$165", "2016": "$189", "2015": "$116", "2014": "$112", "2013": "$106", "2012": "$69", "2011": "$70", "2010": "$133", "2009": "$19", "2008": "$18", "2007": "$"}, "RealPage Quarterly Cash on Hand (Millions of US $)": {"2020-09-30": "$843", "2020-06-30": "$901", "2020-03-31": "$426", "2019-12-31": "$440", "2019-09-30": "$429", "2019-06-30": "$375", "2019-03-31": "$356", "2018-12-31": "$383", "2018-09-30": "$371", "2018-06-30": "$476", "2018-03-31": "$214", "2017-12-31": "$165", "2017-09-30": "$202", "2017-06-30": "$431", "2017-03-31": "$156", "2016-12-31": "$189", "2016-09-30": "$161", "2016-06-30": "$123", "2016-03-31": "$143", "2015-12-31": "$116", "2015-09-30": "$113", "2015-06-30": "$129", "2015-03-31": "$132", "2014-12-31": "$112", "2014-09-30": "$112", "2014-06-30": "$86", "2014-03-31": "$92", "2013-12-31": "$106", "2013-09-30": "$88", "2013-06-30": "$63", "2013-03-31": "$52", "2012-12-31": "$69", "2012-09-30": "$59", "2012-06-30": "$70", "2012-03-31": "$72", "2011-12-31": "$70", "2011-09-30": "$68", "2011-06-30": "$128", "2011-03-31": "$139", "2010-12-31": "$133", "2010-09-30": "$52", "2010-06-30": "", "2010-03-31": "", "2009-12-31": "", "2009-09-30": "", "2008-12-31": "$18"}}, "long-term-debt": {"RealPage Annual Long Term Debt (Millions of US $)": {"2019": "$1,111", "2018": "$580", "2017": "$634", "2016": "$117", "2015": "$40", "2014": "$20", "2013": "$", "2012": "$10", "2011": "$50", "2010": "$55", "2009": "$43", "2008": "$37", "2007": "$"}, "RealPage Quarterly Long Term Debt (Millions of US $)": {"2020-09-30": "$839", "2020-06-30": "$844", "2020-03-31": "$1,106", "2019-12-31": "$1,111", "2019-09-30": "$291", "2019-06-30": "$276", "2019-03-31": "$284", "2018-12-31": "$580", "2018-09-30": "$292", "2018-06-30": "$295", "2018-03-31": "$633", "2017-12-31": "$634", "2017-09-30": "$393", "2017-06-30": "$392", "2017-03-31": "$118", "2016-12-31": "$117", "2016-09-30": "$118", "2016-06-30": "$120", "2016-03-31": "$121", "2015-12-31": "$40", "2015-09-30": "$44", "2015-06-30": "$50", "2015-03-31": "$15", "2014-12-31": "$20", "2014-09-30": "$39", "2014-06-30": "$25", "2014-03-31": "", "2013-12-31": "", "2013-09-30": "", "2013-06-30": "", "2013-03-31": "", "2012-12-31": "$10", "2012-09-30": "$25", "2012-06-30": "$35", "2012-03-31": "$45", "2011-12-31": "$50", "2011-09-30": "$47", "2011-06-30": "$50", "2011-03-31": "$53", "2010-12-31": "$55", "2010-09-30": "$34", "2010-06-30": "", "2010-03-31": "", "2009-12-31": "", "2009-09-30": "", "2008-12-31": "$37"}}, "total-liabilities": {"RealPage Annual Total Liabilities (Millions of US $)": {"2019": "$1,797", "2018": "$1,035", "2017": "$1,014", "2016": "$403", "2015": "$297", "2014": "$238", "2013": "$189", "2012": "$147", "2011": "$177", "2010": "$170", "2009": "$137", "2008": "$130", "2007": "$"}, "RealPage Quarterly Total Liabilities (Millions of US $)": {"2020-09-30": "$1,869", "2020-06-30": "$1,881", "2020-03-31": "$1,802", "2019-12-31": "$1,797", "2019-09-30": "$1,143", "2019-06-30": "$1,069", "2019-03-31": "$1,059", "2018-12-31": "$1,035", "2018-09-30": "$963", "2018-06-30": "$985", "2018-03-31": "$1,018", "2017-12-31": "$1,014", "2017-09-30": "$742", "2017-06-30": "$722", "2017-03-31": "$426", "2016-12-31": "$403", "2016-09-30": "$403", "2016-06-30": "$395", "2016-03-31": "$400", "2015-12-31": "$297", "2015-09-30": "$284", "2015-06-30": "$299", "2015-03-31": "$256", "2014-12-31": "$238", "2014-09-30": "$253", "2014-06-30": "$210", "2014-03-31": "$177", "2013-12-31": "$189", "2013-09-30": "$155", "2013-06-30": "$144", "2013-03-31": "$140", "2012-12-31": "$147", "2012-09-30": "$148", "2012-06-30": "$170", "2012-03-31": "$173", "2011-12-31": "$177", "2011-09-30": "$180", "2011-06-30": "$172", "2011-03-31": "$166", "2010-12-31": "$170", "2010-09-30": "$128", "2010-06-30": "$0", "2010-03-31": "$0", "2009-12-31": "", "2009-09-30": "$0", "2008-12-31": "$130"}}, "total-share-holder-equity": {"RealPage Annual Share Holder Equity (Millions of US $)": {"2019": "$1,173", "2018": "$1,063", "2017": "$502", "2016": "$385", "2015": "$326", "2014": "$329", "2013": "$315", "2012": "$255", "2011": "$223", "2010": "$173", "2009": "$5", "2008": "$-27", "2007": "$"}, "RealPage Quarterly Share Holder Equity (Millions of US $)": {"2020-09-30": "$1,588", "2020-06-30": "$1,560", "2020-03-31": "$1,191", "2019-12-31": "$1,173", "2019-09-30": "$1,149", "2019-06-30": "$1,120", "2019-03-31": "$1,085", "2018-12-31": "$1,063", "2018-09-30": "$1,076", "2018-06-30": "$1,039", "2018-03-31": "$522", "2017-12-31": "$502", "2017-09-30": "$517", "2017-06-30": "$500", "2017-03-31": "$451", "2016-12-31": "$385", "2016-09-30": "$354", "2016-06-30": "$334", "2016-03-31": "$323", "2015-12-31": "$326", "2015-09-30": "$312", "2015-06-30": "$327", "2015-03-31": "$329", "2014-12-31": "$329", "2014-09-30": "$315", "2014-06-30": "$326", "2014-03-31": "$322", "2013-12-31": "$315", "2013-09-30": "$302", "2013-06-30": "$278", "2013-03-31": "$267", "2012-12-31": "$255", "2012-09-30": "$247", "2012-06-30": "$232", "2012-03-31": "$229", "2011-12-31": "$223", "2011-09-30": "$213", "2011-06-30": "$189", "2011-03-31": "$180", "2010-12-31": "$173", "2010-09-30": "$70", "2010-06-30": "$0", "2010-03-31": "$0", "2009-12-31": "", "2009-09-30": "$0", "2008-12-31": "$-27"}}, "profit-margins": {"current": "4.79%"}, "gross margin": {"2020-09-30": "56.36%", "2020-06-30": "56.20%", "2020-03-31": "56.35%", "2019-12-31": "56.88%", "2019-09-30": "57.08%", "2019-06-30": "57.20%", "2019-03-31": "57.54%", "2018-12-31": "58.00%", "2018-09-30": "58.31%", "2018-06-30": "58.40%", "2018-03-31": "58.55%", "2017-12-31": "58.27%", "2017-09-30": "58.39%", "2017-06-30": "58.10%", "2017-03-31": "57.67%", "2016-12-31": "57.39%", "2016-09-30": "57.30%", "2016-06-30": "57.48%", "2016-03-31": "57.70%", "2015-12-31": "57.57%", "2015-09-30": "56.98%", "2015-06-30": "56.45%", "2015-03-31": "56.04%", "2014-12-31": "56.79%", "2014-09-30": "57.93%", "2014-06-30": "59.49%", "2014-03-31": "60.67%", "2013-12-31": "60.74%", "2013-09-30": "61.04%", "2013-06-30": "60.80%", "2013-03-31": "60.53%", "2012-12-31": "60.25%", "2012-09-30": "59.28%", "2012-06-30": "58.90%", "2012-03-31": "58.55%", "2011-12-31": "57.92%", "2011-09-30": "58.26%", "2011-06-30": "58.11%", "2011-03-31": "58.05%", "2010-12-31": "58.51%", "2010-06-30": "57.38%"}, "operating margin": {"2020-09-30": "8.96%", "2020-06-30": "8.48%", "2020-03-31": "8.44%", "2019-12-31": "9.41%", "2019-09-30": "8.44%", "2019-06-30": "8.06%", "2019-03-31": "7.76%", "2018-12-31": "7.59%", "2018-09-30": "7.71%", "2018-06-30": "6.33%", "2018-03-31": "5.29%", "2017-12-31": "4.47%", "2017-09-30": "5.06%", "2017-06-30": "6.06%", "2017-03-31": "6.07%", "2016-12-31": "5.63%", "2016-09-30": "5.18%", "2016-06-30": "1.17%", "2016-03-31": "-0.41%", "2015-12-31": "-2.35%", "2015-09-30": "-4.66%", "2015-06-30": "-3.00%", "2015-03-31": "-4.35%", "2014-12-31": "-3.95%", "2014-09-30": "-2.27%", "2014-06-30": "0.51%", "2014-03-31": "4.88%", "2013-12-31": "5.84%", "2013-09-30": "6.81%", "2013-06-30": "6.53%", "2013-03-31": "3.26%", "2012-12-31": "3.73%", "2012-09-30": "1.63%", "2012-06-30": "0.00%", "2012-03-31": "1.45%", "2011-12-31": "0.39%", "2011-09-30": "0.41%", "2011-06-30": "1.80%", "2011-03-31": "2.44%", "2010-12-31": "3.19%", "2010-06-30": "4.10%"}, "ebitda margin": {"2020-09-30": "23.48%", "2020-06-30": "22.74%", "2020-03-31": "22.50%", "2019-12-31": "23.48%", "2019-09-30": "22.40%", "2019-06-30": "21.72%", "2019-03-31": "21.06%", "2018-12-31": "20.60%", "2018-09-30": "20.60%", "2018-06-30": "18.99%", "2018-03-31": "17.25%", "2017-12-31": "15.50%", "2017-09-30": "15.19%", "2017-06-30": "15.71%", "2017-03-31": "15.68%", "2016-12-31": "15.14%", "2016-09-30": "14.79%", "2016-06-30": "14.76%", "2016-03-31": "13.55%", "2015-12-31": "11.94%", "2015-09-30": "9.98%", "2015-06-30": "7.37%", "2015-03-31": "6.04%", "2014-12-31": "6.17%", "2014-09-30": "7.56%", "2014-06-30": "9.74%", "2014-03-31": "13.37%", "2013-12-31": "14.32%", "2013-09-30": "15.26%", "2013-06-30": "15.34%", "2013-03-31": "12.76%", "2012-12-31": "13.66%", "2012-09-30": "12.05%", "2012-06-30": "10.96%", "2012-03-31": "12.73%", "2011-12-31": "11.97%", "2011-09-30": "11.98%", "2011-06-30": "13.51%", "2011-03-31": "14.15%", "2010-12-31": "14.89%", "2010-06-30": "12.30%"}, "pre tax profit margin": {"2020-09-30": "4.57%", "2020-06-30": "4.38%", "2020-03-31": "4.66%", "2019-12-31": "6.17%", "2019-09-30": "5.42%", "2019-06-30": "4.95%", "2019-03-31": "4.43%", "2018-12-31": "4.03%", "2018-09-30": "3.98%", "2018-06-30": "2.97%", "2018-03-31": "2.50%", "2017-12-31": "2.38%", "2017-09-30": "3.64%", "2017-06-30": "5.07%", "2017-03-31": "5.40%", "2016-12-31": "4.93%", "2016-09-30": "4.44%", "2016-06-30": "0.39%", "2016-03-31": "-1.03%", "2015-12-31": "-2.77%", "2015-09-30": "-4.88%", "2015-06-30": "-3.00%", "2015-03-31": "-4.35%", "2014-12-31": "-3.95%", "2014-09-30": "-2.27%", "2014-06-30": "0.51%", "2014-03-31": "4.63%", "2013-12-31": "5.57%", "2013-09-30": "6.27%", "2013-06-30": "5.68%", "2013-03-31": "2.37%", "2012-12-31": "2.80%", "2012-09-30": "0.98%", "2012-06-30": "-0.34%", "2012-03-31": "1.09%", "2011-12-31": "-0.39%", "2011-09-30": "-0.83%", "2011-06-30": "-0.45%", "2011-03-31": "-0.49%", "2010-12-31": "0.00%", "2010-06-30": "0.82%"}, "net profit margin": {"2020-09-30": "4.75%", "2020-06-30": "4.57%", "2020-03-31": "5.14%", "2019-12-31": "5.87%", "2019-09-30": "4.58%", "2019-06-30": "4.41%", "2019-03-31": "3.77%", "2018-12-31": "3.91%", "2018-09-30": "0.84%", "2018-06-30": "0.65%", "2018-03-31": "0.42%", "2017-12-31": "0.00%", "2017-09-30": "4.43%", "2017-06-30": "4.09%", "2017-03-31": "3.54%", "2016-12-31": "2.82%", "2016-09-30": "2.40%", "2016-06-30": "0.19%", "2016-03-31": "-0.82%", "2015-12-31": "-1.92%", "2015-09-30": "-2.88%", "2015-06-30": "-1.84%", "2015-03-31": "-2.66%", "2014-12-31": "-2.47%", "2014-09-30": "-2.02%", "2014-06-30": "2.05%", "2014-03-31": "4.88%", "2013-12-31": "5.57%", "2013-09-30": "6.27%", "2013-06-30": "3.41%", "2013-03-31": "1.48%", "2012-12-31": "1.86%", "2012-09-30": "0.65%", "2012-06-30": "-0.34%", "2012-03-31": "0.36%", "2011-12-31": "-0.77%", "2011-09-30": "-0.83%", "2011-06-30": "-0.45%", "2011-03-31": "-0.98%", "2010-12-31": "-1.06%", "2010-06-30": "-2.46%"}, "pe ratio": {"current": "62.37", "2021-02-05": "160.56", "2020-09-30": "106.74", "2020-06-30": "130.02", "2020-03-31": "96.24", "2019-12-31": "88.11", "2019-09-30": "133.74", "2019-06-30": "133.75", "2019-03-31": "164.03", "2018-12-31": "126.82", "2018-09-30": "1318.00", "2018-06-30": "1377.50", "2018-03-31": "1716.67", "2017-12-31": "0.00", "2017-09-30": "114.00", "2017-06-30": "112.34", "2017-03-31": "129.26", "2016-12-31": "142.86", "2016-09-30": "151.18", "2016-06-30": "2233.00", "2016-03-31": "0.00", "2015-12-31": "0.00", "2015-09-30": "0.00", "2015-06-30": "0.00", "2015-03-31": "0.00", "2014-12-31": "0.00", "2014-09-30": "0.00", "2014-06-30": "204.36", "2014-03-31": "72.64", "2013-12-31": "86.59", "2013-09-30": "79.69", "2013-06-30": "122.27", "2013-03-31": "345.17", "2012-12-31": "308.14", "2012-09-30": "1130.00", "2012-06-30": "0.00", "2012-03-31": "0.00", "2011-12-31": "0.00", "2011-09-30": "0.00", "2011-06-30": "0.00"}, "price sales": {"2021-02-05": "7.70", "2020-09-30": "5.12", "2020-06-30": "5.91", "2020-03-31": "4.95", "2019-12-31": "5.24", "2019-09-30": "6.23", "2019-06-30": "6.01", "2019-03-31": "6.28", "2018-12-31": "5.03", "2018-09-30": "7.02", "2018-06-30": "6.06", "2018-03-31": "5.94", "2017-12-31": "5.42", "2017-09-30": "5.11", "2017-06-30": "4.70", "2017-03-31": "4.63", "2016-12-31": "4.10", "2016-09-30": "3.67", "2016-06-30": "3.34", "2016-03-31": "3.29", "2015-12-31": "3.68", "2015-09-30": "2.83", "2015-06-30": "3.38", "2015-03-31": "3.75", "2014-12-31": "4.18", "2014-09-30": "3.01", "2014-06-30": "4.43", "2014-03-31": "3.56", "2013-12-31": "4.71", "2013-09-30": "4.75", "2013-06-30": "3.90", "2013-03-31": "4.54", "2012-12-31": "4.90", "2012-09-30": "5.27", "2012-06-30": "5.58", "2012-03-31": "4.92", "2011-12-31": "6.76", "2011-09-30": "5.04", "2011-06-30": "6.33"}, "price book": {"current": "5.56", "2021-02-05": "5.56", "2020-09-30": "3.70", "2020-06-30": "4.25", "2020-03-31": "4.28", "2019-12-31": "4.34", "2019-09-30": "5.19", "2019-06-30": "4.98", "2019-03-31": "5.30", "2018-12-31": "4.25", "2018-09-30": "5.76", "2018-06-30": "4.98", "2018-03-31": "8.34", "2017-12-31": "7.34", "2017-09-30": "6.42", "2017-06-30": "5.97", "2017-03-31": "6.41", "2016-12-31": "6.32", "2016-09-30": "5.86", "2016-06-30": "5.36", "2016-03-31": "5.16", "2015-12-31": "5.42", "2015-09-30": "4.18", "2015-06-30": "4.62", "2015-03-31": "4.88", "2014-12-31": "5.28", "2014-09-30": "3.89", "2014-06-30": "5.46", "2014-03-31": "4.45", "2013-12-31": "5.83", "2013-09-30": "5.96", "2013-06-30": "5.09", "2013-03-31": "5.95", "2012-12-31": "6.41", "2012-09-30": "6.89", "2012-06-30": "7.36", "2012-03-31": "6.14", "2011-12-31": "8.24", "2011-09-30": "6.88", "2011-06-30": "9.92", "2011-03-31": "10.73", "2010-12-31": "12.27", "2010-09-30": "17.25"}, "price fcf": {"2021-02-05": "", "2020-09-30": "$2.78", "2020-06-30": "$3.52", "2020-03-31": "$3.33", "2019-12-31": "$2.76", "2019-09-30": "$2.63", "2019-06-30": "$1.75", "2019-03-31": "$1.36", "2018-12-31": "$2.12", "2018-09-30": "$1.30", "2018-06-30": "$1.15", "2018-03-31": "$1.33", "2017-12-31": "$1.10", "2017-09-30": "$1.00", "2017-06-30": "$1.30", "2017-03-31": "$0.97", "2016-12-31": "$0.75", "2016-09-30": "$0.73", "2016-06-30": "$0.61", "2016-03-31": "$0.85", "2015-12-31": "$0.82", "2015-09-30": "$0.81", "2015-06-30": "$0.61", "2015-03-31": "$0.43", "2014-12-31": "$0.43", "2014-09-30": "$0.36", "2014-06-30": "$0.50", "2014-03-31": "$0.56", "2013-12-31": "$0.48", "2013-09-30": "$0.62", "2013-06-30": "$0.50", "2013-03-31": "$0.56", "2012-12-31": "$0.54", "2012-09-30": "$0.51", "2012-06-30": "$0.61", "2012-03-31": "$0.47", "2011-12-31": "$0.48", "2011-09-30": "$0.50", "2011-06-30": "$0.58"}, "net worth": {"value": "$8.83B"}, "current ratio": {"current": "1.21", "2020-09-30": "1.21", "2020-06-30": "1.25", "2020-03-31": "1.16", "2019-12-31": "1.21", "2019-09-30": "0.85", "2019-06-30": "0.81", "2019-03-31": "0.79", "2018-12-31": "1.31", "2018-09-30": "0.83", "2018-06-30": "0.96", "2018-03-31": "0.99", "2017-12-31": "0.93", "2017-09-30": "1.06", "2017-06-30": "1.87", "2017-03-31": "0.97", "2016-12-31": "1.19", "2016-09-30": "1.09", "2016-06-30": "1.02", "2016-03-31": "1.07", "2015-12-31": "1.03", "2015-09-30": "0.96", "2015-06-30": "0.95", "2015-03-31": "0.99", "2014-12-31": "0.95", "2014-09-30": "0.98", "2014-06-30": "0.99", "2014-03-31": "1.08", "2013-12-31": "1.06", "2013-09-30": "1.18", "2013-06-30": "1.03", "2013-03-31": "0.94", "2012-12-31": "1.02", "2012-09-30": "1.02", "2012-06-30": "1.03", "2012-03-31": "1.09", "2011-12-31": "1.09", "2011-09-30": "1.00", "2011-06-30": "1.58", "2011-03-31": "1.91", "2010-12-31": "1.82", "2010-09-30": "1.06", "2010-06-30": "0.00", "2010-03-31": "0.00", "2009-12-31": "0.00", "2009-09-30": "0.00", "2008-12-31": "0.62"}, "quick ratio": {"2020-09-30": "0.00", "2020-06-30": "0.00", "2020-03-31": "0.00", "2019-12-31": "0.00", "2019-09-30": "0.00", "2019-06-30": "0.00", "2019-03-31": "0.00", "2018-12-31": "0.00", "2018-09-30": "0.00", "2018-06-30": "0.00", "2018-03-31": "0.00", "2017-12-31": "0.00", "2017-09-30": "0.00", "2017-06-30": "0.00", "2017-03-31": "0.00", "2016-12-31": "0.00", "2016-09-30": "0.00", "2016-06-30": "0.00", "2016-03-31": "0.00", "2015-12-31": "0.00", "2015-09-30": "0.00", "2015-06-30": "0.00", "2015-03-31": "0.00", "2014-12-31": "0.00", "2014-09-30": "0.00", "2014-06-30": "0.00", "2014-03-31": "0.00", "2013-12-31": "0.00", "2013-09-30": "0.00", "2013-06-30": "0.00", "2013-03-31": "0.00", "2012-12-31": "0.00", "2012-09-30": "0.00", "2012-06-30": "0.00", "2012-03-31": "0.00", "2011-12-31": "0.00", "2011-09-30": "0.00", "2011-06-30": "0.00", "2011-03-31": "0.00", "2010-12-31": "0.00", "2010-09-30": "0.00", "2010-06-30": "0.00", "2010-03-31": "0.00", "2009-12-31": "0.00", "2009-09-30": "0.00", "2008-12-31": "0.00"}, "debt equity ratio": {"current": "0.53", "2020-09-30": "1.18", "2020-06-30": "1.21", "2020-03-31": "1.51", "2019-12-31": "1.53", "2019-09-30": "0.99", "2019-06-30": "0.95", "2019-03-31": "0.98", "2018-12-31": "0.97", "2018-09-30": "0.90", "2018-06-30": "0.95", "2018-03-31": "1.95", "2017-12-31": "2.02", "2017-09-30": "1.44", "2017-06-30": "1.45", "2017-03-31": "0.94", "2016-12-31": "1.05", "2016-09-30": "1.14", "2016-06-30": "1.18", "2016-03-31": "1.24", "2015-12-31": "0.91", "2015-09-30": "0.91", "2015-06-30": "0.91", "2015-03-31": "0.78", "2014-12-31": "0.72", "2014-09-30": "0.80", "2014-06-30": "0.65", "2014-03-31": "0.55", "2013-12-31": "0.60", "2013-09-30": "0.51", "2013-06-30": "0.52", "2013-03-31": "0.52", "2012-12-31": "0.58", "2012-09-30": "0.60", "2012-06-30": "0.73", "2012-03-31": "0.75", "2011-12-31": "0.80", "2011-09-30": "0.84", "2011-06-30": "0.91", "2011-03-31": "0.93", "2010-12-31": "0.99", "2010-09-30": "1.83", "2010-06-30": "0.00", "2010-03-31": "0.00", "2009-12-31": "0.00", "2009-09-30": "0.00", "2008-12-31": "-4.75"}, "return on equity": {"2020-09-30": "3.85%", "2020-06-30": "3.86%", "2020-03-31": "4.58%", "2019-12-31": "5.12%", "2019-09-30": "3.98%", "2019-06-30": "3.78%", "2019-03-31": "3.19%", "2018-12-31": "3.68%", "2018-09-30": "0.89%", "2018-06-30": "0.78%", "2018-03-31": "0.59%", "2017-12-31": "0.00%", "2017-09-30": "6.04%", "2017-06-30": "5.92%", "2017-03-31": "5.51%", "2016-12-31": "4.58%", "2016-09-30": "3.89%", "2016-06-30": "0.31%", "2016-03-31": "-1.24%", "2015-12-31": "-2.78%", "2015-09-30": "-4.01%", "2015-06-30": "-2.46%", "2015-03-31": "-3.39%", "2014-12-31": "-3.10%", "2014-09-30": "-2.50%", "2014-06-30": "2.53%", "2014-03-31": "6.24%", "2013-12-31": "7.23%", "2013-09-30": "8.35%", "2013-06-30": "4.58%", "2013-03-31": "2.00%", "2012-12-31": "2.49%", "2012-09-30": "0.86%", "2012-06-30": "-0.45%", "2012-03-31": "0.47%", "2011-12-31": "-0.99%", "2011-09-30": "-1.06%", "2011-06-30": "-0.65%", "2011-03-31": "-1.89%", "2010-12-31": "-3.29%", "2010-06-30": "inf%"}, "return on assets": {"2020-09-30": "1.65%", "2020-06-30": "1.68%", "2020-03-31": "2.03%", "2019-12-31": "2.42%", "2019-09-30": "2.02%", "2019-06-30": "1.94%", "2019-03-31": "1.64%", "2018-12-31": "1.77%", "2018-09-30": "0.39%", "2018-06-30": "0.32%", "2018-03-31": "0.22%", "2017-12-31": "0.00%", "2017-09-30": "2.70%", "2017-06-30": "2.74%", "2017-03-31": "2.66%", "2016-12-31": "2.13%", "2016-09-30": "1.84%", "2016-06-30": "0.15%", "2016-03-31": "-0.62%", "2015-12-31": "-1.48%", "2015-09-30": "-2.19%", "2015-06-30": "-1.36%", "2015-03-31": "-1.95%", "2014-12-31": "-1.84%", "2014-09-30": "-1.52%", "2014-06-30": "1.60%", "2014-03-31": "4.04%", "2013-12-31": "4.70%", "2013-09-30": "5.45%", "2013-06-30": "2.95%", "2013-03-31": "1.25%", "2012-12-31": "1.50%", "2012-09-30": "0.50%", "2012-06-30": "-0.25%", "2012-03-31": "0.26%", "2011-12-31": "-0.53%", "2011-09-30": "-0.55%", "2011-06-30": "-0.32%", "2011-03-31": "-0.90%", "2010-12-31": "-1.48%", "2010-06-30": "inf%"}, "return on investments": {"2020-09-30": "4.25%", "2020-06-30": "4.32%", "2020-03-31": "4.69%", "2019-12-31": "5.73%", "2019-09-30": "5.54%", "2019-06-30": "5.19%", "2019-03-31": "4.90%", "2018-12-31": "4.80%", "2018-09-30": "5.13%", "2018-06-30": "4.32%", "2018-03-31": "3.71%", "2017-12-31": "3.42%", "2017-09-30": "4.46%", "2017-06-30": "6.08%", "2017-03-31": "7.21%", "2016-12-31": "6.84%", "2016-09-30": "6.45%", "2016-06-30": "1.48%", "2016-03-31": "-0.52%", "2015-12-31": "-3.05%", "2015-09-30": "-5.89%", "2015-06-30": "-3.65%", "2015-03-31": "-5.15%", "2014-12-31": "-6.08%", "2014-09-30": "-5.11%", "2014-06-30": "2.28%", "2014-03-31": "inf%", "2013-12-31": "inf%", "2013-09-30": "37.74%", "2013-06-30": "17.13%", "2013-03-31": "5.47%", "2012-12-31": "4.45%", "2012-09-30": "1.84%", "2012-06-30": "0.00%", "2012-03-31": "1.53%", "2011-12-31": "0.40%", "2011-09-30": "0.42%", "2011-06-30": "1.99%", "2011-03-31": "3.55%", "2010-12-31": "7.23%", "2010-06-30": "inf%"}, "return on tangible equity": {"2020-09-30": "-8.17%", "2020-06-30": "-8.44%", "2020-03-31": "-10.18%", "2019-12-31": "-15.69%", "2019-09-30": "-18.64%", "2019-06-30": "-17.15%", "2019-03-31": "-15.13%", "2018-12-31": "-12.06%", "2018-09-30": "-2.07%", "2018-06-30": "-1.52%", "2018-03-31": "-1.06%", "2017-12-31": "0.00%", "2017-09-30": "-164.71%", "2017-06-30": "76.34%", "2017-03-31": "102.44%", "2016-12-31": "457.14%", "2016-09-30": "-472.73%", "2016-06-30": "-30.77%", "2016-03-31": "1600.00%", "2015-12-31": "-56.25%", "2015-09-30": "-70.27%", "2015-06-30": "-37.65%", "2015-03-31": "-38.60%", "2014-12-31": "-31.75%", "2014-09-30": "-22.22%", "2014-06-30": "16.93%", "2014-03-31": "38.19%", "2013-12-31": "50.00%", "2013-09-30": "70.23%", "2013-06-30": "63.16%", "2013-03-31": "51.28%", "2012-12-31": "600.00%", "2012-09-30": "-25.81%", "2012-06-30": "5.97%", "2012-03-31": "-21.05%", "2011-12-31": "-16.33%", "2011-09-30": "-7.14%", "2011-06-30": "-2.86%", "2011-03-31": "-8.25%", "2010-12-31": "-19.05%", "2010-06-30": "inf%"}, "dividend yield history": {"last payout": "$0.00", "last yield": "0.00%"}}