{"ticker": "O", "price": {"title": "Realty Income Historical Annual Stock Price Data", "value": 61.18, "historical": {"2021": {"Average Stock Price": "59.5975", "Year Open": "59.8600", "Year High": "61.1800", "Year Low": "57.7800", "Year Close": "61.1800", "Annual % Change": "-1.59%"}, "2020": {"Average Stock Price": "62.1462", "Year Open": "72.4800", "Year High": "82.4400", "Year Low": "42.5000", "Year Close": "62.1700", "Annual % Change": "-15.56%"}, "2019": {"Average Stock Price": "72.0763", "Year Open": "61.9300", "Year High": "81.9400", "Year Low": "61.9300", "Year Close": "73.6300", "Annual % Change": "16.80%"}, "2018": {"Average Stock Price": "55.5672", "Year Open": "56.6200", "Year High": "66.3400", "Year Low": "47.5600", "Year Close": "63.0400", "Annual % Change": "10.56%"}, "2017": {"Average Stock Price": "57.5357", "Year Open": "57.4900", "Year High": "63.1900", "Year Low": "53.2100", "Year Close": "57.0200", "Annual % Change": "-0.80%"}, "2016": {"Average Stock Price": "61.5967", "Year Open": "51.1800", "Year High": "72.1400", "Year Low": "51.1700", "Year Close": "57.4800", "Annual % Change": "11.33%"}, "2015": {"Average Stock Price": "48.6567", "Year Open": "48.6200", "Year High": "55.1400", "Year Low": "43.3800", "Year Close": "51.6300", "Annual % Change": "8.22%"}, "2014": {"Average Stock Price": "43.4822", "Year Open": "37.3500", "Year High": "49.5700", "Year Low": "37.3500", "Year Close": "47.7100", "Annual % Change": "27.81%"}, "2013": {"Average Stock Price": "43.2937", "Year Open": "41.1100", "Year High": "55.0900", "Year Low": "36.6800", "Year Close": "37.3300", "Annual % Change": "-7.16%"}, "2012": {"Average Stock Price": "39.4192", "Year Open": "34.8200", "Year High": "42.9600", "Year Low": "34.5200", "Year Close": "40.2100", "Annual % Change": "15.02%"}, "2011": {"Average Stock Price": "33.9544", "Year Open": "34.5800", "Year High": "36.0700", "Year Low": "28.0400", "Year Close": "34.9600", "Annual % Change": "2.22%"}, "2010": {"Average Stock Price": "31.6838", "Year Open": "26.1000", "Year High": "35.6500", "Year Low": "25.5200", "Year Close": "34.2000", "Annual % Change": "32.00%"}, "2009": {"Average Stock Price": "22.3775", "Year Open": "22.2100", "Year High": "27.5400", "Year Low": "15.0300", "Year Close": "25.9100", "Annual % Change": "11.92%"}, "2008": {"Average Stock Price": "23.8838", "Year Open": "25.2300", "Year High": "30.3200", "Year Low": "15.4700", "Year Close": "23.1500", "Annual % Change": "-14.32%"}, "2007": {"Average Stock Price": "27.5660", "Year Open": "27.7200", "Year High": "30.4500", "Year Low": "23.4700", "Year Close": "27.0200", "Annual % Change": "-2.45%"}, "2006": {"Average Stock Price": "24.0188", "Year Open": "22.2000", "Year High": "28.1700", "Year Low": "21.3000", "Year Close": "27.7000", "Annual % Change": "28.12%"}, "2005": {"Average Stock Price": "23.6438", "Year Open": "25.0200", "Year High": "25.6800", "Year Low": "21.2000", "Year Close": "21.6200", "Annual % Change": "-14.51%"}, "2004": {"Average Stock Price": "21.7196", "Year Open": "20.0000", "Year High": "26.0750", "Year Low": "18.1250", "Year Close": "25.2900", "Annual % Change": "26.45%"}, "2003": {"Average Stock Price": "19.0220", "Year Open": "17.6400", "Year High": "20.4900", "Year Low": "16.5250", "Year Close": "20.0000", "Annual % Change": "14.29%"}, "2002": {"Average Stock Price": "16.6685", "Year Open": "14.6450", "Year High": "18.4600", "Year Low": "14.6450", "Year Close": "17.5000", "Annual % Change": "19.05%"}, "2001": {"Average Stock Price": "13.8633", "Year Open": "12.2200", "Year High": "14.9900", "Year Low": "12.2200", "Year Close": "14.7000", "Annual % Change": "18.17%"}, "2000": {"Average Stock Price": "11.3584", "Year Open": "10.3750", "Year High": "12.7500", "Year Low": "9.6250", "Year Close": "12.4400", "Annual % Change": "20.60%"}, "1999": {"Average Stock Price": "11.4615", "Year Open": "12.2500", "Year High": "12.5000", "Year Low": "10.2500", "Year Close": "10.3150", "Annual % Change": "-17.08%"}, "1998": {"Average Stock Price": "12.8410", "Year Open": "12.8150", "Year High": "13.6250", "Year Low": "11.7800", "Year Close": "12.4400", "Annual % Change": "-2.20%"}, "1997": {"Average Stock Price": "12.8247", "Year Open": "11.8150", "Year High": "13.8150", "Year Low": "11.5000", "Year Close": "12.7200", "Annual % Change": "6.53%"}, "1996": {"Average Stock Price": "10.9287", "Year Open": "11.1900", "Year High": "12.0625", "Year Low": "9.8100", "Year Close": "11.9400", "Annual % Change": "6.13%"}, "1995": {"Average Stock Price": "9.8707", "Year Open": "8.4400", "Year High": "11.2500", "Year Low": "8.2500", "Year Close": "11.2500", "Annual % Change": "31.35%"}}}, "market cap": {"value": "$22.84B"}, "income statement": {"Revenue": {"2019-12-31": "1491.59100", "2018-12-31": "1327.83800", "2017-12-31": "1215.76800", "2016-12-31": "1103.17200", "2015-12-31": "1023.28500", "2014-12-31": "933.50500", "2013-12-31": "780.20900", "2012-12-31": "484.58100", "2011-12-31": "412.36000", "2010-12-31": "333.43700", "2009-12-31": "322.55000", "2008-12-31": "325.04100", "2007-12-31": "291.48300", "2006-12-31": "237.41600", "2005-12-31": "195.45300"}, "Cost Of Goods Sold": {"2019-12-31": "88.58500", "2018-12-31": "66.32600", "2017-12-31": "69.48000", "2016-12-31": "62.86500", "2015-12-31": "55.35200", "2014-12-31": "53.87100", "2013-12-31": "38.85100", "2012-12-31": "21.30600", "2011-12-31": "15.45700", "2010-12-31": "5.80500", "2009-12-31": "6.44300", "2008-12-31": "5.45800", "2007-12-31": "3.35600", "2006-12-31": "3.30000", "2005-12-31": "3.86500"}, "Gross Profit": {"2019-12-31": "1403.00600", "2018-12-31": "1261.51200", "2017-12-31": "1146.28800", "2016-12-31": "1040.30700", "2015-12-31": "967.93300", "2014-12-31": "879.63400", "2013-12-31": "741.35800", "2012-12-31": "463.27500", "2011-12-31": "396.90300", "2010-12-31": "327.63200", "2009-12-31": "316.10700", "2008-12-31": "319.58300", "2007-12-31": "288.12700", "2006-12-31": "234.11600", "2005-12-31": "191.58800"}, "Research And Development Expenses": {"2019-12-31": "", "2018-12-31": "", "2017-12-31": "", "2016-12-31": "", "2015-12-31": "", "2014-12-31": "", "2013-12-31": "", "2012-12-31": "", "2011-12-31": "", "2010-12-31": "", "2009-12-31": "", "2008-12-31": "", "2007-12-31": "", "2006-12-31": "", "2005-12-31": ""}, "SG&A Expenses": {"2019-12-31": "66.48300", "2018-12-31": "84.14800", "2017-12-31": "58.44600", "2016-12-31": "51.96600", "2015-12-31": "49.29800", "2014-12-31": "51.08500", "2013-12-31": "56.88100", "2012-12-31": "38.12300", "2011-12-31": "30.95400", "2010-12-31": "25.31100", "2009-12-31": "20.94600", "2008-12-31": "21.61800", "2007-12-31": "22.69400", "2006-12-31": "17.53900", "2005-12-31": "15.42100"}, "Other Operating Income Or Expenses": {"2019-12-31": "-331.17700", "2018-12-31": "-292.28900", "2017-12-31": "-304.59000", "2016-12-31": "-240.63800", "2015-12-31": "-243.63900", "2014-12-31": "-220.49200", "2013-12-31": "-181.73200", "2012-12-31": "-126.78200", "2011-12-31": "-108.31100", "2010-12-31": "-94.08600", "2009-12-31": "-85.72700", "2008-12-31": "-97.33000", "2007-12-31": "-64.33100", "2006-12-31": "-52.91800", "2005-12-31": "-40.94900"}, "Operating Expenses": {"2019-12-31": "1080.20600", "2018-12-31": "982.54300", "2017-12-31": "931.30400", "2016-12-31": "805.41200", "2015-12-31": "757.50400", "2014-12-31": "700.10900", "2013-12-31": "597.24600", "2012-12-31": "341.62500", "2011-12-31": "271.26800", "2010-12-31": "216.84300", "2009-12-31": "203.01800", "2008-12-31": "213.51000", "2007-12-31": "166.31300", "2006-12-31": "132.54000", "2005-12-31": "106.23700"}, "Operating Income": {"2019-12-31": "411.38490", "2018-12-31": "345.29500", "2017-12-31": "284.46400", "2016-12-31": "297.76000", "2015-12-31": "265.78090", "2014-12-31": "233.39600", "2013-12-31": "182.96300", "2012-12-31": "142.95600", "2011-12-31": "141.09200", "2010-12-31": "116.59400", "2009-12-31": "119.53200", "2008-12-31": "111.53100", "2007-12-31": "125.17000", "2006-12-31": "104.87600", "2005-12-31": "89.21600"}, "Total Non-Operating Income/Expense": {"2019-12-31": "32.25100", "2018-12-31": "24.64300", "2017-12-31": "40.89800", "2016-12-31": "21.97900", "2015-12-31": "22.24300", "2014-12-31": "39.20500", "2013-12-31": "", "2012-12-31": "", "2011-12-31": "", "2010-12-31": "", "2009-12-31": "", "2008-12-31": "", "2007-12-31": "", "2006-12-31": "", "2005-12-31": ""}, "Pre-Tax Income": {"2019-12-31": "443.63600", "2018-12-31": "369.93800", "2017-12-31": "325.36200", "2016-12-31": "319.73900", "2015-12-31": "288.02400", "2014-12-31": "272.60100", "2013-12-31": "182.96300", "2012-12-31": "142.95600", "2011-12-31": "141.09200", "2010-12-31": "116.59400", "2009-12-31": "119.53200", "2008-12-31": "111.53100", "2007-12-31": "125.17000", "2006-12-31": "104.87600", "2005-12-31": "89.21600"}, "Income Taxes": {"2019-12-31": "6.15800", "2018-12-31": "5.34000", "2017-12-31": "6.04400", "2016-12-31": "3.26200", "2015-12-31": "3.16900", "2014-12-31": "3.46100", "2013-12-31": "2.35000", "2012-12-31": "1.06100", "2011-12-31": "1.47000", "2010-12-31": "1.39300", "2009-12-31": "0.67700", "2008-12-31": "1.23000", "2007-12-31": "1.39200", "2006-12-31": "0.74700", "2005-12-31": "0.81300"}, "Income After Taxes": {"2019-12-31": "437.47800", "2018-12-31": "364.59800", "2017-12-31": "319.31800", "2016-12-31": "316.47700", "2015-12-31": "284.85500", "2014-12-31": "269.14000", "2013-12-31": "180.61300", "2012-12-31": "141.89500", "2011-12-31": "139.62200", "2010-12-31": "115.20100", "2009-12-31": "118.85500", "2008-12-31": "110.30100", "2007-12-31": "123.77800", "2006-12-31": "104.12900", "2005-12-31": "88.40300"}, "Other Income": {"2019-12-31": "", "2018-12-31": "", "2017-12-31": "", "2016-12-31": "", "2015-12-31": "", "2014-12-31": "", "2013-12-31": "", "2012-12-31": "", "2011-12-31": "", "2010-12-31": "", "2009-12-31": "", "2008-12-31": "", "2007-12-31": "", "2006-12-31": "", "2005-12-31": ""}, "Income From Continuous Operations": {"2019-12-31": "437.47800", "2018-12-31": "364.59800", "2017-12-31": "319.31800", "2016-12-31": "316.47700", "2015-12-31": "284.85500", "2014-12-31": "269.14000", "2013-12-31": "180.61300", "2012-12-31": "141.89500", "2011-12-31": "139.62200", "2010-12-31": "115.20100", "2009-12-31": "118.85500", "2008-12-31": "110.30100", "2007-12-31": "123.77800", "2006-12-31": "104.12900", "2005-12-31": "88.40300"}, "Income From Discontinued Operations": {"2019-12-31": "", "2018-12-31": "", "2017-12-31": "", "2016-12-31": "", "2015-12-31": "", "2014-12-31": "2.80000", "2013-12-31": "65.67000", "2012-12-31": "17.25700", "2011-12-31": "17.41000", "2010-12-31": "15.58300", "2009-12-31": "12.27200", "2008-12-31": "21.54000", "2007-12-31": "16.63100", "2006-12-31": "6.65200", "2005-12-31": "10.71600"}, "Net Income": {"2019-12-31": "436.48200", "2018-12-31": "363.61400", "2017-12-31": "301.51400", "2016-12-31": "288.49100", "2015-12-31": "256.68600", "2014-12-31": "227.55800", "2013-12-31": "203.63400", "2012-12-31": "114.53800", "2011-12-31": "132.77900", "2010-12-31": "106.53100", "2009-12-31": "106.87400", "2008-12-31": "107.58800", "2007-12-31": "116.15600", "2006-12-31": "99.41900", "2005-12-31": "89.71600"}, "EBITDA": {"2019-12-31": "1026.39300", "2018-12-31": "918.58700", "2017-12-31": "805.89000", "2016-12-31": "765.20000", "2015-12-31": "686.94900", "2014-12-31": "615.46000", "2013-12-31": "510.40000", "2012-12-31": "306.65600", "2011-12-31": "270.58700", "2010-12-31": "214.40100", "2009-12-31": "214.16000", "2008-12-31": "205.68400", "2007-12-31": "204.95900", "2006-12-31": "166.61000", "2005-12-31": "137.38500"}, "EBIT": {"2019-12-31": "411.38490", "2018-12-31": "345.29500", "2017-12-31": "284.46400", "2016-12-31": "297.76000", "2015-12-31": "265.78090", "2014-12-31": "233.39600", "2013-12-31": "182.96300", "2012-12-31": "142.95600", "2011-12-31": "141.09200", "2010-12-31": "116.59400", "2009-12-31": "119.53200", "2008-12-31": "111.53100", "2007-12-31": "125.17000", "2006-12-31": "104.87600", "2005-12-31": "89.21600"}, "Basic Shares Outstanding": {"2019-12-31": "315.83700", "2018-12-31": "289.42700", "2017-12-31": "273.46600", "2016-12-31": "255.06700", "2015-12-31": "235.76800", "2014-12-31": "218.39100", "2013-12-31": "191.75500", "2012-12-31": "132.81700", "2011-12-31": "126.14300", "2010-12-31": "105.87000", "2009-12-31": "103.57800", "2008-12-31": "101.17800", "2007-12-31": "100.19500", "2006-12-31": "89.76700", "2005-12-31": "79.95000"}, "Shares Outstanding": {"2019-12-31": "316.15900", "2018-12-31": "289.92400", "2017-12-31": "273.93700", "2016-12-31": "255.62400", "2015-12-31": "236.20900", "2014-12-31": "218.76800", "2013-12-31": "191.78200", "2012-12-31": "132.88500", "2011-12-31": "126.18900", "2010-12-31": "105.94300", "2009-12-31": "103.58100", "2008-12-31": "101.21000", "2007-12-31": "100.33400", "2006-12-31": "89.91800", "2005-12-31": "80.20900"}, "Basic EPS": {"2019-12-31": "1.38000", "2018-12-31": "1.26000", "2017-12-31": "1.10000", "2016-12-31": "1.13000", "2015-12-31": "1.09000", "2014-12-31": "1.04000", "2013-12-31": "1.06000", "2012-12-31": "0.86000", "2011-12-31": "1.05000", "2010-12-31": "1.01000", "2009-12-31": "1.03000", "2008-12-31": "1.06000", "2007-12-31": "1.16000", "2006-12-31": "1.11000", "2005-12-31": "1.12000"}, "EPS - Earnings Per Share": {"2019-12-31": "1.38000", "2018-12-31": "1.26000", "2017-12-31": "1.10000", "2016-12-31": "1.13000", "2015-12-31": "1.09000", "2014-12-31": "1.04000", "2013-12-31": "1.06000", "2012-12-31": "0.86000", "2011-12-31": "1.05000", "2010-12-31": "1.01000", "2009-12-31": "1.03000", "2008-12-31": "1.06000", "2007-12-31": "1.16000", "2006-12-31": "1.11000", "2005-12-31": "1.12000"}}, "income statement, quarterly": {"Revenue": {"2020-09-30": "404.57200", "2020-06-30": "414.63600", "2020-03-31": "414.34100", "2019-12-31": "397.52900", "2019-09-30": "374.24700", "2019-06-30": "365.45000", "2019-03-31": "354.36500", "2018-12-31": "342.57600", "2018-09-30": "338.08100", "2018-06-30": "328.88600", "2018-03-31": "318.29500", "2017-12-31": "310.65290", "2017-09-30": "306.92000", "2017-06-30": "300.17000", "2017-03-31": "298.02500", "2016-12-31": "287.84300", "2016-09-30": "277.17400", "2016-06-30": "271.03900", "2016-03-31": "267.11600", "2015-12-31": "263.66900", "2015-09-30": "258.88900", "2015-06-30": "253.86000", "2015-03-31": "246.86700", "2014-12-31": "247.57400", "2014-09-30": "235.71300", "2014-06-30": "228.64600", "2014-03-31": "221.57200", "2013-12-31": "216.16300", "2013-09-30": "202.08100", "2013-06-30": "186.44300", "2013-03-31": "175.52200", "2012-12-31": "141.99400", "2012-09-30": "117.14900", "2012-06-30": "113.13300", "2012-03-31": "112.30500", "2011-12-31": "107.22600", "2011-09-30": "106.23000", "2011-06-30": "101.62000", "2011-03-31": "97.28400", "2010-12-31": "81.58900", "2010-09-30": "86.83300", "2010-06-30": "82.39700", "2010-03-31": "82.61800", "2009-12-31": "77.25400", "2009-09-30": "81.46300", "2009-06-30": "81.30100", "2009-03-31": "82.53200", "2008-12-31": "78.06700", "2008-09-30": "82.22300", "2008-06-30": "82.06200", "2008-03-31": "82.68900", "2007-12-31": "76.30600", "2007-09-30": "73.52200", "2007-06-30": "70.32500", "2007-03-31": "71.33000", "2006-12-31": "66.66500", "2006-09-30": "59.16400", "2006-06-30": "56.46900", "2006-03-31": "55.11800", "2005-12-31": "52.79800", "2005-09-30": "48.88700", "2005-06-30": "47.21500", "2005-03-31": "46.55300"}, "Cost Of Goods Sold": {"2020-09-30": "25.41000", "2020-06-30": "26.45200", "2020-03-31": "25.60600", "2019-12-31": "25.25300", "2019-09-30": "20.35400", "2019-06-30": "21.34200", "2019-03-31": "21.63600", "2018-12-31": "17.73200", "2018-09-30": "15.80600", "2018-06-30": "16.23600", "2018-03-31": "16.55200", "2017-12-31": "16.65200", "2017-09-30": "17.26700", "2017-06-30": "16.48600", "2017-03-31": "19.07500", "2016-12-31": "17.41100", "2016-09-30": "15.67800", "2016-06-30": "14.67100", "2016-03-31": "15.10500", "2015-12-31": "12.89700", "2015-09-30": "13.54200", "2015-06-30": "14.93700", "2015-03-31": "13.97600", "2014-12-31": "20.39700", "2014-09-30": "12.77000", "2014-06-30": "10.12700", "2014-03-31": "10.57700", "2013-12-31": "13.05900", "2013-09-30": "8.46600", "2013-06-30": "7.75400", "2013-03-31": "9.57200", "2012-12-31": "15.87300", "2012-09-30": "1.53200", "2012-06-30": "1.74600", "2012-03-31": "2.15500", "2011-12-31": "10.49800", "2011-09-30": "1.65700", "2011-06-30": "1.59700", "2011-03-31": "1.70500", "2010-12-31": "0.44600", "2010-09-30": "1.74200", "2010-06-30": "1.64600", "2010-03-31": "1.97100", "2009-12-31": "1.04500", "2009-09-30": "1.47200", "2009-06-30": "1.78600", "2009-03-31": "2.14000", "2008-12-31": "1.42600", "2008-09-30": "1.73000", "2008-06-30": "1.08600", "2008-03-31": "1.21600", "2007-12-31": "0.72200", "2007-09-30": "0.81500", "2007-06-30": "0.95800", "2007-03-31": "0.86100", "2006-12-31": "0.96800", "2006-09-30": "0.78700", "2006-06-30": "0.68500", "2006-03-31": "0.86000", "2005-12-31": "1.01000", "2005-09-30": "1.00200", "2005-06-30": "1.00800", "2005-03-31": "0.84500"}, "Gross Profit": {"2020-09-30": "379.16200", "2020-06-30": "388.18400", "2020-03-31": "388.73500", "2019-12-31": "372.27600", "2019-09-30": "353.89300", "2019-06-30": "344.10800", "2019-03-31": "332.72900", "2018-12-31": "324.84400", "2018-09-30": "322.27500", "2018-06-30": "312.65000", "2018-03-31": "301.74300", "2017-12-31": "294.00090", "2017-09-30": "289.65300", "2017-06-30": "283.68400", "2017-03-31": "278.95000", "2016-12-31": "270.43200", "2016-09-30": "261.49600", "2016-06-30": "256.36800", "2016-03-31": "252.01100", "2015-12-31": "250.77200", "2015-09-30": "245.34700", "2015-06-30": "238.92300", "2015-03-31": "232.89100", "2014-12-31": "227.17700", "2014-09-30": "222.94300", "2014-06-30": "218.51900", "2014-03-31": "210.99500", "2013-12-31": "203.10400", "2013-09-30": "193.61500", "2013-06-30": "178.68900", "2013-03-31": "165.95000", "2012-12-31": "126.12100", "2012-09-30": "115.61700", "2012-06-30": "111.38700", "2012-03-31": "110.15000", "2011-12-31": "96.72800", "2011-09-30": "104.57300", "2011-06-30": "100.02300", "2011-03-31": "95.57900", "2010-12-31": "81.14300", "2010-09-30": "85.09100", "2010-06-30": "80.75100", "2010-03-31": "80.64700", "2009-12-31": "76.20900", "2009-09-30": "79.99100", "2009-06-30": "79.51500", "2009-03-31": "80.39200", "2008-12-31": "76.64100", "2008-09-30": "80.49300", "2008-06-30": "80.97600", "2008-03-31": "81.47300", "2007-12-31": "75.58400", "2007-09-30": "72.70700", "2007-06-30": "69.36700", "2007-03-31": "70.46900", "2006-12-31": "65.69700", "2006-09-30": "58.37700", "2006-06-30": "55.78400", "2006-03-31": "54.25800", "2005-12-31": "51.78800", "2005-09-30": "47.88500", "2005-06-30": "46.20700", "2005-03-31": "45.70800"}, "Research And Development Expenses": {"2020-09-30": "", "2020-06-30": "", "2020-03-31": "", "2019-12-31": "", "2019-09-30": "", "2019-06-30": "", "2019-03-31": "", "2018-12-31": "", "2018-09-30": "", "2018-06-30": "", "2018-03-31": "", "2017-12-31": "", "2017-09-30": "", "2017-06-30": "", "2017-03-31": "", "2016-12-31": "", "2016-09-30": "", "2016-06-30": "", "2016-03-31": "", "2015-12-31": "", "2015-09-30": "", "2015-06-30": "", "2015-03-31": "", "2014-12-31": "", "2014-09-30": "", "2014-06-30": "", "2014-03-31": "", "2013-12-31": "", "2013-09-30": "", "2013-06-30": "", "2013-03-31": "", "2012-12-31": "", "2012-09-30": "", "2012-06-30": "", "2012-03-31": "", "2011-12-31": "", "2011-09-30": "", "2011-06-30": "", "2011-03-31": "", "2010-12-31": "", "2010-09-30": "", "2010-06-30": "", "2010-03-31": "", "2009-12-31": "", "2009-09-30": "", "2009-06-30": "", "2009-03-31": "", "2008-12-31": "", "2008-09-30": "", "2008-06-30": "", "2008-03-31": "", "2007-12-31": "", "2007-09-30": "", "2007-06-30": "", "2007-03-31": "", "2006-12-31": "", "2006-09-30": "", "2006-06-30": "", "2006-03-31": "", "2005-12-31": "", "2005-09-30": "", "2005-06-30": "", "2005-03-31": ""}, "SG&A Expenses": {"2020-09-30": "16.51400", "2020-06-30": "19.06300", "2020-03-31": "20.96400", "2019-12-31": "16.33000", "2019-09-30": "16.46000", "2019-06-30": "18.58500", "2019-03-31": "15.10800", "2018-12-31": "34.17800", "2018-09-30": "16.33200", "2018-06-30": "17.95400", "2018-03-31": "15.68400", "2017-12-31": "15.21900", "2017-09-30": "13.88100", "2017-06-30": "15.78100", "2017-03-31": "13.56500", "2016-12-31": "13.56000", "2016-09-30": "12.10300", "2016-06-30": "13.98500", "2016-03-31": "12.31800", "2015-12-31": "12.96600", "2015-09-30": "10.86100", "2015-06-30": "12.60900", "2015-03-31": "12.86200", "2014-12-31": "15.58700", "2014-09-30": "11.02500", "2014-06-30": "11.58700", "2014-03-31": "12.88600", "2013-12-31": "16.52500", "2013-09-30": "16.64000", "2013-06-30": "12.08800", "2013-03-31": "11.62800", "2012-12-31": "10.34700", "2012-09-30": "9.33500", "2012-06-30": "9.27300", "2012-03-31": "9.16800", "2011-12-31": "7.95400", "2011-09-30": "7.14300", "2011-06-30": "7.98700", "2011-03-31": "7.87000", "2010-12-31": "5.78500", "2010-09-30": "6.16500", "2010-06-30": "6.65000", "2010-03-31": "6.71100", "2009-12-31": "5.08400", "2009-09-30": "4.90600", "2009-06-30": "5.00600", "2009-03-31": "5.95000", "2008-12-31": "5.05300", "2008-09-30": "5.09700", "2008-06-30": "5.92400", "2008-03-31": "5.54400", "2007-12-31": "5.47500", "2007-09-30": "6.29000", "2007-06-30": "5.83800", "2007-03-31": "5.09100", "2006-12-31": "4.85700", "2006-09-30": "4.08300", "2006-06-30": "4.35400", "2006-03-31": "4.24500", "2005-12-31": "3.49300", "2005-09-30": "4.16600", "2005-06-30": "3.70600", "2005-03-31": "4.05600"}, "Other Operating Income Or Expenses": {"2020-09-30": "-181.90100", "2020-06-30": "-91.71000", "2020-03-31": "-90.22200", "2019-12-31": "-84.02300", "2019-09-30": "-86.91300", "2019-06-30": "-85.54900", "2019-03-31": "-74.69200", "2018-12-31": "-71.87000", "2018-09-30": "-76.20400", "2018-06-30": "-70.57900", "2018-03-31": "-73.63600", "2017-12-31": "-110.58300", "2017-09-30": "-63.31600", "2017-06-30": "-65.95300", "2017-03-31": "-64.73800", "2016-12-31": "-52.64400", "2016-09-30": "-61.71500", "2016-06-30": "-63.67800", "2016-03-31": "-62.60100", "2015-12-31": "-53.36000", "2015-09-30": "-67.81400", "2015-06-30": "-61.91000", "2015-03-31": "-60.55500", "2014-12-31": "-60.56900", "2014-09-30": "-53.30900", "2014-06-30": "-53.21100", "2014-03-31": "-53.40300", "2013-12-31": "-50.77500", "2013-09-30": "-49.83600", "2013-06-30": "-39.52200", "2013-03-31": "-41.59900", "2012-12-31": "-39.30400", "2012-09-30": "-29.72000", "2012-06-30": "-28.80600", "2012-03-31": "-28.95200", "2011-12-31": "-28.99200", "2011-09-30": "-28.55000", "2011-06-30": "-25.64700", "2011-03-31": "-25.12200", "2010-12-31": "-25.98000", "2010-09-30": "-25.13500", "2010-06-30": "-21.57600", "2010-03-31": "-21.39500", "2009-12-31": "-21.57600", "2009-09-30": "-21.37400", "2009-06-30": "-21.36700", "2009-03-31": "-21.41000", "2008-12-31": "-26.10000", "2008-09-30": "-23.91500", "2008-06-30": "-23.92900", "2008-03-31": "-23.38600", "2007-12-31": "-22.60300", "2007-09-30": "-16.16300", "2007-06-30": "-13.02900", "2007-03-31": "-12.53600", "2006-12-31": "-13.70500", "2006-09-30": "-14.08500", "2006-06-30": "-11.93000", "2006-03-31": "-13.19800", "2005-12-31": "-11.87000", "2005-09-30": "-10.22800", "2005-06-30": "-9.79300", "2005-03-31": "-9.05800"}, "Operating Expenses": {"2020-09-30": "392.90900", "2020-06-30": "305.55300", "2020-03-31": "301.37700", "2019-12-31": "282.20010", "2019-09-30": "273.15100", "2019-06-30": "275.90200", "2019-03-31": "248.95300", "2018-12-31": "261.49100", "2018-09-30": "245.30900", "2018-06-30": "238.76800", "2018-03-31": "236.97500", "2017-12-31": "269.48700", "2017-09-30": "222.03300", "2017-06-30": "221.30900", "2017-03-31": "218.47500", "2016-12-31": "201.36600", "2016-09-30": "203.41300", "2016-06-30": "202.67600", "2016-03-31": "197.95700", "2015-12-31": "184.96200", "2015-09-30": "196.55500", "2015-06-30": "190.55700", "2015-03-31": "185.43000", "2014-12-31": "193.09000", "2014-09-30": "172.36400", "2014-06-30": "167.81900", "2014-03-31": "166.83600", "2013-12-31": "165.78900", "2013-09-30": "156.00400", "2013-06-30": "133.87500", "2013-03-31": "141.57800", "2012-12-31": "109.08400", "2012-09-30": "83.12100", "2012-06-30": "74.56700", "2012-03-31": "74.85300", "2011-12-31": "77.14800", "2011-09-30": "68.91100", "2011-06-30": "63.90400", "2011-03-31": "61.30500", "2010-12-31": "53.58300", "2010-09-30": "56.98300", "2010-06-30": "53.15900", "2010-03-31": "53.11800", "2009-12-31": "49.38200", "2009-09-30": "50.43200", "2009-06-30": "50.94100", "2009-03-31": "52.26300", "2008-12-31": "54.10100", "2008-09-30": "53.49600", "2008-06-30": "53.69100", "2008-03-31": "52.22200", "2007-12-31": "48.81700", "2007-09-30": "42.70100", "2007-06-30": "38.23900", "2007-03-31": "36.55600", "2006-12-31": "35.44100", "2006-09-30": "33.54100", "2006-06-30": "31.75100", "2006-03-31": "31.80700", "2005-12-31": "29.23800", "2005-09-30": "26.62200", "2005-06-30": "25.67000", "2005-03-31": "24.70700"}, "Operating Income": {"2020-09-30": "11.66300", "2020-06-30": "109.08300", "2020-03-31": "112.96400", "2019-12-31": "115.32890", "2019-09-30": "101.09600", "2019-06-30": "89.54800", "2019-03-31": "105.41200", "2018-12-31": "81.08500", "2018-09-30": "92.77200", "2018-06-30": "90.11800", "2018-03-31": "81.32000", "2017-12-31": "41.16590", "2017-09-30": "84.88700", "2017-06-30": "78.86100", "2017-03-31": "79.55000", "2016-12-31": "86.47690", "2016-09-30": "73.76100", "2016-06-30": "68.36300", "2016-03-31": "69.15900", "2015-12-31": "78.70700", "2015-09-30": "62.33400", "2015-06-30": "63.30300", "2015-03-31": "61.43700", "2014-12-31": "54.48400", "2014-09-30": "63.34900", "2014-06-30": "60.82700", "2014-03-31": "54.73600", "2013-12-31": "50.37400", "2013-09-30": "46.07700", "2013-06-30": "52.56800", "2013-03-31": "33.94400", "2012-12-31": "32.91000", "2012-09-30": "34.02800", "2012-06-30": "38.56600", "2012-03-31": "37.45200", "2011-12-31": "30.07800", "2011-09-30": "37.31900", "2011-06-30": "37.71600", "2011-03-31": "35.97900", "2010-12-31": "28.00600", "2010-09-30": "29.85000", "2010-06-30": "29.23800", "2010-03-31": "29.50000", "2009-12-31": "27.87200", "2009-09-30": "31.03100", "2009-06-30": "30.36000", "2009-03-31": "30.26900", "2008-12-31": "23.96600", "2008-09-30": "28.72700", "2008-06-30": "28.37100", "2008-03-31": "30.46700", "2007-12-31": "27.48900", "2007-09-30": "30.82100", "2007-06-30": "32.08600", "2007-03-31": "34.77400", "2006-12-31": "31.22400", "2006-09-30": "25.62300", "2006-06-30": "24.71800", "2006-03-31": "23.31100", "2005-12-31": "23.56000", "2005-09-30": "22.26500", "2005-06-30": "21.54500", "2005-03-31": "21.84600"}, "Total Non-Operating Income/Expense": {"2020-09-30": "16.07200", "2020-06-30": "1.82500", "2020-03-31": "36.94200", "2019-12-31": "15.96000", "2019-09-30": "2.00100", "2019-06-30": "7.02700", "2019-03-31": "7.26300", "2018-12-31": "5.82500", "2018-09-30": "7.81300", "2018-06-30": "7.78700", "2018-03-31": "3.21800", "2017-12-31": "23.20800", "2017-09-30": "4.31900", "2017-06-30": "2.83900", "2017-03-31": "10.53200", "2016-12-31": "6.69700", "2016-09-30": "4.33500", "2016-06-30": "8.65800", "2016-03-31": "2.28900", "2015-12-31": "5.12600", "2015-09-30": "6.22400", "2015-06-30": "3.67500", "2015-03-31": "7.21800", "2014-12-31": "24.99500", "2014-09-30": "10.97500", "2014-06-30": "1.96400", "2014-03-31": "1.27100", "2013-12-31": "", "2013-09-30": "", "2013-06-30": "", "2013-03-31": "", "2012-12-31": "", "2012-09-30": "", "2012-06-30": "", "2012-03-31": "", "2011-12-31": "", "2011-09-30": "", "2011-06-30": "", "2011-03-31": "", "2010-12-31": "", "2010-09-30": "", "2010-06-30": "", "2010-03-31": "", "2009-12-31": "", "2009-09-30": "", "2009-06-30": "", "2009-03-31": "", "2008-12-31": "", "2008-09-30": "", "2008-06-30": "", "2008-03-31": "", "2007-12-31": "", "2007-09-30": "", "2007-06-30": "", "2007-03-31": "", "2006-12-31": "", "2006-09-30": "", "2006-06-30": "", "2006-03-31": "", "2005-12-31": "", "2005-09-30": "", "2005-06-30": "", "2005-03-31": ""}, "Pre-Tax Income": {"2020-09-30": "27.73500", "2020-06-30": "110.90800", "2020-03-31": "149.90600", "2019-12-31": "131.28900", "2019-09-30": "103.09700", "2019-06-30": "96.57500", "2019-03-31": "112.67500", "2018-12-31": "86.91000", "2018-09-30": "100.58500", "2018-06-30": "97.90500", "2018-03-31": "84.53800", "2017-12-31": "64.37400", "2017-09-30": "89.20600", "2017-06-30": "81.70000", "2017-03-31": "90.08200", "2016-12-31": "93.17400", "2016-09-30": "78.09600", "2016-06-30": "77.02100", "2016-03-31": "71.44800", "2015-12-31": "83.83300", "2015-09-30": "68.55800", "2015-06-30": "66.97800", "2015-03-31": "68.65500", "2014-12-31": "79.47900", "2014-09-30": "74.32400", "2014-06-30": "62.79100", "2014-03-31": "56.00700", "2013-12-31": "50.37400", "2013-09-30": "46.07700", "2013-06-30": "52.56800", "2013-03-31": "33.94400", "2012-12-31": "32.91000", "2012-09-30": "34.02800", "2012-06-30": "38.56600", "2012-03-31": "37.45200", "2011-12-31": "30.07800", "2011-09-30": "37.31900", "2011-06-30": "37.71600", "2011-03-31": "35.97900", "2010-12-31": "28.00600", "2010-09-30": "29.85000", "2010-06-30": "29.23800", "2010-03-31": "29.50000", "2009-12-31": "27.87200", "2009-09-30": "31.03100", "2009-06-30": "30.36000", "2009-03-31": "30.26900", "2008-12-31": "23.96600", "2008-09-30": "28.72700", "2008-06-30": "28.37100", "2008-03-31": "30.46700", "2007-12-31": "27.48900", "2007-09-30": "30.82100", "2007-06-30": "32.08600", "2007-03-31": "34.77400", "2006-12-31": "31.22400", "2006-09-30": "25.62300", "2006-06-30": "24.71800", "2006-03-31": "23.31100", "2005-12-31": "23.56000", "2005-09-30": "22.26500", "2005-06-30": "21.54500", "2005-03-31": "21.84600"}, "Income Taxes": {"2020-09-30": "4.59200", "2020-06-30": "2.83800", "2020-03-31": "2.76300", "2019-12-31": "1.73600", "2019-09-30": "1.82200", "2019-06-30": "1.15500", "2019-03-31": "1.44500", "2018-12-31": "1.60700", "2018-09-30": "1.30200", "2018-06-30": "1.20800", "2018-03-31": "1.22300", "2017-12-31": "3.42300", "2017-09-30": "1.13300", "2017-06-30": "0.44100", "2017-03-31": "1.04700", "2016-12-31": "0.45100", "2016-09-30": "0.89400", "2016-06-30": "0.95300", "2016-03-31": "0.96400", "2015-12-31": "0.72200", "2015-09-30": "0.74500", "2015-06-30": "0.62800", "2015-03-31": "1.07400", "2014-12-31": "1.10300", "2014-09-30": "0.69700", "2014-06-30": "0.57000", "2014-03-31": "1.09100", "2013-12-31": "0.58000", "2013-09-30": "0.56900", "2013-06-30": "0.62400", "2013-03-31": "0.57700", "2012-12-31": "-0.15400", "2012-09-30": "0.40500", "2012-06-30": "0.40500", "2012-03-31": "0.40500", "2011-12-31": "0.36700", "2011-09-30": "0.36700", "2011-06-30": "0.36800", "2011-03-31": "0.36800", "2010-12-31": "0.50400", "2010-09-30": "0.33500", "2010-06-30": "0.27700", "2010-03-31": "0.27700", "2009-12-31": "-0.00800", "2009-09-30": "0.07400", "2009-06-30": "0.30800", "2009-03-31": "0.30300", "2008-12-31": "0.30600", "2008-09-30": "0.30800", "2008-06-30": "0.21800", "2008-03-31": "0.39800", "2007-12-31": "0.44400", "2007-09-30": "0.35000", "2007-06-30": "0.35300", "2007-03-31": "0.24500", "2006-12-31": "0.18900", "2006-09-30": "0.09600", "2006-06-30": "0.23100", "2006-03-31": "0.23100", "2005-12-31": "0.21000", "2005-09-30": "0.20200", "2005-06-30": "0.20300", "2005-03-31": "0.19800"}, "Income After Taxes": {"2020-09-30": "23.14300", "2020-06-30": "108.07000", "2020-03-31": "147.14300", "2019-12-31": "129.55300", "2019-09-30": "101.27500", "2019-06-30": "95.42000", "2019-03-31": "111.23000", "2018-12-31": "85.30300", "2018-09-30": "99.28300", "2018-06-30": "96.69700", "2018-03-31": "83.31500", "2017-12-31": "60.95100", "2017-09-30": "88.07300", "2017-06-30": "81.25900", "2017-03-31": "89.03500", "2016-12-31": "92.72300", "2016-09-30": "77.20200", "2016-06-30": "76.06800", "2016-03-31": "70.48400", "2015-12-31": "83.11100", "2015-09-30": "67.81300", "2015-06-30": "66.35000", "2015-03-31": "67.58100", "2014-12-31": "78.37600", "2014-09-30": "73.62700", "2014-06-30": "62.22100", "2014-03-31": "54.91600", "2013-12-31": "49.79400", "2013-09-30": "45.50800", "2013-06-30": "51.94400", "2013-03-31": "33.36700", "2012-12-31": "33.06400", "2012-09-30": "33.62300", "2012-06-30": "38.16100", "2012-03-31": "37.04700", "2011-12-31": "29.71100", "2011-09-30": "36.95200", "2011-06-30": "37.34800", "2011-03-31": "35.61100", "2010-12-31": "27.50200", "2010-09-30": "29.51500", "2010-06-30": "28.96100", "2010-03-31": "29.22300", "2009-12-31": "27.88000", "2009-09-30": "30.95700", "2009-06-30": "30.05200", "2009-03-31": "29.96600", "2008-12-31": "23.66000", "2008-09-30": "28.41900", "2008-06-30": "28.15300", "2008-03-31": "30.06900", "2007-12-31": "27.04500", "2007-09-30": "30.47100", "2007-06-30": "31.73300", "2007-03-31": "34.52900", "2006-12-31": "31.03500", "2006-09-30": "25.52700", "2006-06-30": "24.48700", "2006-03-31": "23.08000", "2005-12-31": "23.35000", "2005-09-30": "22.06300", "2005-06-30": "21.34200", "2005-03-31": "21.64800"}, "Other Income": {"2020-09-30": "", "2020-06-30": "", "2020-03-31": "", "2019-12-31": "", "2019-09-30": "", "2019-06-30": "", "2019-03-31": "", "2018-12-31": "", "2018-09-30": "", "2018-06-30": "", "2018-03-31": "", "2017-12-31": "", "2017-09-30": "", "2017-06-30": "", "2017-03-31": "", "2016-12-31": "", "2016-09-30": "", "2016-06-30": "", "2016-03-31": "", "2015-12-31": "", "2015-09-30": "", "2015-06-30": "", "2015-03-31": "", "2014-12-31": "", "2014-09-30": "", "2014-06-30": "", "2014-03-31": "", "2013-12-31": "", "2013-09-30": "", "2013-06-30": "", "2013-03-31": "", "2012-12-31": "", "2012-09-30": "", "2012-06-30": "", "2012-03-31": "", "2011-12-31": "", "2011-09-30": "", "2011-06-30": "", "2011-03-31": "", "2010-12-31": "", "2010-09-30": "", "2010-06-30": "", "2010-03-31": "", "2009-12-31": "", "2009-09-30": "", "2009-06-30": "", "2009-03-31": "", "2008-12-31": "", "2008-09-30": "", "2008-06-30": "", "2008-03-31": "", "2007-12-31": "", "2007-09-30": "", "2007-06-30": "", "2007-03-31": "", "2006-12-31": "", "2006-09-30": "", "2006-06-30": "", "2006-03-31": "", "2005-12-31": "", "2005-09-30": "", "2005-06-30": "", "2005-03-31": ""}, "Income From Continuous Operations": {"2020-09-30": "23.14300", "2020-06-30": "108.07000", "2020-03-31": "147.14300", "2019-12-31": "129.55300", "2019-09-30": "101.27500", "2019-06-30": "95.42000", "2019-03-31": "111.23000", "2018-12-31": "85.30300", "2018-09-30": "99.28300", "2018-06-30": "96.69700", "2018-03-31": "83.31500", "2017-12-31": "60.95100", "2017-09-30": "88.07300", "2017-06-30": "81.25900", "2017-03-31": "89.03500", "2016-12-31": "92.72300", "2016-09-30": "77.20200", "2016-06-30": "76.06800", "2016-03-31": "70.48400", "2015-12-31": "83.11100", "2015-09-30": "67.81300", "2015-06-30": "66.35000", "2015-03-31": "67.58100", "2014-12-31": "78.37600", "2014-09-30": "73.62700", "2014-06-30": "62.22100", "2014-03-31": "54.91600", "2013-12-31": "49.79400", "2013-09-30": "45.50800", "2013-06-30": "51.94400", "2013-03-31": "33.36700", "2012-12-31": "33.06400", "2012-09-30": "33.62300", "2012-06-30": "38.16100", "2012-03-31": "37.04700", "2011-12-31": "29.71100", "2011-09-30": "36.95200", "2011-06-30": "37.34800", "2011-03-31": "35.61100", "2010-12-31": "27.50200", "2010-09-30": "29.51500", "2010-06-30": "28.96100", "2010-03-31": "29.22300", "2009-12-31": "27.88000", "2009-09-30": "30.95700", "2009-06-30": "30.05200", "2009-03-31": "29.96600", "2008-12-31": "23.66000", "2008-09-30": "28.41900", "2008-06-30": "28.15300", "2008-03-31": "30.06900", "2007-12-31": "27.04500", "2007-09-30": "30.47100", "2007-06-30": "31.73300", "2007-03-31": "34.52900", "2006-12-31": "31.03500", "2006-09-30": "25.52700", "2006-06-30": "24.48700", "2006-03-31": "23.08000", "2005-12-31": "23.35000", "2005-09-30": "22.06300", "2005-06-30": "21.34200", "2005-03-31": "21.64800"}, "Income From Discontinued Operations": {"2020-09-30": "", "2020-06-30": "", "2020-03-31": "", "2019-12-31": "", "2019-09-30": "", "2019-06-30": "", "2019-03-31": "", "2018-12-31": "", "2018-09-30": "", "2018-06-30": "", "2018-03-31": "", "2017-12-31": "", "2017-09-30": "", "2017-06-30": "", "2017-03-31": "", "2016-12-31": "", "2016-09-30": "", "2016-06-30": "", "2016-03-31": "", "2015-12-31": "", "2015-09-30": "", "2015-06-30": "", "2015-03-31": "", "2014-12-31": "-0.29700", "2014-09-30": "", "2014-06-30": "0.02000", "2014-03-31": "3.07700", "2013-12-31": "14.84000", "2013-09-30": "6.39900", "2013-06-30": "4.57200", "2013-03-31": "39.85900", "2012-12-31": "5.96000", "2012-09-30": "3.83500", "2012-06-30": "5.24600", "2012-03-31": "2.21600", "2011-12-31": "11.29400", "2011-09-30": "3.82800", "2011-06-30": "1.90000", "2011-03-31": "0.38800", "2010-12-31": "10.37500", "2010-09-30": "2.13900", "2010-06-30": "2.08700", "2010-03-31": "0.98200", "2009-12-31": "7.45100", "2009-09-30": "2.19500", "2009-06-30": "2.50800", "2009-03-31": "0.11800", "2008-12-31": "10.67200", "2008-09-30": "6.27800", "2008-06-30": "4.89800", "2008-03-31": "-0.30800", "2007-12-31": "6.13200", "2007-09-30": "3.50200", "2007-06-30": "5.20300", "2007-03-31": "1.79400", "2006-12-31": "1.66000", "2006-09-30": "1.03100", "2006-06-30": "2.15300", "2006-03-31": "1.80800", "2005-12-31": "4.47800", "2005-09-30": "1.05900", "2005-06-30": "3.32400", "2005-03-31": "1.85500"}, "Net Income": {"2020-09-30": "22.90400", "2020-06-30": "107.82400", "2020-03-31": "146.82700", "2019-12-31": "129.29700", "2019-09-30": "101.04900", "2019-06-30": "95.19400", "2019-03-31": "110.94200", "2018-12-31": "85.07200", "2018-09-30": "98.99900", "2018-06-30": "96.38000", "2018-03-31": "83.16300", "2017-12-31": "60.85200", "2017-09-30": "87.94000", "2017-06-30": "81.13600", "2017-03-31": "71.58600", "2016-12-31": "85.67100", "2016-09-30": "70.30200", "2016-06-30": "69.04500", "2016-03-31": "63.47300", "2015-12-31": "76.17000", "2015-09-30": "60.70500", "2015-06-30": "59.31700", "2015-03-31": "60.49400", "2014-12-31": "71.01800", "2014-09-30": "57.94100", "2014-06-30": "51.42000", "2014-03-31": "47.17900", "2013-12-31": "53.85300", "2013-09-30": "41.08900", "2013-06-30": "45.95700", "2013-03-31": "62.73500", "2012-12-31": "28.54100", "2012-09-30": "26.97600", "2012-06-30": "32.95000", "2012-03-31": "26.07100", "2011-12-31": "34.94100", "2011-09-30": "34.71700", "2011-06-30": "33.18500", "2011-03-31": "29.93600", "2010-12-31": "31.81300", "2010-09-30": "25.59100", "2010-06-30": "24.98500", "2010-03-31": "24.14200", "2009-12-31": "29.26700", "2009-09-30": "27.08900", "2009-06-30": "26.49700", "2009-03-31": "24.02100", "2008-12-31": "28.26800", "2008-09-30": "28.63400", "2008-06-30": "26.98800", "2008-03-31": "23.69800", "2007-12-31": "27.11300", "2007-09-30": "27.91000", "2007-06-30": "30.87300", "2007-03-31": "30.26000", "2006-12-31": "28.38600", "2006-09-30": "24.20700", "2006-06-30": "24.28900", "2006-03-31": "22.53700", "2005-12-31": "25.47800", "2005-09-30": "20.77100", "2005-06-30": "22.31500", "2005-03-31": "21.15200"}, "EBITDA": {"2020-09-30": "185.42900", "2020-06-30": "284.27200", "2020-03-31": "285.29400", "2019-12-31": "277.17490", "2019-09-30": "255.77200", "2019-06-30": "246.15000", "2019-03-31": "247.29600", "2018-12-31": "235.61110", "2018-09-30": "235.12300", "2018-06-30": "230.57500", "2018-03-31": "217.27800", "2017-12-31": "174.95690", "2017-09-30": "217.67700", "2017-06-30": "208.09600", "2017-03-31": "205.16000", "2016-12-31": "208.67990", "2016-09-30": "191.64200", "2016-06-30": "184.08200", "2016-03-31": "180.79600", "2015-12-31": "187.60300", "2015-09-30": "167.42100", "2015-06-30": "169.63300", "2015-03-31": "162.29200", "2014-12-31": "153.58700", "2014-09-30": "158.12400", "2014-06-30": "156.14600", "2014-03-31": "147.60300", "2013-12-31": "142.37700", "2013-09-30": "133.50200", "2013-06-30": "129.79100", "2013-03-31": "104.73000", "2012-12-31": "78.52100", "2012-09-30": "77.64200", "2012-06-30": "75.60400", "2012-03-31": "74.88900", "2011-12-31": "66.96700", "2011-09-30": "70.47400", "2011-06-30": "68.37900", "2011-03-31": "64.76700", "2010-12-31": "50.84400", "2010-09-30": "55.06300", "2010-06-30": "54.19200", "2010-03-31": "54.30200", "2009-12-31": "50.79100", "2009-09-30": "54.47200", "2009-06-30": "54.46800", "2009-03-31": "54.42900", "2008-12-31": "46.69400", "2008-09-30": "52.49600", "2008-06-30": "52.80800", "2008-03-31": "53.68600", "2007-12-31": "48.51300", "2007-09-30": "50.95500", "2007-06-30": "51.82600", "2007-03-31": "53.66500", "2006-12-31": "47.86500", "2006-09-30": "40.78800", "2006-06-30": "40.50400", "2006-03-31": "37.45300", "2005-12-31": "36.99300", "2005-09-30": "34.02200", "2005-06-30": "33.23500", "2005-03-31": "33.13500"}, "EBIT": {"2020-09-30": "11.66300", "2020-06-30": "109.08300", "2020-03-31": "112.96400", "2019-12-31": "115.32890", "2019-09-30": "101.09600", "2019-06-30": "89.54800", "2019-03-31": "105.41200", "2018-12-31": "81.08500", "2018-09-30": "92.77200", "2018-06-30": "90.11800", "2018-03-31": "81.32000", "2017-12-31": "41.16600", "2017-09-30": "84.88700", "2017-06-30": "78.86100", "2017-03-31": "79.55000", "2016-12-31": "86.47700", "2016-09-30": "73.76100", "2016-06-30": "68.36300", "2016-03-31": "69.15900", "2015-12-31": "78.70690", "2015-09-30": "62.33400", "2015-06-30": "63.30300", "2015-03-31": "61.43700", "2014-12-31": "54.48400", "2014-09-30": "63.34900", "2014-06-30": "60.82700", "2014-03-31": "54.73600", "2013-12-31": "50.37400", "2013-09-30": "46.07700", "2013-06-30": "52.56800", "2013-03-31": "33.94400", "2012-12-31": "32.91000", "2012-09-30": "34.02800", "2012-06-30": "38.56600", "2012-03-31": "37.45200", "2011-12-31": "30.07800", "2011-09-30": "37.31900", "2011-06-30": "37.71600", "2011-03-31": "35.97900", "2010-12-31": "28.00600", "2010-09-30": "29.85000", "2010-06-30": "29.23800", "2010-03-31": "29.50000", "2009-12-31": "27.87200", "2009-09-30": "31.03100", "2009-06-30": "30.36000", "2009-03-31": "30.26900", "2008-12-31": "23.96600", "2008-09-30": "28.72700", "2008-06-30": "28.37100", "2008-03-31": "30.46700", "2007-12-31": "27.48900", "2007-09-30": "30.82100", "2007-06-30": "32.08600", "2007-03-31": "34.77400", "2006-12-31": "31.22400", "2006-09-30": "25.62300", "2006-06-30": "24.71800", "2006-03-31": "23.31100", "2005-12-31": "23.56000", "2005-09-30": "22.26500", "2005-06-30": "21.54500", "2005-03-31": "21.84600"}, "Basic Shares Outstanding": {"2020-09-30": "346.47600", "2020-06-30": "343.51500", "2020-03-31": "336.62500", "2019-12-31": "315.83700", "2019-09-30": "319.94600", "2019-06-30": "311.03300", "2019-03-31": "303.52800", "2018-12-31": "289.42700", "2018-09-30": "290.66400", "2018-06-30": "284.92900", "2018-03-31": "283.91700", "2017-12-31": "273.46600", "2017-09-30": "275.51200", "2017-06-30": "272.58800", "2017-03-31": "263.34000", "2016-12-31": "255.06700", "2016-09-30": "258.08600", "2016-06-30": "253.37600", "2016-03-31": "250.17400", "2015-12-31": "235.76800", "2015-09-30": "236.21200", "2015-06-30": "232.40400", "2015-03-31": "225.34600", "2014-12-31": "218.39100", "2014-09-30": "222.06200", "2014-06-30": "220.98000", "2014-03-31": "207.00400", "2013-12-31": "191.75500", "2013-09-30": "195.76800", "2013-06-30": "195.57400", "2013-03-31": "171.65900", "2012-12-31": "132.81700", "2012-09-30": "132.76500", "2012-06-30": "132.59300", "2012-03-31": "132.57700", "2011-12-31": "126.14300", "2011-09-30": "126.37600", "2011-06-30": "125.99900", "2011-03-31": "118.96100", "2010-12-31": "105.87000", "2010-09-30": "103.83000", "2010-06-30": "103.61200", "2010-03-31": "103.60600", "2009-12-31": "103.57800", "2009-09-30": "103.47100", "2009-06-30": "103.44700", "2009-03-31": "103.43900", "2008-12-31": "101.17800", "2008-09-30": "100.36300", "2008-06-30": "100.34700", "2008-03-31": "100.28000", "2007-12-31": "100.19500", "2007-09-30": "100.18800", "2007-06-30": "100.13300", "2007-03-31": "100.05500", "2006-12-31": "89.76700", "2006-09-30": "89.16600", "2006-06-30": "88.30500", "2006-03-31": "83.20900", "2005-12-31": "79.95000", "2005-09-30": "79.78000", "2005-06-30": "79.59700", "2005-03-31": "79.58100"}, "Shares Outstanding": {"2020-09-30": "346.74900", "2020-06-30": "343.68500", "2020-03-31": "336.97700", "2019-12-31": "316.15900", "2019-09-30": "320.26300", "2019-06-30": "311.32200", "2019-03-31": "303.82000", "2018-12-31": "289.92400", "2018-09-30": "291.20700", "2018-06-30": "285.37200", "2018-03-31": "284.34500", "2017-12-31": "273.93700", "2017-09-30": "276.05100", "2017-06-30": "273.09900", "2017-03-31": "263.93400", "2016-12-31": "255.62400", "2016-09-30": "258.67400", "2016-06-30": "253.97400", "2016-03-31": "250.69800", "2015-12-31": "236.20900", "2015-09-30": "236.74000", "2015-06-30": "232.88600", "2015-03-31": "225.82600", "2014-12-31": "218.76800", "2014-09-30": "222.23600", "2014-06-30": "221.36100", "2014-03-31": "207.32400", "2013-12-31": "191.78200", "2013-09-30": "196.62000", "2013-06-30": "196.07600", "2013-03-31": "172.05400", "2012-12-31": "132.88500", "2012-09-30": "132.93200", "2012-06-30": "132.82900", "2012-03-31": "132.70400", "2011-12-31": "126.18900", "2011-09-30": "126.58300", "2011-06-30": "126.20200", "2011-03-31": "119.10900", "2010-12-31": "105.94300", "2010-09-30": "103.97700", "2010-06-30": "103.76600", "2010-03-31": "103.68600", "2009-12-31": "103.58100", "2009-09-30": "103.48200", "2009-06-30": "103.45000", "2009-03-31": "103.44500", "2008-12-31": "101.21000", "2008-09-30": "100.42000", "2008-06-30": "100.39400", "2008-03-31": "100.36600", "2007-12-31": "100.33400", "2007-09-30": "100.25300", "2007-06-30": "100.24600", "2007-03-31": "100.27600", "2006-12-31": "89.91800", "2006-09-30": "89.26700", "2006-06-30": "88.46600", "2006-03-31": "83.41200", "2005-12-31": "80.20900", "2005-09-30": "79.84400", "2005-06-30": "79.67600", "2005-03-31": "79.65900"}, "Basic EPS": {"2020-09-30": "0.07000", "2020-06-30": "0.31000", "2020-03-31": "0.44000", "2019-12-31": "0.38000", "2019-09-30": "0.32000", "2019-06-30": "0.31000", "2019-03-31": "0.37000", "2018-12-31": "0.29000", "2018-09-30": "0.34000", "2018-06-30": "0.34000", "2018-03-31": "0.29000", "2017-12-31": "0.21000", "2017-09-30": "0.32000", "2017-06-30": "0.30000", "2017-03-31": "0.27000", "2016-12-31": "0.34000", "2016-09-30": "0.27000", "2016-06-30": "0.27000", "2016-03-31": "0.25000", "2015-12-31": "0.30000", "2015-09-30": "0.26000", "2015-06-30": "0.26000", "2015-03-31": "0.27000", "2014-12-31": "0.32000", "2014-09-30": "0.26000", "2014-06-30": "0.23000", "2014-03-31": "0.23000", "2013-12-31": "0.25000", "2013-09-30": "0.21000", "2013-06-30": "0.23000", "2013-03-31": "0.37000", "2012-12-31": "0.21000", "2012-09-30": "0.20000", "2012-06-30": "0.25000", "2012-03-31": "0.20000", "2011-12-31": "0.27000", "2011-09-30": "0.27000", "2011-06-30": "0.26000", "2011-03-31": "0.25000", "2010-12-31": "0.30000", "2010-09-30": "0.25000", "2010-06-30": "0.24000", "2010-03-31": "0.22000", "2009-12-31": "0.28000", "2009-09-30": "0.26000", "2009-06-30": "0.26000", "2009-03-31": "0.23000", "2008-12-31": "0.26000", "2008-09-30": "0.29000", "2008-06-30": "0.27000", "2008-03-31": "0.24000", "2007-12-31": "0.27000", "2007-09-30": "0.28000", "2007-06-30": "0.31000", "2007-03-31": "0.30000", "2006-12-31": "0.29000", "2006-09-30": "0.27000", "2006-06-30": "0.28000", "2006-03-31": "0.27000", "2005-12-31": "0.31000", "2005-09-30": "0.26000", "2005-06-30": "0.28000", "2005-03-31": "0.27000"}, "EPS - Earnings Per Share": {"2020-09-30": "0.07000", "2020-06-30": "0.31000", "2020-03-31": "0.44000", "2019-12-31": "0.38000", "2019-09-30": "0.32000", "2019-06-30": "0.31000", "2019-03-31": "0.37000", "2018-12-31": "0.29000", "2018-09-30": "0.34000", "2018-06-30": "0.34000", "2018-03-31": "0.29000", "2017-12-31": "0.21000", "2017-09-30": "0.32000", "2017-06-30": "0.30000", "2017-03-31": "0.27000", "2016-12-31": "0.34000", "2016-09-30": "0.27000", "2016-06-30": "0.27000", "2016-03-31": "0.25000", "2015-12-31": "0.31000", "2015-09-30": "0.26000", "2015-06-30": "0.25000", "2015-03-31": "0.27000", "2014-12-31": "0.32000", "2014-09-30": "0.26000", "2014-06-30": "0.23000", "2014-03-31": "0.23000", "2013-12-31": "0.26000", "2013-09-30": "0.21000", "2013-06-30": "0.23000", "2013-03-31": "0.36000", "2012-12-31": "0.21000", "2012-09-30": "0.20000", "2012-06-30": "0.25000", "2012-03-31": "0.20000", "2011-12-31": "0.27000", "2011-09-30": "0.27000", "2011-06-30": "0.26000", "2011-03-31": "0.25000", "2010-12-31": "0.30000", "2010-09-30": "0.25000", "2010-06-30": "0.24000", "2010-03-31": "0.22000", "2009-12-31": "0.28000", "2009-09-30": "0.26000", "2009-06-30": "0.26000", "2009-03-31": "0.23000", "2008-12-31": "0.26000", "2008-09-30": "0.29000", "2008-06-30": "0.27000", "2008-03-31": "0.24000", "2007-12-31": "0.27000", "2007-09-30": "0.28000", "2007-06-30": "0.31000", "2007-03-31": "0.30000", "2006-12-31": "0.30000", "2006-09-30": "0.27000", "2006-06-30": "0.27000", "2006-03-31": "0.27000", "2005-12-31": "0.31000", "2005-09-30": "0.26000", "2005-06-30": "0.28000", "2005-03-31": "0.27000"}}, "balance sheet": {"Cash On Hand": {"2019-12-31": "54.01100", "2018-12-31": "10.38700", "2017-12-31": "6.89800", "2016-12-31": "9.42000", "2015-12-31": "40.29400", "2014-12-31": "3.85200", "2013-12-31": "10.25700", "2012-12-31": "5.24800", "2011-12-31": "4.16500", "2010-12-31": "17.60700", "2009-12-31": "10.02600", "2008-12-31": "46.81500", "2007-12-31": "193.10100", "2006-12-31": "10.57300", "2005-12-31": "65.70400"}, "Receivables": {"2019-12-31": "181.96900", "2018-12-31": "144.99100", "2017-12-31": "119.53300", "2016-12-31": "104.58400", "2015-12-31": "81.67800", "2014-12-31": "64.38600", "2013-12-31": "39.32300", "2012-12-31": "21.65900", "2011-12-31": "15.37500", "2010-12-31": "11.30100", "2009-12-31": "10.39600", "2008-12-31": "10.62400", "2007-12-31": "7.14200", "2006-12-31": "5.95300", "2005-12-31": "5.04400"}, "Inventory": {"2019-12-31": "", "2018-12-31": "", "2017-12-31": "", "2016-12-31": "", "2015-12-31": "", "2014-12-31": "", "2013-12-31": "", "2012-12-31": "", "2011-12-31": "", "2010-12-31": "", "2009-12-31": "", "2008-12-31": "", "2007-12-31": "", "2006-12-31": "", "2005-12-31": ""}, "Pre-Paid Expenses": {"2019-12-31": "", "2018-12-31": "", "2017-12-31": "", "2016-12-31": "", "2015-12-31": "", "2014-12-31": "", "2013-12-31": "", "2012-12-31": "", "2011-12-31": "", "2010-12-31": "", "2009-12-31": "", "2008-12-31": "", "2007-12-31": "", "2006-12-31": "", "2005-12-31": ""}, "Other Current Assets": {"2019-12-31": "", "2018-12-31": "", "2017-12-31": "", "2016-12-31": "", "2015-12-31": "", "2014-12-31": "", "2013-12-31": "", "2012-12-31": "", "2011-12-31": "", "2010-12-31": "", "2009-12-31": "", "2008-12-31": "", "2007-12-31": "", "2006-12-31": "", "2005-12-31": ""}, "Total Current Assets": {"2019-12-31": "235.98000", "2018-12-31": "155.37800", "2017-12-31": "126.43100", "2016-12-31": "114.00400", "2015-12-31": "121.97200", "2014-12-31": "68.23800", "2013-12-31": "49.58000", "2012-12-31": "26.90700", "2011-12-31": "19.54000", "2010-12-31": "28.90800", "2009-12-31": "20.42200", "2008-12-31": "57.43900", "2007-12-31": "200.24300", "2006-12-31": "16.52600", "2005-12-31": "70.74800"}, "Property, Plant, And Equipment": {"2019-12-31": "16496.77000", "2018-12-31": "13843.52000", "2017-12-31": "12676.50000", "2016-12-31": "11903.79000", "2015-12-31": "10618.88000", "2014-12-31": "9781.54000", "2013-12-31": "8796.60900", "2012-12-31": "5042.13700", "2011-12-31": "4160.00800", "2010-12-31": "3404.87800", "2009-12-31": "2816.88200", "2008-12-31": "2862.15300", "2007-12-31": "2824.25500", "2006-12-31": "2485.08100", "2005-12-31": "1802.04600"}, "Long-Term Investments": {"2019-12-31": "", "2018-12-31": "", "2017-12-31": "", "2016-12-31": "", "2015-12-31": "", "2014-12-31": "", "2013-12-31": "", "2012-12-31": "", "2011-12-31": "", "2010-12-31": "", "2009-12-31": "", "2008-12-31": "", "2007-12-31": "", "2006-12-31": "", "2005-12-31": ""}, "Goodwill And Intangible Assets": {"2019-12-31": "1493.38300", "2018-12-31": "1199.59700", "2017-12-31": "1209.90000", "2016-12-31": "1097.38700", "2015-12-31": "1049.73800", "2014-12-31": "1055.19400", "2013-12-31": "951.11900", "2012-12-31": "259.07000", "2011-12-31": "17.20600", "2010-12-31": "17.20600", "2009-12-31": "17.20600", "2008-12-31": "17.20600", "2007-12-31": "17.20600", "2006-12-31": "17.20600", "2005-12-31": "17.20600"}, "Other Long-Term Assets": {"2019-12-31": "328.66100", "2018-12-31": "61.99100", "2017-12-31": "45.33600", "2016-12-31": "37.68900", "2015-12-31": "54.78500", "2014-12-31": "107.65000", "2013-12-31": "127.13300", "2012-12-31": "101.23400", "2011-12-31": "222.63500", "2010-12-31": "84.59800", "2009-12-31": "60.27700", "2008-12-31": "57.38100", "2007-12-31": "35.64800", "2006-12-31": "27.69500", "2005-12-31": "30.98800"}, "Total Long-Term Assets": {"2019-12-31": "18318.81000", "2018-12-31": "15105.10000", "2017-12-31": "13931.74000", "2016-12-31": "13038.87000", "2015-12-31": "11723.41000", "2014-12-31": "10944.38000", "2013-12-31": "9874.86100", "2012-12-31": "5402.44100", "2011-12-31": "4399.84900", "2010-12-31": "3506.68200", "2009-12-31": "2894.36500", "2008-12-31": "2936.74000", "2007-12-31": "2877.10900", "2006-12-31": "2529.98200", "2005-12-31": "1850.24000"}, "Total Assets": {"2019-12-31": "18554.80000", "2018-12-31": "15260.48000", "2017-12-31": "14058.17000", "2016-12-31": "13152.87000", "2015-12-31": "11845.38000", "2014-12-31": "11012.62000", "2013-12-31": "9924.44100", "2012-12-31": "5429.34800", "2011-12-31": "4419.38900", "2010-12-31": "3535.59000", "2009-12-31": "2914.78700", "2008-12-31": "2994.17900", "2007-12-31": "3077.35200", "2006-12-31": "2546.50800", "2005-12-31": "1920.98800"}, "Total Current Liabilities": {"2019-12-31": "177.03900", "2018-12-31": "133.76500", "2017-12-31": "109.52300", "2016-12-31": "121.15600", "2015-12-31": "115.82600", "2014-12-31": "123.28700", "2013-12-31": "102.51100", "2012-12-31": "70.42600", "2011-12-31": "58.77000", "2010-12-31": "47.01900", "2009-12-31": "38.44500", "2008-12-31": "38.02700", "2007-12-31": "38.11200", "2006-12-31": "27.00400", "2005-12-31": "20.39100"}, "Long Term Debt": {"2019-12-31": "7901.54700", "2018-12-31": "6499.97600", "2017-12-31": "6111.47100", "2016-12-31": "5839.60500", "2015-12-31": "4820.99500", "2014-12-31": "4930.94700", "2013-12-31": "4166.84000", "2012-12-31": "2869.85300", "2011-12-31": "2055.18100", "2010-12-31": "1600.00000", "2009-12-31": "1354.60000", "2008-12-31": "1370.00000", "2007-12-31": "1470.00000", "2006-12-31": "920.00000", "2005-12-31": "891.70000"}, "Other Non-Current Liabilities": {"2019-12-31": "672.05200", "2018-12-31": "505.76400", "2017-12-31": "446.46400", "2016-12-31": "405.05700", "2015-12-31": "355.22500", "2014-12-31": "317.28900", "2013-12-31": "233.73200", "2012-12-31": "76.27500", "2011-12-31": "50.58400", "2010-12-31": "41.60600", "2009-12-31": "33.73300", "2008-12-31": "31.49100", "2007-12-31": "31.14800", "2006-12-31": "23.51200", "2005-12-31": "19.68300"}, "Total Long Term Liabilities": {"2019-12-31": "8573.59900", "2018-12-31": "7005.74000", "2017-12-31": "6557.93500", "2016-12-31": "6244.66200", "2015-12-31": "5176.22000", "2014-12-31": "5248.23600", "2013-12-31": "4400.57200", "2012-12-31": "2946.12800", "2011-12-31": "2105.76500", "2010-12-31": "1641.60600", "2009-12-31": "1388.33300", "2008-12-31": "1401.49100", "2007-12-31": "1501.14800", "2006-12-31": "943.51200", "2005-12-31": "911.38300"}, "Total Liabilities": {"2019-12-31": "8750.63800", "2018-12-31": "7139.50500", "2017-12-31": "6667.45800", "2016-12-31": "6365.81800", "2015-12-31": "5292.04600", "2014-12-31": "5371.52300", "2013-12-31": "4503.08300", "2012-12-31": "3016.55400", "2011-12-31": "2164.53500", "2010-12-31": "1688.62500", "2009-12-31": "1426.77800", "2008-12-31": "1439.51800", "2007-12-31": "1539.26000", "2006-12-31": "970.51600", "2005-12-31": "931.77400"}, "Common Stock Net": {"2019-12-31": "12873.85000", "2018-12-31": "10754.50000", "2017-12-31": "9624.26400", "2016-12-31": "8228.59400", "2015-12-31": "7666.42800", "2014-12-31": "6464.98700", "2013-12-31": "5767.87800", "2012-12-31": "2572.09200", "2011-12-31": "2563.04800", "2010-12-31": "2066.28700", "2009-12-31": "1629.23700", "2008-12-31": "1624.62200", "2007-12-31": "1545.03700", "2006-12-31": "1540.36500", "2005-12-31": "1134.30000"}, "Retained Earnings (Accumulated Deficit)": {"2019-12-31": "-3082.29100", "2018-12-31": "-2657.65500", "2017-12-31": "-2252.76300", "2016-12-31": "-1857.16800", "2015-12-31": "-1530.21000", "2014-12-31": "-1246.96400", "2013-12-31": "-991.79400", "2012-12-31": "-768.66100", "2011-12-31": "-645.98400", "2010-12-31": "-557.11200", "2009-12-31": "-479.01800", "2008-12-31": "-407.75100", "2007-12-31": "-344.73500", "2006-12-31": "-302.15400", "2005-12-31": "-268.89000"}, "Comprehensive Income": {"2019-12-31": "-17.10200", "2018-12-31": "-8.09800", "2017-12-31": "", "2016-12-31": "", "2015-12-31": "", "2014-12-31": "", "2013-12-31": "", "2012-12-31": "", "2011-12-31": "", "2010-12-31": "", "2009-12-31": "", "2008-12-31": "", "2007-12-31": "", "2006-12-31": "", "2005-12-31": ""}, "Other Share Holders Equity": {"2019-12-31": "", "2018-12-31": "", "2017-12-31": "", "2016-12-31": "", "2015-12-31": "", "2014-12-31": "", "2013-12-31": "", "2012-12-31": "", "2011-12-31": "", "2010-12-31": "", "2009-12-31": "", "2008-12-31": "", "2007-12-31": "", "2006-12-31": "", "2005-12-31": ""}, "Share Holder Equity": {"2019-12-31": "9804.15800", "2018-12-31": "8120.97800", "2017-12-31": "7390.70800", "2016-12-31": "6787.05300", "2015-12-31": "6553.33300", "2014-12-31": "5641.09900", "2013-12-31": "5421.35800", "2012-12-31": "2412.79400", "2011-12-31": "2254.85400", "2010-12-31": "1846.96500", "2009-12-31": "1488.00900", "2008-12-31": "1554.66100", "2007-12-31": "1538.09200", "2006-12-31": "1575.99200", "2005-12-31": "989.21400"}, "Total Liabilities And Share Holders Equity": {"2019-12-31": "18554.80000", "2018-12-31": "15260.48000", "2017-12-31": "14058.17000", "2016-12-31": "13152.87000", "2015-12-31": "11845.38000", "2014-12-31": "11012.62000", "2013-12-31": "9924.44100", "2012-12-31": "5429.34800", "2011-12-31": "4419.38900", "2010-12-31": "3535.59000", "2009-12-31": "2914.78700", "2008-12-31": "2994.17900", "2007-12-31": "3077.35200", "2006-12-31": "2546.50800", "2005-12-31": "1920.98800"}}, "balance sheet, quarterly": {"Cash On Hand": {"2020-09-30": "724.75000", "2020-06-30": "335.34500", "2020-03-31": "41.80400", "2019-12-31": "54.01100", "2019-09-30": "236.06400", "2019-06-30": "27.13600", "2019-03-31": "2.99700", "2018-12-31": "10.38700", "2018-09-30": "6.66600", "2018-06-30": "30.71700", "2018-03-31": "20.62700", "2017-12-31": "6.89800", "2017-09-30": "3.19900", "2017-06-30": "10.94500", "2017-03-31": "27.59800", "2016-12-31": "9.42000", "2016-09-30": "29.80100", "2016-06-30": "20.44300", "2016-03-31": "8.69500", "2015-12-31": "40.29400", "2015-09-30": "7.07400", "2015-06-30": "18.74100", "2015-03-31": "12.19000", "2014-12-31": "3.85200", "2014-09-30": "16.93600", "2014-06-30": "8.90800", "2014-03-31": "14.14200", "2013-12-31": "10.25700", "2013-09-30": "9.96000", "2013-06-30": "22.57500", "2013-03-31": "4.15900", "2012-12-31": "5.24800", "2012-09-30": "2.79400", "2012-06-30": "6.06400", "2012-03-31": "5.19400", "2011-12-31": "4.16500", "2011-09-30": "5.54300", "2011-06-30": "155.67100", "2011-03-31": "129.70700", "2010-12-31": "17.60700", "2010-09-30": "155.58200", "2010-06-30": "0.87200", "2010-03-31": "0.84900", "2009-12-31": "10.02600", "2009-09-30": "20.04200", "2009-06-30": "35.82300", "2009-03-31": "10.43800", "2008-12-31": "46.81500", "2008-09-30": "112.56200", "2008-06-30": "39.37300", "2008-03-31": "13.34300", "2007-12-31": "193.10100", "2007-09-30": "266.64400", "2007-06-30": "8.91400", "2007-03-31": "5.39900", "2006-12-31": "10.57300", "2006-09-30": "113.37400", "2006-06-30": "10.74600", "2006-03-31": "4.10700", "2005-12-31": "65.70400", "2005-09-30": "2.24400", "2005-06-30": "1.94800", "2005-03-31": "11.07600"}, "Receivables": {"2020-09-30": "261.75200", "2020-06-30": "255.60900", "2020-03-31": "185.63200", "2019-12-31": "181.96900", "2019-09-30": "163.44400", "2019-06-30": "165.47000", "2019-03-31": "151.34100", "2018-12-31": "144.99100", "2018-09-30": "135.86600", "2018-06-30": "126.12600", "2018-03-31": "125.69000", "2017-12-31": "119.53300", "2017-09-30": "113.72100", "2017-06-30": "107.14700", "2017-03-31": "103.75900", "2016-12-31": "104.58400", "2016-09-30": "94.49800", "2016-06-30": "87.16600", "2016-03-31": "82.99000", "2015-12-31": "81.67800", "2015-09-30": "74.97700", "2015-06-30": "70.31800", "2015-03-31": "66.83100", "2014-12-31": "64.38600", "2014-09-30": "47.85200", "2014-06-30": "43.75100", "2014-03-31": "40.32900", "2013-12-31": "39.32300", "2013-09-30": "32.16900", "2013-06-30": "27.50700", "2013-03-31": "24.59400", "2012-12-31": "21.65900", "2012-09-30": "17.18700", "2012-06-30": "17.60000", "2012-03-31": "17.56700", "2011-12-31": "15.37500", "2011-09-30": "12.06500", "2011-06-30": "10.89900", "2011-03-31": "10.50600", "2010-12-31": "11.30100", "2010-09-30": "10.39800", "2010-06-30": "10.12300", "2010-03-31": "9.51700", "2009-12-31": "10.39600", "2009-09-30": "9.58200", "2009-06-30": "10.41900", "2009-03-31": "10.12200", "2008-12-31": "10.62400", "2008-09-30": "8.85800", "2008-06-30": "9.13000", "2008-03-31": "8.31200", "2007-12-31": "7.14200", "2007-09-30": "6.09800", "2007-06-30": "6.01900", "2007-03-31": "5.63900", "2006-12-31": "5.95300", "2006-09-30": "5.27000", "2006-06-30": "4.81400", "2006-03-31": "4.59300", "2005-12-31": "5.04400", "2005-09-30": "3.58700", "2005-06-30": "3.53900", "2005-03-31": "3.51200"}, "Inventory": {"2020-09-30": "", "2020-06-30": "", "2020-03-31": "", "2019-12-31": "", "2019-09-30": "", "2019-06-30": "", "2019-03-31": "", "2018-12-31": "", "2018-09-30": "", "2018-06-30": "", "2018-03-31": "", "2017-12-31": "", "2017-09-30": "", "2017-06-30": "", "2017-03-31": "", "2016-12-31": "", "2016-09-30": "", "2016-06-30": "", "2016-03-31": "", "2015-12-31": "", "2015-09-30": "", "2015-06-30": "", "2015-03-31": "", "2014-12-31": "", "2014-09-30": "", "2014-06-30": "", "2014-03-31": "", "2013-12-31": "", "2013-09-30": "", "2013-06-30": "", "2013-03-31": "", "2012-12-31": "", "2012-09-30": "", "2012-06-30": "", "2012-03-31": "", "2011-12-31": "", "2011-09-30": "", "2011-06-30": "", "2011-03-31": "", "2010-12-31": "", "2010-09-30": "", "2010-06-30": "", "2010-03-31": "", "2009-12-31": "", "2009-09-30": "", "2009-06-30": "", "2009-03-31": "", "2008-12-31": "", "2008-09-30": "", "2008-06-30": "", "2008-03-31": "", "2007-12-31": "", "2007-09-30": "", "2007-06-30": "", "2007-03-31": "", "2006-12-31": "", "2006-09-30": "", "2006-06-30": "", "2006-03-31": "", "2005-12-31": "", "2005-09-30": "", "2005-06-30": "", "2005-03-31": ""}, "Pre-Paid Expenses": {"2020-09-30": "", "2020-06-30": "", "2020-03-31": "", "2019-12-31": "", "2019-09-30": "", "2019-06-30": "", "2019-03-31": "", "2018-12-31": "", "2018-09-30": "", "2018-06-30": "", "2018-03-31": "", "2017-12-31": "", "2017-09-30": "", "2017-06-30": "", "2017-03-31": "", "2016-12-31": "", "2016-09-30": "", "2016-06-30": "", "2016-03-31": "", "2015-12-31": "", "2015-09-30": "", "2015-06-30": "", "2015-03-31": "", "2014-12-31": "", "2014-09-30": "", "2014-06-30": "", "2014-03-31": "", "2013-12-31": "", "2013-09-30": "", "2013-06-30": "", "2013-03-31": "", "2012-12-31": "", "2012-09-30": "", "2012-06-30": "", "2012-03-31": "", "2011-12-31": "", "2011-09-30": "", "2011-06-30": "", "2011-03-31": "", "2010-12-31": "", "2010-09-30": "", "2010-06-30": "", "2010-03-31": "", "2009-12-31": "", "2009-09-30": "", "2009-06-30": "", "2009-03-31": "", "2008-12-31": "", "2008-09-30": "", "2008-06-30": "", "2008-03-31": "", "2007-12-31": "", "2007-09-30": "", "2007-06-30": "", "2007-03-31": "", "2006-12-31": "", "2006-09-30": "", "2006-06-30": "", "2006-03-31": "", "2005-12-31": "", "2005-09-30": "", "2005-06-30": "", "2005-03-31": ""}, "Other Current Assets": {"2020-09-30": "", "2020-06-30": "", "2020-03-31": "", "2019-12-31": "", "2019-09-30": "", "2019-06-30": "", "2019-03-31": "", "2018-12-31": "", "2018-09-30": "", "2018-06-30": "", "2018-03-31": "", "2017-12-31": "", "2017-09-30": "", "2017-06-30": "", "2017-03-31": "", "2016-12-31": "", "2016-09-30": "", "2016-06-30": "", "2016-03-31": "", "2015-12-31": "", "2015-09-30": "", "2015-06-30": "", "2015-03-31": "", "2014-12-31": "", "2014-09-30": "", "2014-06-30": "", "2014-03-31": "", "2013-12-31": "", "2013-09-30": "", "2013-06-30": "", "2013-03-31": "", "2012-12-31": "", "2012-09-30": "", "2012-06-30": "", "2012-03-31": "", "2011-12-31": "", "2011-09-30": "", "2011-06-30": "", "2011-03-31": "", "2010-12-31": "", "2010-09-30": "", "2010-06-30": "", "2010-03-31": "", "2009-12-31": "", "2009-09-30": "", "2009-06-30": "", "2009-03-31": "", "2008-12-31": "", "2008-09-30": "", "2008-06-30": "", "2008-03-31": "", "2007-12-31": "", "2007-09-30": "", "2007-06-30": "", "2007-03-31": "", "2006-12-31": "", "2006-09-30": "", "2006-06-30": "", "2006-03-31": "", "2005-12-31": "", "2005-09-30": "", "2005-06-30": "", "2005-03-31": ""}, "Total Current Assets": {"2020-09-30": "986.50200", "2020-06-30": "590.95400", "2020-03-31": "227.43600", "2019-12-31": "235.98000", "2019-09-30": "399.50800", "2019-06-30": "192.60600", "2019-03-31": "154.33800", "2018-12-31": "155.37800", "2018-09-30": "142.53200", "2018-06-30": "156.84300", "2018-03-31": "146.31700", "2017-12-31": "126.43100", "2017-09-30": "116.92000", "2017-06-30": "118.09200", "2017-03-31": "131.35700", "2016-12-31": "114.00400", "2016-09-30": "124.29900", "2016-06-30": "107.60900", "2016-03-31": "91.68500", "2015-12-31": "121.97200", "2015-09-30": "82.05100", "2015-06-30": "89.05900", "2015-03-31": "79.02100", "2014-12-31": "68.23800", "2014-09-30": "64.78800", "2014-06-30": "52.65900", "2014-03-31": "54.47100", "2013-12-31": "49.58000", "2013-09-30": "42.12900", "2013-06-30": "50.08200", "2013-03-31": "28.75300", "2012-12-31": "26.90700", "2012-09-30": "19.98100", "2012-06-30": "23.66400", "2012-03-31": "22.76100", "2011-12-31": "19.54000", "2011-09-30": "17.60800", "2011-06-30": "166.57000", "2011-03-31": "140.21300", "2010-12-31": "28.90800", "2010-09-30": "165.98000", "2010-06-30": "10.99500", "2010-03-31": "10.36600", "2009-12-31": "20.42200", "2009-09-30": "29.62400", "2009-06-30": "46.24200", "2009-03-31": "20.56000", "2008-12-31": "57.43900", "2008-09-30": "121.42000", "2008-06-30": "48.50300", "2008-03-31": "21.65500", "2007-12-31": "200.24300", "2007-09-30": "272.74200", "2007-06-30": "14.93300", "2007-03-31": "11.03800", "2006-12-31": "16.52600", "2006-09-30": "118.64400", "2006-06-30": "15.56000", "2006-03-31": "8.70000", "2005-12-31": "70.74800", "2005-09-30": "5.83100", "2005-06-30": "5.48700", "2005-03-31": "14.58800"}, "Property, Plant, And Equipment": {"2020-09-30": "16782.77000", "2020-06-30": "16542.87000", "2020-03-31": "16591.94000", "2019-12-31": "16496.77000", "2019-09-30": "15146.73000", "2019-06-30": "14940.27000", "2019-03-31": "14141.89000", "2018-12-31": "13843.52000", "2018-09-30": "13686.97000", "2018-06-30": "13230.04000", "2018-03-31": "13001.51000", "2017-12-31": "12676.50000", "2017-09-30": "12347.78000", "2017-06-30": "12207.20000", "2017-03-31": "12095.84000", "2016-12-31": "11903.79000", "2016-09-30": "11263.66000", "2016-06-30": "11008.15000", "2016-03-31": "10868.27000", "2015-12-31": "10618.88000", "2015-09-30": "10509.31000", "2015-06-30": "10489.67000", "2015-03-31": "9853.14100", "2014-12-31": "9781.54000", "2014-09-30": "9701.84100", "2014-06-30": "9621.12900", "2014-03-31": "9353.22500", "2013-12-31": "8796.60900", "2013-09-30": "8721.07800", "2013-06-30": "8230.71100", "2013-03-31": "7702.91700", "2012-12-31": "5042.13700", "2012-09-30": "4734.68800", "2012-06-30": "4304.18100", "2012-03-31": "4137.78300", "2011-12-31": "4160.00800", "2011-09-30": "4018.07600", "2011-06-30": "3633.06300", "2011-03-31": "3496.97300", "2010-12-31": "3404.87800", "2010-09-30": "3039.72200", "2010-06-30": "3056.07300", "2010-03-31": "2821.48900", "2009-12-31": "2816.88200", "2009-09-30": "2800.50200", "2009-06-30": "2815.31700", "2009-03-31": "2840.37800", "2008-12-31": "2862.15300", "2008-09-30": "2887.12000", "2008-06-30": "2914.43400", "2008-03-31": "2965.98900", "2007-12-31": "2824.25500", "2007-09-30": "2746.20000", "2007-06-30": "2480.49700", "2007-03-31": "2511.24700", "2006-12-31": "2485.08100", "2006-09-30": "1996.15400", "2006-06-30": "1916.67700", "2006-03-31": "1877.26400", "2005-12-31": "1802.04600", "2005-09-30": "1748.73700", "2005-06-30": "1522.89800", "2005-03-31": "1469.15500"}, "Long-Term Investments": {"2020-09-30": "", "2020-06-30": "", "2020-03-31": "", "2019-12-31": "", "2019-09-30": "", "2019-06-30": "", "2019-03-31": "", "2018-12-31": "", "2018-09-30": "", "2018-06-30": "", "2018-03-31": "", "2017-12-31": "", "2017-09-30": "", "2017-06-30": "", "2017-03-31": "", "2016-12-31": "", "2016-09-30": "", "2016-06-30": "", "2016-03-31": "", "2015-12-31": "", "2015-09-30": "", "2015-06-30": "", "2015-03-31": "", "2014-12-31": "", "2014-09-30": "", "2014-06-30": "", "2014-03-31": "", "2013-12-31": "", "2013-09-30": "", "2013-06-30": "", "2013-03-31": "", "2012-12-31": "", "2012-09-30": "", "2012-06-30": "", "2012-03-31": "", "2011-12-31": "", "2011-09-30": "", "2011-06-30": "", "2011-03-31": "", "2010-12-31": "", "2010-09-30": "", "2010-06-30": "", "2010-03-31": "", "2009-12-31": "", "2009-09-30": "", "2009-06-30": "", "2009-03-31": "", "2008-12-31": "", "2008-09-30": "", "2008-06-30": "", "2008-03-31": "", "2007-12-31": "", "2007-09-30": "", "2007-06-30": "", "2007-03-31": "", "2006-12-31": "", "2006-09-30": "", "2006-06-30": "", "2006-03-31": "", "2005-12-31": "", "2005-09-30": "", "2005-06-30": "", "2005-03-31": ""}, "Goodwill And Intangible Assets": {"2020-09-30": "1610.45700", "2020-06-30": "1508.17700", "2020-03-31": "1516.81900", "2019-12-31": "1493.38300", "2019-09-30": "1328.30100", "2019-06-30": "1323.10000", "2019-03-31": "1219.74400", "2018-12-31": "1199.59700", "2018-09-30": "1227.54000", "2018-06-30": "1243.48200", "2018-03-31": "1277.19500", "2017-12-31": "1209.90000", "2017-09-30": "1180.00200", "2017-06-30": "1195.18300", "2017-03-31": "1123.13200", "2016-12-31": "1097.38700", "2016-09-30": "1102.81300", "2016-06-30": "1078.26500", "2016-03-31": "1032.69400", "2015-12-31": "1049.73800", "2015-09-30": "1058.92600", "2015-06-30": "1067.09900", "2015-03-31": "1072.27000", "2014-12-31": "1055.19400", "2014-09-30": "1075.41400", "2014-06-30": "1063.69500", "2014-03-31": "1001.66100", "2013-12-31": "951.11900", "2013-09-30": "971.63200", "2013-06-30": "987.88300", "2013-03-31": "864.64100", "2012-12-31": "259.07000", "2012-09-30": "17.01000", "2012-06-30": "17.09400", "2012-03-31": "17.19000", "2011-12-31": "17.20600", "2011-09-30": "17.20600", "2011-06-30": "17.20600", "2011-03-31": "17.20600", "2010-12-31": "17.20600", "2010-09-30": "17.20600", "2010-06-30": "17.20600", "2010-03-31": "17.20600", "2009-12-31": "17.20600", "2009-09-30": "17.20600", "2009-06-30": "17.20600", "2009-03-31": "17.20600", "2008-12-31": "17.20600", "2008-09-30": "17.20600", "2008-06-30": "17.20600", "2008-03-31": "17.20600", "2007-12-31": "17.20600", "2007-09-30": "17.20600", "2007-06-30": "17.20600", "2007-03-31": "17.20600", "2006-12-31": "17.20600", "2006-09-30": "17.20600", "2006-06-30": "17.20600", "2006-03-31": "17.20600", "2005-12-31": "17.20600", "2005-09-30": "17.20600", "2005-06-30": "17.20600", "2005-03-31": "17.20600"}, "Other Long-Term Assets": {"2020-09-30": "405.64500", "2020-06-30": "460.55400", "2020-03-31": "460.25000", "2019-12-31": "328.66100", "2019-09-30": "305.36900", "2019-06-30": "292.65800", "2019-03-31": "246.93200", "2018-12-31": "61.99100", "2018-09-30": "38.27900", "2018-06-30": "43.70700", "2018-03-31": "49.06800", "2017-12-31": "45.33600", "2017-09-30": "56.72100", "2017-06-30": "53.64300", "2017-03-31": "71.85700", "2016-12-31": "37.68900", "2016-09-30": "45.68300", "2016-06-30": "55.41100", "2016-03-31": "44.45700", "2015-12-31": "54.78500", "2015-09-30": "88.28100", "2015-06-30": "82.49000", "2015-03-31": "87.72100", "2014-12-31": "107.65000", "2014-09-30": "97.79700", "2014-06-30": "74.91900", "2014-03-31": "71.42400", "2013-12-31": "127.13300", "2013-09-30": "146.08800", "2013-06-30": "146.85700", "2013-03-31": "167.29200", "2012-12-31": "101.23400", "2012-09-30": "264.64700", "2012-06-30": "231.62000", "2012-03-31": "220.69900", "2011-12-31": "222.63500", "2011-09-30": "221.88400", "2011-06-30": "174.21400", "2011-03-31": "116.16400", "2010-12-31": "84.59800", "2010-09-30": "62.62600", "2010-06-30": "58.88100", "2010-03-31": "56.64200", "2009-12-31": "60.27700", "2009-09-30": "54.04300", "2009-06-30": "53.79300", "2009-03-31": "53.48700", "2008-12-31": "57.38100", "2008-09-30": "64.38500", "2008-06-30": "62.79400", "2008-03-31": "34.61400", "2007-12-31": "35.64800", "2007-09-30": "40.11400", "2007-06-30": "32.25600", "2007-03-31": "35.82200", "2006-12-31": "27.69500", "2006-09-30": "28.18600", "2006-06-30": "26.15400", "2006-03-31": "26.76200", "2005-12-31": "30.98800", "2005-09-30": "26.93300", "2005-06-30": "25.99200", "2005-03-31": "22.27300"}, "Total Long-Term Assets": {"2020-09-30": "18798.87000", "2020-06-30": "18511.60000", "2020-03-31": "18569.01000", "2019-12-31": "18318.81000", "2019-09-30": "16780.40000", "2019-06-30": "16556.02000", "2019-03-31": "15608.57000", "2018-12-31": "15105.10000", "2018-09-30": "14952.79000", "2018-06-30": "14517.23000", "2018-03-31": "14327.78000", "2017-12-31": "13931.74000", "2017-09-30": "13584.50000", "2017-06-30": "13456.02000", "2017-03-31": "13290.83000", "2016-12-31": "13038.87000", "2016-09-30": "12412.15000", "2016-06-30": "12141.82000", "2016-03-31": "11945.42000", "2015-12-31": "11723.41000", "2015-09-30": "11656.52000", "2015-06-30": "11639.25000", "2015-03-31": "11013.13000", "2014-12-31": "10944.38000", "2014-09-30": "10875.05000", "2014-06-30": "10759.74000", "2014-03-31": "10426.31000", "2013-12-31": "9874.86100", "2013-09-30": "9838.79800", "2013-06-30": "9365.45100", "2013-03-31": "8734.85000", "2012-12-31": "5402.44100", "2012-09-30": "5016.34500", "2012-06-30": "4552.89600", "2012-03-31": "4375.67200", "2011-12-31": "4399.84900", "2011-09-30": "4257.16600", "2011-06-30": "3824.48300", "2011-03-31": "3630.34300", "2010-12-31": "3506.68200", "2010-09-30": "3119.55400", "2010-06-30": "3132.16000", "2010-03-31": "2895.33700", "2009-12-31": "2894.36500", "2009-09-30": "2871.75100", "2009-06-30": "2886.31600", "2009-03-31": "2911.07100", "2008-12-31": "2936.74000", "2008-09-30": "2968.71100", "2008-06-30": "2994.43400", "2008-03-31": "3017.80900", "2007-12-31": "2877.10900", "2007-09-30": "2803.52000", "2007-06-30": "2529.95900", "2007-03-31": "2564.27500", "2006-12-31": "2529.98200", "2006-09-30": "2041.54600", "2006-06-30": "1960.03700", "2006-03-31": "1921.23200", "2005-12-31": "1850.24000", "2005-09-30": "1792.87600", "2005-06-30": "1566.09600", "2005-03-31": "1508.63400"}, "Total Assets": {"2020-09-30": "19785.37000", "2020-06-30": "19102.55000", "2020-03-31": "18796.44000", "2019-12-31": "18554.80000", "2019-09-30": "17179.90000", "2019-06-30": "16748.63000", "2019-03-31": "15762.91000", "2018-12-31": "15260.48000", "2018-09-30": "15095.33000", "2018-06-30": "14674.07000", "2018-03-31": "14474.09000", "2017-12-31": "14058.17000", "2017-09-30": "13701.42000", "2017-06-30": "13574.12000", "2017-03-31": "13422.19000", "2016-12-31": "13152.87000", "2016-09-30": "12536.45000", "2016-06-30": "12249.43000", "2016-03-31": "12037.10000", "2015-12-31": "11845.38000", "2015-09-30": "11738.57000", "2015-06-30": "11728.31000", "2015-03-31": "11092.15000", "2014-12-31": "11012.62000", "2014-09-30": "10939.84000", "2014-06-30": "10812.40000", "2014-03-31": "10480.78000", "2013-12-31": "9924.44100", "2013-09-30": "9880.92700", "2013-06-30": "9415.53300", "2013-03-31": "8763.60300", "2012-12-31": "5429.34800", "2012-09-30": "5036.32600", "2012-06-30": "4576.55900", "2012-03-31": "4398.43300", "2011-12-31": "4419.38900", "2011-09-30": "4274.77400", "2011-06-30": "3991.05300", "2011-03-31": "3770.55600", "2010-12-31": "3535.59000", "2010-09-30": "3285.53400", "2010-06-30": "3143.15500", "2010-03-31": "2905.70300", "2009-12-31": "2914.78700", "2009-09-30": "2901.37500", "2009-06-30": "2932.55800", "2009-03-31": "2931.63100", "2008-12-31": "2994.17900", "2008-09-30": "3090.13100", "2008-06-30": "3042.93700", "2008-03-31": "3039.46400", "2007-12-31": "3077.35200", "2007-09-30": "3076.26200", "2007-06-30": "2544.89200", "2007-03-31": "2575.31300", "2006-12-31": "2546.50800", "2006-09-30": "2160.19000", "2006-06-30": "1975.59700", "2006-03-31": "1929.93200", "2005-12-31": "1920.98800", "2005-09-30": "1798.70700", "2005-06-30": "1571.58300", "2005-03-31": "1523.22200"}, "Total Current Liabilities": {"2020-09-30": "206.62600", "2020-06-30": "201.17600", "2020-03-31": "182.17700", "2019-12-31": "177.03900", "2019-09-30": "163.15400", "2019-06-30": "156.85900", "2019-03-31": "114.22500", "2018-12-31": "133.76500", "2018-09-30": "119.14400", "2018-06-30": "122.37900", "2018-03-31": "92.37900", "2017-12-31": "109.52300", "2017-09-30": "92.94700", "2017-06-30": "115.59500", "2017-03-31": "86.63800", "2016-12-31": "121.15600", "2016-09-30": "97.54100", "2016-06-30": "130.02400", "2016-03-31": "86.32800", "2015-12-31": "115.82600", "2015-09-30": "97.21900", "2015-06-30": "112.82400", "2015-03-31": "77.59400", "2014-12-31": "123.28700", "2014-09-30": "78.27100", "2014-06-30": "98.97300", "2014-03-31": "70.34000", "2013-12-31": "102.51100", "2013-09-30": "69.29900", "2013-06-30": "77.41100", "2013-03-31": "51.72400", "2012-12-31": "70.42600", "2012-09-30": "38.02600", "2012-06-30": "59.49700", "2012-03-31": "34.41900", "2011-12-31": "58.77000", "2011-09-30": "34.53800", "2011-06-30": "51.96300", "2011-03-31": "23.80400", "2010-12-31": "47.01900", "2010-09-30": "26.84600", "2010-06-30": "38.37500", "2010-03-31": "19.40000", "2009-12-31": "38.44500", "2009-09-30": "20.70800", "2009-06-30": "36.55700", "2009-03-31": "17.86000", "2008-12-31": "38.02700", "2008-09-30": "21.91300", "2008-06-30": "37.37700", "2008-03-31": "20.51300", "2007-12-31": "38.11200", "2007-09-30": "29.24200", "2007-06-30": "26.22700", "2007-03-31": "16.19200", "2006-12-31": "27.00400", "2006-09-30": "20.48300", "2006-06-30": "19.87900", "2006-03-31": "17.40600", "2005-12-31": "20.39100", "2005-09-30": "16.73100", "2005-06-30": "14.32300", "2005-03-31": "14.69800"}, "Long Term Debt": {"2020-09-30": "8435.86100", "2020-06-30": "7874.77700", "2020-03-31": "7535.61400", "2019-12-31": "7901.54700", "2019-09-30": "7037.38900", "2019-06-30": "7074.28800", "2019-03-31": "7015.42700", "2018-12-31": "6499.97600", "2018-09-30": "6779.65900", "2018-06-30": "6540.20200", "2018-03-31": "6594.24200", "2017-12-31": "6111.47100", "2017-09-30": "5787.02700", "2017-06-30": "5988.04800", "2017-03-31": "5423.62600", "2016-12-31": "5839.60500", "2016-09-30": "5250.69700", "2016-06-30": "4947.60400", "2016-03-31": "5105.09800", "2015-12-31": "4820.99500", "2015-09-30": "5251.54900", "2015-06-30": "5305.52400", "2015-03-31": "5025.03600", "2014-12-31": "4930.94700", "2014-09-30": "4762.23900", "2014-06-30": "4593.21100", "2014-03-31": "4818.16600", "2013-12-31": "4166.84000", "2013-09-30": "4549.45800", "2013-06-30": "4048.10900", "2013-03-31": "3400.74000", "2012-12-31": "2869.85300", "2012-09-30": "2492.39400", "2012-06-30": "1990.26100", "2012-03-31": "1849.87800", "2011-12-31": "2055.18100", "2011-09-30": "1914.75000", "2011-06-30": "1809.60600", "2011-03-31": "1600.00000", "2010-12-31": "1600.00000", "2010-09-30": "1600.00000", "2010-06-30": "1626.90000", "2010-03-31": "1389.90000", "2009-12-31": "1354.60000", "2009-09-30": "1350.00000", "2009-06-30": "1350.00000", "2009-03-31": "1350.00000", "2008-12-31": "1370.00000", "2008-09-30": "1470.00000", "2008-06-30": "1470.00000", "2008-03-31": "1470.00000", "2007-12-31": "1470.00000", "2007-09-30": "1470.00000", "2007-06-30": "930.00000", "2007-03-31": "965.80000", "2006-12-31": "920.00000", "2006-09-30": "920.00000", "2006-06-30": "837.30000", "2006-03-31": "788.60000", "2005-12-31": "891.70000", "2005-09-30": "770.50000", "2005-06-30": "634.80000", "2005-03-31": "583.10000"}, "Other Non-Current Liabilities": {"2020-09-30": "643.09500", "2020-06-30": "652.67500", "2020-03-31": "661.01200", "2019-12-31": "672.05200", "2019-09-30": "661.26400", "2019-06-30": "654.88900", "2019-03-31": "624.18000", "2018-12-31": "505.76400", "2018-09-30": "485.26800", "2018-06-30": "499.02400", "2018-03-31": "489.81300", "2017-12-31": "446.46400", "2017-09-30": "447.51800", "2017-06-30": "449.42100", "2017-03-31": "448.44900", "2016-12-31": "405.05700", "2016-09-30": "417.71800", "2016-06-30": "351.72600", "2016-03-31": "345.18700", "2015-12-31": "355.22500", "2015-09-30": "325.96500", "2015-06-30": "325.49300", "2015-03-31": "315.06100", "2014-12-31": "317.28900", "2014-09-30": "288.94400", "2014-06-30": "255.80400", "2014-03-31": "237.50700", "2013-12-31": "233.73200", "2013-09-30": "215.84400", "2013-06-30": "184.92700", "2013-03-31": "169.75000", "2012-12-31": "76.27500", "2012-09-30": "63.20300", "2012-06-30": "53.91800", "2012-03-31": "53.19700", "2011-12-31": "50.58400", "2011-09-30": "49.94400", "2011-06-30": "38.49100", "2011-03-31": "36.60400", "2010-12-31": "41.60600", "2010-09-30": "31.70400", "2010-06-30": "28.78500", "2010-03-31": "28.96400", "2009-12-31": "33.73300", "2009-09-30": "28.25800", "2009-06-30": "27.16400", "2009-03-31": "28.32600", "2008-12-31": "31.49100", "2008-09-30": "28.59400", "2008-06-30": "27.23900", "2008-03-31": "27.66400", "2007-12-31": "31.14800", "2007-09-30": "25.62000", "2007-06-30": "25.65700", "2007-03-31": "24.35900", "2006-12-31": "23.51200", "2006-09-30": "21.94500", "2006-06-30": "21.12400", "2006-03-31": "20.74100", "2005-12-31": "19.68300", "2005-09-30": "19.22500", "2005-06-30": "16.87900", "2005-03-31": "16.28500"}, "Total Long Term Liabilities": {"2020-09-30": "9078.95600", "2020-06-30": "8527.45200", "2020-03-31": "8196.62600", "2019-12-31": "8573.59900", "2019-09-30": "7698.65300", "2019-06-30": "7729.17700", "2019-03-31": "7639.60700", "2018-12-31": "7005.74000", "2018-09-30": "7264.92700", "2018-06-30": "7039.22600", "2018-03-31": "7084.05500", "2017-12-31": "6557.93500", "2017-09-30": "6234.54500", "2017-06-30": "6437.46900", "2017-03-31": "6280.82500", "2016-12-31": "6244.66200", "2016-09-30": "5668.41500", "2016-06-30": "5299.33000", "2016-03-31": "5450.28500", "2015-12-31": "5176.22000", "2015-09-30": "5577.51400", "2015-06-30": "5631.01700", "2015-03-31": "5340.09700", "2014-12-31": "5248.23600", "2014-09-30": "5271.18300", "2014-06-30": "4849.01500", "2014-03-31": "5055.67300", "2013-12-31": "4400.57200", "2013-09-30": "4765.30200", "2013-06-30": "4233.03600", "2013-03-31": "3570.49000", "2012-12-31": "2946.12800", "2012-09-30": "2555.59700", "2012-06-30": "2044.17900", "2012-03-31": "1903.07500", "2011-12-31": "2105.76500", "2011-09-30": "1964.69400", "2011-06-30": "1848.09700", "2011-03-31": "1636.60400", "2010-12-31": "1641.60600", "2010-09-30": "1631.70400", "2010-06-30": "1655.68500", "2010-03-31": "1418.86400", "2009-12-31": "1388.33300", "2009-09-30": "1378.25800", "2009-06-30": "1377.16400", "2009-03-31": "1378.32600", "2008-12-31": "1401.49100", "2008-09-30": "1498.59400", "2008-06-30": "1497.23900", "2008-03-31": "1497.66400", "2007-12-31": "1501.14800", "2007-09-30": "1495.62000", "2007-06-30": "955.65700", "2007-03-31": "990.15900", "2006-12-31": "943.51200", "2006-09-30": "941.94500", "2006-06-30": "858.42400", "2006-03-31": "809.34100", "2005-12-31": "911.38300", "2005-09-30": "789.72500", "2005-06-30": "651.67900", "2005-03-31": "599.38490"}, "Total Liabilities": {"2020-09-30": "9285.58200", "2020-06-30": "8728.62800", "2020-03-31": "8378.80300", "2019-12-31": "8750.63800", "2019-09-30": "7861.80700", "2019-06-30": "7886.03600", "2019-03-31": "7753.83200", "2018-12-31": "7139.50500", "2018-09-30": "7384.07100", "2018-06-30": "7161.60500", "2018-03-31": "7176.43400", "2017-12-31": "6667.45800", "2017-09-30": "6327.49200", "2017-06-30": "6553.06400", "2017-03-31": "6367.46300", "2016-12-31": "6365.81800", "2016-09-30": "5765.95600", "2016-06-30": "5429.35400", "2016-03-31": "5536.61300", "2015-12-31": "5292.04600", "2015-09-30": "5674.73300", "2015-06-30": "5743.84100", "2015-03-31": "5417.69100", "2014-12-31": "5371.52300", "2014-09-30": "5349.45400", "2014-06-30": "4947.98800", "2014-03-31": "5126.01300", "2013-12-31": "4503.08300", "2013-09-30": "4834.60100", "2013-06-30": "4310.44700", "2013-03-31": "3622.21400", "2012-12-31": "3016.55400", "2012-09-30": "2593.62300", "2012-06-30": "2103.67600", "2012-03-31": "1937.49400", "2011-12-31": "2164.53500", "2011-09-30": "1999.23200", "2011-06-30": "1900.06000", "2011-03-31": "1660.40800", "2010-12-31": "1688.62500", "2010-09-30": "1658.55000", "2010-06-30": "1694.06000", "2010-03-31": "1438.26400", "2009-12-31": "1426.77800", "2009-09-30": "1398.96600", "2009-06-30": "1413.72100", "2009-03-31": "1396.18600", "2008-12-31": "1439.51800", "2008-09-30": "1520.50700", "2008-06-30": "1534.61600", "2008-03-31": "1518.17700", "2007-12-31": "1539.26000", "2007-09-30": "1524.86200", "2007-06-30": "981.88400", "2007-03-31": "1006.35100", "2006-12-31": "970.51600", "2006-09-30": "962.42800", "2006-06-30": "878.30300", "2006-03-31": "826.74700", "2005-12-31": "931.77400", "2005-09-30": "806.45600", "2005-06-30": "666.00200", "2005-03-31": "614.08300"}, "Common Stock Net": {"2020-09-30": "14050.49000", "2020-06-30": "13704.12000", "2020-03-31": "13604.05000", "2019-12-31": "12873.85000", "2019-09-30": "12294.14000", "2019-06-30": "11722.04000", "2019-03-31": "10748.47000", "2018-12-31": "10754.50000", "2018-09-30": "10220.09000", "2018-06-30": "9925.54300", "2018-03-31": "9625.20000", "2017-12-31": "9624.26400", "2017-09-30": "9488.04300", "2017-06-30": "9046.53300", "2017-03-31": "8987.93300", "2016-12-31": "8228.59400", "2016-09-30": "8144.98300", "2016-06-30": "8105.22900", "2016-03-31": "7699.83700", "2015-12-31": "7666.42800", "2015-09-30": "7107.66200", "2015-06-30": "6953.67900", "2015-03-31": "6569.61000", "2014-12-31": "6464.98700", "2014-09-30": "6361.40000", "2014-06-30": "6357.08400", "2014-03-31": "5774.39500", "2013-12-31": "5767.87800", "2013-09-30": "5333.76100", "2013-06-30": "5329.71500", "2013-03-31": "5325.85400", "2012-12-31": "2572.09200", "2012-09-30": "2569.87100", "2012-06-30": "2567.14800", "2012-03-31": "2564.18400", "2011-12-31": "2563.04800", "2011-09-30": "2560.61200", "2011-06-30": "2354.67600", "2011-03-31": "2351.96200", "2010-12-31": "2066.28700", "2010-09-30": "1829.22300", "2010-06-30": "1630.97400", "2010-03-31": "1629.34600", "2009-12-31": "1629.23700", "2009-09-30": "1628.23900", "2009-06-30": "1627.18000", "2009-03-31": "1625.79500", "2008-12-31": "1624.62200", "2008-09-30": "1623.65900", "2008-06-30": "1548.05200", "2008-03-31": "1546.18000", "2007-12-31": "1545.03700", "2007-09-30": "1544.11700", "2007-06-30": "1543.26900", "2007-03-31": "1541.49100", "2006-12-31": "1540.36500", "2006-09-30": "1366.50400", "2006-06-30": "1256.79300", "2006-03-31": "1255.67100", "2005-12-31": "1134.30000", "2005-09-30": "1133.73000", "2005-06-30": "1040.14400", "2005-03-31": "1039.55100"}, "Retained Earnings (Accumulated Deficit)": {"2020-09-30": "-3527.52100", "2020-06-30": "-3306.58800", "2020-03-31": "-3173.46800", "2019-12-31": "-3082.29100", "2019-09-30": "-2987.12000", "2019-06-30": "-2869.93700", "2019-03-31": "-2752.77500", "2018-12-31": "-2657.65500", "2018-09-30": "-2543.85200", "2018-06-30": "-2449.79300", "2018-03-31": "-2357.22000", "2017-12-31": "-2252.76300", "2017-09-30": "-2133.61400", "2017-06-30": "-2045.12700", "2017-03-31": "-1952.99000", "2016-12-31": "-1857.16800", "2016-09-30": "-1785.63000", "2016-06-30": "-1699.96600", "2016-03-31": "-1616.21600", "2015-12-31": "-1530.21000", "2015-09-30": "-1463.39200", "2015-06-30": "-1388.85400", "2015-03-31": "-1314.95200", "2014-12-31": "-1246.96400", "2014-09-30": "-1194.98700", "2014-06-30": "-1130.74600", "2014-03-31": "-1058.12000", "2013-12-31": "-991.79400", "2013-09-30": "-932.87600", "2013-06-30": "-870.19900", "2013-03-31": "-807.62600", "2012-12-31": "-768.66100", "2012-09-30": "-736.53100", "2012-06-30": "-703.62800", "2012-03-31": "-678.17200", "2011-12-31": "-645.98400", "2011-09-30": "-622.86000", "2011-06-30": "-601.47300", "2011-03-31": "-579.60400", "2010-12-31": "-557.11200", "2010-09-30": "-540.02900", "2010-06-30": "-519.66900", "2010-03-31": "-499.69700", "2009-12-31": "-479.01800", "2009-09-30": "-463.62000", "2009-06-30": "-446.13300", "2009-03-31": "-428.14000", "2008-12-31": "-407.75100", "2008-09-30": "-391.82500", "2008-06-30": "-377.52100", "2008-03-31": "-362.68300", "2007-12-31": "-344.73500", "2007-09-30": "-330.50700", "2007-06-30": "-318.05100", "2007-03-31": "-310.31900", "2006-12-31": "-302.15400", "2006-09-30": "-292.54600", "2006-06-30": "-283.30300", "2006-03-31": "-276.29000", "2005-12-31": "-268.89000", "2005-09-30": "-265.28300", "2005-06-30": "-258.36700", "2005-03-31": "-254.21600"}, "Comprehensive Income": {"2020-09-30": "-52.44600", "2020-06-30": "-53.08400", "2020-03-31": "-42.57200", "2019-12-31": "-17.10200", "2019-09-30": "-13.59900", "2019-06-30": "-14.59700", "2019-03-31": "-11.79700", "2018-12-31": "-8.09800", "2018-09-30": "", "2018-06-30": "", "2018-03-31": "", "2017-12-31": "", "2017-09-30": "", "2017-06-30": "", "2017-03-31": "", "2016-12-31": "", "2016-09-30": "", "2016-06-30": "", "2016-03-31": "", "2015-12-31": "", "2015-09-30": "", "2015-06-30": "", "2015-03-31": "", "2014-12-31": "", "2014-09-30": "", "2014-06-30": "", "2014-03-31": "", "2013-12-31": "", "2013-09-30": "", "2013-06-30": "", "2013-03-31": "", "2012-12-31": "", "2012-09-30": "", "2012-06-30": "", "2012-03-31": "", "2011-12-31": "", "2011-09-30": "", "2011-06-30": "", "2011-03-31": "", "2010-12-31": "", "2010-09-30": "", "2010-06-30": "", "2010-03-31": "", "2009-12-31": "", "2009-09-30": "", "2009-06-30": "", "2009-03-31": "", "2008-12-31": "", "2008-09-30": "", "2008-06-30": "", "2008-03-31": "", "2007-12-31": "", "2007-09-30": "", "2007-06-30": "", "2007-03-31": "", "2006-12-31": "", "2006-09-30": "", "2006-06-30": "", "2006-03-31": "", "2005-12-31": "", "2005-09-30": "", "2005-06-30": "", "2005-03-31": ""}, "Other Share Holders Equity": {"2020-09-30": "", "2020-06-30": "", "2020-03-31": "", "2019-12-31": "", "2019-09-30": "", "2019-06-30": "", "2019-03-31": "", "2018-12-31": "", "2018-09-30": "", "2018-06-30": "", "2018-03-31": "", "2017-12-31": "", "2017-09-30": "", "2017-06-30": "", "2017-03-31": "", "2016-12-31": "", "2016-09-30": "", "2016-06-30": "", "2016-03-31": "", "2015-12-31": "", "2015-09-30": "", "2015-06-30": "", "2015-03-31": "", "2014-12-31": "", "2014-09-30": "", "2014-06-30": "", "2014-03-31": "", "2013-12-31": "", "2013-09-30": "", "2013-06-30": "", "2013-03-31": "", "2012-12-31": "", "2012-09-30": "", "2012-06-30": "", "2012-03-31": "", "2011-12-31": "", "2011-09-30": "", "2011-06-30": "", "2011-03-31": "", "2010-12-31": "", "2010-09-30": "", "2010-06-30": "", "2010-03-31": "", "2009-12-31": "", "2009-09-30": "", "2009-06-30": "", "2009-03-31": "", "2008-12-31": "", "2008-09-30": "", "2008-06-30": "", "2008-03-31": "", "2007-12-31": "", "2007-09-30": "", "2007-06-30": "", "2007-03-31": "", "2006-12-31": "", "2006-09-30": "", "2006-06-30": "", "2006-03-31": "", "2005-12-31": "", "2005-09-30": "", "2005-06-30": "", "2005-03-31": ""}, "Share Holder Equity": {"2020-09-30": "10499.79000", "2020-06-30": "10373.92000", "2020-03-31": "10417.64000", "2019-12-31": "9804.15800", "2019-09-30": "9318.09700", "2019-06-30": "8862.59400", "2019-03-31": "8009.07600", "2018-12-31": "8120.97800", "2018-09-30": "7711.25400", "2018-06-30": "7512.46900", "2018-03-31": "7297.65900", "2017-12-31": "7390.70800", "2017-09-30": "7373.92700", "2017-06-30": "7021.05200", "2017-03-31": "7054.72300", "2016-12-31": "6787.05300", "2016-09-30": "6770.49700", "2016-06-30": "6820.07700", "2016-03-31": "6500.49000", "2015-12-31": "6553.33300", "2015-09-30": "6063.83600", "2015-06-30": "5984.47300", "2015-03-31": "5674.46200", "2014-12-31": "5641.09900", "2014-09-30": "5590.38600", "2014-06-30": "5864.41400", "2014-03-31": "5354.76800", "2013-12-31": "5421.35800", "2013-09-30": "5046.32600", "2013-06-30": "5105.08600", "2013-03-31": "5141.38900", "2012-12-31": "2412.79400", "2012-09-30": "2442.70300", "2012-06-30": "2472.88300", "2012-03-31": "2460.93900", "2011-12-31": "2254.85400", "2011-09-30": "2275.54200", "2011-06-30": "2090.99300", "2011-03-31": "2110.14800", "2010-12-31": "1846.96500", "2010-09-30": "1626.98400", "2010-06-30": "1449.09500", "2010-03-31": "1467.43900", "2009-12-31": "1488.00900", "2009-09-30": "1502.40900", "2009-06-30": "1518.83700", "2009-03-31": "1535.44500", "2008-12-31": "1554.66100", "2008-09-30": "1569.62400", "2008-06-30": "1508.32100", "2008-03-31": "1521.28700", "2007-12-31": "1538.09200", "2007-09-30": "1551.40000", "2007-06-30": "1563.00800", "2007-03-31": "1568.96200", "2006-12-31": "1575.99200", "2006-09-30": "1197.76200", "2006-06-30": "1097.29400", "2006-03-31": "1103.18500", "2005-12-31": "989.21400", "2005-09-30": "992.25100", "2005-06-30": "905.58100", "2005-03-31": "909.13900"}, "Total Liabilities And Share Holders Equity": {"2020-09-30": "19785.37000", "2020-06-30": "19102.55000", "2020-03-31": "18796.44000", "2019-12-31": "18554.80000", "2019-09-30": "17179.90000", "2019-06-30": "16748.63000", "2019-03-31": "15762.91000", "2018-12-31": "15260.48000", "2018-09-30": "15095.33000", "2018-06-30": "14674.07000", "2018-03-31": "14474.09000", "2017-12-31": "14058.17000", "2017-09-30": "13701.42000", "2017-06-30": "13574.12000", "2017-03-31": "13422.19000", "2016-12-31": "13152.87000", "2016-09-30": "12536.45000", "2016-06-30": "12249.43000", "2016-03-31": "12037.10000", "2015-12-31": "11845.38000", "2015-09-30": "11738.57000", "2015-06-30": "11728.31000", "2015-03-31": "11092.15000", "2014-12-31": "11012.62000", "2014-09-30": "10939.84000", "2014-06-30": "10812.40000", "2014-03-31": "10480.78000", "2013-12-31": "9924.44100", "2013-09-30": "9880.92700", "2013-06-30": "9415.53300", "2013-03-31": "8763.60300", "2012-12-31": "5429.34800", "2012-09-30": "5036.32600", "2012-06-30": "4576.55900", "2012-03-31": "4398.43300", "2011-12-31": "4419.38900", "2011-09-30": "4274.77400", "2011-06-30": "3991.05300", "2011-03-31": "3770.55600", "2010-12-31": "3535.59000", "2010-09-30": "3285.53400", "2010-06-30": "3143.15500", "2010-03-31": "2905.70300", "2009-12-31": "2914.78700", "2009-09-30": "2901.37500", "2009-06-30": "2932.55800", "2009-03-31": "2931.63100", "2008-12-31": "2994.17900", "2008-09-30": "3090.13100", "2008-06-30": "3042.93700", "2008-03-31": "3039.46400", "2007-12-31": "3077.35200", "2007-09-30": "3076.26200", "2007-06-30": "2544.89200", "2007-03-31": "2575.31300", "2006-12-31": "2546.50800", "2006-09-30": "2160.19000", "2006-06-30": "1975.59700", "2006-03-31": "1929.93200", "2005-12-31": "1920.98800", "2005-09-30": "1798.70700", "2005-06-30": "1571.58300", "2005-03-31": "1523.22200"}}, "cash flow statement": {"Net Income/Loss": {"2019-12-31": "437.47800", "2018-12-31": "364.59800", "2017-12-31": "319.31800", "2016-12-31": "316.47700", "2015-12-31": "284.85500", "2014-12-31": "271.94000", "2013-12-31": "246.28300", "2012-12-31": "159.15200", "2011-12-31": "157.03200", "2010-12-31": "130.78400", "2009-12-31": "131.12700", "2008-12-31": "131.84100", "2007-12-31": "140.40900", "2006-12-31": "110.78100", "2005-12-31": "99.11900"}, "Total Depreciation And Amortization - Cash Flow": {"2019-12-31": "615.00800", "2018-12-31": "573.29210", "2017-12-31": "521.42600", "2016-12-31": "467.44000", "2015-12-31": "421.16800", "2014-12-31": "382.06400", "2013-12-31": "327.43700", "2012-12-31": "163.70000", "2011-12-31": "129.49500", "2010-12-31": "97.80700", "2009-12-31": "94.62800", "2008-12-31": "94.15300", "2007-12-31": "79.78900", "2006-12-31": "61.73400", "2005-12-31": "48.16900"}, "Other Non-Cash Items": {"2019-12-31": "1.34900", "2018-12-31": "-8.94200", "2017-12-31": "9.10200", "2016-12-31": "-13.10800", "2015-12-31": "-17.24700", "2014-12-31": "-43.37800", "2013-12-31": "-71.81200", "2012-12-31": "-5.14000", "2011-12-31": "1.73500", "2010-12-31": "-3.01000", "2009-12-31": "-3.51100", "2008-12-31": "19.41500", "2007-12-31": "76.34500", "2006-12-31": "-93.37000", "2005-12-31": "-42.72900"}, "Total Non-Cash Items": {"2019-12-31": "616.35700", "2018-12-31": "564.35000", "2017-12-31": "530.52800", "2016-12-31": "454.33200", "2015-12-31": "403.92100", "2014-12-31": "338.68600", "2013-12-31": "255.62500", "2012-12-31": "158.56000", "2011-12-31": "131.23000", "2010-12-31": "94.79700", "2009-12-31": "91.11700", "2008-12-31": "113.56800", "2007-12-31": "156.13400", "2006-12-31": "-31.63600", "2005-12-31": "5.44000"}, "Change In Accounts Receivable": {"2019-12-31": "-8.95400", "2018-12-31": "-6.90100", "2017-12-31": "-0.09200", "2016-12-31": "-5.41400", "2015-12-31": "-1.37700", "2014-12-31": "-3.06400", "2013-12-31": "-2.11600", "2012-12-31": "0.57300", "2011-12-31": "2.51100", "2010-12-31": "5.27000", "2009-12-31": "3.60700", "2008-12-31": "-0.93000", "2007-12-31": "-0.04900", "2006-12-31": "4.41800", "2005-12-31": "-3.29200"}, "Change In Inventories": {"2019-12-31": "", "2018-12-31": "", "2017-12-31": "", "2016-12-31": "", "2015-12-31": "", "2014-12-31": "", "2013-12-31": "", "2012-12-31": "", "2011-12-31": "", "2010-12-31": "", "2009-12-31": "", "2008-12-31": "", "2007-12-31": "", "2006-12-31": "", "2005-12-31": ""}, "Change In Accounts Payable": {"2019-12-31": "", "2018-12-31": "", "2017-12-31": "", "2016-12-31": "", "2015-12-31": "", "2014-12-31": "", "2013-12-31": "", "2012-12-31": "", "2011-12-31": "", "2010-12-31": "", "2009-12-31": "", "2008-12-31": "", "2007-12-31": "", "2006-12-31": "", "2005-12-31": ""}, "Change In Assets/Liabilities": {"2019-12-31": "", "2018-12-31": "", "2017-12-31": "", "2016-12-31": "", "2015-12-31": "", "2014-12-31": "", "2013-12-31": "", "2012-12-31": "", "2011-12-31": "", "2010-12-31": "", "2009-12-31": "", "2008-12-31": "", "2007-12-31": "", "2006-12-31": "", "2005-12-31": ""}, "Total Change In Assets/Liabilities": {"2019-12-31": "15.10200", "2018-12-31": "11.79400", "2017-12-31": "26.00400", "2016-12-31": "29.05400", "2015-12-31": "4.79100", "2014-12-31": "17.06600", "2013-12-31": "16.99800", "2012-12-31": "8.75700", "2011-12-31": "10.69000", "2010-12-31": "17.78700", "2009-12-31": "4.46300", "2008-12-31": "0.74600", "2007-12-31": "21.62600", "2006-12-31": "7.80000", "2005-12-31": "4.99800"}, "Cash Flow From Operating Activities": {"2019-12-31": "1068.93700", "2018-12-31": "940.74200", "2017-12-31": "875.85000", "2016-12-31": "799.86300", "2015-12-31": "693.56700", "2014-12-31": "627.69200", "2013-12-31": "518.90600", "2012-12-31": "326.46900", "2011-12-31": "298.95200", "2010-12-31": "243.36800", "2009-12-31": "226.70700", "2008-12-31": "246.15500", "2007-12-31": "318.16900", "2006-12-31": "86.94500", "2005-12-31": "109.55700"}, "Net Change In Property, Plant, And Equipment": {"2019-12-31": "-3487.20600", "2018-12-31": "-1652.39900", "2017-12-31": "-1261.54100", "2016-12-31": "-1713.22200", "2015-12-31": "-1212.60900", "2014-12-31": "-1234.27500", "2013-12-31": "-1437.99000", "2012-12-31": "-1022.27900", "2011-12-31": "-957.34700", "2010-12-31": "-716.77600", "2009-12-31": "-61.31900", "2008-12-31": "-194.10600", "2007-12-31": "-506.36000", "2006-12-31": "-654.14900", "2005-12-31": "-417.34700"}, "Net Change In Intangible Assets": {"2019-12-31": "", "2018-12-31": "", "2017-12-31": "", "2016-12-31": "", "2015-12-31": "", "2014-12-31": "", "2013-12-31": "", "2012-12-31": "", "2011-12-31": "", "2010-12-31": "", "2009-12-31": "", "2008-12-31": "", "2007-12-31": "", "2006-12-31": "", "2005-12-31": ""}, "Net Acquisitions/Divestitures": {"2019-12-31": "", "2018-12-31": "", "2017-12-31": "", "2016-12-31": "", "2015-12-31": "", "2014-12-31": "6.91800", "2013-12-31": "126.78500", "2012-12-31": "50.56300", "2011-12-31": "22.04900", "2010-12-31": "25.77900", "2009-12-31": "20.07400", "2008-12-31": "26.96800", "2007-12-31": "3.36900", "2006-12-31": "8.86700", "2005-12-31": "12.69700"}, "Net Change In Short-term Investments": {"2019-12-31": "", "2018-12-31": "", "2017-12-31": "", "2016-12-31": "", "2015-12-31": "", "2014-12-31": "", "2013-12-31": "", "2012-12-31": "", "2011-12-31": "", "2010-12-31": "", "2009-12-31": "", "2008-12-31": "", "2007-12-31": "", "2006-12-31": "", "2005-12-31": ""}, "Net Change In Long-Term Investments": {"2019-12-31": "", "2018-12-31": "", "2017-12-31": "", "2016-12-31": "", "2015-12-31": "", "2014-12-31": "88.68800", "2013-12-31": "0.00800", "2012-12-31": "0.02300", "2011-12-31": "2.07800", "2010-12-31": "", "2009-12-31": "", "2008-12-31": "0.43900", "2007-12-31": "4.37000", "2006-12-31": "0.00200", "2005-12-31": "0.10900"}, "Net Change In Investments - Total": {"2019-12-31": "", "2018-12-31": "", "2017-12-31": "", "2016-12-31": "", "2015-12-31": "", "2014-12-31": "88.68800", "2013-12-31": "0.00800", "2012-12-31": "0.02300", "2011-12-31": "2.07800", "2010-12-31": "", "2009-12-31": "", "2008-12-31": "0.43900", "2007-12-31": "4.37000", "2006-12-31": "0.00200", "2005-12-31": "0.10900"}, "Investing Activities - Other": {"2019-12-31": "-14.60300", "2018-12-31": "12.71500", "2017-12-31": "7.03400", "2016-12-31": "12.51500", "2015-12-31": "", "2014-12-31": "-36.19000", "2013-12-31": "-20.81400", "2012-12-31": "-36.68100", "2011-12-31": "-1.64300", "2010-12-31": "-6.36100", "2009-12-31": "-4.47900", "2008-12-31": "-3.17400", "2007-12-31": "", "2006-12-31": "", "2005-12-31": ""}, "Cash Flow From Investing Activities": {"2019-12-31": "-3501.80900", "2018-12-31": "-1639.68400", "2017-12-31": "-1254.50700", "2016-12-31": "-1700.70700", "2015-12-31": "-1212.60900", "2014-12-31": "-1174.85900", "2013-12-31": "-1332.01100", "2012-12-31": "-1008.37400", "2011-12-31": "-934.86300", "2010-12-31": "-697.35800", "2009-12-31": "-45.72400", "2008-12-31": "-169.87300", "2007-12-31": "-498.62100", "2006-12-31": "-645.28000", "2005-12-31": "-404.54100"}, "Net Long-Term Debt": {"2019-12-31": "1258.20500", "2018-12-31": "391.72900", "2017-12-31": "158.31590", "2016-12-31": "977.24630", "2015-12-31": "-83.35300", "2014-12-31": "608.38600", "2013-12-31": "105.18990", "2012-12-31": "708.87100", "2011-12-31": "387.12100", "2010-12-31": "241.53100", "2009-12-31": "-15.40000", "2008-12-31": "-100.00000", "2007-12-31": "544.39700", "2006-12-31": "25.18300", "2005-12-31": "383.36600"}, "Net Current Debt": {"2019-12-31": "", "2018-12-31": "", "2017-12-31": "", "2016-12-31": "", "2015-12-31": "", "2014-12-31": "", "2013-12-31": "", "2012-12-31": "", "2011-12-31": "", "2010-12-31": "", "2009-12-31": "", "2008-12-31": "", "2007-12-31": "", "2006-12-31": "", "2005-12-31": ""}, "Debt Issuance/Retirement Net - Total": {"2019-12-31": "1258.20500", "2018-12-31": "391.72900", "2017-12-31": "158.31590", "2016-12-31": "977.24630", "2015-12-31": "-83.35300", "2014-12-31": "608.38600", "2013-12-31": "105.18990", "2012-12-31": "708.87100", "2011-12-31": "387.12100", "2010-12-31": "241.53100", "2009-12-31": "-15.40000", "2008-12-31": "-100.00000", "2007-12-31": "544.39700", "2006-12-31": "25.18300", "2005-12-31": "383.36600"}, "Net Common Equity Issued/Repurchased": {"2019-12-31": "2096.89300", "2018-12-31": "1131.72600", "2017-12-31": "1396.56600", "2016-12-31": "551.57900", "2015-12-31": "1192.93600", "2014-12-31": "687.07700", "2013-12-31": "1189.38000", "2012-12-31": "2.15900", "2011-12-31": "491.13000", "2010-12-31": "432.59100", "2009-12-31": "", "2008-12-31": "74.53600", "2007-12-31": "0.81600", "2006-12-31": "403.11400", "2005-12-31": "93.15900"}, "Net Total Equity Issued/Repurchased": {"2019-12-31": "2096.89300", "2018-12-31": "1131.72600", "2017-12-31": "987.81600", "2016-12-31": "551.57900", "2015-12-31": "1186.18600", "2014-12-31": "467.07700", "2013-12-31": "1189.38000", "2012-12-31": "270.03600", "2011-12-31": "491.13000", "2010-12-31": "432.59100", "2009-12-31": "", "2008-12-31": "74.53600", "2007-12-31": "0.82500", "2006-12-31": "617.09100", "2005-12-31": "93.15900"}, "Total Common And Preferred Stock Dividends Paid": {"2019-12-31": "-853.47600", "2018-12-31": "-763.51200", "2017-12-31": "-697.50510", "2016-12-31": "-650.32100", "2015-12-31": "-561.99700", "2014-12-31": "-519.40000", "2013-12-31": "-452.36800", "2012-12-31": "-275.79300", "2011-12-31": "-243.55000", "2010-12-31": "-206.75300", "2009-12-31": "-202.26100", "2008-12-31": "-193.90800", "2007-12-31": "-182.24200", "2006-12-31": "-139.07000", "2005-12-31": "-117.97800"}, "Financial Activities - Other": {"2019-12-31": "-9.02000", "2018-12-31": "-52.07200", "2017-12-31": "-73.50900", "2016-12-31": "-12.31200", "2015-12-31": "-17.64200", "2014-12-31": "-15.30100", "2013-12-31": "-24.08800", "2012-12-31": "-20.12600", "2011-12-31": "-12.23200", "2010-12-31": "-5.79800", "2009-12-31": "-0.11100", "2008-12-31": "-3.19600", "2007-12-31": "", "2006-12-31": "", "2005-12-31": ""}, "Cash Flow From Financial Activities": {"2019-12-31": "2492.60200", "2018-12-31": "707.87100", "2017-12-31": "375.11800", "2016-12-31": "866.19200", "2015-12-31": "523.19400", "2014-12-31": "540.76200", "2013-12-31": "818.11400", "2012-12-31": "682.98800", "2011-12-31": "622.46900", "2010-12-31": "461.57100", "2009-12-31": "-217.77200", "2008-12-31": "-222.56800", "2007-12-31": "362.98000", "2006-12-31": "503.20400", "2005-12-31": "358.54700"}, "Net Cash Flow": {"2019-12-31": "49.93400", "2018-12-31": "8.92900", "2017-12-31": "-3.53900", "2016-12-31": "-34.65200", "2015-12-31": "4.15200", "2014-12-31": "-6.40500", "2013-12-31": "5.00900", "2012-12-31": "1.08300", "2011-12-31": "-13.44200", "2010-12-31": "7.58100", "2009-12-31": "-36.78900", "2008-12-31": "-146.28600", "2007-12-31": "182.52800", "2006-12-31": "-55.13100", "2005-12-31": "63.56300"}, "Stock-Based Compensation": {"2019-12-31": "", "2018-12-31": "", "2017-12-31": "", "2016-12-31": "", "2015-12-31": "", "2014-12-31": "", "2013-12-31": "", "2012-12-31": "", "2011-12-31": "", "2010-12-31": "", "2009-12-31": "", "2008-12-31": "", "2007-12-31": "", "2006-12-31": "", "2005-12-31": ""}, "Common Stock Dividends Paid": {"2019-12-31": "-853.47600", "2018-12-31": "-763.51200", "2017-12-31": "-691.33700", "2016-12-31": "-623.24100", "2015-12-31": "-534.91700", "2014-12-31": "-481.10000", "2013-12-31": "-410.43800", "2012-12-31": "-236.34800", "2011-12-31": "-219.29700", "2010-12-31": "-182.50000", "2009-12-31": "-178.00800", "2008-12-31": "-169.65500", "2007-12-31": "-157.65900", "2006-12-31": "-129.66700", "2005-12-31": "-108.57500"}}, "cash flow statement, quarterly": {"Net Income/Loss": {"2020-09-30": 23.143, "2020-06-30": 108.07, "2020-03-31": "147.14300", "2019-12-31": 129.553, "2019-09-30": 101.275, "2019-06-30": 95.42, "2019-03-31": "111.23000", "2018-12-31": 85.303, "2018-09-30": 99.283, "2018-06-30": 96.697, "2018-03-31": "83.31500", "2017-12-31": 60.952, "2017-09-30": 88.072, "2017-06-30": 81.259, "2017-03-31": "89.03500", "2016-12-31": 92.724, "2016-09-30": 77.202, "2016-06-30": 76.067, "2016-03-31": "70.48400", "2015-12-31": 83.111, "2015-09-30": 67.813, "2015-06-30": 66.35, "2015-03-31": "67.58100", "2014-12-31": 78.077, "2014-09-30": 73.628, "2014-06-30": 62.242, "2014-03-31": "57.99300", "2013-12-31": 64.633, "2013-09-30": 51.907, "2013-06-30": 56.517, "2013-03-31": "73.22600", "2012-12-31": 39.023, "2012-09-30": 37.458, "2012-06-30": 43.408, "2012-03-31": "39.26300", "2011-12-31": 41.005, "2011-09-30": 40.78, "2011-06-30": 39.248, "2011-03-31": "35.99900", "2010-12-31": 37.877, "2010-09-30": 31.653, "2010-06-30": 31.049, "2010-03-31": "30.20500", "2009-12-31": 35.331, "2009-09-30": 33.151, "2009-06-30": 32.561, "2009-03-31": "30.08400", "2008-12-31": 34.331, "2008-09-30": 34.697, "2008-06-30": 33.052, "2008-03-31": "29.76100", "2007-12-31": 33.176, "2007-09-30": 33.973, "2007-06-30": 36.937, "2007-03-31": "36.32300", "2006-12-31": 32.696, "2006-09-30": 26.557, "2006-06-30": 26.64, "2006-03-31": "24.88800", "2005-12-31": 27.828, "2005-09-30": 23.122, "2005-06-30": 24.666, "2005-03-31": "23.50300"}, "Total Depreciation And Amortization - Cash Flow": {"2020-09-30": 173.766, "2020-06-30": 175.189, "2020-03-31": "172.33000", "2019-12-31": 161.846, "2019-09-30": 154.676, "2019-06-30": 156.602, "2019-03-31": "141.88400", "2018-12-31": 154.5261, "2018-09-30": 142.351, "2018-06-30": 140.457, "2018-03-31": "135.95800", "2017-12-31": 133.791, "2017-09-30": 132.79, "2017-06-30": 129.235, "2017-03-31": "125.61000", "2016-12-31": 122.203, "2016-09-30": 117.881, "2016-06-30": 115.719, "2016-03-31": "111.63700", "2015-12-31": 108.896, "2015-09-30": 105.087, "2015-06-30": 106.33, "2015-03-31": "100.85500", "2014-12-31": 99.103, "2014-09-30": 94.775, "2014-06-30": 95.319, "2014-03-31": "92.86700", "2013-12-31": 92.003, "2013-09-30": 87.425, "2013-06-30": 77.223, "2013-03-31": "70.78600", "2012-12-31": 45.611, "2012-09-30": 43.614, "2012-06-30": 37.038, "2012-03-31": "37.43700", "2011-12-31": 36.889, "2011-09-30": 33.155, "2011-06-30": 30.663, "2011-03-31": "28.78800", "2010-12-31": 22.838, "2010-09-30": 25.213, "2010-06-30": 24.954, "2010-03-31": "24.80200", "2009-12-31": 22.919, "2009-09-30": 23.441, "2009-06-30": 24.108, "2009-03-31": "24.16000", "2008-12-31": 22.728, "2008-09-30": 23.769, "2008-06-30": 24.437, "2008-03-31": "23.21900", "2007-12-31": 21.024, "2007-09-30": 20.134, "2007-06-30": 19.74, "2007-03-31": "18.89100", "2006-12-31": 16.641, "2006-09-30": 15.165, "2006-06-30": 15.786, "2006-03-31": "14.14200", "2005-12-31": 13.433, "2005-09-30": 11.757, "2005-06-30": 11.69, "2005-03-31": "11.28900"}, "Other Non-Cash Items": {"2020-09-30": 86.109, "2020-06-30": 13.195, "2020-03-31": "-23.31100", "2019-12-31": -9.146, "2019-09-30": 10.039, "2019-06-30": 4.485, "2019-03-31": "-4.02900", "2018-12-31": -6.313, "2018-09-30": -2.968, "2018-06-30": -7.113, "2018-03-31": "7.45200", "2017-12-31": 22.73, "2017-09-30": -5.54, "2017-06-30": -0.316, "2017-03-31": "-7.77200", "2016-12-31": -13.032, "2016-09-30": 0.073, "2016-06-30": -2.462, "2016-03-31": "2.31300", "2015-12-31": -9.988, "2015-09-30": 1.298, "2015-06-30": -2.035, "2015-03-31": "-6.52200", "2014-12-31": -25.075, "2014-09-30": -11.756, "2014-06-30": -3.23, "2014-03-31": "-3.31700", "2013-12-31": -22.218, "2013-09-30": -6.899, "2013-06-30": -3.718, "2013-03-31": "-38.97700", "2012-12-31": -0.461, "2012-09-30": -2.305, "2012-06-30": -2.509, "2012-03-31": "0.13500", "2011-12-31": 4.576, "2011-09-30": -2.551, "2011-06-30": -0.642, "2011-03-31": "0.35200", "2010-12-31": 0.108, "2010-09-30": -1.463, "2010-06-30": -1.27, "2010-03-31": "-0.38500", "2009-12-31": -0.673, "2009-09-30": -1.241, "2009-06-30": -1.971, "2009-03-31": "0.37400", "2008-12-31": -2.775, "2008-09-30": -1.042, "2008-06-30": 5.817, "2008-03-31": "17.41500", "2007-12-31": 23.443, "2007-09-30": -4.144, "2007-06-30": 49.805, "2007-03-31": "7.24100", "2006-12-31": -96.637, "2006-09-30": 4.715, "2006-06-30": -0.199, "2006-03-31": "-1.24900", "2005-12-31": -1.368, "2005-09-30": -27.351, "2005-06-30": -12.046, "2005-03-31": "-1.96400"}, "Total Non-Cash Items": {"2020-09-30": 259.8751, "2020-06-30": 188.384, "2020-03-31": "149.01900", "2019-12-31": 152.7, "2019-09-30": 164.715, "2019-06-30": 161.087, "2019-03-31": "137.85500", "2018-12-31": 148.213, "2018-09-30": 139.383, "2018-06-30": 133.344, "2018-03-31": "143.41000", "2017-12-31": 156.521, "2017-09-30": 127.25, "2017-06-30": 128.919, "2017-03-31": "117.83800", "2016-12-31": 109.171, "2016-09-30": 117.954, "2016-06-30": 113.257, "2016-03-31": "113.95000", "2015-12-31": 98.908, "2015-09-30": 106.385, "2015-06-30": 104.295, "2015-03-31": "94.33300", "2014-12-31": 74.028, "2014-09-30": 83.019, "2014-06-30": 92.089, "2014-03-31": "89.55000", "2013-12-31": 69.785, "2013-09-30": 80.526, "2013-06-30": 73.505, "2013-03-31": "31.80900", "2012-12-31": 45.15, "2012-09-30": 41.309, "2012-06-30": 34.529, "2012-03-31": "37.57200", "2011-12-31": 41.465, "2011-09-30": 30.604, "2011-06-30": 30.021, "2011-03-31": "29.14000", "2010-12-31": 22.946, "2010-09-30": 23.75, "2010-06-30": 23.684, "2010-03-31": "24.41700", "2009-12-31": 22.246, "2009-09-30": 22.2, "2009-06-30": 22.137, "2009-03-31": "24.53400", "2008-12-31": 19.953, "2008-09-30": 22.727, "2008-06-30": 30.254, "2008-03-31": "40.63400", "2007-12-31": 44.467, "2007-09-30": 15.99, "2007-06-30": 69.545, "2007-03-31": "26.13200", "2006-12-31": -79.996, "2006-09-30": 19.88, "2006-06-30": 15.587, "2006-03-31": "12.89300", "2005-12-31": 12.065, "2005-09-30": -15.594, "2005-06-30": -0.356, "2005-03-31": "9.32500"}, "Change In Accounts Receivable": {"2020-09-30": 1.344, "2020-06-30": -64.096, "2020-03-31": "3.00500", "2019-12-31": -1.068, "2019-09-30": 3.364, "2019-06-30": -5.065, "2019-03-31": "-6.18500", "2018-12-31": -5.361, "2018-09-30": -4.325, "2018-06-30": 5.258, "2018-03-31": "-2.47300", "2017-12-31": 0.8, "2017-09-30": -4.06, "2017-06-30": 0.141, "2017-03-31": "3.02700", "2016-12-31": -8.378, "2016-09-30": -3.982, "2016-06-30": 1.865, "2016-03-31": "5.08100", "2015-12-31": -3.728, "2015-09-30": 0.573, "2015-06-30": 0.886, "2015-03-31": "0.89200", "2014-12-31": -15.04, "2014-09-30": -0.769, "2014-06-30": 3.145, "2014-03-31": "9.60000", "2013-12-31": -3.597, "2013-09-30": 7.784, "2013-06-30": -3.36, "2013-03-31": "-2.94300", "2012-12-31": -3.021, "2012-09-30": 1.774, "2012-06-30": 1.986, "2012-03-31": "-0.16600", "2011-12-31": -6.161, "2011-09-30": 0.846, "2011-06-30": 0.317, "2011-03-31": "7.50900", "2010-12-31": -1.753, "2010-09-30": 0.948, "2010-06-30": 0.414, "2010-03-31": "5.66100", "2009-12-31": -1.399, "2009-09-30": 2.06, "2009-06-30": -1.051, "2009-03-31": "3.99700", "2008-12-31": -2.265, "2008-09-30": 1.567, "2008-06-30": -0.061, "2008-03-31": "-0.17100", "2007-12-31": -0.777, "2007-09-30": -0.262, "2007-06-30": 0.961, "2007-03-31": "0.02900", "2006-12-31": -0.615, "2006-09-30": 0.505, "2006-06-30": 1.423, "2006-03-31": "3.10500", "2005-12-31": -3.909, "2005-09-30": 1.005, "2005-06-30": -2.029, "2005-03-31": "1.64100"}, "Change In Inventories": {"2020-09-30": 0, "2020-06-30": 0, "2020-03-31": "", "2019-12-31": 0, "2019-09-30": 0, "2019-06-30": 0, "2019-03-31": "", "2018-12-31": 0, "2018-09-30": 0, "2018-06-30": 0, "2018-03-31": "", "2017-12-31": 0, "2017-09-30": 0, "2017-06-30": 0, "2017-03-31": "", "2016-12-31": 0, "2016-09-30": 0, "2016-06-30": 0, "2016-03-31": "", "2015-12-31": 0, "2015-09-30": 0, "2015-06-30": 0, "2015-03-31": "", "2014-12-31": 0, "2014-09-30": 0, "2014-06-30": 0, "2014-03-31": "", "2013-12-31": 0, "2013-09-30": 0, "2013-06-30": 0, "2013-03-31": "", "2012-12-31": 0, "2012-09-30": 0, "2012-06-30": 0, "2012-03-31": "", "2011-12-31": 0, "2011-09-30": 0, "2011-06-30": 0, "2011-03-31": "", "2010-12-31": 0, "2010-09-30": 0, "2010-06-30": 0, "2010-03-31": "", "2009-12-31": 0, "2009-09-30": 0, "2009-06-30": 0, "2009-03-31": "", "2008-12-31": 0, "2008-09-30": 0, "2008-06-30": 0, "2008-03-31": "", "2007-12-31": 0, "2007-09-30": 0, "2007-06-30": 0, "2007-03-31": "", "2006-12-31": 0, "2006-09-30": 0, "2006-06-30": 0, "2006-03-31": "", "2005-12-31": 0, "2005-09-30": 0, "2005-06-30": 0, "2005-03-31": ""}, "Change In Accounts Payable": {"2020-09-30": 0, "2020-06-30": 0, "2020-03-31": "", "2019-12-31": 0, "2019-09-30": 0, "2019-06-30": 0, "2019-03-31": "", "2018-12-31": 0, "2018-09-30": 0, "2018-06-30": 0, "2018-03-31": "", "2017-12-31": 0, "2017-09-30": 0, "2017-06-30": 0, "2017-03-31": "", "2016-12-31": 0, "2016-09-30": 0, "2016-06-30": 0, "2016-03-31": "", "2015-12-31": 0, "2015-09-30": 0, "2015-06-30": 0, "2015-03-31": "", "2014-12-31": 0, "2014-09-30": 0, "2014-06-30": 0, "2014-03-31": "", "2013-12-31": 0, "2013-09-30": 0, "2013-06-30": 0, "2013-03-31": "", "2012-12-31": 0, "2012-09-30": 0, "2012-06-30": 0, "2012-03-31": "", "2011-12-31": 0, "2011-09-30": 0, "2011-06-30": 0, "2011-03-31": "", "2010-12-31": 0, "2010-09-30": 0, "2010-06-30": 0, "2010-03-31": "", "2009-12-31": 0, "2009-09-30": 0, "2009-06-30": 0, "2009-03-31": "", "2008-12-31": 0, "2008-09-30": 0, "2008-06-30": 0, "2008-03-31": "", "2007-12-31": 0, "2007-09-30": 0, "2007-06-30": 0, "2007-03-31": "", "2006-12-31": 0, "2006-09-30": 0, "2006-06-30": 0, "2006-03-31": "", "2005-12-31": 0, "2005-09-30": 0, "2005-06-30": 0, "2005-03-31": ""}, "Change In Assets/Liabilities": {"2020-09-30": 0, "2020-06-30": 0, "2020-03-31": "", "2019-12-31": 0, "2019-09-30": 0, "2019-06-30": 0, "2019-03-31": "", "2018-12-31": 0, "2018-09-30": 0, "2018-06-30": 0, "2018-03-31": "", "2017-12-31": 0, "2017-09-30": 0, "2017-06-30": 0, "2017-03-31": "", "2016-12-31": 0, "2016-09-30": 0, "2016-06-30": 0, "2016-03-31": "", "2015-12-31": 0, "2015-09-30": 0, "2015-06-30": 0, "2015-03-31": "", "2014-12-31": 0, "2014-09-30": 0, "2014-06-30": 0, "2014-03-31": "", "2013-12-31": 0, "2013-09-30": 0, "2013-06-30": 0, "2013-03-31": "", "2012-12-31": 0, "2012-09-30": 0, "2012-06-30": 0, "2012-03-31": "", "2011-12-31": 0, "2011-09-30": 0, "2011-06-30": 0, "2011-03-31": "", "2010-12-31": 0, "2010-09-30": 0, "2010-06-30": 0, "2010-03-31": "", "2009-12-31": 0, "2009-09-30": 0, "2009-06-30": 0, "2009-03-31": "", "2008-12-31": 0, "2008-09-30": 0, "2008-06-30": 0, "2008-03-31": "", "2007-12-31": 0, "2007-09-30": 0, "2007-06-30": 0, "2007-03-31": "", "2006-12-31": 0, "2006-09-30": 0, "2006-06-30": 0, "2006-03-31": "", "2005-12-31": 0, "2005-09-30": 0, "2005-06-30": 0, "2005-03-31": ""}, "Total Change In Assets/Liabilities": {"2020-09-30": 12.143, "2020-06-30": -47.026, "2020-03-31": "-30.94600", "2019-12-31": 8.978, "2019-09-30": 22.053, "2019-06-30": 21.129, "2019-03-31": "-37.05800", "2018-12-31": 17.384, "2018-09-30": -26.093, "2018-06-30": 33.699, "2018-03-31": "-13.19600", "2017-12-31": 16.829, "2017-09-30": -35.613, "2017-06-30": 35.642, "2017-03-31": "9.14600", "2016-12-31": 18.758, "2016-09-30": 22.627, "2016-06-30": 35.813, "2016-03-31": "-48.14400", "2015-12-31": 38.6, "2015-09-30": -22.96, "2015-06-30": 33.213, "2015-03-31": "-44.06200", "2014-12-31": 35.506, "2014-09-30": -15.342, "2014-06-30": 30.249, "2014-03-31": "-33.34700", "2013-12-31": 38.821, "2013-09-30": -8.199, "2013-06-30": 35.137, "2013-03-31": "-48.76100", "2012-12-31": 33.768, "2012-09-30": -26.172, "2012-06-30": 27.67, "2012-03-31": "-26.50900", "2011-12-31": 17.235, "2011-09-30": -9.105, "2011-06-30": 26.173, "2011-03-31": "-23.61300", "2010-12-31": 25.784, "2010-09-30": -9.158, "2010-06-30": 19.256, "2010-03-31": "-18.09500", "2009-12-31": 20.306, "2009-09-30": -13.336, "2009-06-30": 16.493, "2009-03-31": "-19.00000", "2008-12-31": 17.624, "2008-09-30": -12.369, "2008-06-30": 17.773, "2008-03-31": "-22.28200", "2007-12-31": 21.671, "2007-09-30": -3.365, "2007-06-30": 11.424, "2007-03-31": "-8.10400", "2006-12-31": 6.403, "2006-09-30": -3.353, "2006-06-30": 4, "2006-03-31": "0.75000", "2005-12-31": -2.371, "2005-09-30": 5.802, "2005-06-30": -2.419, "2005-03-31": "3.98600"}, "Cash Flow From Operating Activities": {"2020-09-30": 295.161, "2020-06-30": 249.428, "2020-03-31": "265.21600", "2019-12-31": 291.231, "2019-09-30": 288.043, "2019-06-30": 277.636, "2019-03-31": "212.02700", "2018-12-31": 250.9, "2018-09-30": 212.573, "2018-06-30": 263.74, "2018-03-31": "213.52900", "2017-12-31": 234.302, "2017-09-30": 179.709, "2017-06-30": 245.82, "2017-03-31": "216.01900", "2016-12-31": 220.653, "2016-09-30": 217.783, "2016-06-30": 225.137, "2016-03-31": "136.29000", "2015-12-31": 220.619, "2015-09-30": 151.238, "2015-06-30": 203.858, "2015-03-31": "117.85200", "2014-12-31": 187.611, "2014-09-30": 141.305, "2014-06-30": 184.58, "2014-03-31": "114.19600", "2013-12-31": 173.239, "2013-09-30": 124.234, "2013-06-30": 165.159, "2013-03-31": "56.27400", "2012-12-31": 117.941, "2012-09-30": 52.595, "2012-06-30": 105.607, "2012-03-31": "50.32600", "2011-12-31": 99.705, "2011-09-30": 62.279, "2011-06-30": 95.442, "2011-03-31": "41.52600", "2010-12-31": 86.607, "2010-09-30": 46.245, "2010-06-30": 73.989, "2010-03-31": "36.52700", "2009-12-31": 77.883, "2009-09-30": 42.015, "2009-06-30": 71.191, "2009-03-31": "35.61800", "2008-12-31": 71.908, "2008-09-30": 45.055, "2008-06-30": 81.079, "2008-03-31": "48.11300", "2007-12-31": 99.314, "2007-09-30": 46.598, "2007-06-30": 117.906, "2007-03-31": "54.35100", "2006-12-31": -40.897, "2006-09-30": 43.084, "2006-06-30": 46.227, "2006-03-31": "38.53100", "2005-12-31": 39.302, "2005-09-30": 12.919, "2005-06-30": 21.868, "2005-03-31": "35.46800"}, "Net Change In Property, Plant, And Equipment": {"2020-09-30": -611.459, "2020-06-30": -152.571, "2020-03-31": "-350.67000", "2019-12-31": -1524.307, "2019-09-30": -397.609, "2019-06-30": -1066.776, "2019-03-31": "-498.51400", "2018-12-31": -275.614, "2018-09-30": -577.476, "2018-06-30": -291.921, "2018-03-31": "-507.38800", "2017-12-31": -354.474, "2017-09-30": -201.719, "2017-06-30": -358.258, "2017-03-31": "-347.09000", "2016-12-31": -680.01, "2016-09-30": -411.938, "2016-06-30": -307.203, "2016-03-31": "-314.07100", "2015-12-31": -144.877, "2015-09-30": -140.721, "2015-06-30": -722.885, "2015-03-31": "-204.12600", "2014-12-31": -153.346, "2014-09-30": -178.79, "2014-06-30": -296.79, "2014-03-31": "-605.34900", "2013-12-31": -145.704, "2013-09-30": -540.618, "2013-06-30": -649.939, "2013-03-31": "-101.72900", "2012-12-31": -367.151, "2012-09-30": -433.169, "2012-06-30": -213.046, "2012-03-31": "-8.91300", "2011-12-31": -191.199, "2011-09-30": -462.384, "2011-06-30": -153.121, "2011-03-31": "-150.64300", "2010-12-31": -412.161, "2010-09-30": -13.972, "2010-06-30": -261.93, "2010-03-31": "-28.71300", "2009-12-31": -47.675, "2009-09-30": -10.612, "2009-06-30": -0.593, "2009-03-31": "-2.43900", "2008-12-31": -3.032, "2008-09-30": -5.765, "2008-06-30": -4.652, "2008-03-31": "-180.65700", "2007-12-31": -128.796, "2007-09-30": -279.892, "2007-06-30": -36.807, "2007-03-31": "-60.86500", "2006-12-31": -409.563, "2006-09-30": -98.194, "2006-06-30": -58.169, "2006-03-31": "-88.22300", "2005-12-31": -70.28, "2005-09-30": -212.089, "2005-06-30": -60.192, "2005-03-31": "-74.78600"}, "Net Change In Intangible Assets": {"2020-09-30": 0, "2020-06-30": 0, "2020-03-31": "", "2019-12-31": 0, "2019-09-30": 0, "2019-06-30": 0, "2019-03-31": "", "2018-12-31": 0, "2018-09-30": 0, "2018-06-30": 0, "2018-03-31": "", "2017-12-31": 0, "2017-09-30": 0, "2017-06-30": 0, "2017-03-31": "", "2016-12-31": 0, "2016-09-30": 0, "2016-06-30": 0, "2016-03-31": "", "2015-12-31": 0, "2015-09-30": 0, "2015-06-30": 0, "2015-03-31": "", "2014-12-31": 0, "2014-09-30": 0, "2014-06-30": 0, "2014-03-31": "", "2013-12-31": 0, "2013-09-30": 0, "2013-06-30": 0, "2013-03-31": "", "2012-12-31": 0, "2012-09-30": 0, "2012-06-30": 0, "2012-03-31": "", "2011-12-31": 0, "2011-09-30": 0, "2011-06-30": 0, "2011-03-31": "", "2010-12-31": 0, "2010-09-30": 0, "2010-06-30": 0, "2010-03-31": "", "2009-12-31": 0, "2009-09-30": 0, "2009-06-30": 0, "2009-03-31": "", "2008-12-31": 0, "2008-09-30": 0, "2008-06-30": 0, "2008-03-31": "", "2007-12-31": 0, "2007-09-30": 0, "2007-06-30": 0, "2007-03-31": "", "2006-12-31": 0, "2006-09-30": 0, "2006-06-30": 0, "2006-03-31": "", "2005-12-31": 0, "2005-09-30": 0, "2005-06-30": 0, "2005-03-31": ""}, "Net Acquisitions/Divestitures": {"2020-09-30": 0, "2020-06-30": 0, "2020-03-31": "", "2019-12-31": 0, "2019-09-30": 0, "2019-06-30": 0, "2019-03-31": "", "2018-12-31": 0, "2018-09-30": 0, "2018-06-30": -13.779, "2018-03-31": "13.77900", "2017-12-31": 0, "2017-09-30": -44.005, "2017-06-30": 44.005, "2017-03-31": "", "2016-12-31": 0, "2016-09-30": 0, "2016-06-30": 0, "2016-03-31": "", "2015-12-31": 0, "2015-09-30": 0, "2015-06-30": -18.083, "2015-03-31": "18.08300", "2014-12-31": 0, "2014-09-30": 0, "2014-06-30": 0, "2014-03-31": "6.91800", "2013-12-31": 28.017, "2013-09-30": 22.435, "2013-06-30": 16.874, "2013-03-31": "59.45900", "2012-12-31": 16.28, "2012-09-30": 15.734, "2012-06-30": 14.99, "2012-03-31": "3.55900", "2011-12-31": 10.167, "2011-09-30": 7.51, "2011-06-30": 3.273, "2011-03-31": "1.09900", "2010-12-31": 10.485, "2010-09-30": 8.942, "2010-06-30": 5.555, "2010-03-31": "0.79700", "2009-12-31": 10.525, "2009-09-30": 3.184, "2009-06-30": 5.272, "2009-03-31": "1.09300", "2008-12-31": 18.87, "2008-09-30": 7.673, "2008-06-30": 0.453, "2008-03-31": "-0.02800", "2007-12-31": 3.222, "2007-09-30": 1.621, "2007-06-30": 1.047, "2007-03-31": "-2.52100", "2006-12-31": 0, "2006-09-30": 3.444, "2006-06-30": 3.355, "2006-03-31": "2.06800", "2005-12-31": 4.687, "2005-09-30": 16.062, "2005-06-30": -1.768, "2005-03-31": "-6.28400"}, "Net Change In Short-term Investments": {"2020-09-30": 300, "2020-06-30": -300, "2020-03-31": "", "2019-12-31": 0, "2019-09-30": 0, "2019-06-30": 0, "2019-03-31": "", "2018-12-31": 0, "2018-09-30": 0, "2018-06-30": 0, "2018-03-31": "", "2017-12-31": 0, "2017-09-30": 0, "2017-06-30": 0, "2017-03-31": "", "2016-12-31": 0, "2016-09-30": 0, "2016-06-30": 0, "2016-03-31": "", "2015-12-31": 0, "2015-09-30": 0, "2015-06-30": 0, "2015-03-31": "", "2014-12-31": 0, "2014-09-30": 0, "2014-06-30": 0, "2014-03-31": "", "2013-12-31": 0, "2013-09-30": 0, "2013-06-30": 0, "2013-03-31": "", "2012-12-31": 0, "2012-09-30": 0, "2012-06-30": 0, "2012-03-31": "", "2011-12-31": 0, "2011-09-30": 0, "2011-06-30": 0, "2011-03-31": "", "2010-12-31": 0, "2010-09-30": 0, "2010-06-30": 0, "2010-03-31": "", "2009-12-31": 0, "2009-09-30": 0, "2009-06-30": 0, "2009-03-31": "", "2008-12-31": 0, "2008-09-30": 0, "2008-06-30": 0, "2008-03-31": "", "2007-12-31": 0, "2007-09-30": 0, "2007-06-30": 0, "2007-03-31": "", "2006-12-31": 0, "2006-09-30": 0, "2006-06-30": 0, "2006-03-31": "", "2005-12-31": 0, "2005-09-30": 0, "2005-06-30": 0, "2005-03-31": ""}, "Net Change In Long-Term Investments": {"2020-09-30": 0, "2020-06-30": 0, "2020-03-31": "", "2019-12-31": 0, "2019-09-30": 0, "2019-06-30": 0, "2019-03-31": "", "2018-12-31": 0, "2018-09-30": 0, "2018-06-30": 0, "2018-03-31": "", "2017-12-31": 0, "2017-09-30": 0, "2017-06-30": 0, "2017-03-31": "", "2016-12-31": -55.114, "2016-09-30": 20.094, "2016-06-30": 23.982, "2016-03-31": "11.03800", "2015-12-31": -51.958, "2015-09-30": 21.503, "2015-06-30": 8.181, "2015-03-31": "22.27400", "2014-12-31": 42.044, "2014-09-30": 33.839, "2014-06-30": 7.033, "2014-03-31": "5.77200", "2013-12-31": 0, "2013-09-30": 0, "2013-06-30": 0.008, "2013-03-31": "", "2012-12-31": 0, "2012-09-30": 0.023, "2012-06-30": 0, "2012-03-31": "", "2011-12-31": 1.485, "2011-09-30": -0.082, "2011-06-30": 0.675, "2011-03-31": "", "2010-12-31": 0, "2010-09-30": 0, "2010-06-30": 0, "2010-03-31": "", "2009-12-31": -0.17, "2009-09-30": 0.17, "2009-06-30": 0, "2009-03-31": "", "2008-12-31": 0, "2008-09-30": 0, "2008-06-30": 0, "2008-03-31": "0.43900", "2007-12-31": 0, "2007-09-30": 0.528, "2007-06-30": 1.371, "2007-03-31": "2.47100", "2006-12-31": 0.002, "2006-09-30": 0, "2006-06-30": 0, "2006-03-31": "", "2005-12-31": 0.025, "2005-09-30": -14.492, "2005-06-30": 7.996, "2005-03-31": "6.58000"}, "Net Change In Investments - Total": {"2020-09-30": 300, "2020-06-30": -300, "2020-03-31": "", "2019-12-31": 0, "2019-09-30": 0, "2019-06-30": 0, "2019-03-31": "", "2018-12-31": 0, "2018-09-30": 0, "2018-06-30": 0, "2018-03-31": "", "2017-12-31": 0, "2017-09-30": 0, "2017-06-30": 0, "2017-03-31": "", "2016-12-31": -55.114, "2016-09-30": 20.094, "2016-06-30": 23.982, "2016-03-31": "11.03800", "2015-12-31": -51.958, "2015-09-30": 21.503, "2015-06-30": 8.181, "2015-03-31": "22.27400", "2014-12-31": 42.044, "2014-09-30": 33.839, "2014-06-30": 7.033, "2014-03-31": "5.77200", "2013-12-31": 0, "2013-09-30": 0, "2013-06-30": 0.008, "2013-03-31": "", "2012-12-31": 0, "2012-09-30": 0.023, "2012-06-30": 0, "2012-03-31": "", "2011-12-31": 1.485, "2011-09-30": -0.082, "2011-06-30": 0.675, "2011-03-31": "", "2010-12-31": 0, "2010-09-30": 0, "2010-06-30": 0, "2010-03-31": "", "2009-12-31": -0.17, "2009-09-30": 0.17, "2009-06-30": 0, "2009-03-31": "", "2008-12-31": 0, "2008-09-30": 0, "2008-06-30": 0, "2008-03-31": "0.43900", "2007-12-31": 0, "2007-09-30": 0.528, "2007-06-30": 1.371, "2007-03-31": "2.47100", "2006-12-31": 0.002, "2006-09-30": 0, "2006-06-30": 0, "2006-03-31": "", "2005-12-31": 0.025, "2005-09-30": -14.492, "2005-06-30": 7.996, "2005-03-31": "6.58000"}, "Investing Activities - Other": {"2020-09-30": 2.766, "2020-06-30": 0.849, "2020-03-31": "-0.74100", "2019-12-31": -7.43, "2019-09-30": 2.446, "2019-06-30": -9.619, "2019-03-31": "", "2018-12-31": 3.602, "2018-09-30": 0.01, "2018-06-30": 8.329, "2018-03-31": "0.77400", "2017-12-31": -5.804, "2017-09-30": 12.777, "2017-06-30": 0.031, "2017-03-31": "0.03000", "2016-12-31": 7.786, "2016-09-30": 9.563, "2016-06-30": -13.174, "2016-03-31": "8.34000", "2015-12-31": -20.517, "2015-09-30": -0.796, "2015-06-30": 21.313, "2015-03-31": "", "2014-12-31": -9.2, "2014-09-30": -22.06, "2014-06-30": -4.47, "2014-03-31": "-0.46000", "2013-12-31": -2.919, "2013-09-30": 6.137, "2013-06-30": 22.908, "2013-03-31": "-46.94000", "2012-12-31": -31.928, "2012-09-30": 5.491, "2012-06-30": -6.31, "2012-03-31": "-3.93400", "2011-12-31": 1.187, "2011-09-30": 3.169, "2011-06-30": 0.149, "2011-03-31": "-6.14800", "2010-12-31": -0.674, "2010-09-30": -5.288, "2010-06-30": 0.21, "2010-03-31": "-0.60900", "2009-12-31": -4.479, "2009-09-30": 0, "2009-06-30": 0, "2009-03-31": "", "2008-12-31": -3.174, "2008-09-30": 0, "2008-06-30": 0, "2008-03-31": "", "2007-12-31": 0, "2007-09-30": 0, "2007-06-30": 0, "2007-03-31": "", "2006-12-31": 0, "2006-09-30": 0, "2006-06-30": 0, "2006-03-31": "", "2005-12-31": 0, "2005-09-30": 0, "2005-06-30": 0, "2005-03-31": ""}, "Cash Flow From Investing Activities": {"2020-09-30": -308.693, "2020-06-30": -451.722, "2020-03-31": "-351.41100", "2019-12-31": -1531.737, "2019-09-30": -395.163, "2019-06-30": -1076.395, "2019-03-31": "-498.51400", "2018-12-31": -272.012, "2018-09-30": -577.466, "2018-06-30": -297.371, "2018-03-31": "-492.83500", "2017-12-31": -360.278, "2017-09-30": -232.947, "2017-06-30": -314.222, "2017-03-31": "-347.06000", "2016-12-31": -727.338, "2016-09-30": -382.281, "2016-06-30": -296.395, "2016-03-31": "-294.69300", "2015-12-31": -217.352, "2015-09-30": -120.014, "2015-06-30": -711.474, "2015-03-31": "-163.76900", "2014-12-31": -120.502, "2014-09-30": -167.011, "2014-06-30": -294.227, "2014-03-31": "-593.11900", "2013-12-31": -120.606, "2013-09-30": -512.046, "2013-06-30": -610.149, "2013-03-31": "-89.21000", "2012-12-31": -382.799, "2012-09-30": -411.921, "2012-06-30": -204.366, "2012-03-31": "-9.28800", "2011-12-31": -178.36, "2011-09-30": -451.787, "2011-06-30": -149.024, "2011-03-31": "-155.69200", "2010-12-31": -402.35, "2010-09-30": -10.318, "2010-06-30": -256.165, "2010-03-31": "-28.52500", "2009-12-31": -41.799, "2009-09-30": -7.258, "2009-06-30": 4.679, "2009-03-31": "-1.34600", "2008-12-31": 12.664, "2008-09-30": 1.908, "2008-06-30": -4.199, "2008-03-31": "-180.24600", "2007-12-31": -125.574, "2007-09-30": -277.743, "2007-06-30": -34.389, "2007-03-31": "-60.91500", "2006-12-31": -409.561, "2006-09-30": -94.75, "2006-06-30": -54.814, "2006-03-31": "-86.15500", "2005-12-31": -65.568, "2005-09-30": -210.519, "2005-06-30": -53.964, "2005-03-31": "-74.49000"}, "Net Long-Term Debt": {"2020-09-30": 520.4239, "2020-06-30": 344.7419, "2020-03-31": "-327.00000", "2019-12-31": 703.9261, "2019-09-30": -25.0031, "2019-06-30": 64.517, "2019-03-31": "514.76500", "2018-12-31": -279.297, "2018-09-30": 238.839, "2018-06-30": -51.624, "2018-03-31": "483.81100", "2017-12-31": 207.0278, "2017-09-30": -202.0089, "2017-06-30": 563.605, "2017-03-31": "-410.30800", "2016-12-31": 581.9804, "2016-09-30": 302.5989, "2016-06-30": -157.994, "2016-03-31": "250.66100", "2015-12-31": -408.528, "2015-09-30": -52.534, "2015-06-30": 282.005, "2015-03-31": "95.70400", "2014-12-31": 170.411, "2014-09-30": 167.23, "2014-06-30": -339.558, "2014-03-31": "610.30300", "2013-12-31": -356.7962, "2013-09-30": 503.8671, "2013-06-30": 582.838, "2013-03-31": "-624.71900", "2012-12-31": 348.442, "2012-09-30": 425.181, "2012-06-30": 140.454, "2012-03-31": "-205.20600", "2011-12-31": 140.659, "2011-09-30": 96.462, "2011-06-30": 150, "2011-03-31": "", "2010-12-31": 0, "2010-09-30": -27.029, "2010-06-30": 233.26, "2010-03-31": "35.30000", "2009-12-31": 4.6, "2009-09-30": 0, "2009-06-30": 0, "2009-03-31": "-20.00000", "2008-12-31": -100, "2008-09-30": 0, "2008-06-30": 0, "2008-03-31": "", "2007-12-31": -0.04, "2007-09-30": 534.437, "2007-06-30": -35.8, "2007-03-31": "45.80000", "2006-12-31": -0.114, "2006-09-30": 79.697, "2006-06-30": 48.7, "2006-03-31": "-103.10000", "2005-12-31": 121.07, "2005-09-30": 134.073, "2005-06-30": 51.702, "2005-03-31": "76.52100"}, "Net Current Debt": {"2020-09-30": 0, "2020-06-30": 0, "2020-03-31": "", "2019-12-31": 0, "2019-09-30": 0, "2019-06-30": 0, "2019-03-31": "", "2018-12-31": 0, "2018-09-30": 0, "2018-06-30": 0, "2018-03-31": "", "2017-12-31": 0, "2017-09-30": 0, "2017-06-30": 0, "2017-03-31": "", "2016-12-31": 0, "2016-09-30": 0, "2016-06-30": 0, "2016-03-31": "", "2015-12-31": 0, "2015-09-30": 0, "2015-06-30": 0, "2015-03-31": "", "2014-12-31": 0, "2014-09-30": 0, "2014-06-30": 0, "2014-03-31": "", "2013-12-31": 0, "2013-09-30": 0, "2013-06-30": 0, "2013-03-31": "", "2012-12-31": 0, "2012-09-30": 0, "2012-06-30": 0, "2012-03-31": "", "2011-12-31": 0, "2011-09-30": 0, "2011-06-30": 0, "2011-03-31": "", "2010-12-31": 0, "2010-09-30": 0, "2010-06-30": 0, "2010-03-31": "", "2009-12-31": 0, "2009-09-30": 0, "2009-06-30": 0, "2009-03-31": "", "2008-12-31": 0, "2008-09-30": 0, "2008-06-30": 0, "2008-03-31": "", "2007-12-31": 0, "2007-09-30": 0, "2007-06-30": 0, "2007-03-31": "", "2006-12-31": 0, "2006-09-30": 0, "2006-06-30": 0, "2006-03-31": "", "2005-12-31": 0, "2005-09-30": 0, "2005-06-30": 0, "2005-03-31": ""}, "Debt Issuance/Retirement Net - Total": {"2020-09-30": 520.4239, "2020-06-30": 344.7419, "2020-03-31": "-327.00000", "2019-12-31": 703.9261, "2019-09-30": -25.0031, "2019-06-30": 64.517, "2019-03-31": "514.76500", "2018-12-31": -279.297, "2018-09-30": 238.839, "2018-06-30": -51.624, "2018-03-31": "483.81100", "2017-12-31": 207.0278, "2017-09-30": -202.0089, "2017-06-30": 563.605, "2017-03-31": "-410.30800", "2016-12-31": 581.9804, "2016-09-30": 302.5989, "2016-06-30": -157.994, "2016-03-31": "250.66100", "2015-12-31": -408.528, "2015-09-30": -52.534, "2015-06-30": 282.005, "2015-03-31": "95.70400", "2014-12-31": 170.411, "2014-09-30": 167.23, "2014-06-30": -339.558, "2014-03-31": "610.30300", "2013-12-31": -356.7962, "2013-09-30": 503.8671, "2013-06-30": 582.838, "2013-03-31": "-624.71900", "2012-12-31": 348.442, "2012-09-30": 425.181, "2012-06-30": 140.454, "2012-03-31": "-205.20600", "2011-12-31": 140.659, "2011-09-30": 96.462, "2011-06-30": 150, "2011-03-31": "", "2010-12-31": 0, "2010-09-30": -27.029, "2010-06-30": 233.26, "2010-03-31": "35.30000", "2009-12-31": 4.6, "2009-09-30": 0, "2009-06-30": 0, "2009-03-31": "-20.00000", "2008-12-31": -100, "2008-09-30": 0, "2008-06-30": 0, "2008-03-31": "", "2007-12-31": -0.04, "2007-09-30": 534.437, "2007-06-30": -35.8, "2007-03-31": "45.80000", "2006-12-31": -0.114, "2006-09-30": 79.697, "2006-06-30": 48.7, "2006-03-31": "-103.10000", "2005-12-31": 121.07, "2005-09-30": 134.073, "2005-06-30": 51.702, "2005-03-31": "76.52100"}, "Net Common Equity Issued/Repurchased": {"2020-09-30": 350.188, "2020-06-30": 96.525, "2020-03-31": "731.24900", "2019-12-31": 577.055, "2019-09-30": 568.749, "2019-06-30": 969.15, "2019-03-31": "-18.06100", "2018-12-31": 535.9, "2018-09-30": 293.037, "2018-06-30": 300.443, "2018-03-31": "2.34600", "2017-12-31": 135.817, "2017-09-30": 443.72, "2017-06-30": 55.0259, "2017-03-31": "762.00310", "2016-12-31": 83.079, "2016-09-30": 34.604, "2016-06-30": 399.837, "2016-03-31": "34.05900", "2015-12-31": 555.565, "2015-09-30": 152.908, "2015-06-30": 382.301, "2015-03-31": "102.16200", "2014-12-31": 101.882, "2014-09-30": 2.364, "2014-06-30": 580.705, "2014-03-31": "2.12600", "2013-12-31": 430.468, "2013-09-30": 1.864, "2013-06-30": 0.742, "2013-03-31": "756.30600", "2012-12-31": 0, "2012-09-30": 0.611, "2012-06-30": 0.805, "2012-03-31": "0.74300", "2011-12-31": 0.652, "2011-09-30": 204.157, "2011-06-30": 0.788, "2011-03-31": "285.53300", "2010-12-31": 235.692, "2010-09-30": 196.899, "2010-06-30": 1.652, "2010-03-31": "-1.65200", "2009-12-31": 0, "2009-09-30": 0, "2009-06-30": 0, "2009-03-31": "", "2008-12-31": 0.039, "2008-09-30": 74.335, "2008-06-30": 0.162, "2008-03-31": "", "2007-12-31": 0.088, "2007-09-30": 0.02, "2007-06-30": 0.405, "2007-03-31": "0.30300", "2006-12-31": 173.207, "2006-09-30": 109.056, "2006-06-30": 0.118, "2006-03-31": "120.73300", "2005-12-31": 0.039, "2005-09-30": 93.04, "2005-06-30": 0.031, "2005-03-31": "0.04900"}, "Net Total Equity Issued/Repurchased": {"2020-09-30": 350.188, "2020-06-30": 96.525, "2020-03-31": "731.24900", "2019-12-31": 577.055, "2019-09-30": 568.749, "2019-06-30": 969.15, "2019-03-31": "-18.06100", "2018-12-31": 535.9, "2018-09-30": 293.037, "2018-06-30": 300.443, "2018-03-31": "2.34600", "2017-12-31": 135.817, "2017-09-30": 443.72, "2017-06-30": -353.7241, "2017-03-31": "762.00310", "2016-12-31": 83.079, "2016-09-30": 34.604, "2016-06-30": 399.837, "2016-03-31": "34.05900", "2015-12-31": 555.565, "2015-09-30": 152.908, "2015-06-30": 382.301, "2015-03-31": "95.41200", "2014-12-31": -118.118, "2014-09-30": 2.364, "2014-06-30": 580.705, "2014-03-31": "2.12600", "2013-12-31": 430.468, "2013-09-30": 1.864, "2013-06-30": 0.742, "2013-03-31": "756.30600", "2012-12-31": 0, "2012-09-30": 0.611, "2012-06-30": 35.241, "2012-03-31": "234.18400", "2011-12-31": 0.652, "2011-09-30": 204.157, "2011-06-30": 0.788, "2011-03-31": "285.53300", "2010-12-31": 235.692, "2010-09-30": 196.899, "2010-06-30": 1.652, "2010-03-31": "-1.65200", "2009-12-31": 0, "2009-09-30": 0, "2009-06-30": 0, "2009-03-31": "", "2008-12-31": 0.039, "2008-09-30": 74.335, "2008-06-30": 0.162, "2008-03-31": "", "2007-12-31": 0.097, "2007-09-30": 0.02, "2007-06-30": 0.396, "2007-03-31": "0.31200", "2006-12-31": 387.184, "2006-09-30": 109.056, "2006-06-30": 0.118, "2006-03-31": "120.73300", "2005-12-31": 0.039, "2005-09-30": 93.04, "2005-06-30": 0.031, "2005-03-31": "0.04900"}, "Total Common And Preferred Stock Dividends Paid": {"2020-09-30": -242.642, "2020-06-30": -240.87, "2020-03-31": "-234.21800", "2019-12-31": -222.791, "2019-09-30": -216.64, "2019-06-30": -209.178, "2019-03-31": "-204.86700", "2018-12-31": -197.374, "2018-09-30": -192.336, "2018-06-30": -187.933, "2018-03-31": "-185.86900", "2017-12-31": -179.6981, "2017-09-30": -175.372, "2017-06-30": -173.13, "2017-03-31": "-169.30500", "2016-12-31": -175.219, "2016-09-30": -162.234, "2016-06-30": -158.371, "2016-03-31": "-154.49700", "2015-12-31": -147.653, "2015-09-30": -141.679, "2015-06-30": -138.785, "2015-03-31": "-133.88000", "2014-12-31": -129.828, "2014-09-30": -133.035, "2014-06-30": -132.175, "2014-03-31": "-124.36200", "2013-12-31": -121.626, "2013-09-30": -117.821, "2013-06-30": -117.347, "2013-03-31": "-95.57400", "2012-12-31": -71.112, "2012-09-30": -69.649, "2012-06-30": -68.624, "2012-03-31": "-66.40800", "2011-12-31": -64.084, "2011-09-30": -61.208, "2011-06-30": -61.072, "2011-03-31": "-57.18600", "2010-12-31": -53.863, "2010-09-30": -51.089, "2010-06-30": -50.974, "2010-03-31": "-50.82700", "2009-12-31": -50.704, "2009-09-30": -50.604, "2009-06-30": -50.528, "2009-03-31": "-50.42500", "2008-12-31": -50.199, "2008-09-30": -48.272, "2008-06-30": -47.82, "2008-03-31": "-47.61700", "2007-12-31": -47.34, "2007-09-30": -45.582, "2007-06-30": -44.598, "2007-03-31": "-44.72200", "2006-12-31": -39.413, "2006-09-30": -34.459, "2006-06-30": -33.592, "2006-03-31": "-31.60600", "2005-12-31": -31.383, "2005-09-30": -29.217, "2005-06-30": -28.765, "2005-03-31": "-28.61300"}, "Financial Activities - Other": {"2020-09-30": -9.185, "2020-06-30": -5.696, "2020-03-31": "-14.75500", "2019-12-31": 3.221, "2019-09-30": -0.715, "2019-06-30": -7.439, "2019-03-31": "-4.08700", "2018-12-31": -32.774, "2018-09-30": -3.719, "2018-06-30": -9.037, "2018-03-31": "-6.54200", "2017-12-31": -55.391, "2017-09-30": -5.15, "2017-06-30": -0.937, "2017-03-31": "-12.03100", "2016-12-31": -7.314, "2016-09-30": -1.113, "2016-06-30": -0.466, "2016-03-31": "-3.41900", "2015-12-31": -1.721, "2015-09-30": -1.586, "2015-06-30": -11.354, "2015-03-31": "-2.98100", "2014-12-31": -2.658, "2014-09-30": -2.825, "2014-06-30": -4.559, "2014-03-31": "-5.25900", "2013-12-31": -4.382, "2013-09-30": -12.713, "2013-06-30": -2.827, "2013-03-31": "-4.16600", "2012-12-31": -10.018, "2012-09-30": -0.087, "2012-06-30": -7.442, "2012-03-31": "-2.57900", "2011-12-31": 0.05, "2011-09-30": -0.031, "2011-06-30": -10.17, "2011-03-31": "-2.08100", "2010-12-31": -4.061, "2010-09-30": 0.002, "2010-06-30": -1.739, "2010-03-31": "", "2009-12-31": 0.004, "2009-09-30": 0.066, "2009-06-30": 0.043, "2009-03-31": "-0.22400", "2008-12-31": -0.159, "2008-09-30": 0.163, "2008-06-30": -3.192, "2008-03-31": "-0.00800", "2007-12-31": 0, "2007-09-30": 0, "2007-06-30": 0, "2007-03-31": "", "2006-12-31": 0, "2006-09-30": 0, "2006-06-30": 0, "2006-03-31": "", "2005-12-31": 0, "2005-09-30": 0, "2005-06-30": 0, "2005-03-31": ""}, "Cash Flow From Financial Activities": {"2020-09-30": 618.785, "2020-06-30": 194.701, "2020-03-31": "155.27600", "2019-12-31": 1061.411, "2019-09-30": 326.391, "2019-06-30": 817.05, "2019-03-31": "287.75000", "2018-12-31": 26.455, "2018-09-30": 335.821, "2018-06-30": 51.849, "2018-03-31": "293.74600", "2017-12-31": 107.756, "2017-09-30": 61.189, "2017-06-30": 35.814, "2017-03-31": "170.35900", "2016-12-31": 482.526, "2016-09-30": 173.856, "2016-06-30": 83.006, "2016-03-31": "126.80400", "2015-12-31": -2.337, "2015-09-30": -42.891, "2015-06-30": 514.167, "2015-03-31": "54.25500", "2014-12-31": -80.193, "2014-09-30": 33.734, "2014-06-30": 104.413, "2014-03-31": "482.80800", "2013-12-31": -52.336, "2013-09-30": 375.197, "2013-06-30": 463.406, "2013-03-31": "31.84700", "2012-12-31": 267.312, "2012-09-30": 356.056, "2012-06-30": 99.629, "2012-03-31": "-40.00900", "2011-12-31": 77.277, "2011-09-30": 239.38, "2011-06-30": 79.546, "2011-03-31": "226.26600", "2010-12-31": 177.768, "2010-09-30": 118.783, "2010-06-30": 182.199, "2010-03-31": "-17.17900", "2009-12-31": -46.1, "2009-09-30": -50.538, "2009-06-30": -50.485, "2009-03-31": "-70.64900", "2008-12-31": -150.319, "2008-09-30": 26.226, "2008-06-30": -50.85, "2008-03-31": "-47.62500", "2007-12-31": -47.283, "2007-09-30": 488.875, "2007-06-30": -80.002, "2007-03-31": "1.39000", "2006-12-31": 347.657, "2006-09-30": 154.294, "2006-06-30": 15.226, "2006-03-31": "-13.97300", "2005-12-31": 89.726, "2005-09-30": 197.896, "2005-06-30": 22.968, "2005-03-31": "47.95700"}, "Net Cash Flow": {"2020-09-30": 608.693, "2020-06-30": -6.839, "2020-03-31": "66.15200", "2019-12-31": -188.284, "2019-09-30": 219.397, "2019-06-30": 17.558, "2019-03-31": "1.26300", "2018-12-31": 5.343, "2018-09-30": -29.072, "2018-06-30": 18.218, "2018-03-31": "14.44000", "2017-12-31": -18.22, "2017-09-30": 7.951, "2017-06-30": -32.588, "2017-03-31": "39.31800", "2016-12-31": -24.159, "2016-09-30": 9.358, "2016-06-30": 11.748, "2016-03-31": "-31.59900", "2015-12-31": 0.93, "2015-09-30": -11.667, "2015-06-30": 6.551, "2015-03-31": "8.33800", "2014-12-31": -13.084, "2014-09-30": 8.028, "2014-06-30": -5.234, "2014-03-31": "3.88500", "2013-12-31": 0.297, "2013-09-30": -12.615, "2013-06-30": 18.416, "2013-03-31": "-1.08900", "2012-12-31": 2.454, "2012-09-30": -3.27, "2012-06-30": 0.87, "2012-03-31": "1.02900", "2011-12-31": -1.378, "2011-09-30": -150.128, "2011-06-30": 25.964, "2011-03-31": "112.10000", "2010-12-31": -137.975, "2010-09-30": 154.71, "2010-06-30": 0.023, "2010-03-31": "-9.17700", "2009-12-31": -10.016, "2009-09-30": -15.781, "2009-06-30": 25.385, "2009-03-31": "-36.37700", "2008-12-31": -65.747, "2008-09-30": 73.189, "2008-06-30": 26.03, "2008-03-31": "-179.75800", "2007-12-31": -73.543, "2007-09-30": 257.73, "2007-06-30": 3.515, "2007-03-31": "-5.17400", "2006-12-31": -102.801, "2006-09-30": 102.628, "2006-06-30": 6.639, "2006-03-31": "-61.59700", "2005-12-31": 63.46, "2005-09-30": 0.296, "2005-06-30": -9.128, "2005-03-31": "8.93500"}, "Stock-Based Compensation": {"2020-09-30": 0, "2020-06-30": 0, "2020-03-31": "", "2019-12-31": 0, "2019-09-30": 0, "2019-06-30": 0, "2019-03-31": "", "2018-12-31": 0, "2018-09-30": 0, "2018-06-30": 0, "2018-03-31": "", "2017-12-31": 0, "2017-09-30": 0, "2017-06-30": 0, "2017-03-31": "", "2016-12-31": 0, "2016-09-30": 0, "2016-06-30": 0, "2016-03-31": "", "2015-12-31": 0, "2015-09-30": 0, "2015-06-30": 0, "2015-03-31": "", "2014-12-31": 0, "2014-09-30": 0, "2014-06-30": 0, "2014-03-31": "", "2013-12-31": 0, "2013-09-30": 0, "2013-06-30": 0, "2013-03-31": "", "2012-12-31": 0, "2012-09-30": 0, "2012-06-30": 0, "2012-03-31": "", "2011-12-31": 0, "2011-09-30": 0, "2011-06-30": 0, "2011-03-31": "", "2010-12-31": 0, "2010-09-30": 0, "2010-06-30": 0, "2010-03-31": "", "2009-12-31": 0, "2009-09-30": 0, "2009-06-30": 0, "2009-03-31": "", "2008-12-31": 0, "2008-09-30": 0, "2008-06-30": 0, "2008-03-31": "", "2007-12-31": 0, "2007-09-30": 0, "2007-06-30": 0, "2007-03-31": "", "2006-12-31": 0, "2006-09-30": 0, "2006-06-30": 0, "2006-03-31": "", "2005-12-31": 0, "2005-09-30": 0, "2005-06-30": 0, "2005-03-31": ""}, "Common Stock Dividends Paid": {"2020-09-30": -242.642, "2020-06-30": -240.87, "2020-03-31": "-234.21800", "2019-12-31": -222.791, "2019-09-30": -216.64, "2019-06-30": -209.178, "2019-03-31": "-204.86700", "2018-12-31": -197.374, "2018-09-30": -192.336, "2018-06-30": -187.933, "2018-03-31": "-185.86900", "2017-12-31": -179.698, "2017-09-30": -175.372, "2017-06-30": -173.13, "2017-03-31": "-163.13700", "2016-12-31": -168.449, "2016-09-30": -155.464, "2016-06-30": -151.601, "2016-03-31": "-147.72700", "2015-12-31": -140.883, "2015-09-30": -134.909, "2015-06-30": -132.015, "2015-03-31": "-127.11000", "2014-12-31": -122.975, "2014-09-30": -122.553, "2014-06-30": -121.692, "2014-03-31": "-113.88000", "2013-12-31": -111.143, "2013-09-30": -107.339, "2013-06-30": -106.864, "2013-03-31": "-85.09200", "2012-12-31": -60.629, "2012-09-30": -59.167, "2012-06-30": -58.36, "2012-03-31": "-58.19200", "2011-12-31": -58.021, "2011-09-30": -55.145, "2011-06-30": -55.008, "2011-03-31": "-51.12300", "2010-12-31": -47.8, "2010-09-30": -45.026, "2010-06-30": -44.91, "2010-03-31": "-44.76400", "2009-12-31": -44.641, "2009-09-30": -44.541, "2009-06-30": -44.464, "2009-03-31": "-44.36200", "2008-12-31": -44.136, "2008-09-30": -42.209, "2008-06-30": -41.756, "2008-03-31": "-41.55400", "2007-12-31": -41.277, "2007-09-30": -39.519, "2007-06-30": -38.534, "2007-03-31": "-38.32900", "2006-12-31": -37.062, "2006-09-30": -32.109, "2006-06-30": -31.241, "2006-03-31": "-29.25500", "2005-12-31": -29.032, "2005-09-30": -26.867, "2005-06-30": -26.414, "2005-03-31": "-26.26200"}}, "financial ratios": {"Current Ratio": {"2019-12-31": "", "2018-12-31": "", "2017-12-31": "", "2016-12-31": "", "2015-12-31": "", "2014-12-31": "", "2013-12-31": "", "2012-12-31": "", "2011-12-31": "", "2010-12-31": "", "2009-12-31": "", "2008-12-31": "", "2007-12-31": "", "2006-12-31": "", "2005-12-31": ""}, "Long-term Debt / Capital": {"2019-12-31": "0.44630", "2018-12-31": "0.44460", "2017-12-31": "0.45260", "2016-12-31": "0.46250", "2015-12-31": "0.42380", "2014-12-31": "0.46640", "2013-12-31": "0.43460", "2012-12-31": "0.54330", "2011-12-31": "0.47680", "2010-12-31": "0.46420", "2009-12-31": "0.47650", "2008-12-31": "0.46840", "2007-12-31": "0.48870", "2006-12-31": "0.36860", "2005-12-31": "0.47410"}, "Debt/Equity Ratio": {"2019-12-31": "0.80590", "2018-12-31": "0.80040", "2017-12-31": "0.82690", "2016-12-31": "0.86040", "2015-12-31": "0.73570", "2014-12-31": "0.87410", "2013-12-31": "0.76860", "2012-12-31": "1.18940", "2011-12-31": "0.91140", "2010-12-31": "0.86630", "2009-12-31": "0.91030", "2008-12-31": "0.88120", "2007-12-31": "0.95570", "2006-12-31": "0.58380", "2005-12-31": "0.90140"}, "Gross Margin": {"2019-12-31": "", "2018-12-31": "", "2017-12-31": "", "2016-12-31": "", "2015-12-31": "", "2014-12-31": "", "2013-12-31": "", "2012-12-31": "", "2011-12-31": "", "2010-12-31": "", "2009-12-31": "", "2008-12-31": "", "2007-12-31": "", "2006-12-31": "", "2005-12-31": ""}, "Operating Margin": {"2019-12-31": "27.58030", "2018-12-31": "26.00430", "2017-12-31": "23.39790", "2016-12-31": "26.99130", "2015-12-31": "25.97330", "2014-12-31": "25.00210", "2013-12-31": "23.45050", "2012-12-31": "29.50100", "2011-12-31": "34.21570", "2010-12-31": "34.96730", "2009-12-31": "37.05840", "2008-12-31": "34.31290", "2007-12-31": "42.94250", "2006-12-31": "44.17390", "2005-12-31": "45.64580"}, "EBIT Margin": {"2019-12-31": "27.58030", "2018-12-31": "26.00430", "2017-12-31": "23.39790", "2016-12-31": "26.99130", "2015-12-31": "25.97330", "2014-12-31": "25.00210", "2013-12-31": "23.45050", "2012-12-31": "29.50100", "2011-12-31": "34.21570", "2010-12-31": "34.96730", "2009-12-31": "37.05840", "2008-12-31": "34.31290", "2007-12-31": "42.94250", "2006-12-31": "44.17390", "2005-12-31": "45.64580"}, "EBITDA Margin": {"2019-12-31": "68.81200", "2018-12-31": "69.17920", "2017-12-31": "66.28650", "2016-12-31": "69.36360", "2015-12-31": "67.13170", "2014-12-31": "65.93000", "2013-12-31": "65.41840", "2012-12-31": "63.28270", "2011-12-31": "65.61910", "2010-12-31": "64.30030", "2009-12-31": "66.39590", "2008-12-31": "63.27940", "2007-12-31": "70.31590", "2006-12-31": "70.17640", "2005-12-31": "70.29060"}, "Pre-Tax Profit Margin": {"2019-12-31": "29.74250", "2018-12-31": "27.86020", "2017-12-31": "26.76190", "2016-12-31": "28.98360", "2015-12-31": "28.14700", "2014-12-31": "29.20190", "2013-12-31": "23.45050", "2012-12-31": "29.50100", "2011-12-31": "34.21570", "2010-12-31": "34.96730", "2009-12-31": "37.05840", "2008-12-31": "34.31290", "2007-12-31": "42.94250", "2006-12-31": "44.17390", "2005-12-31": "45.64580"}, "Net Profit Margin": {"2019-12-31": "29.26290", "2018-12-31": "27.38390", "2017-12-31": "24.80030", "2016-12-31": "26.15100", "2015-12-31": "25.08450", "2014-12-31": "24.37670", "2013-12-31": "26.09990", "2012-12-31": "23.63650", "2011-12-31": "32.19980", "2010-12-31": "31.94940", "2009-12-31": "33.13410", "2008-12-31": "33.09980", "2007-12-31": "39.85000", "2006-12-31": "41.87540", "2005-12-31": "45.90160"}, "Asset Turnover": {"2019-12-31": "0.08040", "2018-12-31": "0.08700", "2017-12-31": "0.08650", "2016-12-31": "0.08390", "2015-12-31": "0.08640", "2014-12-31": "0.08480", "2013-12-31": "0.07860", "2012-12-31": "0.08930", "2011-12-31": "0.09330", "2010-12-31": "0.09430", "2009-12-31": "0.11070", "2008-12-31": "0.10860", "2007-12-31": "0.09470", "2006-12-31": "0.09320", "2005-12-31": "0.10170"}, "Inventory Turnover Ratio": {"2019-12-31": "", "2018-12-31": "", "2017-12-31": "", "2016-12-31": "", "2015-12-31": "", "2014-12-31": "", "2013-12-31": "", "2012-12-31": "", "2011-12-31": "", "2010-12-31": "", "2009-12-31": "", "2008-12-31": "", "2007-12-31": "", "2006-12-31": "", "2005-12-31": ""}, "Receiveable Turnover": {"2019-12-31": "", "2018-12-31": "", "2017-12-31": "", "2016-12-31": "", "2015-12-31": "", "2014-12-31": "", "2013-12-31": "", "2012-12-31": "", "2011-12-31": "", "2010-12-31": "", "2009-12-31": "", "2008-12-31": "", "2007-12-31": "", "2006-12-31": "", "2005-12-31": ""}, "Days Sales In Receivables": {"2019-12-31": "", "2018-12-31": "", "2017-12-31": "", "2016-12-31": "", "2015-12-31": "", "2014-12-31": "", "2013-12-31": "", "2012-12-31": "", "2011-12-31": "", "2010-12-31": "", "2009-12-31": "", "2008-12-31": "", "2007-12-31": "", "2006-12-31": "", "2005-12-31": ""}, "ROE - Return On Equity": {"2019-12-31": "4.46220", "2018-12-31": "4.48960", "2017-12-31": "4.32050", "2016-12-31": "4.95140", "2015-12-31": "4.62580", "2014-12-31": "5.13070", "2013-12-31": "3.75340", "2012-12-31": "7.86810", "2011-12-31": "7.28310", "2010-12-31": "7.63340", "2009-12-31": "10.33330", "2008-12-31": "9.06430", "2007-12-31": "10.31220", "2006-12-31": "8.40960", "2005-12-31": "10.21520"}, "Return On Tangible Equity": {"2019-12-31": "5.26400", "2018-12-31": "5.26770", "2017-12-31": "5.16630", "2016-12-31": "5.56230", "2015-12-31": "5.17580", "2014-12-31": "5.86890", "2013-12-31": "4.04030", "2012-12-31": "6.58840", "2011-12-31": "6.23970", "2010-12-31": "6.29600", "2009-12-31": "8.08100", "2008-12-31": "7.17430", "2007-12-31": "8.13850", "2006-12-31": "6.68010", "2005-12-31": "9.09490"}, "ROA - Return On Assets": {"2019-12-31": "2.35780", "2018-12-31": "2.38920", "2017-12-31": "2.27140", "2016-12-31": "2.40610", "2015-12-31": "2.40480", "2014-12-31": "2.44390", "2013-12-31": "1.81990", "2012-12-31": "2.61350", "2011-12-31": "3.15930", "2010-12-31": "3.25830", "2009-12-31": "4.07770", "2008-12-31": "3.68380", "2007-12-31": "4.02220", "2006-12-31": "4.08910", "2005-12-31": "4.60200"}, "ROI - Return On Investment": {"2019-12-31": "2.47080", "2018-12-31": "2.49370", "2017-12-31": "2.36490", "2016-12-31": "2.50640", "2015-12-31": "2.50440", "2014-12-31": "2.54580", "2013-12-31": "1.88370", "2012-12-31": "2.68610", "2011-12-31": "3.23950", "2010-12-31": "3.34210", "2009-12-31": "4.18120", "2008-12-31": "3.77140", "2007-12-31": "4.11480", "2006-12-31": "4.17180", "2005-12-31": "4.70000"}, "Book Value Per Share": {"2019-12-31": "29.38730", "2018-12-31": "26.73640", "2017-12-31": "26.00400", "2016-12-31": "26.08720", "2015-12-31": "26.16970", "2014-12-31": "25.08480", "2013-12-31": "26.12890", "2012-12-31": "18.07990", "2011-12-31": "16.92540", "2010-12-31": "15.64440", "2009-12-31": "14.26840", "2008-12-31": "14.91830", "2007-12-31": "15.21610", "2006-12-31": "15.64320", "2005-12-31": "11.81900"}, "Operating Cash Flow Per Share": {"2019-12-31": 0.1362, "2018-12-31": 0.0475, "2017-12-31": 0.0682, "2016-12-31": 0.1929, "2015-12-31": 0.067, "2014-12-31": 0.1635, "2013-12-31": 0.2489, "2012-12-31": 0.0877, "2011-12-31": 0.0719, "2010-12-31": 0.1085, "2009-12-31": -0.2434, "2008-12-31": -0.739, "2007-12-31": 2.2042, "2006-12-31": -0.399, "2005-12-31": 1.3659}, "Free Cash Flow Per Share": {"2019-12-31": -5.1943, "2018-12-31": -1.0466, "2017-12-31": 2.1651, "2016-12-31": -1.3757, "2015-12-31": 0.5753, "2014-12-31": 2.0196, "2013-12-31": 0.4439, "2012-12-31": -0.0187, "2011-12-31": -0.749, "2010-12-31": -6.0652, "2009-12-31": 1.0824, "2008-12-31": 2.3899, "2007-12-31": 4.4324, "2006-12-31": -2.4706, "2005-12-31": -3.8374}}, "financial ratios, quarterly": {"Current Ratio": {"2020-09-30": "", "2020-06-30": "", "2020-03-31": "", "2019-12-31": "", "2019-09-30": "", "2019-06-30": "", "2019-03-31": "", "2018-12-31": "", "2018-09-30": "", "2018-06-30": "", "2018-03-31": "", "2017-12-31": "", "2017-09-30": "", "2017-06-30": "", "2017-03-31": "", "2016-12-31": "", "2016-09-30": "", "2016-06-30": "", "2016-03-31": "", "2015-12-31": "", "2015-09-30": "", "2015-06-30": "", "2015-03-31": "", "2014-12-31": "", "2014-09-30": "", "2014-06-30": "", "2014-03-31": "", "2013-12-31": "", "2013-09-30": "", "2013-06-30": "", "2013-03-31": "", "2012-12-31": "", "2012-09-30": "", "2012-06-30": "", "2012-03-31": "", "2011-12-31": "", "2011-09-30": "", "2011-06-30": "", "2011-03-31": "", "2010-12-31": "", "2010-09-30": "", "2010-06-30": "", "2010-03-31": "", "2009-12-31": "", "2009-09-30": "", "2009-06-30": "", "2009-03-31": "", "2008-12-31": "", "2008-09-30": "", "2008-06-30": "", "2008-03-31": "", "2007-12-31": "", "2007-09-30": "", "2007-06-30": "", "2007-03-31": "", "2006-12-31": "", "2006-09-30": "", "2006-06-30": "", "2006-03-31": "", "2005-12-31": "", "2005-09-30": "", "2005-06-30": "", "2005-03-31": ""}, "Long-term Debt / Capital": {"2020-09-30": "0.44550", "2020-06-30": "0.43150", "2020-03-31": "0.41970", "2019-12-31": "0.44630", "2019-09-30": "0.43030", "2019-06-30": "0.44390", "2019-03-31": "0.46690", "2018-12-31": "0.44460", "2018-09-30": "0.46790", "2018-06-30": "0.46540", "2018-03-31": "0.47470", "2017-12-31": "0.45260", "2017-09-30": "0.43970", "2017-06-30": "0.46030", "2017-03-31": "0.43460", "2016-12-31": "0.46250", "2016-09-30": "0.43680", "2016-06-30": "0.42040", "2016-03-31": "0.43990", "2015-12-31": "0.42380", "2015-09-30": "0.46410", "2015-06-30": "0.46990", "2015-03-31": "0.46970", "2014-12-31": "0.46640", "2014-09-30": "0.46000", "2014-06-30": "0.43920", "2014-03-31": "0.47360", "2013-12-31": "0.43460", "2013-09-30": "0.47410", "2013-06-30": "0.44230", "2013-03-31": "0.39810", "2012-12-31": "0.54330", "2012-09-30": "0.50500", "2012-06-30": "0.44590", "2012-03-31": "0.42910", "2011-12-31": "0.47680", "2011-09-30": "0.45690", "2011-06-30": "0.46390", "2011-03-31": "0.43120", "2010-12-31": "0.46420", "2010-09-30": "0.49580", "2010-06-30": "0.52890", "2010-03-31": "0.48640", "2009-12-31": "0.47650", "2009-09-30": "0.47330", "2009-06-30": "0.47060", "2009-03-31": "0.46790", "2008-12-31": "0.46840", "2008-09-30": "0.48360", "2008-06-30": "0.49360", "2008-03-31": "0.49140", "2007-12-31": "0.48870", "2007-09-30": "0.48650", "2007-06-30": "0.37300", "2007-03-31": "0.38100", "2006-12-31": "0.36860", "2006-09-30": "0.43440", "2006-06-30": "0.43280", "2006-03-31": "0.41690", "2005-12-31": "0.47410", "2005-09-30": "0.43710", "2005-06-30": "0.41210", "2005-03-31": "0.39080"}, "Debt/Equity Ratio": {"2020-09-30": "0.80340", "2020-06-30": "0.75910", "2020-03-31": "0.72340", "2019-12-31": "0.80590", "2019-09-30": "0.75520", "2019-06-30": "0.79820", "2019-03-31": "0.87590", "2018-12-31": "0.80040", "2018-09-30": "0.87920", "2018-06-30": "0.87060", "2018-03-31": "0.90360", "2017-12-31": "0.82690", "2017-09-30": "0.78480", "2017-06-30": "0.85290", "2017-03-31": "0.76880", "2016-12-31": "0.86040", "2016-09-30": "0.77550", "2016-06-30": "0.72540", "2016-03-31": "0.78530", "2015-12-31": "0.73570", "2015-09-30": "0.86600", "2015-06-30": "0.88650", "2015-03-31": "0.88560", "2014-12-31": "0.87410", "2014-09-30": "0.85190", "2014-06-30": "0.78320", "2014-03-31": "0.89980", "2013-12-31": "0.76860", "2013-09-30": "0.90150", "2013-06-30": "0.79300", "2013-03-31": "0.66140", "2012-12-31": "1.18940", "2012-09-30": "1.02030", "2012-06-30": "0.80480", "2012-03-31": "0.75170", "2011-12-31": "0.91140", "2011-09-30": "0.84140", "2011-06-30": "0.86540", "2011-03-31": "0.75820", "2010-12-31": "0.86630", "2010-09-30": "0.98340", "2010-06-30": "1.12270", "2010-03-31": "0.94720", "2009-12-31": "0.91030", "2009-09-30": "0.89860", "2009-06-30": "0.88880", "2009-03-31": "0.87920", "2008-12-31": "0.88120", "2008-09-30": "0.93650", "2008-06-30": "0.97460", "2008-03-31": "0.96630", "2007-12-31": "0.95570", "2007-09-30": "0.94750", "2007-06-30": "0.59500", "2007-03-31": "0.61560", "2006-12-31": "0.58380", "2006-09-30": "0.76810", "2006-06-30": "0.76310", "2006-03-31": "0.71480", "2005-12-31": "0.90140", "2005-09-30": "0.77650", "2005-06-30": "0.70100", "2005-03-31": "0.64140"}, "Gross Margin": {"2020-09-30": "", "2020-06-30": "", "2020-03-31": "", "2019-12-31": "", "2019-09-30": "", "2019-06-30": "", "2019-03-31": "", "2018-12-31": "", "2018-09-30": "", "2018-06-30": "", "2018-03-31": "", "2017-12-31": "", "2017-09-30": "", "2017-06-30": "", "2017-03-31": "", "2016-12-31": "", "2016-09-30": "", "2016-06-30": "", "2016-03-31": "", "2015-12-31": "", "2015-09-30": "", "2015-06-30": "", "2015-03-31": "", "2014-12-31": "", "2014-09-30": "", "2014-06-30": "", "2014-03-31": "", "2013-12-31": "", "2013-09-30": "", "2013-06-30": "", "2013-03-31": "", "2012-12-31": "", "2012-09-30": "", "2012-06-30": "", "2012-03-31": "", "2011-12-31": "", "2011-09-30": "", "2011-06-30": "", "2011-03-31": "", "2010-12-31": "", "2010-09-30": "", "2010-06-30": "", "2010-03-31": "", "2009-12-31": "", "2009-09-30": "", "2009-06-30": "", "2009-03-31": "", "2008-12-31": "", "2008-09-30": "", "2008-06-30": "", "2008-03-31": "", "2007-12-31": "", "2007-09-30": "", "2007-06-30": "", "2007-03-31": "", "2006-12-31": "", "2006-09-30": "", "2006-06-30": "", "2006-03-31": "", "2005-12-31": "", "2005-09-30": "", "2005-06-30": "", "2005-03-31": ""}, "Operating Margin": {"2020-09-30": "2.88280", "2020-06-30": "26.30810", "2020-03-31": "27.26350", "2019-12-31": "29.01150", "2019-09-30": "27.01320", "2019-06-30": "24.50350", "2019-03-31": "29.74670", "2018-12-31": "23.66920", "2018-09-30": "27.44080", "2018-06-30": "27.40100", "2018-03-31": "25.54860", "2017-12-31": "13.25140", "2017-09-30": "27.65770", "2017-06-30": "26.27210", "2017-03-31": "26.69240", "2016-12-31": "30.04310", "2016-09-30": "26.61180", "2016-06-30": "25.22260", "2016-03-31": "25.89100", "2015-12-31": "29.85070", "2015-09-30": "24.07750", "2015-06-30": "24.93620", "2015-03-31": "24.88670", "2014-12-31": "22.00720", "2014-09-30": "26.87550", "2014-06-30": "26.60310", "2014-03-31": "24.70350", "2013-12-31": "23.30370", "2013-09-30": "22.80130", "2013-06-30": "28.19520", "2013-03-31": "19.33890", "2012-12-31": "23.17710", "2012-09-30": "29.04680", "2012-06-30": "34.08910", "2012-03-31": "33.34850", "2011-12-31": "28.05110", "2011-09-30": "35.13040", "2011-06-30": "37.11470", "2011-03-31": "36.98350", "2010-12-31": "34.32570", "2010-09-30": "34.37630", "2010-06-30": "35.48430", "2010-03-31": "35.70650", "2009-12-31": "36.07840", "2009-09-30": "38.09210", "2009-06-30": "37.34270", "2009-03-31": "36.67550", "2008-12-31": "30.69930", "2008-09-30": "34.93790", "2008-06-30": "34.57260", "2008-03-31": "36.84530", "2007-12-31": "36.02470", "2007-09-30": "41.92080", "2007-06-30": "45.62530", "2007-03-31": "48.75090", "2006-12-31": "46.83720", "2006-09-30": "43.30840", "2006-06-30": "43.77270", "2006-03-31": "42.29290", "2005-12-31": "44.62290", "2005-09-30": "45.54380", "2005-06-30": "45.63170", "2005-03-31": "46.92720"}, "EBIT Margin": {"2020-09-30": "2.88280", "2020-06-30": "26.30810", "2020-03-31": "27.26350", "2019-12-31": "29.01140", "2019-09-30": "27.01320", "2019-06-30": "24.50350", "2019-03-31": "29.74670", "2018-12-31": "23.66920", "2018-09-30": "27.44080", "2018-06-30": "27.40100", "2018-03-31": "25.54860", "2017-12-31": "13.25140", "2017-09-30": "27.65770", "2017-06-30": "26.27210", "2017-03-31": "26.69240", "2016-12-31": "30.04310", "2016-09-30": "26.61180", "2016-06-30": "25.22260", "2016-03-31": "25.89100", "2015-12-31": "29.85070", "2015-09-30": "24.07750", "2015-06-30": "24.93620", "2015-03-31": "24.88670", "2014-12-31": "22.00720", "2014-09-30": "26.87550", "2014-06-30": "26.60310", "2014-03-31": "24.70350", "2013-12-31": "23.30370", "2013-09-30": "22.80130", "2013-06-30": "28.19520", "2013-03-31": "19.33890", "2012-12-31": "23.17700", "2012-09-30": "29.04680", "2012-06-30": "34.08910", "2012-03-31": "33.34850", "2011-12-31": "28.05110", "2011-09-30": "35.13040", "2011-06-30": "37.11470", "2011-03-31": "36.98350", "2010-12-31": "34.32570", "2010-09-30": "34.37630", "2010-06-30": "35.48430", "2010-03-31": "35.70650", "2009-12-31": "36.07840", "2009-09-30": "38.09210", "2009-06-30": "37.34270", "2009-03-31": "36.67550", "2008-12-31": "30.69930", "2008-09-30": "34.93790", "2008-06-30": "34.57260", "2008-03-31": "36.84530", "2007-12-31": "36.02470", "2007-09-30": "41.92080", "2007-06-30": "45.62530", "2007-03-31": "48.75090", "2006-12-31": "46.83720", "2006-09-30": "43.30840", "2006-06-30": "43.77270", "2006-03-31": "42.29290", "2005-12-31": "44.62290", "2005-09-30": "45.54380", "2005-06-30": "45.63170", "2005-03-31": "46.92720"}, "EBITDA Margin": {"2020-09-30": "", "2020-06-30": "", "2020-03-31": "", "2019-12-31": "", "2019-09-30": "", "2019-06-30": "", "2019-03-31": "", "2018-12-31": "", "2018-09-30": "", "2018-06-30": "", "2018-03-31": "", "2017-12-31": "", "2017-09-30": "", "2017-06-30": "", "2017-03-31": "", "2016-12-31": "", "2016-09-30": "", "2016-06-30": "", "2016-03-31": "", "2015-12-31": "", "2015-09-30": "", "2015-06-30": "", "2015-03-31": "", "2014-12-31": "", "2014-09-30": "", "2014-06-30": "", "2014-03-31": "", "2013-12-31": "", "2013-09-30": "", "2013-06-30": "", "2013-03-31": "", "2012-12-31": "", "2012-09-30": "", "2012-06-30": "", "2012-03-31": "", "2011-12-31": "", "2011-09-30": "", "2011-06-30": "", "2011-03-31": "", "2010-12-31": "", "2010-09-30": "", "2010-06-30": "", "2010-03-31": "", "2009-12-31": "", "2009-09-30": "", "2009-06-30": "", "2009-03-31": "", "2008-12-31": "", "2008-09-30": "", "2008-06-30": "", "2008-03-31": "", "2007-12-31": "", "2007-09-30": "", "2007-06-30": "", "2007-03-31": "", "2006-12-31": "", "2006-09-30": "", "2006-06-30": "", "2006-03-31": "", "2005-12-31": "", "2005-09-30": "", "2005-06-30": "", "2005-03-31": ""}, "Pre-Tax Profit Margin": {"2020-09-30": "6.85540", "2020-06-30": "26.74830", "2020-03-31": "36.17940", "2019-12-31": "33.02630", "2019-09-30": "27.54790", "2019-06-30": "26.42630", "2019-03-31": "31.79630", "2018-12-31": "25.36960", "2018-09-30": "29.75180", "2018-06-30": "29.76870", "2018-03-31": "26.55960", "2017-12-31": "20.72220", "2017-09-30": "29.06490", "2017-06-30": "27.21790", "2017-03-31": "30.22630", "2016-12-31": "32.36970", "2016-09-30": "28.17580", "2016-06-30": "28.41690", "2016-03-31": "26.74790", "2015-12-31": "31.79480", "2015-09-30": "26.48160", "2015-06-30": "26.38380", "2015-03-31": "27.81050", "2014-12-31": "32.10310", "2014-09-30": "31.53160", "2014-06-30": "27.46210", "2014-03-31": "25.27710", "2013-12-31": "23.30370", "2013-09-30": "22.80130", "2013-06-30": "28.19520", "2013-03-31": "19.33890", "2012-12-31": "23.17700", "2012-09-30": "29.04680", "2012-06-30": "34.08910", "2012-03-31": "33.34850", "2011-12-31": "28.05100", "2011-09-30": "35.13040", "2011-06-30": "37.11470", "2011-03-31": "36.98350", "2010-12-31": "34.32570", "2010-09-30": "34.37630", "2010-06-30": "35.48430", "2010-03-31": "35.70650", "2009-12-31": "36.07840", "2009-09-30": "38.09210", "2009-06-30": "37.34270", "2009-03-31": "36.67550", "2008-12-31": "30.69930", "2008-09-30": "34.93790", "2008-06-30": "34.57260", "2008-03-31": "36.84530", "2007-12-31": "36.02470", "2007-09-30": "41.92080", "2007-06-30": "45.62530", "2007-03-31": "48.75090", "2006-12-31": "46.83720", "2006-09-30": "43.30840", "2006-06-30": "43.77270", "2006-03-31": "42.29290", "2005-12-31": "44.62290", "2005-09-30": "45.54380", "2005-06-30": "45.63170", "2005-03-31": "46.92720"}, "Net Profit Margin": {"2020-09-30": "5.66130", "2020-06-30": "26.00450", "2020-03-31": "35.43630", "2019-12-31": "32.52520", "2019-09-30": "27.00060", "2019-06-30": "26.04840", "2019-03-31": "31.30730", "2018-12-31": "24.83300", "2018-09-30": "29.28260", "2018-06-30": "29.30500", "2018-03-31": "26.12770", "2017-12-31": "19.58840", "2017-09-30": "28.65240", "2017-06-30": "27.03000", "2017-03-31": "24.02010", "2016-12-31": "29.76310", "2016-09-30": "25.36390", "2016-06-30": "25.47420", "2016-03-31": "23.76230", "2015-12-31": "28.88850", "2015-09-30": "23.44830", "2015-06-30": "23.36600", "2015-03-31": "24.50470", "2014-12-31": "28.68560", "2014-09-30": "24.58120", "2014-06-30": "22.48890", "2014-03-31": "21.29290", "2013-12-31": "24.91310", "2013-09-30": "20.33290", "2013-06-30": "24.64940", "2013-03-31": "35.74200", "2012-12-31": "20.10020", "2012-09-30": "23.02710", "2012-06-30": "29.12500", "2012-03-31": "23.21450", "2011-12-31": "32.58630", "2011-09-30": "32.68100", "2011-06-30": "32.65600", "2011-03-31": "30.77180", "2010-12-31": "38.99180", "2010-09-30": "29.47150", "2010-06-30": "30.32270", "2010-03-31": "29.22120", "2009-12-31": "37.88410", "2009-09-30": "33.25310", "2009-06-30": "32.59120", "2009-03-31": "29.10510", "2008-12-31": "36.20990", "2008-09-30": "34.82480", "2008-06-30": "32.88730", "2008-03-31": "28.65920", "2007-12-31": "35.53190", "2007-09-30": "37.96140", "2007-06-30": "43.90050", "2007-03-31": "42.42250", "2006-12-31": "42.58010", "2006-09-30": "40.91510", "2006-06-30": "43.01300", "2006-03-31": "40.88860", "2005-12-31": "48.25560", "2005-09-30": "42.48780", "2005-06-30": "47.26250", "2005-03-31": "45.43640"}, "Asset Turnover": {"2020-09-30": "0.02040", "2020-06-30": "0.02170", "2020-03-31": "0.02200", "2019-12-31": "0.02140", "2019-09-30": "0.02180", "2019-06-30": "0.02180", "2019-03-31": "0.02250", "2018-12-31": "0.02240", "2018-09-30": "0.02240", "2018-06-30": "0.02240", "2018-03-31": "0.02200", "2017-12-31": "0.02210", "2017-09-30": "0.02240", "2017-06-30": "0.02210", "2017-03-31": "0.02220", "2016-12-31": "0.02190", "2016-09-30": "0.02210", "2016-06-30": "0.02210", "2016-03-31": "0.02220", "2015-12-31": "0.02230", "2015-09-30": "0.02210", "2015-06-30": "0.02160", "2015-03-31": "0.02230", "2014-12-31": "0.02250", "2014-09-30": "0.02150", "2014-06-30": "0.02110", "2014-03-31": "0.02110", "2013-12-31": "0.02180", "2013-09-30": "0.02050", "2013-06-30": "0.01980", "2013-03-31": "0.02000", "2012-12-31": "0.02620", "2012-09-30": "0.02330", "2012-06-30": "0.02470", "2012-03-31": "0.02550", "2011-12-31": "0.02430", "2011-09-30": "0.02490", "2011-06-30": "0.02550", "2011-03-31": "0.02580", "2010-12-31": "0.02310", "2010-09-30": "0.02640", "2010-06-30": "0.02620", "2010-03-31": "0.02840", "2009-12-31": "0.02650", "2009-09-30": "0.02810", "2009-06-30": "0.02770", "2009-03-31": "0.02820", "2008-12-31": "0.02610", "2008-09-30": "0.02660", "2008-06-30": "0.02700", "2008-03-31": "0.02720", "2007-12-31": "0.02480", "2007-09-30": "0.02390", "2007-06-30": "0.02760", "2007-03-31": "0.02770", "2006-12-31": "0.02620", "2006-09-30": "0.02740", "2006-06-30": "0.02860", "2006-03-31": "0.02860", "2005-12-31": "0.02750", "2005-09-30": "0.02720", "2005-06-30": "0.03000", "2005-03-31": "0.03060"}, "Inventory Turnover Ratio": {"2020-09-30": "", "2020-06-30": "", "2020-03-31": "", "2019-12-31": "", "2019-09-30": "", "2019-06-30": "", "2019-03-31": "", "2018-12-31": "", "2018-09-30": "", "2018-06-30": "", "2018-03-31": "", "2017-12-31": "", "2017-09-30": "", "2017-06-30": "", "2017-03-31": "", "2016-12-31": "", "2016-09-30": "", "2016-06-30": "", "2016-03-31": "", "2015-12-31": "", "2015-09-30": "", "2015-06-30": "", "2015-03-31": "", "2014-12-31": "", "2014-09-30": "", "2014-06-30": "", "2014-03-31": "", "2013-12-31": "", "2013-09-30": "", "2013-06-30": "", "2013-03-31": "", "2012-12-31": "", "2012-09-30": "", "2012-06-30": "", "2012-03-31": "", "2011-12-31": "", "2011-09-30": "", "2011-06-30": "", "2011-03-31": "", "2010-12-31": "", "2010-09-30": "", "2010-06-30": "", "2010-03-31": "", "2009-12-31": "", "2009-09-30": "", "2009-06-30": "", "2009-03-31": "", "2008-12-31": "", "2008-09-30": "", "2008-06-30": "", "2008-03-31": "", "2007-12-31": "", "2007-09-30": "", "2007-06-30": "", "2007-03-31": "", "2006-12-31": "", "2006-09-30": "", "2006-06-30": "", "2006-03-31": "", "2005-12-31": "", "2005-09-30": "", "2005-06-30": "", "2005-03-31": ""}, "Receiveable Turnover": {"2020-09-30": "", "2020-06-30": "", "2020-03-31": "", "2019-12-31": "", "2019-09-30": "", "2019-06-30": "", "2019-03-31": "", "2018-12-31": "", "2018-09-30": "", "2018-06-30": "", "2018-03-31": "", "2017-12-31": "", "2017-09-30": "", "2017-06-30": "", "2017-03-31": "", "2016-12-31": "", "2016-09-30": "", "2016-06-30": "", "2016-03-31": "", "2015-12-31": "", "2015-09-30": "", "2015-06-30": "", "2015-03-31": "", "2014-12-31": "", "2014-09-30": "", "2014-06-30": "", "2014-03-31": "", "2013-12-31": "", "2013-09-30": "", "2013-06-30": "", "2013-03-31": "", "2012-12-31": "", "2012-09-30": "", "2012-06-30": "", "2012-03-31": "", "2011-12-31": "", "2011-09-30": "", "2011-06-30": "", "2011-03-31": "", "2010-12-31": "", "2010-09-30": "", "2010-06-30": "", "2010-03-31": "", "2009-12-31": "", "2009-09-30": "", "2009-06-30": "", "2009-03-31": "", "2008-12-31": "", "2008-09-30": "", "2008-06-30": "", "2008-03-31": "", "2007-12-31": "", "2007-09-30": "", "2007-06-30": "", "2007-03-31": "", "2006-12-31": "", "2006-09-30": "", "2006-06-30": "", "2006-03-31": "", "2005-12-31": "", "2005-09-30": "", "2005-06-30": "", "2005-03-31": ""}, "Days Sales In Receivables": {"2020-09-30": "", "2020-06-30": "", "2020-03-31": "", "2019-12-31": "", "2019-09-30": "", "2019-06-30": "", "2019-03-31": "", "2018-12-31": "", "2018-09-30": "", "2018-06-30": "", "2018-03-31": "", "2017-12-31": "", "2017-09-30": "", "2017-06-30": "", "2017-03-31": "", "2016-12-31": "", "2016-09-30": "", "2016-06-30": "", "2016-03-31": "", "2015-12-31": "", "2015-09-30": "", "2015-06-30": "", "2015-03-31": "", "2014-12-31": "", "2014-09-30": "", "2014-06-30": "", "2014-03-31": "", "2013-12-31": "", "2013-09-30": "", "2013-06-30": "", "2013-03-31": "", "2012-12-31": "", "2012-09-30": "", "2012-06-30": "", "2012-03-31": "", "2011-12-31": "", "2011-09-30": "", "2011-06-30": "", "2011-03-31": "", "2010-12-31": "", "2010-09-30": "", "2010-06-30": "", "2010-03-31": "", "2009-12-31": "", "2009-09-30": "", "2009-06-30": "", "2009-03-31": "", "2008-12-31": "", "2008-09-30": "", "2008-06-30": "", "2008-03-31": "", "2007-12-31": "", "2007-09-30": "", "2007-06-30": "", "2007-03-31": "", "2006-12-31": "", "2006-09-30": "", "2006-06-30": "", "2006-03-31": "", "2005-12-31": "", "2005-09-30": "", "2005-06-30": "", "2005-03-31": ""}, "ROE - Return On Equity": {"2020-09-30": "0.22040", "2020-06-30": "1.04170", "2020-03-31": "1.41240", "2019-12-31": "1.32140", "2019-09-30": "1.08690", "2019-06-30": "1.07670", "2019-03-31": "1.38880", "2018-12-31": "1.05040", "2018-09-30": "1.28750", "2018-06-30": "1.28720", "2018-03-31": "1.14170", "2017-12-31": "0.82470", "2017-09-30": "1.19440", "2017-06-30": "1.15740", "2017-03-31": "1.26210", "2016-12-31": "1.45070", "2016-09-30": "1.21100", "2016-06-30": "1.18400", "2016-03-31": "1.15450", "2015-12-31": "1.34970", "2015-09-30": "1.19630", "2015-06-30": "1.18710", "2015-03-31": "1.28020", "2014-12-31": "1.49410", "2014-09-30": "1.41730", "2014-06-30": "1.18400", "2014-03-31": "1.15720", "2013-12-31": "1.03480", "2013-09-30": "1.02570", "2013-06-30": "1.15540", "2013-03-31": "0.73620", "2012-12-31": "1.83340", "2012-09-30": "1.83400", "2012-06-30": "2.04780", "2012-03-31": "1.96430", "2011-12-31": "1.54980", "2011-09-30": "1.90700", "2011-06-30": "2.13030", "2011-03-31": "2.00920", "2010-12-31": "1.82230", "2010-09-30": "2.28940", "2010-06-30": "2.60600", "2010-03-31": "2.58690", "2009-12-31": "2.42390", "2009-09-30": "2.65810", "2009-06-30": "2.54450", "2009-03-31": "2.50210", "2008-12-31": "1.94430", "2008-09-30": "2.30700", "2008-06-30": "2.40510", "2008-03-31": "2.54070", "2007-12-31": "2.25320", "2007-09-30": "2.51080", "2007-06-30": "2.59000", "2007-03-31": "2.80460", "2006-12-31": "2.50640", "2006-09-30": "2.37690", "2006-06-30": "2.51540", "2006-03-31": "2.35660", "2005-12-31": "2.69810", "2005-09-30": "2.54050", "2005-06-30": "2.72990", "2005-03-31": "2.75650"}, "Return On Tangible Equity": {"2020-09-30": "0.26030", "2020-06-30": "1.21900", "2020-03-31": "1.65310", "2019-12-31": "1.55890", "2019-09-30": "1.26760", "2019-06-30": "1.26560", "2019-03-31": "1.63830", "2018-12-31": "1.23250", "2018-09-30": "1.53130", "2018-06-30": "1.54250", "2018-03-31": "1.38390", "2017-12-31": "0.98610", "2017-09-30": "1.42190", "2017-06-30": "1.39480", "2017-03-31": "1.50100", "2016-12-31": "1.62970", "2016-09-30": "1.36210", "2016-06-30": "1.32480", "2016-03-31": "1.28910", "2015-12-31": "1.51010", "2015-09-30": "1.35490", "2015-06-30": "1.34930", "2015-03-31": "1.46850", "2014-12-31": "1.70910", "2014-09-30": "1.63070", "2014-06-30": "1.29610", "2014-03-31": "1.26150", "2013-12-31": "1.11390", "2013-09-30": "1.11680", "2013-06-30": "1.26160", "2013-03-31": "0.78020", "2012-12-31": "1.53520", "2012-09-30": "1.38610", "2012-06-30": "1.55390", "2012-03-31": "1.51600", "2011-12-31": "1.32780", "2011-09-30": "1.63620", "2011-06-30": "1.80100", "2011-03-31": "1.70150", "2010-12-31": "1.50300", "2010-09-30": "1.83350", "2010-06-30": "2.02260", "2010-03-31": "2.01510", "2009-12-31": "1.89560", "2009-09-30": "2.08440", "2009-06-30": "2.00130", "2009-03-31": "1.97370", "2008-12-31": "1.53890", "2008-09-30": "1.83060", "2008-06-30": "1.88810", "2008-03-31": "1.99920", "2007-12-31": "1.77820", "2007-09-30": "1.98610", "2007-06-30": "2.05290", "2007-03-31": "2.22520", "2006-12-31": "1.99100", "2006-09-30": "2.16230", "2006-06-30": "2.26710", "2006-03-31": "2.12530", "2005-12-31": "2.40220", "2005-09-30": "2.26280", "2005-06-30": "2.40240", "2005-03-31": "2.42710"}, "ROA - Return On Assets": {"2020-09-30": "0.11700", "2020-06-30": "0.56570", "2020-03-31": "0.78280", "2019-12-31": "0.69820", "2019-09-30": "0.58950", "2019-06-30": "0.56970", "2019-03-31": "0.70560", "2018-12-31": "0.55900", "2018-09-30": "0.65770", "2018-06-30": "0.65900", "2018-03-31": "0.57560", "2017-12-31": "0.43360", "2017-09-30": "0.64280", "2017-06-30": "0.59860", "2017-03-31": "0.66330", "2016-12-31": "0.70500", "2016-09-30": "0.61580", "2016-06-30": "0.62100", "2016-03-31": "0.58560", "2015-12-31": "0.70160", "2015-09-30": "0.57770", "2015-06-30": "0.56570", "2015-03-31": "0.60930", "2014-12-31": "0.71170", "2014-09-30": "0.67300", "2014-06-30": "0.57550", "2014-03-31": "0.52400", "2013-12-31": "0.50170", "2013-09-30": "0.46060", "2013-06-30": "0.55170", "2013-03-31": "0.38070", "2012-12-31": "0.60900", "2012-09-30": "0.66760", "2012-06-30": "0.83380", "2012-03-31": "0.84230", "2011-12-31": "0.67230", "2011-09-30": "0.86440", "2011-06-30": "0.93580", "2011-03-31": "0.94440", "2010-12-31": "0.77790", "2010-09-30": "0.89830", "2010-06-30": "0.92140", "2010-03-31": "1.00570", "2009-12-31": "0.95650", "2009-09-30": "1.06700", "2009-06-30": "1.02480", "2009-03-31": "1.02220", "2008-12-31": "0.79020", "2008-09-30": "0.91970", "2008-06-30": "0.92520", "2008-03-31": "0.98930", "2007-12-31": "0.87880", "2007-09-30": "0.99050", "2007-06-30": "1.24690", "2007-03-31": "1.34080", "2006-12-31": "1.21870", "2006-09-30": "1.18170", "2006-06-30": "1.23950", "2006-03-31": "1.19590", "2005-12-31": "1.21550", "2005-09-30": "1.22660", "2005-06-30": "1.35800", "2005-03-31": "1.42120"}, "ROI - Return On Investment": {"2020-09-30": "0.12220", "2020-06-30": "0.59220", "2020-03-31": "0.81960", "2019-12-31": "0.73170", "2019-09-30": "0.61920", "2019-06-30": "0.59870", "2019-03-31": "0.74030", "2018-12-31": "0.58340", "2018-09-30": "0.68510", "2018-06-30": "0.68810", "2018-03-31": "0.59970", "2017-12-31": "0.45140", "2017-09-30": "0.66920", "2017-06-30": "0.62460", "2017-03-31": "0.71350", "2016-12-31": "0.73430", "2016-09-30": "0.64220", "2016-06-30": "0.64640", "2016-03-31": "0.60730", "2015-12-31": "0.73070", "2015-09-30": "0.59930", "2015-06-30": "0.58770", "2015-03-31": "0.63160", "2014-12-31": "0.74140", "2014-09-30": "0.71120", "2014-06-30": "0.59500", "2014-03-31": "0.53980", "2013-12-31": "0.51930", "2013-09-30": "0.47430", "2013-06-30": "0.56750", "2013-03-31": "0.39060", "2012-12-31": "0.62590", "2012-09-30": "0.68130", "2012-06-30": "0.85500", "2012-03-31": "0.85940", "2011-12-31": "0.68930", "2011-09-30": "0.88180", "2011-06-30": "0.95750", "2011-03-31": "0.95980", "2010-12-31": "0.79790", "2010-09-30": "0.91460", "2010-06-30": "0.94150", "2010-03-31": "1.02270", "2009-12-31": "0.98080", "2009-09-30": "1.08530", "2009-06-30": "1.04750", "2009-03-31": "1.03850", "2008-12-31": "0.80900", "2008-09-30": "0.93500", "2008-06-30": "0.94530", "2008-03-31": "1.00520", "2007-12-31": "0.89910", "2007-09-30": "1.00850", "2007-06-30": "1.27290", "2007-03-31": "1.36220", "2006-12-31": "1.24340", "2006-09-30": "1.20540", "2006-06-30": "1.26570", "2006-03-31": "1.22000", "2005-12-31": "1.24140", "2005-09-30": "1.25160", "2005-06-30": "1.38550", "2005-03-31": "1.45070"}, "Book Value Per Share": {"2020-09-30": "29.94840", "2020-06-30": "30.06730", "2020-03-31": "30.33660", "2019-12-31": "29.38730", "2019-09-30": "28.59100", "2019-06-30": "27.85060", "2019-03-31": "26.36240", "2018-12-31": "26.73640", "2018-09-30": "26.12690", "2018-06-30": "25.90290", "2018-03-31": "25.66170", "2017-12-31": "26.00400", "2017-09-30": "26.16920", "2017-06-30": "25.61820", "2017-03-31": "25.83670", "2016-12-31": "26.08720", "2016-09-30": "26.18210", "2016-06-30": "26.43900", "2016-03-31": "25.88990", "2015-12-31": "26.16970", "2015-09-30": "25.46910", "2015-06-30": "25.48120", "2015-03-31": "24.99420", "2014-12-31": "25.08480", "2014-09-30": "25.10600", "2014-06-30": "26.34240", "2014-03-31": "25.78980", "2013-12-31": "26.12890", "2013-09-30": "25.70280", "2013-06-30": "26.01110", "2013-03-31": "26.20120", "2012-12-31": "18.07990", "2012-09-30": "18.30400", "2012-06-30": "18.53190", "2012-03-31": "18.44730", "2011-12-31": "16.92540", "2011-09-30": "17.08340", "2011-06-30": "16.48200", "2011-03-31": "16.63770", "2010-12-31": "15.64440", "2010-09-30": "14.69780", "2010-06-30": "13.86720", "2010-03-31": "14.05580", "2009-12-31": "14.26840", "2009-09-30": "14.40660", "2009-06-30": "14.56470", "2009-03-31": "14.71880", "2008-12-31": "14.91830", "2008-09-30": "15.05400", "2008-06-30": "14.88360", "2008-03-31": "15.01850", "2007-12-31": "15.21610", "2007-09-30": "15.34950", "2007-06-30": "15.46450", "2007-03-31": "15.53310", "2006-12-31": "15.64320", "2006-09-30": "12.76290", "2006-06-30": "12.31130", "2006-03-31": "12.38300", "2005-12-31": "11.81900", "2005-09-30": "11.85580", "2005-06-30": "11.37540", "2005-03-31": "11.42380"}, "Operating Cash Flow Per Share": {"2020-09-30": 0.838, "2020-06-30": 0.7104, "2020-03-31": "0.78700", "2019-12-31": 0.9527, "2019-09-30": 0.8554, "2019-06-30": 0.875, "2019-03-31": "0.69790", "2018-12-31": 0.8759, "2018-09-30": 0.6965, "2018-06-30": 0.9214, "2018-03-31": "0.75100", "2017-12-31": 0.8733, "2017-09-30": 0.6329, "2017-06-30": 0.8726, "2017-03-31": "0.81850", "2016-12-31": 0.8899, "2016-09-30": 0.8161, "2016-06-30": 0.8795, "2016-03-31": "0.54360", "2015-12-31": 0.9384, "2015-09-30": 0.6164, "2015-06-30": 0.8595, "2015-03-31": "0.52190", "2014-12-31": 0.889, "2014-09-30": 0.6305, "2014-06-30": 0.7989, "2014-03-31": "0.55080", "2013-12-31": 0.9477, "2013-09-30": 0.6287, "2013-06-30": 0.8022, "2013-03-31": "0.32710", "2012-12-31": 0.8881, "2012-09-30": 0.3948, "2012-06-30": 0.7947, "2012-03-31": "0.37920", "2011-12-31": 0.7951, "2011-09-30": 0.4887, "2011-06-30": 0.7367, "2011-03-31": "0.34860", "2010-12-31": 0.7895, "2010-09-30": 0.4426, "2010-06-30": 0.7128, "2010-03-31": "0.35230", "2009-12-31": 0.7505, "2009-09-30": 0.4057, "2009-06-30": 0.6882, "2009-03-31": "0.34430", "2008-12-31": 0.6969, "2008-09-30": 0.4483, "2008-06-30": 0.8075, "2008-03-31": "0.47940", "2007-12-31": 0.9881, "2007-09-30": 0.4647, "2007-06-30": 1.1763, "2007-03-31": "0.54200", "2006-12-31": -0.4652, "2006-09-30": 0.474, "2006-06-30": 0.4962, "2006-03-31": "0.46190", "2005-12-31": 0.486, "2005-09-30": 0.1603, "2005-06-30": 0.2744, "2005-03-31": "0.44520"}, "Free Cash Flow Per Share": {"2020-09-30": -0.9125, "2020-06-30": 0.2868, "2020-03-31": "-0.25360", "2019-12-31": -3.9482, "2019-09-30": -0.2457, "2019-06-30": -2.5121, "2019-03-31": "-0.94290", "2018-12-31": -0.0956, "2018-09-30": -1.2305, "2018-06-30": -0.095, "2018-03-31": "-1.03350", "2017-12-31": -0.4462, "2017-09-30": -0.0701, "2017-06-30": -0.3951, "2017-03-31": "-0.49660", "2016-12-31": -1.818, "2016-09-30": -0.732, "2016-06-30": -0.314, "2016-03-31": "-0.70910", "2015-12-31": 0.315, "2015-09-30": 0.0867, "2015-06-30": -2.2171, "2015-03-31": "-0.38200", "2014-12-31": 0.1109, "2014-09-30": -0.1579, "2014-06-30": -0.3567, "2014-03-31": "-2.36900", "2013-12-31": 0.0222, "2013-09-30": -2.1103, "2013-06-30": -2.44, "2013-03-31": "-0.26420", "2012-12-31": -1.8766, "2012-09-30": -2.8625, "2012-06-30": -0.8092, "2012-03-31": "0.31210", "2011-12-31": -0.739, "2011-09-30": -3.1568, "2011-06-30": -0.4056, "2011-03-31": "-0.91610", "2010-12-31": -3.0465, "2010-09-30": 0.3139, "2010-06-30": -1.8113, "2010-03-31": "0.07540", "2009-12-31": 0.2904, "2009-09-30": 0.3031, "2009-06-30": 0.6825, "2009-03-31": "0.32070", "2008-12-31": 0.6819, "2008-09-30": 0.3914, "2008-06-30": 0.7616, "2008-03-31": "-1.32060", "2007-12-31": -0.2925, "2007-09-30": -2.3271, "2007-06-30": 0.809, "2007-03-31": "-0.06500", "2006-12-31": -5.0002, "2006-09-30": -0.6111, "2006-06-30": -0.101, "2006-03-31": "-0.59570", "2005-12-31": -0.3705, "2005-09-30": -2.4924, "2005-06-30": -0.4809, "2005-03-31": "-0.49360"}}, "revenue": {"Realty Income Annual Revenue (Millions of US $)": {"2019": "$1,492", "2018": "$1,328", "2017": "$1,216", "2016": "$1,103", "2015": "$1,023", "2014": "$934", "2013": "$780", "2012": "$485", "2011": "$412", "2010": "$333", "2009": "$323", "2008": "$325", "2007": "$291", "2006": "$237", "2005": "$195"}, "Realty Income Quarterly Revenue (Millions of US $)": {"2020-09-30": "$405", "2020-06-30": "$415", "2020-03-31": "$414", "2019-12-31": "$398", "2019-09-30": "$374", "2019-06-30": "$365", "2019-03-31": "$354", "2018-12-31": "$343", "2018-09-30": "$338", "2018-06-30": "$329", "2018-03-31": "$318", "2017-12-31": "$311", "2017-09-30": "$307", "2017-06-30": "$300", "2017-03-31": "$298", "2016-12-31": "$288", "2016-09-30": "$277", "2016-06-30": "$271", "2016-03-31": "$267", "2015-12-31": "$264", "2015-09-30": "$259", "2015-06-30": "$254", "2015-03-31": "$247", "2014-12-31": "$248", "2014-09-30": "$236", "2014-06-30": "$229", "2014-03-31": "$222", "2013-12-31": "$216", "2013-09-30": "$202", "2013-06-30": "$186", "2013-03-31": "$176", "2012-12-31": "$142", "2012-09-30": "$117", "2012-06-30": "$113", "2012-03-31": "$112", "2011-12-31": "$107", "2011-09-30": "$106", "2011-06-30": "$102", "2011-03-31": "$97", "2010-12-31": "$82", "2010-09-30": "$87", "2010-06-30": "$82", "2010-03-31": "$83", "2009-12-31": "$77", "2009-09-30": "$81", "2009-06-30": "$81", "2009-03-31": "$83", "2008-12-31": "$78", "2008-09-30": "$82", "2008-06-30": "$82", "2008-03-31": "$83", "2007-12-31": "$76", "2007-09-30": "$74", "2007-06-30": "$70", "2007-03-31": "$71", "2006-12-31": "$67", "2006-09-30": "$59", "2006-06-30": "$56", "2006-03-31": "$55", "2005-12-31": "$53", "2005-09-30": "$49", "2005-06-30": "$47", "2005-03-31": "$47"}}, "gross-profit": {"Realty Income Annual Gross Profit (Millions of US $)": {"2019": "$1,403", "2018": "$1,262", "2017": "$1,146", "2016": "$1,040", "2015": "$968", "2014": "$880", "2013": "$741", "2012": "$463", "2011": "$397", "2010": "$328", "2009": "$316", "2008": "$320", "2007": "$288", "2006": "$234", "2005": "$192"}, "Realty Income Quarterly Gross Profit (Millions of US $)": {"2020-09-30": "$379", "2020-06-30": "$388", "2020-03-31": "$389", "2019-12-31": "$372", "2019-09-30": "$354", "2019-06-30": "$344", "2019-03-31": "$333", "2018-12-31": "$325", "2018-09-30": "$322", "2018-06-30": "$313", "2018-03-31": "$302", "2017-12-31": "$294", "2017-09-30": "$290", "2017-06-30": "$284", "2017-03-31": "$279", "2016-12-31": "$270", "2016-09-30": "$261", "2016-06-30": "$256", "2016-03-31": "$252", "2015-12-31": "$251", "2015-09-30": "$245", "2015-06-30": "$239", "2015-03-31": "$233", "2014-12-31": "$227", "2014-09-30": "$223", "2014-06-30": "$219", "2014-03-31": "$211", "2013-12-31": "$203", "2013-09-30": "$194", "2013-06-30": "$179", "2013-03-31": "$166", "2012-12-31": "$126", "2012-09-30": "$116", "2012-06-30": "$111", "2012-03-31": "$110", "2011-12-31": "$97", "2011-09-30": "$105", "2011-06-30": "$100", "2011-03-31": "$96", "2010-12-31": "$81", "2010-09-30": "$85", "2010-06-30": "$81", "2010-03-31": "$81", "2009-12-31": "$76", "2009-09-30": "$80", "2009-06-30": "$80", "2009-03-31": "$80", "2008-12-31": "$77", "2008-09-30": "$80", "2008-06-30": "$81", "2008-03-31": "$81", "2007-12-31": "$76", "2007-09-30": "$73", "2007-06-30": "$69", "2007-03-31": "$70", "2006-12-31": "$66", "2006-09-30": "$58", "2006-06-30": "$56", "2006-03-31": "$54", "2005-12-31": "$52", "2005-09-30": "$48", "2005-06-30": "$46", "2005-03-31": "$46"}}, "operating-income": {"Realty Income Annual Operating Income (Millions of US $)": {"2019": "$411", "2018": "$345", "2017": "$284", "2016": "$298", "2015": "$266", "2014": "$233", "2013": "$183", "2012": "$143", "2011": "$141", "2010": "$117", "2009": "$120", "2008": "$112", "2007": "$125", "2006": "$105", "2005": "$89"}, "Realty Income Quarterly Operating Income (Millions of US $)": {"2020-09-30": "$12", "2020-06-30": "$109", "2020-03-31": "$113", "2019-12-31": "$115", "2019-09-30": "$101", "2019-06-30": "$90", "2019-03-31": "$105", "2018-12-31": "$81", "2018-09-30": "$93", "2018-06-30": "$90", "2018-03-31": "$81", "2017-12-31": "$41", "2017-09-30": "$85", "2017-06-30": "$79", "2017-03-31": "$80", "2016-12-31": "$86", "2016-09-30": "$74", "2016-06-30": "$68", "2016-03-31": "$69", "2015-12-31": "$79", "2015-09-30": "$62", "2015-06-30": "$63", "2015-03-31": "$61", "2014-12-31": "$54", "2014-09-30": "$63", "2014-06-30": "$61", "2014-03-31": "$55", "2013-12-31": "$50", "2013-09-30": "$46", "2013-06-30": "$53", "2013-03-31": "$34", "2012-12-31": "$33", "2012-09-30": "$34", "2012-06-30": "$39", "2012-03-31": "$37", "2011-12-31": "$30", "2011-09-30": "$37", "2011-06-30": "$38", "2011-03-31": "$36", "2010-12-31": "$28", "2010-09-30": "$30", "2010-06-30": "$29", "2010-03-31": "$30", "2009-12-31": "$28", "2009-09-30": "$31", "2009-06-30": "$30", "2009-03-31": "$30", "2008-12-31": "$24", "2008-09-30": "$29", "2008-06-30": "$28", "2008-03-31": "$30", "2007-12-31": "$27", "2007-09-30": "$31", "2007-06-30": "$32", "2007-03-31": "$35", "2006-12-31": "$31", "2006-09-30": "$26", "2006-06-30": "$25", "2006-03-31": "$23", "2005-12-31": "$24", "2005-09-30": "$22", "2005-06-30": "$22", "2005-03-31": "$22"}}, "ebitda": {"Realty Income Annual EBITDA (Millions of US $)": {"2019": "$1,026", "2018": "$919", "2017": "$806", "2016": "$765", "2015": "$687", "2014": "$615", "2013": "$510", "2012": "$307", "2011": "$271", "2010": "$214", "2009": "$214", "2008": "$206", "2007": "$205", "2006": "$167", "2005": "$137"}, "Realty Income Quarterly EBITDA (Millions of US $)": {"2020-09-30": "$185", "2020-06-30": "$284", "2020-03-31": "$285", "2019-12-31": "$277", "2019-09-30": "$256", "2019-06-30": "$246", "2019-03-31": "$247", "2018-12-31": "$236", "2018-09-30": "$235", "2018-06-30": "$231", "2018-03-31": "$217", "2017-12-31": "$175", "2017-09-30": "$218", "2017-06-30": "$208", "2017-03-31": "$205", "2016-12-31": "$209", "2016-09-30": "$192", "2016-06-30": "$184", "2016-03-31": "$181", "2015-12-31": "$188", "2015-09-30": "$167", "2015-06-30": "$170", "2015-03-31": "$162", "2014-12-31": "$154", "2014-09-30": "$158", "2014-06-30": "$156", "2014-03-31": "$148", "2013-12-31": "$142", "2013-09-30": "$134", "2013-06-30": "$130", "2013-03-31": "$105", "2012-12-31": "$79", "2012-09-30": "$78", "2012-06-30": "$76", "2012-03-31": "$75", "2011-12-31": "$67", "2011-09-30": "$70", "2011-06-30": "$68", "2011-03-31": "$65", "2010-12-31": "$51", "2010-09-30": "$55", "2010-06-30": "$54", "2010-03-31": "$54", "2009-12-31": "$51", "2009-09-30": "$54", "2009-06-30": "$54", "2009-03-31": "$54", "2008-12-31": "$47", "2008-09-30": "$52", "2008-06-30": "$53", "2008-03-31": "$54", "2007-12-31": "$49", "2007-09-30": "$51", "2007-06-30": "$52", "2007-03-31": "$54", "2006-12-31": "$48", "2006-09-30": "$41", "2006-06-30": "$41", "2006-03-31": "$37", "2005-12-31": "$37", "2005-09-30": "$34", "2005-06-30": "$33", "2005-03-31": "$33"}}, "net-income": {"Realty Income Annual Net Income (Millions of US $)": {"2019": "$436", "2018": "$364", "2017": "$302", "2016": "$288", "2015": "$257", "2014": "$228", "2013": "$204", "2012": "$115", "2011": "$133", "2010": "$107", "2009": "$107", "2008": "$108", "2007": "$116", "2006": "$99", "2005": "$90"}, "Realty Income Quarterly Net Income (Millions of US $)": {"2020-09-30": "$23", "2020-06-30": "$108", "2020-03-31": "$147", "2019-12-31": "$129", "2019-09-30": "$101", "2019-06-30": "$95", "2019-03-31": "$111", "2018-12-31": "$85", "2018-09-30": "$99", "2018-06-30": "$96", "2018-03-31": "$83", "2017-12-31": "$61", "2017-09-30": "$88", "2017-06-30": "$81", "2017-03-31": "$72", "2016-12-31": "$86", "2016-09-30": "$70", "2016-06-30": "$69", "2016-03-31": "$63", "2015-12-31": "$76", "2015-09-30": "$61", "2015-06-30": "$59", "2015-03-31": "$60", "2014-12-31": "$71", "2014-09-30": "$58", "2014-06-30": "$51", "2014-03-31": "$47", "2013-12-31": "$54", "2013-09-30": "$41", "2013-06-30": "$46", "2013-03-31": "$63", "2012-12-31": "$29", "2012-09-30": "$27", "2012-06-30": "$33", "2012-03-31": "$26", "2011-12-31": "$35", "2011-09-30": "$35", "2011-06-30": "$33", "2011-03-31": "$30", "2010-12-31": "$32", "2010-09-30": "$26", "2010-06-30": "$25", "2010-03-31": "$24", "2009-12-31": "$29", "2009-09-30": "$27", "2009-06-30": "$26", "2009-03-31": "$24", "2008-12-31": "$28", "2008-09-30": "$29", "2008-06-30": "$27", "2008-03-31": "$24", "2007-12-31": "$27", "2007-09-30": "$28", "2007-06-30": "$31", "2007-03-31": "$30", "2006-12-31": "$28", "2006-09-30": "$24", "2006-06-30": "$24", "2006-03-31": "$23", "2005-12-31": "$25", "2005-09-30": "$21", "2005-06-30": "$22", "2005-03-31": "$21"}}, "eps-earnings-per-share-diluted": {"Realty Income Annual EPS": {"2019": "$1.38", "2018": "$1.26", "2017": "$1.10", "2016": "$1.13", "2015": "$1.09", "2014": "$1.04", "2013": "$1.06", "2012": "$0.86", "2011": "$1.05", "2010": "$1.01", "2009": "$1.03", "2008": "$1.06", "2007": "$1.16", "2006": "$1.11", "2005": "$1.12"}, "Realty Income Quarterly EPS": {"2020-09-30": "$0.07", "2020-06-30": "$0.31", "2020-03-31": "$0.44", "2019-12-31": "$0.38", "2019-09-30": "$0.32", "2019-06-30": "$0.31", "2019-03-31": "$0.37", "2018-12-31": "$0.29", "2018-09-30": "$0.34", "2018-06-30": "$0.34", "2018-03-31": "$0.29", "2017-12-31": "$0.21", "2017-09-30": "$0.32", "2017-06-30": "$0.30", "2017-03-31": "$0.27", "2016-12-31": "$0.34", "2016-09-30": "$0.27", "2016-06-30": "$0.27", "2016-03-31": "$0.25", "2015-12-31": "$0.31", "2015-09-30": "$0.26", "2015-06-30": "$0.25", "2015-03-31": "$0.27", "2014-12-31": "$0.32", "2014-09-30": "$0.26", "2014-06-30": "$0.23", "2014-03-31": "$0.23", "2013-12-31": "$0.26", "2013-09-30": "$0.21", "2013-06-30": "$0.23", "2013-03-31": "$0.36", "2012-12-31": "$0.21", "2012-09-30": "$0.20", "2012-06-30": "$0.25", "2012-03-31": "$0.20", "2011-12-31": "$0.27", "2011-09-30": "$0.27", "2011-06-30": "$0.26", "2011-03-31": "$0.25", "2010-12-31": "$0.30", "2010-09-30": "$0.25", "2010-06-30": "$0.24", "2010-03-31": "$0.22", "2009-12-31": "$0.28", "2009-09-30": "$0.26", "2009-06-30": "$0.26", "2009-03-31": "$0.23", "2008-12-31": "$0.26", "2008-09-30": "$0.29", "2008-06-30": "$0.27", "2008-03-31": "$0.24", "2007-12-31": "$0.27", "2007-09-30": "$0.28", "2007-06-30": "$0.31", "2007-03-31": "$0.30", "2006-12-31": "$0.30", "2006-09-30": "$0.27", "2006-06-30": "$0.27", "2006-03-31": "$0.27", "2005-12-31": "$0.31", "2005-09-30": "$0.26", "2005-06-30": "$0.28", "2005-03-31": "$0.27"}}, "shares-outstanding": {"Realty Income Annual Shares Outstanding (Millions of Shares)": {"2019": "316", "2018": "290", "2017": "274", "2016": "256", "2015": "236", "2014": "219", "2013": "192", "2012": "133", "2011": "126", "2010": "106", "2009": "104", "2008": "101", "2007": "100", "2006": "90", "2005": "80"}, "Realty Income Quarterly Shares Outstanding (Millions of Shares)": {"2020-09-30": "347", "2020-06-30": "344", "2020-03-31": "337", "2019-12-31": "316", "2019-09-30": "320", "2019-06-30": "311", "2019-03-31": "304", "2018-12-31": "290", "2018-09-30": "291", "2018-06-30": "285", "2018-03-31": "284", "2017-12-31": "274", "2017-09-30": "276", "2017-06-30": "273", "2017-03-31": "264", "2016-12-31": "256", "2016-09-30": "259", "2016-06-30": "254", "2016-03-31": "251", "2015-12-31": "236", "2015-09-30": "237", "2015-06-30": "233", "2015-03-31": "226", "2014-12-31": "219", "2014-09-30": "222", "2014-06-30": "221", "2014-03-31": "207", "2013-12-31": "192", "2013-09-30": "197", "2013-06-30": "196", "2013-03-31": "172", "2012-12-31": "133", "2012-09-30": "133", "2012-06-30": "133", "2012-03-31": "133", "2011-12-31": "126", "2011-09-30": "127", "2011-06-30": "126", "2011-03-31": "119", "2010-12-31": "106", "2010-09-30": "104", "2010-06-30": "104", "2010-03-31": "104", "2009-12-31": "104", "2009-09-30": "103", "2009-06-30": "103", "2009-03-31": "103", "2008-12-31": "101", "2008-09-30": "100", "2008-06-30": "100", "2008-03-31": "100", "2007-12-31": "100", "2007-09-30": "100", "2007-06-30": "100", "2007-03-31": "100", "2006-12-31": "90", "2006-09-30": "89", "2006-06-30": "88", "2006-03-31": "83", "2005-12-31": "80", "2005-09-30": "80", "2005-06-30": "80", "2005-03-31": "80"}}, "total-assets": {"Realty Income Annual Total Assets (Millions of US $)": {"2019": "$18,555", "2018": "$15,260", "2017": "$14,058", "2016": "$13,153", "2015": "$11,845", "2014": "$11,013", "2013": "$9,924", "2012": "$5,429", "2011": "$4,419", "2010": "$3,536", "2009": "$2,915", "2008": "$2,994", "2007": "$3,077", "2006": "$2,547", "2005": "$1,921"}, "Realty Income Quarterly Total Assets (Millions of US $)": {"2020-09-30": "$19,785", "2020-06-30": "$19,103", "2020-03-31": "$18,796", "2019-12-31": "$18,555", "2019-09-30": "$17,180", "2019-06-30": "$16,749", "2019-03-31": "$15,763", "2018-12-31": "$15,260", "2018-09-30": "$15,095", "2018-06-30": "$14,674", "2018-03-31": "$14,474", "2017-12-31": "$14,058", "2017-09-30": "$13,701", "2017-06-30": "$13,574", "2017-03-31": "$13,422", "2016-12-31": "$13,153", "2016-09-30": "$12,536", "2016-06-30": "$12,249", "2016-03-31": "$12,037", "2015-12-31": "$11,845", "2015-09-30": "$11,739", "2015-06-30": "$11,728", "2015-03-31": "$11,092", "2014-12-31": "$11,013", "2014-09-30": "$10,940", "2014-06-30": "$10,812", "2014-03-31": "$10,481", "2013-12-31": "$9,924", "2013-09-30": "$9,881", "2013-06-30": "$9,416", "2013-03-31": "$8,764", "2012-12-31": "$5,429", "2012-09-30": "$5,036", "2012-06-30": "$4,577", "2012-03-31": "$4,398", "2011-12-31": "$4,419", "2011-09-30": "$4,275", "2011-06-30": "$3,991", "2011-03-31": "$3,771", "2010-12-31": "$3,536", "2010-09-30": "$3,286", "2010-06-30": "$3,143", "2010-03-31": "$2,906", "2009-12-31": "$2,915", "2009-09-30": "$2,901", "2009-06-30": "$2,933", "2009-03-31": "$2,932", "2008-12-31": "$2,994", "2008-09-30": "$3,090", "2008-06-30": "$3,043", "2008-03-31": "$3,039", "2007-12-31": "$3,077", "2007-09-30": "$3,076", "2007-06-30": "$2,545", "2007-03-31": "$2,575", "2006-12-31": "$2,547", "2006-09-30": "$2,160", "2006-06-30": "$1,976", "2006-03-31": "$1,930", "2005-12-31": "$1,921", "2005-09-30": "$1,799", "2005-06-30": "$1,572", "2005-03-31": "$1,523"}}, "cash-on-hand": {"Realty Income Annual Cash on Hand (Millions of US $)": {"2019": "$54", "2018": "$10", "2017": "$7", "2016": "$9", "2015": "$40", "2014": "$4", "2013": "$10", "2012": "$5", "2011": "$4", "2010": "$18", "2009": "$10", "2008": "$47", "2007": "$193", "2006": "$11", "2005": "$66"}, "Realty Income Quarterly Cash on Hand (Millions of US $)": {"2020-09-30": "$725", "2020-06-30": "$335", "2020-03-31": "$42", "2019-12-31": "$54", "2019-09-30": "$236", "2019-06-30": "$27", "2019-03-31": "$3", "2018-12-31": "$10", "2018-09-30": "$7", "2018-06-30": "$31", "2018-03-31": "$21", "2017-12-31": "$7", "2017-09-30": "$3", "2017-06-30": "$11", "2017-03-31": "$28", "2016-12-31": "$9", "2016-09-30": "$30", "2016-06-30": "$20", "2016-03-31": "$9", "2015-12-31": "$40", "2015-09-30": "$7", "2015-06-30": "$19", "2015-03-31": "$12", "2014-12-31": "$4", "2014-09-30": "$17", "2014-06-30": "$9", "2014-03-31": "$14", "2013-12-31": "$10", "2013-09-30": "$10", "2013-06-30": "$23", "2013-03-31": "$4", "2012-12-31": "$5", "2012-09-30": "$3", "2012-06-30": "$6", "2012-03-31": "$5", "2011-12-31": "$4", "2011-09-30": "$6", "2011-06-30": "$156", "2011-03-31": "$130", "2010-12-31": "$18", "2010-09-30": "$156", "2010-06-30": "$1", "2010-03-31": "$1", "2009-12-31": "$10", "2009-09-30": "$20", "2009-06-30": "$36", "2009-03-31": "$10", "2008-12-31": "$47", "2008-09-30": "$113", "2008-06-30": "$39", "2008-03-31": "$13", "2007-12-31": "$193", "2007-09-30": "$267", "2007-06-30": "$9", "2007-03-31": "$5", "2006-12-31": "$11", "2006-09-30": "$113", "2006-06-30": "$11", "2006-03-31": "$4", "2005-12-31": "$66", "2005-09-30": "$2", "2005-06-30": "$2", "2005-03-31": "$11"}}, "long-term-debt": {"Realty Income Annual Long Term Debt (Millions of US $)": {"2019": "$7,902", "2018": "$6,500", "2017": "$6,111", "2016": "$5,840", "2015": "$4,821", "2014": "$4,931", "2013": "$4,167", "2012": "$2,870", "2011": "$2,055", "2010": "$1,600", "2009": "$1,355", "2008": "$1,370", "2007": "$1,470", "2006": "$920", "2005": "$892"}, "Realty Income Quarterly Long Term Debt (Millions of US $)": {"2020-09-30": "$8,436", "2020-06-30": "$7,875", "2020-03-31": "$7,536", "2019-12-31": "$7,902", "2019-09-30": "$7,037", "2019-06-30": "$7,074", "2019-03-31": "$7,015", "2018-12-31": "$6,500", "2018-09-30": "$6,780", "2018-06-30": "$6,540", "2018-03-31": "$6,594", "2017-12-31": "$6,111", "2017-09-30": "$5,787", "2017-06-30": "$5,988", "2017-03-31": "$5,424", "2016-12-31": "$5,840", "2016-09-30": "$5,251", "2016-06-30": "$4,948", "2016-03-31": "$5,105", "2015-12-31": "$4,821", "2015-09-30": "$5,252", "2015-06-30": "$5,306", "2015-03-31": "$5,025", "2014-12-31": "$4,931", "2014-09-30": "$4,762", "2014-06-30": "$4,593", "2014-03-31": "$4,818", "2013-12-31": "$4,167", "2013-09-30": "$4,549", "2013-06-30": "$4,048", "2013-03-31": "$3,401", "2012-12-31": "$2,870", "2012-09-30": "$2,492", "2012-06-30": "$1,990", "2012-03-31": "$1,850", "2011-12-31": "$2,055", "2011-09-30": "$1,915", "2011-06-30": "$1,810", "2011-03-31": "$1,600", "2010-12-31": "$1,600", "2010-09-30": "$1,600", "2010-06-30": "$1,627", "2010-03-31": "$1,390", "2009-12-31": "$1,355", "2009-09-30": "$1,350", "2009-06-30": "$1,350", "2009-03-31": "$1,350", "2008-12-31": "$1,370", "2008-09-30": "$1,470", "2008-06-30": "$1,470", "2008-03-31": "$1,470", "2007-12-31": "$1,470", "2007-09-30": "$1,470", "2007-06-30": "$930", "2007-03-31": "$966", "2006-12-31": "$920", "2006-09-30": "$920", "2006-06-30": "$837", "2006-03-31": "$789", "2005-12-31": "$892", "2005-09-30": "$771", "2005-06-30": "$635", "2005-03-31": "$583"}}, "total-liabilities": {"Realty Income Annual Total Liabilities (Millions of US $)": {"2019": "$8,751", "2018": "$7,140", "2017": "$6,667", "2016": "$6,366", "2015": "$5,292", "2014": "$5,372", "2013": "$4,503", "2012": "$3,017", "2011": "$2,165", "2010": "$1,689", "2009": "$1,427", "2008": "$1,440", "2007": "$1,539", "2006": "$971", "2005": "$932"}, "Realty Income Quarterly Total Liabilities (Millions of US $)": {"2020-09-30": "$9,286", "2020-06-30": "$8,729", "2020-03-31": "$8,379", "2019-12-31": "$8,751", "2019-09-30": "$7,862", "2019-06-30": "$7,886", "2019-03-31": "$7,754", "2018-12-31": "$7,140", "2018-09-30": "$7,384", "2018-06-30": "$7,162", "2018-03-31": "$7,176", "2017-12-31": "$6,667", "2017-09-30": "$6,327", "2017-06-30": "$6,553", "2017-03-31": "$6,367", "2016-12-31": "$6,366", "2016-09-30": "$5,766", "2016-06-30": "$5,429", "2016-03-31": "$5,537", "2015-12-31": "$5,292", "2015-09-30": "$5,675", "2015-06-30": "$5,744", "2015-03-31": "$5,418", "2014-12-31": "$5,372", "2014-09-30": "$5,349", "2014-06-30": "$4,948", "2014-03-31": "$5,126", "2013-12-31": "$4,503", "2013-09-30": "$4,835", "2013-06-30": "$4,310", "2013-03-31": "$3,622", "2012-12-31": "$3,017", "2012-09-30": "$2,594", "2012-06-30": "$2,104", "2012-03-31": "$1,937", "2011-12-31": "$2,165", "2011-09-30": "$1,999", "2011-06-30": "$1,900", "2011-03-31": "$1,660", "2010-12-31": "$1,689", "2010-09-30": "$1,659", "2010-06-30": "$1,694", "2010-03-31": "$1,438", "2009-12-31": "$1,427", "2009-09-30": "$1,399", "2009-06-30": "$1,414", "2009-03-31": "$1,396", "2008-12-31": "$1,440", "2008-09-30": "$1,521", "2008-06-30": "$1,535", "2008-03-31": "$1,518", "2007-12-31": "$1,539", "2007-09-30": "$1,525", "2007-06-30": "$982", "2007-03-31": "$1,006", "2006-12-31": "$971", "2006-09-30": "$962", "2006-06-30": "$878", "2006-03-31": "$827", "2005-12-31": "$932", "2005-09-30": "$806", "2005-06-30": "$666", "2005-03-31": "$614"}}, "total-share-holder-equity": {"Realty Income Annual Share Holder Equity (Millions of US $)": {"2019": "$9,804", "2018": "$8,121", "2017": "$7,391", "2016": "$6,787", "2015": "$6,553", "2014": "$5,641", "2013": "$5,421", "2012": "$2,413", "2011": "$2,255", "2010": "$1,847", "2009": "$1,488", "2008": "$1,555", "2007": "$1,538", "2006": "$1,576", "2005": "$989"}, "Realty Income Quarterly Share Holder Equity (Millions of US $)": {"2020-09-30": "$10,500", "2020-06-30": "$10,374", "2020-03-31": "$10,418", "2019-12-31": "$9,804", "2019-09-30": "$9,318", "2019-06-30": "$8,863", "2019-03-31": "$8,009", "2018-12-31": "$8,121", "2018-09-30": "$7,711", "2018-06-30": "$7,512", "2018-03-31": "$7,298", "2017-12-31": "$7,391", "2017-09-30": "$7,374", "2017-06-30": "$7,021", "2017-03-31": "$7,055", "2016-12-31": "$6,787", "2016-09-30": "$6,770", "2016-06-30": "$6,820", "2016-03-31": "$6,500", "2015-12-31": "$6,553", "2015-09-30": "$6,064", "2015-06-30": "$5,984", "2015-03-31": "$5,674", "2014-12-31": "$5,641", "2014-09-30": "$5,590", "2014-06-30": "$5,864", "2014-03-31": "$5,355", "2013-12-31": "$5,421", "2013-09-30": "$5,046", "2013-06-30": "$5,105", "2013-03-31": "$5,141", "2012-12-31": "$2,413", "2012-09-30": "$2,443", "2012-06-30": "$2,473", "2012-03-31": "$2,461", "2011-12-31": "$2,255", "2011-09-30": "$2,276", "2011-06-30": "$2,091", "2011-03-31": "$2,110", "2010-12-31": "$1,847", "2010-09-30": "$1,627", "2010-06-30": "$1,449", "2010-03-31": "$1,467", "2009-12-31": "$1,488", "2009-09-30": "$1,502", "2009-06-30": "$1,519", "2009-03-31": "$1,535", "2008-12-31": "$1,555", "2008-09-30": "$1,570", "2008-06-30": "$1,508", "2008-03-31": "$1,521", "2007-12-31": "$1,538", "2007-09-30": "$1,551", "2007-06-30": "$1,563", "2007-03-31": "$1,569", "2006-12-31": "$1,576", "2006-09-30": "$1,198", "2006-06-30": "$1,097", "2006-03-31": "$1,103", "2005-12-31": "$989", "2005-09-30": "$992", "2005-06-30": "$906", "2005-03-31": "$909"}}, "profit-margins": {"current": "24.94%"}, "gross margin": {"2020-09-30": "93.63%", "2020-06-30": "93.88%", "2020-03-31": "94.07%", "2019-12-31": "94.10%", "2019-09-30": "94.43%", "2019-06-30": "94.57%", "2019-03-31": "94.79%", "2018-12-31": "95.03%", "2018-09-30": "94.98%", "2018-06-30": "94.78%", "2018-03-31": "94.66%", "2017-12-31": "94.33%", "2017-09-30": "94.13%", "2017-06-30": "94.07%", "2017-03-31": "94.00%", "2016-12-31": "94.20%", "2016-09-30": "94.53%", "2016-06-30": "94.63%", "2016-03-31": "94.54%", "2015-12-31": "94.53%", "2015-09-30": "93.65%", "2015-06-30": "93.60%", "2015-03-31": "93.96%", "2014-12-31": "94.12%", "2014-09-30": "94.80%", "2014-06-30": "95.17%", "2014-03-31": "95.28%", "2013-12-31": "95.13%", "2013-09-30": "94.19%", "2013-06-30": "94.52%", "2013-03-31": "94.71%", "2012-12-31": "95.66%", "2012-09-30": "96.66%", "2012-06-30": "96.58%", "2012-03-31": "96.49%", "2011-12-31": "96.60%", "2011-09-30": "98.71%", "2011-06-30": "98.37%", "2011-03-31": "98.56%", "2010-12-31": "98.20%", "2010-09-30": "98.18%", "2010-06-30": "98.45%", "2010-03-31": "98.45%", "2009-12-31": "98.14%", "2009-09-30": "98.14%", "2009-06-30": "97.84%", "2009-03-31": "97.85%", "2008-12-31": "98.15%", "2008-09-30": "98.45%", "2008-06-30": "98.73%", "2008-03-31": "98.68%", "2007-12-31": "98.97%", "2007-09-30": "98.58%", "2007-06-30": "98.50%", "2007-03-31": "98.81%", "2006-12-31": "98.73%", "2006-09-30": "98.65%", "2006-06-30": "98.59%", "2006-03-31": "98.04%", "2005-12-31": "97.96%"}, "operating margin": {"2020-09-30": "21.38%", "2020-06-30": "27.36%", "2020-03-31": "27.01%", "2019-12-31": "27.57%", "2019-09-30": "26.25%", "2019-06-30": "26.36%", "2019-03-31": "27.05%", "2018-12-31": "25.98%", "2018-09-30": "23.53%", "2018-06-30": "23.48%", "2018-03-31": "23.14%", "2017-12-31": "23.44%", "2017-09-30": "27.66%", "2017-06-30": "27.43%", "2017-03-31": "27.16%", "2016-12-31": "26.93%", "2016-09-30": "26.88%", "2016-06-30": "26.20%", "2016-03-31": "26.15%", "2015-12-31": "25.88%", "2015-09-30": "23.81%", "2015-06-30": "24.47%", "2015-03-31": "24.90%", "2014-12-31": "24.92%", "2014-09-30": "25.36%", "2014-06-30": "24.40%", "2014-03-31": "24.70%", "2013-12-31": "23.46%", "2013-09-30": "23.51%", "2013-06-30": "24.80%", "2013-03-31": "25.55%", "2012-12-31": "29.55%", "2012-09-30": "31.18%", "2012-06-30": "32.65%", "2012-03-31": "33.26%", "2011-12-31": "34.22%", "2011-09-30": "35.92%", "2011-06-30": "35.87%", "2011-03-31": "35.34%", "2010-12-31": "35.03%", "2010-09-30": "35.56%", "2010-06-30": "36.53%", "2010-03-31": "36.96%", "2009-12-31": "36.96%", "2009-09-30": "35.60%", "2009-06-30": "34.88%", "2009-03-31": "34.15%", "2008-12-31": "34.15%", "2008-09-30": "35.29%", "2008-06-30": "36.83%", "2008-03-31": "39.60%", "2007-12-31": "42.96%", "2007-09-30": "45.74%", "2007-06-30": "46.44%", "2007-03-31": "46.25%", "2006-12-31": "44.30%", "2006-09-30": "43.95%", "2006-06-30": "44.13%", "2006-03-31": "44.61%", "2005-12-31": "45.92%"}, "ebitda margin": {"2020-09-30": "63.17%", "2020-06-30": "68.83%", "2020-03-31": "68.60%", "2019-12-31": "68.81%", "2019-09-30": "68.59%", "2019-06-30": "68.86%", "2019-03-31": "69.57%", "2018-12-31": "69.20%", "2018-09-30": "66.20%", "2018-06-30": "66.48%", "2018-03-31": "66.18%", "2017-12-31": "66.28%", "2017-09-30": "70.41%", "2017-06-30": "69.99%", "2017-03-31": "69.66%", "2016-12-31": "69.45%", "2016-09-30": "69.05%", "2016-06-30": "67.86%", "2016-03-31": "67.62%", "2015-12-31": "67.09%", "2015-09-30": "64.78%", "2015-06-30": "65.38%", "2015-03-31": "65.63%", "2014-12-31": "65.88%", "2014-09-30": "66.89%", "2014-06-30": "66.74%", "2014-03-31": "67.07%", "2013-12-31": "65.51%", "2013-09-30": "63.46%", "2013-06-30": "63.12%", "2013-03-31": "61.68%", "2012-12-31": "63.64%", "2012-09-30": "65.92%", "2012-06-30": "65.75%", "2012-03-31": "65.57%", "2011-12-31": "65.53%", "2011-09-30": "65.63%", "2011-06-30": "64.95%", "2011-03-31": "64.66%", "2010-12-31": "64.07%", "2010-09-30": "65.05%", "2010-06-30": "65.94%", "2010-03-31": "66.15%", "2009-12-31": "66.15%", "2009-09-30": "64.71%", "2009-06-30": "63.89%", "2009-03-31": "63.38%", "2008-12-31": "63.38%", "2008-09-30": "64.40%", "2008-06-30": "65.71%", "2008-03-31": "67.99%", "2007-12-31": "70.79%", "2007-09-30": "72.70%", "2007-06-30": "73.03%", "2007-03-31": "72.73%", "2006-12-31": "70.46%", "2006-09-30": "69.96%", "2006-06-30": "69.95%", "2006-03-31": "69.12%", "2005-12-31": "69.90%"}, "pre tax profit margin": {"2020-09-30": "25.74%", "2020-06-30": "30.92%", "2020-03-31": "31.01%", "2019-12-31": "29.78%", "2019-09-30": "27.86%", "2019-06-30": "28.43%", "2019-03-31": "29.25%", "2018-12-31": "27.94%", "2018-09-30": "26.85%", "2018-06-30": "26.56%", "2018-03-31": "25.89%", "2017-12-31": "26.73%", "2017-09-30": "29.67%", "2017-06-30": "29.49%", "2017-03-31": "29.81%", "2016-12-31": "28.92%", "2016-09-30": "28.73%", "2016-06-30": "28.37%", "2016-03-31": "27.87%", "2015-12-31": "28.22%", "2015-09-30": "28.17%", "2015-06-30": "29.34%", "2015-03-31": "29.69%", "2014-12-31": "29.09%", "2014-09-30": "26.91%", "2014-06-30": "24.74%", "2014-03-31": "24.82%", "2013-12-31": "23.46%", "2013-09-30": "23.51%", "2013-06-30": "24.80%", "2013-03-31": "25.55%", "2012-12-31": "29.55%", "2012-09-30": "31.18%", "2012-06-30": "32.65%", "2012-03-31": "33.26%", "2011-12-31": "34.22%", "2011-09-30": "35.92%", "2011-06-30": "35.87%", "2011-03-31": "35.34%", "2010-12-31": "35.03%", "2010-09-30": "35.56%", "2010-06-30": "36.53%", "2010-03-31": "36.96%", "2009-12-31": "36.96%", "2009-09-30": "35.60%", "2009-06-30": "34.88%", "2009-03-31": "34.15%", "2008-12-31": "34.15%", "2008-09-30": "35.29%", "2008-06-30": "36.83%", "2008-03-31": "39.60%", "2007-12-31": "42.96%", "2007-09-30": "45.74%", "2007-06-30": "46.44%", "2007-03-31": "46.25%", "2006-12-31": "44.30%", "2006-09-30": "43.95%", "2006-06-30": "44.13%", "2006-03-31": "44.61%", "2005-12-31": "45.92%"}, "net profit margin": {"2020-09-30": "24.94%", "2020-06-30": "30.29%", "2020-03-31": "30.43%", "2019-12-31": "29.24%", "2019-09-30": "27.30%", "2019-06-30": "27.86%", "2019-03-31": "28.67%", "2018-12-31": "27.33%", "2018-09-30": "26.16%", "2018-06-30": "25.93%", "2018-03-31": "25.32%", "2017-12-31": "24.84%", "2017-09-30": "27.41%", "2017-06-30": "26.57%", "2017-03-31": "26.19%", "2016-12-31": "26.11%", "2016-09-30": "25.76%", "2016-06-30": "25.35%", "2016-03-31": "24.81%", "2015-12-31": "25.00%", "2015-09-30": "24.90%", "2015-06-30": "25.18%", "2015-03-31": "25.00%", "2014-12-31": "24.28%", "2014-09-30": "23.26%", "2014-06-30": "22.21%", "2014-03-31": "22.76%", "2013-12-31": "26.15%", "2013-09-30": "25.35%", "2013-06-30": "26.57%", "2013-03-31": "27.74%", "2012-12-31": "23.76%", "2012-09-30": "26.95%", "2012-06-30": "29.45%", "2012-03-31": "30.21%", "2011-12-31": "32.28%", "2011-09-30": "33.59%", "2011-06-30": "32.88%", "2011-03-31": "32.47%", "2010-12-31": "32.04%", "2010-09-30": "31.61%", "2010-06-30": "32.51%", "2010-03-31": "32.92%", "2009-12-31": "32.92%", "2009-09-30": "32.51%", "2009-06-30": "33.02%", "2009-03-31": "33.23%", "2008-12-31": "33.23%", "2008-09-30": "33.13%", "2008-06-30": "33.65%", "2008-03-31": "36.30%", "2007-12-31": "39.86%", "2007-09-30": "41.49%", "2007-06-30": "42.32%", "2007-03-31": "41.90%", "2006-12-31": "41.77%", "2006-09-30": "43.05%", "2006-06-30": "43.66%", "2006-03-31": "44.61%", "2005-12-31": "45.41%"}, "pe ratio": {"current": "17.94", "2021-02-05": "50.56", "2020-09-30": "49.43", "2020-06-30": "39.66", "2020-03-31": "32.83", "2019-12-31": "50.37", "2019-09-30": "56.03", "2019-06-30": "49.17", "2019-03-31": "50.77", "2018-12-31": "45.83", "2018-09-30": "43.48", "2018-06-30": "41.33", "2018-03-31": "40.65", "2017-12-31": "45.03", "2017-09-30": "40.62", "2017-06-30": "40.42", "2017-03-31": "44.26", "2016-12-31": "43.04", "2016-09-30": "50.50", "2016-06-30": "52.34", "2016-03-31": "47.60", "2015-12-31": "38.20", "2015-09-30": "34.35", "2015-06-30": "31.79", "2015-03-31": "37.18", "2014-12-31": "35.31", "2014-09-30": "31.67", "2014-06-30": "35.88", "2014-03-31": "32.59", "2013-12-31": "25.79", "2013-09-30": "28.42", "2013-06-30": "29.88", "2013-03-31": "31.32", "2012-12-31": "32.54", "2012-09-30": "30.91", "2012-06-30": "29.01", "2012-03-31": "26.33", "2011-12-31": "22.36", "2011-09-30": "19.89", "2011-06-30": "20.79", "2011-03-31": "21.85", "2010-12-31": "21.54", "2010-09-30": "20.97", "2010-06-30": "18.43", "2010-03-31": "18.05", "2009-12-31": "15.01", "2009-09-30": "14.75", "2009-06-30": "12.04", "2009-03-31": "10.04", "2008-12-31": "11.95", "2008-09-30": "12.97", "2008-06-30": "11.45", "2008-03-31": "12.21", "2007-12-31": "9.22", "2007-09-30": "9.28", "2007-06-30": "8.29", "2007-03-31": "9.40", "2006-12-31": "12.26"}, "price sales": {"2021-02-05": "12.59", "2020-09-30": "12.31", "2020-06-30": "11.91", "2020-03-31": "9.92", "2019-12-31": "14.69", "2019-09-30": "15.41", "2019-06-30": "13.75", "2019-03-31": "14.59", "2018-12-31": "12.51", "2018-09-30": "11.33", "2018-06-30": "10.70", "2018-03-31": "10.29", "2017-12-31": "11.17", "2017-09-30": "11.10", "2017-06-30": "10.69", "2017-03-31": "11.48", "2016-12-31": "11.13", "2016-09-30": "12.86", "2016-06-30": "13.14", "2016-03-31": "11.67", "2015-12-31": "9.48", "2015-09-30": "8.57", "2015-06-30": "7.99", "2015-03-31": "9.30", "2014-12-31": "8.55", "2014-09-30": "7.24", "2014-06-30": "7.84", "2014-03-31": "7.26", "2013-12-31": "6.63", "2013-09-30": "7.06", "2013-06-30": "7.62", "2013-03-31": "8.36", "2012-12-31": "7.67", "2012-09-30": "8.20", "2012-06-30": "8.39", "2012-03-31": "7.80", "2011-12-31": "7.02", "2011-09-30": "6.53", "2011-06-30": "6.70", "2011-03-31": "6.93", "2010-12-31": "6.74", "2010-09-30": "6.61", "2010-06-30": "5.96", "2010-03-31": "5.97", "2009-12-31": "4.96", "2009-09-30": "4.79", "2009-06-30": "3.98", "2009-03-31": "3.32", "2008-12-31": "3.96", "2008-09-30": "4.31", "2008-06-30": "3.87", "2008-03-31": "4.45", "2007-12-31": "4.79", "2007-09-30": "4.92", "2007-06-30": "4.47", "2007-03-31": "5.05", "2006-12-31": "4.99"}, "price book": {"current": "2.05", "2021-02-05": "2.04", "2020-09-30": "2.00", "2020-06-30": "1.93", "2020-03-31": "1.58", "2019-12-31": "2.38", "2019-09-30": "2.53", "2019-06-30": "2.31", "2019-03-31": "2.58", "2018-12-31": "2.16", "2018-09-30": "1.98", "2018-06-30": "1.87", "2018-03-31": "1.79", "2017-12-31": "1.92", "2017-09-30": "1.89", "2017-06-30": "1.85", "2017-03-31": "1.95", "2016-12-31": "1.85", "2016-09-30": "2.12", "2016-06-30": "2.16", "2016-03-31": "1.97", "2015-12-31": "1.59", "2015-09-30": "1.48", "2015-06-30": "1.37", "2015-03-31": "1.61", "2014-12-31": "1.46", "2014-09-30": "1.24", "2014-06-30": "1.27", "2014-03-31": "1.18", "2013-12-31": "1.05", "2013-09-30": "1.12", "2013-06-30": "1.15", "2013-03-31": "1.22", "2012-12-31": "1.55", "2012-09-30": "1.54", "2012-06-30": "1.53", "2012-03-31": "1.41", "2011-12-31": "1.37", "2011-09-30": "1.23", "2011-06-30": "1.31", "2011-03-31": "1.34", "2010-12-31": "1.38", "2010-09-30": "1.43", "2010-06-30": "1.34", "2010-03-31": "1.32", "2009-12-31": "1.08", "2009-09-30": "1.04", "2009-06-30": "0.87", "2009-03-31": "0.72", "2008-12-31": "0.86", "2008-09-30": "0.92", "2008-06-30": "0.82", "2008-03-31": "0.89", "2007-12-31": "0.92", "2007-09-30": "0.93", "2007-06-30": "0.82", "2007-03-31": "0.90", "2006-12-31": "0.86", "2006-09-30": "0.93", "2006-06-30": "0.84", "2006-03-31": "0.91"}, "price fcf": {"2021-02-05": "", "2020-09-30": "$-4.83", "2020-06-30": "$-4.16", "2020-03-31": "$-6.96", "2019-12-31": "$-7.65", "2019-09-30": "$-3.80", "2019-06-30": "$-4.78", "2019-03-31": "$-2.36", "2018-12-31": "$-2.45", "2018-09-30": "$-2.81", "2018-06-30": "$-1.64", "2018-03-31": "$-1.94", "2017-12-31": "$-1.41", "2017-09-30": "$-2.78", "2017-06-30": "$-3.44", "2017-03-31": "$-3.36", "2016-12-31": "$-3.57", "2016-09-30": "$-1.44", "2016-06-30": "$-0.62", "2016-03-31": "$-2.52", "2015-12-31": "$-2.20", "2015-09-30": "$-2.40", "2015-06-30": "$-2.65", "2015-03-31": "$-0.79", "2014-12-31": "$-2.77", "2014-09-30": "$-2.86", "2014-06-30": "$-4.81", "2014-03-31": "$-6.90", "2013-12-31": "$-4.79", "2013-09-30": "$-6.69", "2013-06-30": "$-7.44", "2013-03-31": "$-5.81", "2012-12-31": "$-5.24", "2012-09-30": "$-4.10", "2012-06-30": "$-4.39", "2012-03-31": "$-3.99", "2011-12-31": "$-5.22", "2011-09-30": "$-7.53", "2011-06-30": "$-4.05", "2011-03-31": "$-5.46", "2010-12-31": "$-4.47", "2010-09-30": "$-1.13", "2010-06-30": "$-1.14", "2010-03-31": "$1.35", "2009-12-31": "$1.60", "2009-09-30": "$1.99", "2009-06-30": "$2.08", "2009-03-31": "$2.16", "2008-12-31": "$0.51", "2008-09-30": "$-0.46", "2008-06-30": "$-3.18", "2008-03-31": "$-3.13", "2007-12-31": "$-1.88", "2007-09-30": "$-6.58", "2007-06-30": "$-4.87", "2007-03-31": "$-5.78", "2006-12-31": "$-6.31"}, "net worth": {"value": "$22.84B"}, "current ratio": {"2020-09-30": "4.77", "2020-06-30": "2.94", "2020-03-31": "1.25", "2019-12-31": "1.33", "2019-09-30": "2.45", "2019-06-30": "1.23", "2019-03-31": "1.35", "2018-12-31": "1.16", "2018-09-30": "1.20", "2018-06-30": "1.28", "2018-03-31": "1.58", "2017-12-31": "1.15", "2017-09-30": "1.26", "2017-06-30": "1.02", "2017-03-31": "1.52", "2016-12-31": "0.94", "2016-09-30": "1.27", "2016-06-30": "0.83", "2016-03-31": "1.06", "2015-12-31": "1.05", "2015-09-30": "0.84", "2015-06-30": "0.79", "2015-03-31": "1.02", "2014-12-31": "0.55", "2014-09-30": "0.83", "2014-06-30": "0.53", "2014-03-31": "0.77", "2013-12-31": "0.48", "2013-09-30": "0.61", "2013-06-30": "0.65", "2013-03-31": "0.56", "2012-12-31": "0.38", "2012-09-30": "0.53", "2012-06-30": "0.40", "2012-03-31": "0.66", "2011-12-31": "0.33", "2011-09-30": "0.51", "2011-06-30": "3.21", "2011-03-31": "5.89", "2010-12-31": "0.62", "2010-09-30": "6.18", "2010-06-30": "0.29", "2010-03-31": "0.53", "2009-12-31": "0.53", "2009-09-30": "1.43", "2009-06-30": "1.27", "2009-03-31": "1.15", "2008-12-31": "1.51", "2008-09-30": "5.54", "2008-06-30": "1.30", "2008-03-31": "1.06", "2007-12-31": "5.25", "2007-09-30": "9.33", "2007-06-30": "0.57", "2007-03-31": "0.68", "2006-12-31": "0.61", "2006-09-30": "5.79", "2006-06-30": "0.78", "2006-03-31": "0.50", "2005-12-31": "3.47", "2005-09-30": "0.35", "2005-06-30": "0.38", "2005-03-31": "0.99"}, "quick ratio": {"2020-09-30": "0.00", "2020-06-30": "0.00", "2020-03-31": "0.00", "2019-12-31": "0.00", "2019-09-30": "0.00", "2019-06-30": "0.00", "2019-03-31": "0.00", "2018-12-31": "0.00", "2018-09-30": "0.00", "2018-06-30": "0.00", "2018-03-31": "0.00", "2017-12-31": "0.00", "2017-09-30": "0.00", "2017-06-30": "0.00", "2017-03-31": "0.00", "2016-12-31": "0.00", "2016-09-30": "0.00", "2016-06-30": "0.00", "2016-03-31": "0.00", "2015-12-31": "0.00", "2015-09-30": "0.00", "2015-06-30": "0.00", "2015-03-31": "0.00", "2014-12-31": "0.00", "2014-09-30": "0.00", "2014-06-30": "0.00", "2014-03-31": "0.00", "2013-12-31": "0.00", "2013-09-30": "0.00", "2013-06-30": "0.00", "2013-03-31": "0.00", "2012-12-31": "0.00", "2012-09-30": "0.00", "2012-06-30": "0.00", "2012-03-31": "0.00", "2011-12-31": "0.00", "2011-09-30": "0.00", "2011-06-30": "0.00", "2011-03-31": "0.00", "2010-12-31": "0.00", "2010-09-30": "0.00", "2010-06-30": "0.00", "2010-03-31": "0.00", "2009-12-31": "0.00", "2009-09-30": "0.00", "2009-06-30": "0.00", "2009-03-31": "0.00", "2008-12-31": "0.00", "2008-09-30": "0.00", "2008-06-30": "0.00", "2008-03-31": "0.00", "2007-12-31": "0.00", "2007-09-30": "0.00", "2007-06-30": "0.00", "2007-03-31": "0.00", "2006-12-31": "0.00", "2006-09-30": "0.00", "2006-06-30": "0.00", "2006-03-31": "0.00", "2005-12-31": "0.00", "2005-09-30": "0.00", "2005-06-30": "0.00", "2005-03-31": "0.00"}, "debt equity ratio": {"current": "0.80", "2020-09-30": "0.88", "2020-06-30": "0.84", "2020-03-31": "0.80", "2019-12-31": "0.89", "2019-09-30": "0.84", "2019-06-30": "0.89", "2019-03-31": "0.97", "2018-12-31": "0.88", "2018-09-30": "0.96", "2018-06-30": "0.95", "2018-03-31": "0.98", "2017-12-31": "0.90", "2017-09-30": "0.86", "2017-06-30": "0.93", "2017-03-31": "0.90", "2016-12-31": "0.94", "2016-09-30": "0.85", "2016-06-30": "0.80", "2016-03-31": "0.85", "2015-12-31": "0.81", "2015-09-30": "0.94", "2015-06-30": "0.96", "2015-03-31": "0.96", "2014-12-31": "0.95", "2014-09-30": "0.96", "2014-06-30": "0.84", "2014-03-31": "0.96", "2013-12-31": "0.83", "2013-09-30": "0.96", "2013-06-30": "0.84", "2013-03-31": "0.71", "2012-12-31": "1.25", "2012-09-30": "1.06", "2012-06-30": "0.85", "2012-03-31": "0.79", "2011-12-31": "0.96", "2011-09-30": "0.88", "2011-06-30": "0.91", "2011-03-31": "0.79", "2010-12-31": "0.91", "2010-09-30": "1.02", "2010-06-30": "1.17", "2010-03-31": "0.98", "2009-12-31": "0.96", "2009-09-30": "0.93", "2009-06-30": "0.93", "2009-03-31": "0.91", "2008-12-31": "0.93", "2008-09-30": "0.97", "2008-06-30": "1.02", "2008-03-31": "1.00", "2007-12-31": "1.00", "2007-09-30": "0.98", "2007-06-30": "0.63", "2007-03-31": "0.64", "2006-12-31": "0.62", "2006-09-30": "0.80", "2006-06-30": "0.80", "2006-03-31": "0.75", "2005-12-31": "0.94", "2005-09-30": "0.81", "2005-06-30": "0.74", "2005-03-31": "0.68"}, "return on equity": {"2020-09-30": "3.96%", "2020-06-30": "4.86%", "2020-03-31": "4.92%", "2019-12-31": "4.85%", "2019-09-30": "4.57%", "2019-06-30": "4.77%", "2019-03-31": "4.99%", "2018-12-31": "4.74%", "2018-09-30": "4.53%", "2018-06-30": "4.44%", "2018-03-31": "4.30%", "2017-12-31": "4.19%", "2017-09-30": "4.63%", "2017-06-30": "4.47%", "2017-03-31": "4.33%", "2016-12-31": "4.29%", "2016-09-30": "4.17%", "2016-06-30": "4.15%", "2016-03-31": "4.13%", "2015-12-31": "4.22%", "2015-09-30": "4.30%", "2015-06-30": "4.33%", "2015-03-31": "4.22%", "2014-12-31": "4.04%", "2014-09-30": "3.78%", "2014-06-30": "3.56%", "2014-03-31": "3.59%", "2013-12-31": "3.94%", "2013-09-30": "4.04%", "2013-06-30": "4.37%", "2013-03-31": "4.88%", "2012-12-31": "4.70%", "2012-09-30": "5.02%", "2012-06-30": "5.45%", "2012-03-31": "5.68%", "2011-12-31": "6.09%", "2011-09-30": "6.25%", "2011-06-30": "6.31%", "2011-03-31": "6.43%", "2010-12-31": "6.70%", "2010-09-30": "6.90%", "2010-06-30": "7.11%", "2010-03-31": "7.10%", "2009-12-31": "7.02%", "2009-09-30": "6.87%", "2009-06-30": "6.93%", "2009-03-31": "7.00%", "2008-12-31": "7.02%", "2008-09-30": "6.97%", "2008-06-30": "6.93%", "2008-03-31": "7.13%", "2007-12-31": "7.46%", "2007-09-30": "7.48%", "2007-06-30": "7.65%", "2007-03-31": "7.79%", "2006-12-31": "7.96%", "2006-09-30": "8.75%", "2006-06-30": "8.90%", "2006-03-31": "9.12%", "2005-12-31": "9.38%"}, "return on assets": {"2020-09-30": "2.14%", "2020-06-30": "2.63%", "2020-03-31": "2.65%", "2019-12-31": "2.56%", "2019-09-30": "2.41%", "2019-06-30": "2.48%", "2019-03-31": "2.57%", "2018-12-31": "2.44%", "2018-09-30": "2.33%", "2018-06-30": "2.31%", "2018-03-31": "2.24%", "2017-12-31": "2.21%", "2017-09-30": "2.43%", "2017-06-30": "2.35%", "2017-03-31": "2.31%", "2016-12-31": "2.31%", "2016-09-30": "2.28%", "2016-06-30": "2.25%", "2016-03-31": "2.19%", "2015-12-31": "2.21%", "2015-09-30": "2.20%", "2015-06-30": "2.22%", "2015-03-31": "2.19%", "2014-12-31": "2.10%", "2014-09-30": "1.99%", "2014-06-30": "1.88%", "2014-03-31": "1.89%", "2013-12-31": "2.15%", "2013-09-30": "2.14%", "2013-06-30": "2.30%", "2013-03-31": "2.55%", "2012-12-31": "2.37%", "2012-09-30": "2.63%", "2012-06-30": "2.92%", "2012-03-31": "3.02%", "2011-12-31": "3.23%", "2011-09-30": "3.34%", "2011-06-30": "3.32%", "2011-03-31": "3.29%", "2010-12-31": "3.33%", "2010-09-30": "3.40%", "2010-06-30": "3.54%", "2010-03-31": "3.64%", "2009-12-31": "3.63%", "2009-09-30": "3.57%", "2009-06-30": "3.58%", "2009-03-31": "3.58%", "2008-12-31": "3.55%", "2008-09-30": "3.49%", "2008-06-30": "3.47%", "2008-03-31": "3.75%", "2007-12-31": "4.12%", "2007-09-30": "4.36%", "2007-06-30": "4.60%", "2007-03-31": "4.58%", "2006-12-31": "4.60%", "2006-09-30": "4.81%", "2006-06-30": "4.88%", "2006-03-31": "5.04%", "2005-12-31": "5.22%"}, "return on investments": {"2020-09-30": "1.92%", "2020-06-30": "2.49%", "2020-03-31": "2.47%", "2019-12-31": "2.53%", "2019-09-30": "2.43%", "2019-06-30": "2.46%", "2019-03-31": "2.54%", "2018-12-31": "2.42%", "2018-09-30": "2.18%", "2018-06-30": "2.18%", "2018-03-31": "2.14%", "2017-12-31": "2.19%", "2017-09-30": "2.57%", "2017-06-30": "2.55%", "2017-03-31": "2.52%", "2016-12-31": "2.47%", "2016-09-30": "2.48%", "2016-06-30": "2.41%", "2016-03-31": "2.40%", "2015-12-31": "2.37%", "2015-09-30": "2.19%", "2015-06-30": "2.25%", "2015-03-31": "2.27%", "2014-12-31": "2.24%", "2014-09-30": "2.26%", "2014-06-30": "2.13%", "2014-03-31": "2.12%", "2013-12-31": "1.98%", "2013-09-30": "2.04%", "2013-06-30": "2.21%", "2013-03-31": "2.41%", "2012-12-31": "3.01%", "2012-09-30": "3.11%", "2012-06-30": "3.31%", "2012-03-31": "3.40%", "2011-12-31": "3.50%", "2011-09-30": "3.65%", "2011-06-30": "3.70%", "2011-03-31": "3.66%", "2010-12-31": "3.71%", "2010-09-30": "3.90%", "2010-06-30": "4.06%", "2010-03-31": "4.17%", "2009-12-31": "4.16%", "2009-09-30": "3.99%", "2009-06-30": "3.86%", "2009-03-31": "3.75%", "2008-12-31": "3.72%", "2008-09-30": "3.79%", "2008-06-30": "3.87%", "2008-03-31": "4.17%", "2007-12-31": "4.52%", "2007-09-30": "4.89%", "2007-06-30": "5.14%", "2007-03-31": "5.15%", "2006-12-31": "4.98%", "2006-09-30": "5.01%", "2006-06-30": "5.03%", "2006-03-31": "5.14%", "2005-12-31": "5.39%"}, "return on tangible equity": {"2020-09-30": "4.66%", "2020-06-30": "5.69%", "2020-03-31": "5.77%", "2019-12-31": "5.69%", "2019-09-30": "5.36%", "2019-06-30": "5.63%", "2019-03-31": "5.91%", "2018-12-31": "5.65%", "2018-09-30": "5.43%", "2018-06-30": "5.32%", "2018-03-31": "5.17%", "2017-12-31": "5.01%", "2017-09-30": "5.53%", "2017-06-30": "5.35%", "2017-03-31": "5.16%", "2016-12-31": "5.10%", "2016-09-30": "4.97%", "2016-06-30": "4.95%", "2016-03-31": "4.96%", "2015-12-31": "5.11%", "2015-09-30": "5.25%", "2015-06-30": "5.33%", "2015-03-31": "5.19%", "2014-12-31": "4.97%", "2014-09-30": "4.63%", "2014-06-30": "4.36%", "2014-03-31": "4.42%", "2013-12-31": "4.82%", "2013-09-30": "4.90%", "2013-06-30": "5.09%", "2013-03-31": "5.37%", "2012-12-31": "4.85%", "2012-09-30": "5.06%", "2012-06-30": "5.49%", "2012-03-31": "5.72%", "2011-12-31": "6.14%", "2011-09-30": "6.30%", "2011-06-30": "6.36%", "2011-03-31": "6.49%", "2010-12-31": "6.77%", "2010-09-30": "6.98%", "2010-06-30": "7.19%", "2010-03-31": "7.18%", "2009-12-31": "7.10%", "2009-09-30": "6.95%", "2009-06-30": "7.01%", "2009-03-31": "7.08%", "2008-12-31": "7.10%", "2008-09-30": "7.05%", "2008-06-30": "7.01%", "2008-03-31": "7.21%", "2007-12-31": "7.54%", "2007-09-30": "7.56%", "2007-06-30": "7.74%", "2007-03-31": "7.89%", "2006-12-31": "8.07%", "2006-09-30": "8.89%", "2006-06-30": "9.04%", "2006-03-31": "9.28%", "2005-12-31": "9.55%"}, "dividend yield history": {"last payout": "$2.81", "last yield": "4.60%"}}