{"ticker": "RLGY", "price": {"title": "Realogy Holdings Historical Annual Stock Price Data", "value": 16.64, "historical": {"2020": {"Average Stock Price": "8.8882", "Year Open": "9.2500", "Year High": "15.0400", "Year Low": "2.2900", "Year Close": "13.1200", "Annual % Change": "35.54%"}, "2019": {"Average Stock Price": "9.8544", "Year Open": "15.2400", "Year High": "18.4000", "Year Low": "4.4800", "Year Close": "9.6800", "Annual % Change": "-34.06%"}, "2018": {"Average Stock Price": "22.7580", "Year Open": "26.8500", "Year High": "27.7500", "Year Low": "14.6800", "Year Close": "14.6800", "Annual % Change": "-44.60%"}, "2017": {"Average Stock Price": "30.0699", "Year Open": "26.1900", "Year High": "34.9800", "Year Low": "25.4100", "Year Close": "26.5000", "Annual % Change": "2.99%"}, "2016": {"Average Stock Price": "29.5019", "Year Open": "36.3600", "Year High": "36.9600", "Year Low": "22.2000", "Year Close": "25.7300", "Annual % Change": "-29.83%"}, "2015": {"Average Stock Price": "43.8697", "Year Open": "44.1900", "Year High": "49.5300", "Year Low": "36.4800", "Year Close": "36.6700", "Annual % Change": "-17.58%"}, "2014": {"Average Stock Price": "41.4762", "Year Open": "49.8800", "Year High": "49.9800", "Year Low": "33.8600", "Year Close": "44.4900", "Annual % Change": "-10.07%"}, "2013": {"Average Stock Price": "46.1858", "Year Open": "41.3800", "Year High": "54.8500", "Year Low": "40.6700", "Year Close": "49.4700", "Annual % Change": "17.90%"}, "2012": {"Average Stock Price": "37.5056", "Year Open": "34.2000", "Year High": "42.0300", "Year Low": "33.5000", "Year Close": "41.9600", "Annual % Change": "0.00%"}}}, "market cap": {"value": "$1.92B"}, "income statement": {"Revenue": {"2019-12-31": "5598.00000", "2018-12-31": "5782.00000", "2017-12-31": "5810.00000", "2016-12-31": "5810.00000", "2015-12-31": "5706.00000", "2014-12-31": "5328.00000", "2013-12-31": "5289.00000", "2012-12-31": "4672.00000", "2011-12-31": "4093.00000", "2010-12-31": "4090.00000", "2009-12-31": "3932.00000", "2008-12-31": "4725.00000"}, "Cost Of Goods Sold": {"2019-12-31": "3156.00000", "2018-12-31": "3282.00000", "2017-12-31": "3230.00000", "2016-12-31": "2945.00000", "2015-12-31": "2931.00000", "2014-12-31": "2755.00000", "2013-12-31": "2691.00000", "2012-12-31": "2319.00000", "2011-12-31": "1932.00000", "2010-12-31": "1932.00000", "2009-12-31": "", "2008-12-31": ""}, "Gross Profit": {"2019-12-31": "2442.00000", "2018-12-31": "2500.00000", "2017-12-31": "2580.00000", "2016-12-31": "2865.00000", "2015-12-31": "2775.00000", "2014-12-31": "2573.00000", "2013-12-31": "2598.00000", "2012-12-31": "2353.00000", "2011-12-31": "2161.00000", "2010-12-31": "2158.00000", "2009-12-31": "3932.00000", "2008-12-31": "4725.00000"}, "Research And Development Expenses": {"2019-12-31": "", "2018-12-31": "", "2017-12-31": "", "2016-12-31": "", "2015-12-31": "", "2014-12-31": "", "2013-12-31": "", "2012-12-31": "", "2011-12-31": "", "2010-12-31": "", "2009-12-31": "", "2008-12-31": ""}, "SG&A Expenses": {"2019-12-31": "550.00000", "2018-12-31": "521.00000", "2017-12-31": "561.00000", "2016-12-31": "562.00000", "2015-12-31": "563.00000", "2014-12-31": "507.00000", "2013-12-31": "526.00000", "2012-12-31": "517.00000", "2011-12-31": "439.00000", "2010-12-31": "417.00000", "2009-12-31": "", "2008-12-31": ""}, "Other Operating Income Or Expenses": {"2019-12-31": "-1595.00000", "2018-12-31": "-1355.00000", "2017-12-31": "-1334.00000", "2016-12-31": "-1540.00000", "2015-12-31": "-1443.00000", "2014-12-31": "-1340.00000", "2013-12-31": "-1367.00000", "2012-12-31": "-1305.00000", "2011-12-31": "-1255.00000", "2010-12-31": "-918.00000", "2009-12-31": "", "2008-12-31": ""}, "Operating Expenses": {"2019-12-31": "5512.00000", "2018-12-31": "5369.00000", "2017-12-31": "5303.00000", "2016-12-31": "5288.00000", "2015-12-31": "5148.00000", "2014-12-31": "4791.00000", "2013-12-31": "4764.00000", "2012-12-31": "4326.00000", "2011-12-31": "3823.00000", "2010-12-31": "3485.00000", "2009-12-31": "", "2008-12-31": ""}, "Operating Income": {"2019-12-31": "86.00000", "2018-12-31": "413.00000", "2017-12-31": "507.00000", "2016-12-31": "522.00000", "2015-12-31": "558.00000", "2014-12-31": "537.00000", "2013-12-31": "525.00000", "2012-12-31": "346.00000", "2011-12-31": "270.00000", "2010-12-31": "605.00000", "2009-12-31": "3932.00000", "2008-12-31": "4725.00000"}, "Total Non-Operating Income/Expense": {"2019-12-31": "-244.00000", "2018-12-31": "-196.00000", "2017-12-31": "-163.00000", "2016-12-31": "-173.00000", "2015-12-31": "-276.00000", "2014-12-31": "-312.00000", "2013-12-31": "-350.00000", "2012-12-31": "-909.00000", "2011-12-31": "-703.00000", "2010-12-31": "-599.00000", "2009-12-31": "", "2008-12-31": ""}, "Pre-Tax Income": {"2019-12-31": "-158.00000", "2018-12-31": "217.00000", "2017-12-31": "344.00000", "2016-12-31": "349.00000", "2015-12-31": "282.00000", "2014-12-31": "225.00000", "2013-12-31": "175.00000", "2012-12-31": "-563.00000", "2011-12-31": "-433.00000", "2010-12-31": "6.00000", "2009-12-31": "3932.00000", "2008-12-31": "4725.00000"}, "Income Taxes": {"2019-12-31": "-22.00000", "2018-12-31": "67.00000", "2017-12-31": "-66.00000", "2016-12-31": "144.00000", "2015-12-31": "110.00000", "2014-12-31": "87.00000", "2013-12-31": "-242.00000", "2012-12-31": "39.00000", "2011-12-31": "32.00000", "2010-12-31": "133.00000", "2009-12-31": "", "2008-12-31": ""}, "Income After Taxes": {"2019-12-31": "-136.00000", "2018-12-31": "150.00000", "2017-12-31": "410.00000", "2016-12-31": "205.00000", "2015-12-31": "172.00000", "2014-12-31": "138.00000", "2013-12-31": "417.00000", "2012-12-31": "-602.00000", "2011-12-31": "-465.00000", "2010-12-31": "-127.00000", "2009-12-31": "3932.00000", "2008-12-31": "4725.00000"}, "Other Income": {"2019-12-31": "", "2018-12-31": "", "2017-12-31": "", "2016-12-31": "", "2015-12-31": "", "2014-12-31": "", "2013-12-31": "", "2012-12-31": "", "2011-12-31": "", "2010-12-31": "", "2009-12-31": "", "2008-12-31": ""}, "Income From Continuous Operations": {"2019-12-31": "-118.00000", "2018-12-31": "146.00000", "2017-12-31": "428.00000", "2016-12-31": "217.00000", "2015-12-31": "188.00000", "2014-12-31": "147.00000", "2013-12-31": "443.00000", "2012-12-31": "-540.00000", "2011-12-31": "-439.00000", "2010-12-31": "-97.00000", "2009-12-31": "-264.64000", "2008-12-31": "-1912.00000"}, "Income From Discontinued Operations": {"2019-12-31": "-67.00000", "2018-12-31": "-6.00000", "2017-12-31": "6.00000", "2016-12-31": "", "2015-12-31": "", "2014-12-31": "", "2013-12-31": "", "2012-12-31": "", "2011-12-31": "", "2010-12-31": "", "2009-12-31": "0.00000", "2008-12-31": "0.00000"}, "Net Income": {"2019-12-31": "-188.00000", "2018-12-31": "137.00000", "2017-12-31": "431.00000", "2016-12-31": "213.00000", "2015-12-31": "184.00000", "2014-12-31": "143.00000", "2013-12-31": "438.00000", "2012-12-31": "-543.00000", "2011-12-31": "-441.00000", "2010-12-31": "-99.00000", "2009-12-31": "-262.00000", "2008-12-31": "-1912.00000"}, "EBITDA": {"2019-12-31": "265.00000", "2018-12-31": "592.00000", "2017-12-31": "689.00000", "2016-12-31": "740.00000", "2015-12-31": "777.00000", "2014-12-31": "744.00000", "2013-12-31": "713.00000", "2012-12-31": "534.00000", "2011-12-31": "474.00000", "2010-12-31": "832.00000", "2009-12-31": "3932.00000", "2008-12-31": "4725.00000"}, "EBIT": {"2019-12-31": "86.00000", "2018-12-31": "413.00000", "2017-12-31": "507.00000", "2016-12-31": "522.00000", "2015-12-31": "558.00000", "2014-12-31": "537.00000", "2013-12-31": "525.00000", "2012-12-31": "346.00000", "2011-12-31": "270.00000", "2010-12-31": "605.00000", "2009-12-31": "3932.00000", "2008-12-31": "4725.00000"}, "Basic Shares Outstanding": {"2019-12-31": "114.20000", "2018-12-31": "124.00000", "2017-12-31": "136.70000", "2016-12-31": "144.50000", "2015-12-31": "146.50000", "2014-12-31": "146.00000", "2013-12-31": "145.40000", "2012-12-31": "37.70000", "2011-12-31": "8.00000", "2010-12-31": "8.00000", "2009-12-31": "200.20000", "2008-12-31": "200.10000"}, "Shares Outstanding": {"2019-12-31": "114.20000", "2018-12-31": "125.30000", "2017-12-31": "138.40000", "2016-12-31": "145.80000", "2015-12-31": "148.10000", "2014-12-31": "147.20000", "2013-12-31": "146.60000", "2012-12-31": "37.70000", "2011-12-31": "8.00000", "2010-12-31": "8.00000", "2009-12-31": "200.20000", "2008-12-31": "200.10000"}, "Basic EPS": {"2019-12-31": "-1.65000", "2018-12-31": "1.10000", "2017-12-31": "3.15000", "2016-12-31": "1.47000", "2015-12-31": "1.26000", "2014-12-31": "0.98000", "2013-12-31": "3.01000", "2012-12-31": "-14.41000", "2011-12-31": "-55.01000", "2010-12-31": "-12.35000", "2009-12-31": "-1.31000", "2008-12-31": "-9.55000"}, "EPS - Earnings Per Share": {"2019-12-31": "-1.65000", "2018-12-31": "1.09000", "2017-12-31": "3.11000", "2016-12-31": "1.46000", "2015-12-31": "1.24000", "2014-12-31": "0.97000", "2013-12-31": "2.99000", "2012-12-31": "-14.41000", "2011-12-31": "-55.01000", "2010-12-31": "-12.35000", "2009-12-31": "-1.31000", "2008-12-31": "-9.55000"}}, "income statement, quarterly": {"Revenue": {"2020-09-30": "1857.00000", "2020-06-30": "1207.00000", "2020-03-31": "1116.00000", "2019-12-31": "1330.00000", "2019-09-30": "1550.00000", "2019-06-30": "1664.00000", "2019-03-31": "1054.00000", "2018-12-31": "1057.00000", "2018-09-30": "1676.00000", "2018-06-30": "1820.00000", "2018-03-31": "1229.00000", "2017-12-31": "1140.00000", "2017-09-30": "1674.00000", "2017-06-30": "1793.00000", "2017-03-31": "1203.00000", "2016-12-31": "1370.00000", "2016-09-30": "1644.00000", "2016-06-30": "1662.00000", "2016-03-31": "1134.00000", "2015-12-31": "1325.00000", "2015-09-30": "1668.00000", "2015-06-30": "1651.00000", "2015-03-31": "1062.00000", "2014-12-31": "1278.00000", "2014-09-30": "1531.00000", "2014-06-30": "1512.00000", "2014-03-31": "1007.00000", "2013-12-31": "1246.00000", "2013-09-30": "1553.00000", "2013-06-30": "1533.00000", "2013-03-31": "957.00000", "2012-12-31": "1207.00000", "2012-09-30": "1281.00000", "2012-06-30": "1309.00000", "2012-03-31": "875.00000", "2011-12-31": "928.00000", "2011-09-30": "1155.00000", "2011-06-30": "1179.00000", "2011-03-31": "831.00000", "2010-12-31": "966.00000", "2010-09-30": "1052.00000", "2010-06-30": "1253.00000", "2010-03-31": "819.00000"}, "Cost Of Goods Sold": {"2020-09-30": "1105.00000", "2020-06-30": "685.00000", "2020-03-31": "630.00000", "2019-12-31": "751.00000", "2019-09-30": "875.00000", "2019-06-30": "955.00000", "2019-03-31": "575.00000", "2018-12-31": "726.00000", "2018-09-30": "902.00000", "2018-06-30": "1009.00000", "2018-03-31": "645.00000", "2017-12-31": "768.00000", "2017-09-30": "887.00000", "2017-06-30": "970.00000", "2017-03-31": "605.00000", "2016-12-31": "689.00000", "2016-09-30": "834.00000", "2016-06-30": "864.00000", "2016-03-31": "558.00000", "2015-12-31": "669.00000", "2015-09-30": "855.00000", "2015-06-30": "877.00000", "2015-03-31": "530.00000", "2014-12-31": "656.00000", "2014-09-30": "795.00000", "2014-06-30": "804.00000", "2014-03-31": "500.00000", "2013-12-31": "641.00000", "2013-09-30": "796.00000", "2013-06-30": "800.00000", "2013-03-31": "454.00000", "2012-12-31": "622.00000", "2012-09-30": "633.00000", "2012-06-30": "662.00000", "2012-03-31": "402.00000", "2011-12-31": "868.00000", "2011-09-30": "547.00000", "2011-06-30": "577.00000", "2011-03-31": "374.00000", "2010-12-31": "", "2010-09-30": "", "2010-06-30": "", "2010-03-31": ""}, "Gross Profit": {"2020-09-30": "752.00000", "2020-06-30": "522.00000", "2020-03-31": "486.00000", "2019-12-31": "579.00000", "2019-09-30": "675.00000", "2019-06-30": "709.00000", "2019-03-31": "479.00000", "2018-12-31": "331.00000", "2018-09-30": "774.00000", "2018-06-30": "811.00000", "2018-03-31": "584.00000", "2017-12-31": "372.00000", "2017-09-30": "787.00000", "2017-06-30": "823.00000", "2017-03-31": "598.00000", "2016-12-31": "681.00000", "2016-09-30": "810.00000", "2016-06-30": "798.00000", "2016-03-31": "576.00000", "2015-12-31": "656.00000", "2015-09-30": "813.00000", "2015-06-30": "774.00000", "2015-03-31": "532.00000", "2014-12-31": "622.00000", "2014-09-30": "736.00000", "2014-06-30": "708.00000", "2014-03-31": "507.00000", "2013-12-31": "605.00000", "2013-09-30": "757.00000", "2013-06-30": "733.00000", "2013-03-31": "503.00000", "2012-12-31": "585.00000", "2012-09-30": "648.00000", "2012-06-30": "647.00000", "2012-03-31": "473.00000", "2011-12-31": "60.00000", "2011-09-30": "608.00000", "2011-06-30": "602.00000", "2011-03-31": "457.00000", "2010-12-31": "966.00000", "2010-09-30": "1052.00000", "2010-06-30": "1253.00000", "2010-03-31": "819.00000"}, "Research And Development Expenses": {"2020-09-30": "", "2020-06-30": "", "2020-03-31": "", "2019-12-31": "", "2019-09-30": "", "2019-06-30": "", "2019-03-31": "", "2018-12-31": "", "2018-09-30": "", "2018-06-30": "", "2018-03-31": "", "2017-12-31": "", "2017-09-30": "", "2017-06-30": "", "2017-03-31": "", "2016-12-31": "", "2016-09-30": "", "2016-06-30": "", "2016-03-31": "", "2015-12-31": "", "2015-09-30": "", "2015-06-30": "", "2015-03-31": "", "2014-12-31": "", "2014-09-30": "", "2014-06-30": "", "2014-03-31": "", "2013-12-31": "", "2013-09-30": "", "2013-06-30": "", "2013-03-31": "", "2012-12-31": "", "2012-09-30": "", "2012-06-30": "", "2012-03-31": "", "2011-12-31": "", "2011-09-30": "", "2011-06-30": "", "2011-03-31": "", "2010-12-31": "", "2010-09-30": "", "2010-06-30": "", "2010-03-31": ""}, "SG&A Expenses": {"2020-09-30": "153.00000", "2020-06-30": "99.00000", "2020-03-31": "133.00000", "2019-12-31": "133.00000", "2019-09-30": "132.00000", "2019-06-30": "137.00000", "2019-03-31": "148.00000", "2018-12-31": "78.00000", "2018-09-30": "143.00000", "2018-06-30": "144.00000", "2018-03-31": "156.00000", "2017-12-31": "97.00000", "2017-09-30": "145.00000", "2017-06-30": "168.00000", "2017-03-31": "151.00000", "2016-12-31": "147.00000", "2016-09-30": "136.00000", "2016-06-30": "135.00000", "2016-03-31": "144.00000", "2015-12-31": "137.00000", "2015-09-30": "141.00000", "2015-06-30": "151.00000", "2015-03-31": "134.00000", "2014-12-31": "138.00000", "2014-09-30": "131.00000", "2014-06-30": "117.00000", "2014-03-31": "121.00000", "2013-12-31": "129.00000", "2013-09-30": "138.00000", "2013-06-30": "142.00000", "2013-03-31": "117.00000", "2012-12-31": "140.00000", "2012-09-30": "118.00000", "2012-06-30": "131.00000", "2012-03-31": "128.00000", "2011-12-31": "424.00000", "2011-09-30": "107.00000", "2011-06-30": "110.00000", "2011-03-31": "114.00000", "2010-12-31": "", "2010-09-30": "", "2010-06-30": "", "2010-03-31": ""}, "Other Operating Income Or Expenses": {"2020-09-30": "-349.00000", "2020-06-30": "-293.00000", "2020-03-31": "-772.00000", "2019-12-31": "-335.00000", "2019-09-30": "-584.00000", "2019-06-30": "-345.00000", "2019-03-31": "-331.00000", "2018-12-31": "-184.00000", "2018-09-30": "-387.00000", "2018-06-30": "-392.00000", "2018-03-31": "-392.00000", "2017-12-31": "-182.00000", "2017-09-30": "-395.00000", "2017-06-30": "-374.00000", "2017-03-31": "-383.00000", "2016-12-31": "-381.00000", "2016-09-30": "-400.00000", "2016-06-30": "-391.00000", "2016-03-31": "-368.00000", "2015-12-31": "-369.00000", "2015-09-30": "-367.00000", "2015-06-30": "-365.00000", "2015-03-31": "-342.00000", "2014-12-31": "-325.00000", "2014-09-30": "-338.00000", "2014-06-30": "-340.00000", "2014-03-31": "-337.00000", "2013-12-31": "-324.00000", "2013-09-30": "-364.00000", "2013-06-30": "-351.00000", "2013-03-31": "-328.00000", "2012-12-31": "-330.00000", "2012-09-30": "-335.00000", "2012-06-30": "-325.00000", "2012-03-31": "-315.00000", "2011-12-31": "", "2011-09-30": "-321.00000", "2011-06-30": "-305.00000", "2011-03-31": "-316.00000", "2010-12-31": "", "2010-09-30": "", "2010-06-30": "", "2010-03-31": ""}, "Operating Expenses": {"2020-09-30": "1663.00000", "2020-06-30": "1137.00000", "2020-03-31": "1591.00000", "2019-12-31": "1275.00000", "2019-09-30": "1644.00000", "2019-06-30": "1489.00000", "2019-03-31": "1104.00000", "2018-12-31": "1008.00000", "2018-09-30": "1490.00000", "2018-06-30": "1600.00000", "2018-03-31": "1271.00000", "2017-12-31": "1067.00000", "2017-09-30": "1479.00000", "2017-06-30": "1563.00000", "2017-03-31": "1194.00000", "2016-12-31": "1279.00000", "2016-09-30": "1432.00000", "2016-06-30": "1450.00000", "2016-03-31": "1127.00000", "2015-12-31": "1233.00000", "2015-09-30": "1418.00000", "2015-06-30": "1445.00000", "2015-03-31": "1052.00000", "2014-12-31": "1169.00000", "2014-09-30": "1311.00000", "2014-06-30": "1307.00000", "2014-03-31": "1004.00000", "2013-12-31": "1140.00000", "2013-09-30": "1342.00000", "2013-06-30": "1341.00000", "2013-03-31": "941.00000", "2012-12-31": "1139.00000", "2012-09-30": "1130.00000", "2012-06-30": "1164.00000", "2012-03-31": "893.00000", "2011-12-31": "905.00000", "2011-09-30": "1024.00000", "2011-06-30": "1042.00000", "2011-03-31": "852.00000", "2010-12-31": "", "2010-09-30": "", "2010-06-30": "", "2010-03-31": ""}, "Operating Income": {"2020-09-30": "194.00000", "2020-06-30": "70.00000", "2020-03-31": "-475.00000", "2019-12-31": "55.00000", "2019-09-30": "-94.00000", "2019-06-30": "175.00000", "2019-03-31": "-50.00000", "2018-12-31": "49.00000", "2018-09-30": "186.00000", "2018-06-30": "220.00000", "2018-03-31": "-42.00000", "2017-12-31": "73.00000", "2017-09-30": "195.00000", "2017-06-30": "230.00000", "2017-03-31": "9.00000", "2016-12-31": "91.00000", "2016-09-30": "212.00000", "2016-06-30": "212.00000", "2016-03-31": "7.00000", "2015-12-31": "92.00000", "2015-09-30": "250.00000", "2015-06-30": "206.00000", "2015-03-31": "10.00000", "2014-12-31": "109.00000", "2014-09-30": "220.00000", "2014-06-30": "205.00000", "2014-03-31": "3.00000", "2013-12-31": "106.00000", "2013-09-30": "211.00000", "2013-06-30": "192.00000", "2013-03-31": "16.00000", "2012-12-31": "68.00000", "2012-09-30": "151.00000", "2012-06-30": "145.00000", "2012-03-31": "-18.00000", "2011-12-31": "23.00000", "2011-09-30": "131.00000", "2011-06-30": "137.00000", "2011-03-31": "-21.00000", "2010-12-31": "966.00000", "2010-09-30": "1052.00000", "2010-06-30": "1253.00000", "2010-03-31": "819.00000"}, "Total Non-Operating Income/Expense": {"2020-09-30": "-48.00000", "2020-06-30": "-67.00000", "2020-03-31": "-101.00000", "2019-12-31": "-40.00000", "2019-09-30": "-56.00000", "2019-06-30": "-80.00000", "2019-03-31": "-68.00000", "2018-12-31": "-69.00000", "2018-09-30": "-41.00000", "2018-06-30": "-46.00000", "2018-03-31": "-40.00000", "2017-12-31": "-31.00000", "2017-09-30": "-42.00000", "2017-06-30": "-47.00000", "2017-03-31": "-43.00000", "2016-12-31": "-5.00000", "2016-09-30": "-36.00000", "2016-06-30": "-59.00000", "2016-03-31": "-73.00000", "2015-12-31": "-91.00000", "2015-09-30": "-68.00000", "2015-06-30": "-49.00000", "2015-03-31": "-68.00000", "2014-12-31": "-90.00000", "2014-09-30": "-53.00000", "2014-06-30": "-89.00000", "2014-03-31": "-80.00000", "2013-12-31": "-52.00000", "2013-09-30": "-96.00000", "2013-06-30": "-110.00000", "2013-03-31": "-92.00000", "2012-12-31": "-369.00000", "2012-09-30": "-187.00000", "2012-06-30": "-176.00000", "2012-03-31": "-177.00000", "2011-12-31": "-168.00000", "2011-09-30": "-159.00000", "2011-06-30": "-161.00000", "2011-03-31": "-215.00000", "2010-12-31": "", "2010-09-30": "", "2010-06-30": "", "2010-03-31": ""}, "Pre-Tax Income": {"2020-09-30": "146.00000", "2020-06-30": "3.00000", "2020-03-31": "-576.00000", "2019-12-31": "15.00000", "2019-09-30": "-150.00000", "2019-06-30": "95.00000", "2019-03-31": "-118.00000", "2018-12-31": "-20.00000", "2018-09-30": "145.00000", "2018-06-30": "174.00000", "2018-03-31": "-82.00000", "2017-12-31": "42.00000", "2017-09-30": "153.00000", "2017-06-30": "183.00000", "2017-03-31": "-34.00000", "2016-12-31": "86.00000", "2016-09-30": "176.00000", "2016-06-30": "153.00000", "2016-03-31": "-66.00000", "2015-12-31": "1.00000", "2015-09-30": "182.00000", "2015-06-30": "157.00000", "2015-03-31": "-58.00000", "2014-12-31": "19.00000", "2014-09-30": "167.00000", "2014-06-30": "116.00000", "2014-03-31": "-77.00000", "2013-12-31": "54.00000", "2013-09-30": "115.00000", "2013-06-30": "82.00000", "2013-03-31": "-76.00000", "2012-12-31": "-301.00000", "2012-09-30": "-36.00000", "2012-06-30": "-31.00000", "2012-03-31": "-195.00000", "2011-12-31": "-145.00000", "2011-09-30": "-28.00000", "2011-06-30": "-24.00000", "2011-03-31": "-236.00000", "2010-12-31": "966.00000", "2010-09-30": "1052.00000", "2010-06-30": "1253.00000", "2010-03-31": "819.00000"}, "Income Taxes": {"2020-09-30": "54.00000", "2020-06-30": "11.00000", "2020-03-31": "-132.00000", "2019-12-31": "", "2019-09-30": "-23.00000", "2019-06-30": "33.00000", "2019-03-31": "-32.00000", "2018-12-31": "-6.00000", "2018-09-30": "40.00000", "2018-06-30": "52.00000", "2018-03-31": "-19.00000", "2017-12-31": "-197.00000", "2017-09-30": "67.00000", "2017-06-30": "73.00000", "2017-03-31": "-9.00000", "2016-12-31": "30.00000", "2016-09-30": "74.00000", "2016-06-30": "64.00000", "2016-03-31": "-24.00000", "2015-12-31": "-6.00000", "2015-09-30": "74.00000", "2015-06-30": "66.00000", "2015-03-31": "-24.00000", "2014-12-31": "-1.00000", "2014-09-30": "71.00000", "2014-06-30": "51.00000", "2014-03-31": "-34.00000", "2013-12-31": "-267.00000", "2013-09-30": "9.00000", "2013-06-30": "9.00000", "2013-03-31": "7.00000", "2012-12-31": "6.00000", "2012-09-30": "18.00000", "2012-06-30": "8.00000", "2012-03-31": "7.00000", "2011-12-31": "20.00000", "2011-09-30": "10.00000", "2011-06-30": "1.00000", "2011-03-31": "1.00000", "2010-12-31": "", "2010-09-30": "", "2010-06-30": "", "2010-03-31": ""}, "Income After Taxes": {"2020-09-30": "92.00000", "2020-06-30": "-8.00000", "2020-03-31": "-444.00000", "2019-12-31": "15.00000", "2019-09-30": "-127.00000", "2019-06-30": "62.00000", "2019-03-31": "-86.00000", "2018-12-31": "-14.00000", "2018-09-30": "105.00000", "2018-06-30": "122.00000", "2018-03-31": "-63.00000", "2017-12-31": "239.00000", "2017-09-30": "86.00000", "2017-06-30": "110.00000", "2017-03-31": "-25.00000", "2016-12-31": "56.00000", "2016-09-30": "102.00000", "2016-06-30": "89.00000", "2016-03-31": "-42.00000", "2015-12-31": "7.00000", "2015-09-30": "108.00000", "2015-06-30": "91.00000", "2015-03-31": "-34.00000", "2014-12-31": "20.00000", "2014-09-30": "96.00000", "2014-06-30": "65.00000", "2014-03-31": "-43.00000", "2013-12-31": "321.00000", "2013-09-30": "106.00000", "2013-06-30": "73.00000", "2013-03-31": "-83.00000", "2012-12-31": "-307.00000", "2012-09-30": "-54.00000", "2012-06-30": "-39.00000", "2012-03-31": "-202.00000", "2011-12-31": "-165.00000", "2011-09-30": "-38.00000", "2011-06-30": "-25.00000", "2011-03-31": "-237.00000", "2010-12-31": "966.00000", "2010-09-30": "1052.00000", "2010-06-30": "1253.00000", "2010-03-31": "819.00000"}, "Other Income": {"2020-09-30": "", "2020-06-30": "", "2020-03-31": "", "2019-12-31": "", "2019-09-30": "", "2019-06-30": "", "2019-03-31": "", "2018-12-31": "", "2018-09-30": "", "2018-06-30": "", "2018-03-31": "", "2017-12-31": "", "2017-09-30": "", "2017-06-30": "", "2017-03-31": "", "2016-12-31": "", "2016-09-30": "", "2016-06-30": "", "2016-03-31": "", "2015-12-31": "", "2015-09-30": "", "2015-06-30": "", "2015-03-31": "", "2014-12-31": "", "2014-09-30": "", "2014-06-30": "", "2014-03-31": "", "2013-12-31": "", "2013-09-30": "", "2013-06-30": "", "2013-03-31": "", "2012-12-31": "", "2012-09-30": "", "2012-06-30": "", "2012-03-31": "", "2011-12-31": "-41.00000", "2011-09-30": "", "2011-06-30": "", "2011-03-31": "", "2010-12-31": "", "2010-09-30": "", "2010-06-30": "", "2010-03-31": ""}, "Income From Continuous Operations": {"2020-09-30": "145.00000", "2020-06-30": "28.00000", "2020-03-31": "-435.00000", "2019-12-31": "18.00000", "2019-09-30": "-120.00000", "2019-06-30": "69.00000", "2019-03-31": "-85.00000", "2018-12-31": "-15.00000", "2018-09-30": "104.00000", "2018-06-30": "124.00000", "2018-03-31": "-67.00000", "2017-12-31": "250.00000", "2017-09-30": "96.00000", "2017-06-30": "110.00000", "2017-03-31": "-28.00000", "2016-12-31": "58.00000", "2016-09-30": "107.00000", "2016-06-30": "94.00000", "2016-03-31": "-42.00000", "2015-12-31": "10.00000", "2015-09-30": "112.00000", "2015-06-30": "98.00000", "2015-03-31": "-32.00000", "2014-12-31": "22.00000", "2014-09-30": "102.00000", "2014-06-30": "69.00000", "2014-03-31": "-46.00000", "2013-12-31": "321.00000", "2013-09-30": "110.00000", "2013-06-30": "86.00000", "2013-03-31": "-74.00000", "2012-12-31": "-291.00000", "2012-09-30": "-33.00000", "2012-06-30": "-24.00000", "2012-03-31": "-192.00000", "2011-12-31": "-154.00000", "2011-09-30": "-27.00000", "2011-06-30": "-21.00000", "2011-03-31": "-237.00000", "2010-12-31": "-91.00000", "2010-09-30": "-33.00000", "2010-06-30": "222.00000", "2010-03-31": "-197.00000"}, "Income From Discontinued Operations": {"2020-09-30": "-46.00000", "2020-06-30": "-41.00000", "2020-03-31": "-27.00000", "2019-12-31": "-62.00000", "2019-09-30": "8.00000", "2019-06-30": "1.00000", "2019-03-31": "-14.00000", "2018-12-31": "", "2018-09-30": "", "2018-06-30": "", "2018-03-31": "", "2017-12-31": "", "2017-09-30": "", "2017-06-30": "", "2017-03-31": "", "2016-12-31": "", "2016-09-30": "", "2016-06-30": "", "2016-03-31": "", "2015-12-31": "", "2015-09-30": "", "2015-06-30": "", "2015-03-31": "", "2014-12-31": "", "2014-09-30": "", "2014-06-30": "", "2014-03-31": "", "2013-12-31": "", "2013-09-30": "", "2013-06-30": "", "2013-03-31": "", "2012-12-31": "", "2012-09-30": "", "2012-06-30": "", "2012-03-31": "", "2011-12-31": "0.00000", "2011-09-30": "", "2011-06-30": "", "2011-03-31": "", "2010-12-31": "0.00000", "2010-09-30": "0.00000", "2010-06-30": "0.00000", "2010-03-31": "0.00000"}, "Net Income": {"2020-09-30": "98.00000", "2020-06-30": "-14.00000", "2020-03-31": "-462.00000", "2019-12-31": "-45.00000", "2019-09-30": "-113.00000", "2019-06-30": "69.00000", "2019-03-31": "-99.00000", "2018-12-31": "-22.00000", "2018-09-30": "103.00000", "2018-06-30": "123.00000", "2018-03-31": "-67.00000", "2017-12-31": "255.00000", "2017-09-30": "95.00000", "2017-06-30": "109.00000", "2017-03-31": "-28.00000", "2016-12-31": "57.00000", "2016-09-30": "106.00000", "2016-06-30": "92.00000", "2016-03-31": "-42.00000", "2015-12-31": "9.00000", "2015-09-30": "110.00000", "2015-06-30": "97.00000", "2015-03-31": "-32.00000", "2014-12-31": "21.00000", "2014-09-30": "100.00000", "2014-06-30": "68.00000", "2014-03-31": "-46.00000", "2013-12-31": "320.00000", "2013-09-30": "109.00000", "2013-06-30": "84.00000", "2013-03-31": "-75.00000", "2012-12-31": "-292.00000", "2012-09-30": "-34.00000", "2012-06-30": "-25.00000", "2012-03-31": "-192.00000", "2011-12-31": "-154.00000", "2011-09-30": "-28.00000", "2011-06-30": "-22.00000", "2011-03-31": "-237.00000", "2010-12-31": "-91.00000", "2010-09-30": "-33.00000", "2010-06-30": "222.00000", "2010-03-31": "-197.00000"}, "EBITDA": {"2020-09-30": "240.00000", "2020-06-30": "119.00000", "2020-03-31": "-428.00000", "2019-12-31": "101.00000", "2019-09-30": "-50.00000", "2019-06-30": "220.00000", "2019-03-31": "-6.00000", "2018-12-31": "71.00000", "2018-09-30": "239.00000", "2018-06-30": "272.00000", "2018-03-31": "10.00000", "2017-12-31": "94.00000", "2017-09-30": "249.00000", "2017-06-30": "283.00000", "2017-03-31": "63.00000", "2016-12-31": "148.00000", "2016-09-30": "269.00000", "2016-06-30": "264.00000", "2016-03-31": "59.00000", "2015-12-31": "145.00000", "2015-09-30": "309.00000", "2015-06-30": "263.00000", "2015-03-31": "60.00000", "2014-12-31": "163.00000", "2014-09-30": "273.00000", "2014-06-30": "255.00000", "2014-03-31": "53.00000", "2013-12-31": "153.00000", "2013-09-30": "259.00000", "2013-06-30": "240.00000", "2013-03-31": "61.00000", "2012-12-31": "113.00000", "2012-09-30": "197.00000", "2012-06-30": "193.00000", "2012-03-31": "31.00000", "2011-12-31": "75.00000", "2011-09-30": "181.00000", "2011-06-30": "188.00000", "2011-03-31": "30.00000", "2010-12-31": "966.00000", "2010-09-30": "1052.00000", "2010-06-30": "1253.00000", "2010-03-31": "819.00000"}, "EBIT": {"2020-09-30": "194.00000", "2020-06-30": "70.00000", "2020-03-31": "-475.00000", "2019-12-31": "55.00000", "2019-09-30": "-94.00000", "2019-06-30": "175.00000", "2019-03-31": "-50.00000", "2018-12-31": "49.00000", "2018-09-30": "186.00000", "2018-06-30": "220.00000", "2018-03-31": "-42.00000", "2017-12-31": "73.00000", "2017-09-30": "195.00000", "2017-06-30": "230.00000", "2017-03-31": "9.00000", "2016-12-31": "91.00000", "2016-09-30": "212.00000", "2016-06-30": "212.00000", "2016-03-31": "7.00000", "2015-12-31": "92.00000", "2015-09-30": "250.00000", "2015-06-30": "206.00000", "2015-03-31": "10.00000", "2014-12-31": "109.00000", "2014-09-30": "220.00000", "2014-06-30": "205.00000", "2014-03-31": "3.00000", "2013-12-31": "106.00000", "2013-09-30": "211.00000", "2013-06-30": "192.00000", "2013-03-31": "16.00000", "2012-12-31": "68.00000", "2012-09-30": "151.00000", "2012-06-30": "145.00000", "2012-03-31": "-18.00000", "2011-12-31": "23.00000", "2011-09-30": "131.00000", "2011-06-30": "137.00000", "2011-03-31": "-21.00000", "2010-12-31": "966.00000", "2010-09-30": "1052.00000", "2010-06-30": "1253.00000", "2010-03-31": "819.00000"}, "Basic Shares Outstanding": {"2020-09-30": "115.40000", "2020-06-30": "115.40000", "2020-03-31": "114.70000", "2019-12-31": "114.20000", "2019-09-30": "114.30000", "2019-06-30": "114.30000", "2019-03-31": "114.00000", "2018-12-31": "124.00000", "2018-09-30": "122.70000", "2018-06-30": "126.50000", "2018-03-31": "130.30000", "2017-12-31": "136.70000", "2017-09-30": "136.10000", "2017-06-30": "137.60000", "2017-03-31": "139.70000", "2016-12-31": "144.50000", "2016-09-30": "144.00000", "2016-06-30": "145.50000", "2016-03-31": "146.50000", "2015-12-31": "146.50000", "2015-09-30": "146.60000", "2015-06-30": "146.50000", "2015-03-31": "146.30000", "2014-12-31": "146.00000", "2014-09-30": "146.00000", "2014-06-30": "145.90000", "2014-03-31": "145.80000", "2013-12-31": "145.40000", "2013-09-30": "145.60000", "2013-06-30": "145.40000", "2013-03-31": "145.10000", "2012-12-31": "37.70000", "2012-09-30": "8.01800", "2012-06-30": "8.00000", "2012-03-31": "8.00000", "2011-12-31": "200.00000", "2011-09-30": "8.00000", "2011-06-30": "200.40000", "2011-03-31": "200.40000", "2010-12-31": "202.22200", "2010-09-30": "200.40000", "2010-06-30": "200.40000", "2010-03-31": "200.20000"}, "Shares Outstanding": {"2020-09-30": "116.70000", "2020-06-30": "116.20000", "2020-03-31": "114.70000", "2019-12-31": "114.20000", "2019-09-30": "114.30000", "2019-06-30": "114.90000", "2019-03-31": "114.00000", "2018-12-31": "125.30000", "2018-09-30": "123.60000", "2018-06-30": "127.60000", "2018-03-31": "130.30000", "2017-12-31": "138.40000", "2017-09-30": "138.10000", "2017-06-30": "138.90000", "2017-03-31": "139.70000", "2016-12-31": "145.80000", "2016-09-30": "145.10000", "2016-06-30": "146.70000", "2016-03-31": "146.50000", "2015-12-31": "148.10000", "2015-09-30": "148.10000", "2015-06-30": "148.00000", "2015-03-31": "146.30000", "2014-12-31": "147.20000", "2014-09-30": "147.00000", "2014-06-30": "146.80000", "2014-03-31": "145.80000", "2013-12-31": "146.60000", "2013-09-30": "146.80000", "2013-06-30": "145.40000", "2013-03-31": "145.10000", "2012-12-31": "37.70000", "2012-09-30": "8.01800", "2012-06-30": "8.00000", "2012-03-31": "8.00000", "2011-12-31": "200.00000", "2011-09-30": "8.00000", "2011-06-30": "200.40000", "2011-03-31": "200.40000", "2010-12-31": "202.22200", "2010-09-30": "200.40000", "2010-06-30": "200.40000", "2010-03-31": "200.20000"}, "Basic EPS": {"2020-09-30": "0.85000", "2020-06-30": "-0.12000", "2020-03-31": "-4.03000", "2019-12-31": "-0.39000", "2019-09-30": "-0.99000", "2019-06-30": "0.60000", "2019-03-31": "-0.87000", "2018-12-31": "-0.20000", "2018-09-30": "0.84000", "2018-06-30": "0.97000", "2018-03-31": "-0.51000", "2017-12-31": "1.86000", "2017-09-30": "0.70000", "2017-06-30": "0.79000", "2017-03-31": "-0.20000", "2016-12-31": "0.39000", "2016-09-30": "0.74000", "2016-06-30": "0.63000", "2016-03-31": "-0.29000", "2015-12-31": "0.07000", "2015-09-30": "0.75000", "2015-06-30": "0.66000", "2015-03-31": "-0.22000", "2014-12-31": "0.15000", "2014-09-30": "0.68000", "2014-06-30": "0.47000", "2014-03-31": "-0.32000", "2013-12-31": "2.20000", "2013-09-30": "0.75000", "2013-06-30": "0.58000", "2013-03-31": "-0.52000", "2012-12-31": "16.90000", "2012-09-30": "-4.24000", "2012-06-30": "-3.12000", "2012-03-31": "-23.95000", "2011-12-31": "-0.77000", "2011-09-30": "-3.49000", "2011-06-30": "-0.11000", "2011-03-31": "-1.18000", "2010-12-31": "-0.45000", "2010-09-30": "-0.16000", "2010-06-30": "1.11000", "2010-03-31": "-0.98000"}, "EPS - Earnings Per Share": {"2020-09-30": "0.84000", "2020-06-30": "-0.12000", "2020-03-31": "-4.03000", "2019-12-31": "-0.39000", "2019-09-30": "-0.99000", "2019-06-30": "0.60000", "2019-03-31": "-0.87000", "2018-12-31": "-0.19000", "2018-09-30": "0.83000", "2018-06-30": "0.96000", "2018-03-31": "-0.51000", "2017-12-31": "1.84000", "2017-09-30": "0.69000", "2017-06-30": "0.78000", "2017-03-31": "-0.20000", "2016-12-31": "0.39000", "2016-09-30": "0.73000", "2016-06-30": "0.63000", "2016-03-31": "-0.29000", "2015-12-31": "0.06000", "2015-09-30": "0.74000", "2015-06-30": "0.66000", "2015-03-31": "-0.22000", "2014-12-31": "0.15000", "2014-09-30": "0.68000", "2014-06-30": "0.46000", "2014-03-31": "-0.32000", "2013-12-31": "2.20000", "2013-09-30": "0.74000", "2013-06-30": "0.57000", "2013-03-31": "-0.52000", "2012-12-31": "16.90000", "2012-09-30": "-4.24000", "2012-06-30": "-3.12000", "2012-03-31": "-23.95000", "2011-12-31": "-0.77000", "2011-09-30": "-3.49000", "2011-06-30": "-0.11000", "2011-03-31": "-1.18000", "2010-12-31": "-0.45000", "2010-09-30": "-0.16000", "2010-06-30": "1.11000", "2010-03-31": "-0.98000"}}, "balance sheet": {"Cash On Hand": {"2019-12-31": "235.00000", "2018-12-31": "205.00000", "2017-12-31": "234.00000", "2016-12-31": "281.00000", "2015-12-31": "415.00000", "2014-12-31": "313.00000", "2013-12-31": "236.00000", "2012-12-31": "376.00000", "2011-12-31": "143.00000", "2010-12-31": "", "2009-12-31": "", "2008-12-31": ""}, "Receivables": {"2019-12-31": "79.00000", "2018-12-31": "85.00000", "2017-12-31": "376.00000", "2016-12-31": "396.00000", "2015-12-31": "420.00000", "2014-12-31": "413.00000", "2013-12-31": "391.00000", "2012-12-31": "446.00000", "2011-12-31": "498.00000", "2010-12-31": "", "2009-12-31": "", "2008-12-31": ""}, "Inventory": {"2019-12-31": "", "2018-12-31": "", "2017-12-31": "", "2016-12-31": "", "2015-12-31": "", "2014-12-31": "", "2013-12-31": "", "2012-12-31": "", "2011-12-31": "", "2010-12-31": "", "2009-12-31": "", "2008-12-31": ""}, "Pre-Paid Expenses": {"2019-12-31": "", "2018-12-31": "", "2017-12-31": "", "2016-12-31": "", "2015-12-31": "", "2014-12-31": "", "2013-12-31": "", "2012-12-31": "", "2011-12-31": "", "2010-12-31": "", "2009-12-31": "", "2008-12-31": ""}, "Other Current Assets": {"2019-12-31": "", "2018-12-31": "", "2017-12-31": "", "2016-12-31": "", "2015-12-31": "", "2014-12-31": "", "2013-12-31": "", "2012-12-31": "", "2011-12-31": "", "2010-12-31": "", "2009-12-31": "", "2008-12-31": ""}, "Total Current Assets": {"2019-12-31": "314.00000", "2018-12-31": "290.00000", "2017-12-31": "610.00000", "2016-12-31": "677.00000", "2015-12-31": "835.00000", "2014-12-31": "726.00000", "2013-12-31": "627.00000", "2012-12-31": "822.00000", "2011-12-31": "641.00000", "2010-12-31": "", "2009-12-31": "", "2008-12-31": ""}, "Property, Plant, And Equipment": {"2019-12-31": "308.00000", "2018-12-31": "273.00000", "2017-12-31": "289.00000", "2016-12-31": "267.00000", "2015-12-31": "254.00000", "2014-12-31": "233.00000", "2013-12-31": "205.00000", "2012-12-31": "188.00000", "2011-12-31": "165.00000", "2010-12-31": "", "2009-12-31": "", "2008-12-31": ""}, "Long-Term Investments": {"2019-12-31": "", "2018-12-31": "", "2017-12-31": "", "2016-12-31": "", "2015-12-31": "", "2014-12-31": "", "2013-12-31": "", "2012-12-31": "", "2011-12-31": "", "2010-12-31": "", "2009-12-31": "", "2008-12-31": ""}, "Goodwill And Intangible Assets": {"2019-12-31": "4045.00000", "2018-12-31": "4289.00000", "2017-12-31": "4743.00000", "2016-12-31": "4751.00000", "2015-12-31": "4679.00000", "2014-12-31": "4554.00000", "2013-12-31": "4432.00000", "2012-12-31": "4435.00000", "2011-12-31": "4470.00000", "2010-12-31": "0.00000", "2009-12-31": "", "2008-12-31": ""}, "Other Long-Term Assets": {"2019-12-31": "2361.00000", "2018-12-31": "2438.00000", "2017-12-31": "1695.00000", "2016-12-31": "1726.00000", "2015-12-31": "1763.00000", "2014-12-31": "1791.00000", "2013-12-31": "1876.00000", "2012-12-31": "1946.00000", "2011-12-31": "2008.00000", "2010-12-31": "", "2009-12-31": "", "2008-12-31": ""}, "Total Long-Term Assets": {"2019-12-31": "6714.00000", "2018-12-31": "7000.00000", "2017-12-31": "6727.00000", "2016-12-31": "6744.00000", "2015-12-31": "6696.00000", "2014-12-31": "6578.00000", "2013-12-31": "6699.00000", "2012-12-31": "6623.00000", "2011-12-31": "6709.00000", "2010-12-31": "", "2009-12-31": "", "2008-12-31": ""}, "Total Assets": {"2019-12-31": "7543.00000", "2018-12-31": "7290.00000", "2017-12-31": "7337.00000", "2016-12-31": "7421.00000", "2015-12-31": "7531.00000", "2014-12-31": "7304.00000", "2013-12-31": "7326.00000", "2012-12-31": "7445.00000", "2011-12-31": "7350.00000", "2010-12-31": "0.00000", "2009-12-31": "0.00000", "2008-12-31": "0.00000"}, "Total Current Liabilities": {"2019-12-31": "668.00000", "2018-12-31": "1175.00000", "2017-12-31": "761.00000", "2016-12-31": "845.00000", "2015-12-31": "1327.00000", "2014-12-31": "558.00000", "2013-12-31": "577.00000", "2012-12-31": "575.00000", "2011-12-31": "704.00000", "2010-12-31": "", "2009-12-31": "", "2008-12-31": ""}, "Long Term Debt": {"2019-12-31": "3211.00000", "2018-12-31": "2800.00000", "2017-12-31": "3415.00000", "2016-12-31": "3470.00000", "2015-12-31": "3209.00000", "2014-12-31": "4105.00000", "2013-12-31": "4157.00000", "2012-12-31": "4627.00000", "2011-12-31": "7477.00000", "2010-12-31": "", "2009-12-31": "", "2008-12-31": ""}, "Other Non-Current Liabilities": {"2019-12-31": "589.00000", "2018-12-31": "611.00000", "2017-12-31": "212.00000", "2016-12-31": "248.00000", "2015-12-31": "306.00000", "2014-12-31": "287.00000", "2013-12-31": "242.00000", "2012-12-31": "280.00000", "2011-12-31": "247.00000", "2010-12-31": "", "2009-12-31": "", "2008-12-31": ""}, "Total Long Term Liabilities": {"2019-12-31": "4190.00000", "2018-12-31": "3800.00000", "2017-12-31": "3954.00000", "2016-12-31": "4107.00000", "2015-12-31": "3782.00000", "2014-12-31": "4563.00000", "2013-12-31": "4736.00000", "2012-12-31": "5351.00000", "2011-12-31": "8145.00000", "2010-12-31": "", "2009-12-31": "", "2008-12-31": ""}, "Total Liabilities": {"2019-12-31": "5447.00000", "2018-12-31": "4975.00000", "2017-12-31": "4715.00000", "2016-12-31": "4952.00000", "2015-12-31": "5109.00000", "2014-12-31": "5121.00000", "2013-12-31": "5313.00000", "2012-12-31": "5926.00000", "2011-12-31": "8849.00000", "2010-12-31": "0.00000", "2009-12-31": "", "2008-12-31": ""}, "Common Stock Net": {"2019-12-31": "1.00000", "2018-12-31": "1.00000", "2017-12-31": "1.00000", "2016-12-31": "1.00000", "2015-12-31": "1.00000", "2014-12-31": "1.00000", "2013-12-31": "1.00000", "2012-12-31": "1.00000", "2011-12-31": "", "2010-12-31": "0.00000", "2009-12-31": "", "2008-12-31": ""}, "Retained Earnings (Accumulated Deficit)": {"2019-12-31": "-2695.00000", "2018-12-31": "-2507.00000", "2017-12-31": "-2631.00000", "2016-12-31": "-3062.00000", "2015-12-31": "-3280.00000", "2014-12-31": "-3464.00000", "2013-12-31": "-3607.00000", "2012-12-31": "-4045.00000", "2011-12-31": "-3502.00000", "2010-12-31": "", "2009-12-31": "", "2008-12-31": ""}, "Comprehensive Income": {"2019-12-31": "-56.00000", "2018-12-31": "-52.00000", "2017-12-31": "-37.00000", "2016-12-31": "-40.00000", "2015-12-31": "-36.00000", "2014-12-31": "-35.00000", "2013-12-31": "-19.00000", "2012-12-31": "-31.00000", "2011-12-31": "-32.00000", "2010-12-31": "", "2009-12-31": "", "2008-12-31": ""}, "Other Share Holders Equity": {"2019-12-31": "", "2018-12-31": "", "2017-12-31": "", "2016-12-31": "", "2015-12-31": "", "2014-12-31": "", "2013-12-31": "", "2012-12-31": "", "2011-12-31": "", "2010-12-31": "0.00000", "2009-12-31": "", "2008-12-31": ""}, "Share Holder Equity": {"2019-12-31": "2096.00000", "2018-12-31": "2315.00000", "2017-12-31": "2622.00000", "2016-12-31": "2469.00000", "2015-12-31": "2422.00000", "2014-12-31": "2183.00000", "2013-12-31": "2013.00000", "2012-12-31": "1519.00000", "2011-12-31": "-1499.00000", "2010-12-31": "0.00000", "2009-12-31": "", "2008-12-31": ""}, "Total Liabilities And Share Holders Equity": {"2019-12-31": "7543.00000", "2018-12-31": "7290.00000", "2017-12-31": "7337.00000", "2016-12-31": "7421.00000", "2015-12-31": "7531.00000", "2014-12-31": "7304.00000", "2013-12-31": "7326.00000", "2012-12-31": "7445.00000", "2011-12-31": "7350.00000", "2010-12-31": "0.00000", "2009-12-31": "", "2008-12-31": ""}}, "balance sheet, quarterly": {"Cash On Hand": {"2020-09-30": "380.00000", "2020-06-30": "686.00000", "2020-03-31": "628.00000", "2019-12-31": "235.00000", "2019-09-30": "278.00000", "2019-06-30": "278.00000", "2019-03-31": "246.00000", "2018-12-31": "205.00000", "2018-09-30": "237.00000", "2018-06-30": "239.00000", "2018-03-31": "188.00000", "2017-12-31": "234.00000", "2017-09-30": "348.00000", "2017-06-30": "219.00000", "2017-03-31": "205.00000", "2016-12-31": "281.00000", "2016-09-30": "224.00000", "2016-06-30": "423.00000", "2016-03-31": "283.00000", "2015-12-31": "415.00000", "2015-09-30": "567.00000", "2015-06-30": "359.00000", "2015-03-31": "184.00000", "2014-12-31": "313.00000", "2014-09-30": "268.00000", "2014-06-30": "209.00000", "2014-03-31": "119.00000", "2013-12-31": "236.00000", "2013-09-30": "173.00000", "2013-06-30": "187.00000", "2013-03-31": "366.00000", "2012-12-31": "376.00000", "2012-09-30": "141.00000", "2012-06-30": "138.00000", "2012-03-31": "148.00000", "2011-12-31": "143.00000", "2011-09-30": "", "2011-06-30": "", "2011-03-31": "", "2010-12-31": "", "2010-09-30": "", "2010-06-30": "", "2010-03-31": ""}, "Receivables": {"2020-09-30": "109.00000", "2020-06-30": "92.00000", "2020-03-31": "102.00000", "2019-12-31": "79.00000", "2019-09-30": "423.00000", "2019-06-30": "475.00000", "2019-03-31": "378.00000", "2018-12-31": "85.00000", "2018-09-30": "514.00000", "2018-06-30": "534.00000", "2018-03-31": "413.00000", "2017-12-31": "376.00000", "2017-09-30": "441.00000", "2017-06-30": "470.00000", "2017-03-31": "370.00000", "2016-12-31": "396.00000", "2016-09-30": "462.00000", "2016-06-30": "531.00000", "2016-03-31": "427.00000", "2015-12-31": "420.00000", "2015-09-30": "522.00000", "2015-06-30": "597.00000", "2015-03-31": "456.00000", "2014-12-31": "413.00000", "2014-09-30": "530.00000", "2014-06-30": "514.00000", "2014-03-31": "408.00000", "2013-12-31": "391.00000", "2013-09-30": "462.00000", "2013-06-30": "540.00000", "2013-03-31": "439.00000", "2012-12-31": "446.00000", "2012-09-30": "558.00000", "2012-06-30": "566.00000", "2012-03-31": "507.00000", "2011-12-31": "498.00000", "2011-09-30": "", "2011-06-30": "", "2011-03-31": "", "2010-12-31": "", "2010-09-30": "", "2010-06-30": "", "2010-03-31": ""}, "Inventory": {"2020-09-30": "", "2020-06-30": "", "2020-03-31": "", "2019-12-31": "", "2019-09-30": "", "2019-06-30": "", "2019-03-31": "", "2018-12-31": "", "2018-09-30": "", "2018-06-30": "", "2018-03-31": "", "2017-12-31": "", "2017-09-30": "", "2017-06-30": "", "2017-03-31": "", "2016-12-31": "", "2016-09-30": "", "2016-06-30": "", "2016-03-31": "", "2015-12-31": "", "2015-09-30": "", "2015-06-30": "", "2015-03-31": "", "2014-12-31": "", "2014-09-30": "", "2014-06-30": "", "2014-03-31": "", "2013-12-31": "", "2013-09-30": "", "2013-06-30": "", "2013-03-31": "", "2012-12-31": "", "2012-09-30": "", "2012-06-30": "", "2012-03-31": "", "2011-12-31": "", "2011-09-30": "", "2011-06-30": "", "2011-03-31": "", "2010-12-31": "", "2010-09-30": "", "2010-06-30": "", "2010-03-31": ""}, "Pre-Paid Expenses": {"2020-09-30": "", "2020-06-30": "", "2020-03-31": "", "2019-12-31": "", "2019-09-30": "", "2019-06-30": "", "2019-03-31": "", "2018-12-31": "", "2018-09-30": "", "2018-06-30": "", "2018-03-31": "", "2017-12-31": "", "2017-09-30": "", "2017-06-30": "", "2017-03-31": "", "2016-12-31": "", "2016-09-30": "", "2016-06-30": "", "2016-03-31": "", "2015-12-31": "", "2015-09-30": "", "2015-06-30": "", "2015-03-31": "", "2014-12-31": "", "2014-09-30": "", "2014-06-30": "", "2014-03-31": "", "2013-12-31": "", "2013-09-30": "", "2013-06-30": "", "2013-03-31": "", "2012-12-31": "", "2012-09-30": "", "2012-06-30": "", "2012-03-31": "", "2011-12-31": "", "2011-09-30": "", "2011-06-30": "", "2011-03-31": "", "2010-12-31": "", "2010-09-30": "", "2010-06-30": "", "2010-03-31": ""}, "Other Current Assets": {"2020-09-30": "", "2020-06-30": "", "2020-03-31": "", "2019-12-31": "", "2019-09-30": "", "2019-06-30": "", "2019-03-31": "", "2018-12-31": "", "2018-09-30": "", "2018-06-30": "", "2018-03-31": "", "2017-12-31": "", "2017-09-30": "", "2017-06-30": "", "2017-03-31": "", "2016-12-31": "", "2016-09-30": "", "2016-06-30": "", "2016-03-31": "", "2015-12-31": "", "2015-09-30": "", "2015-06-30": "", "2015-03-31": "", "2014-12-31": "", "2014-09-30": "", "2014-06-30": "", "2014-03-31": "", "2013-12-31": "", "2013-09-30": "", "2013-06-30": "", "2013-03-31": "", "2012-12-31": "", "2012-09-30": "", "2012-06-30": "", "2012-03-31": "", "2011-12-31": "", "2011-09-30": "", "2011-06-30": "", "2011-03-31": "", "2010-12-31": "", "2010-09-30": "", "2010-06-30": "", "2010-03-31": ""}, "Total Current Assets": {"2020-09-30": "489.00000", "2020-06-30": "778.00000", "2020-03-31": "730.00000", "2019-12-31": "314.00000", "2019-09-30": "701.00000", "2019-06-30": "753.00000", "2019-03-31": "624.00000", "2018-12-31": "290.00000", "2018-09-30": "751.00000", "2018-06-30": "773.00000", "2018-03-31": "601.00000", "2017-12-31": "610.00000", "2017-09-30": "789.00000", "2017-06-30": "689.00000", "2017-03-31": "575.00000", "2016-12-31": "677.00000", "2016-09-30": "686.00000", "2016-06-30": "954.00000", "2016-03-31": "710.00000", "2015-12-31": "835.00000", "2015-09-30": "1089.00000", "2015-06-30": "956.00000", "2015-03-31": "640.00000", "2014-12-31": "726.00000", "2014-09-30": "798.00000", "2014-06-30": "723.00000", "2014-03-31": "527.00000", "2013-12-31": "627.00000", "2013-09-30": "635.00000", "2013-06-30": "727.00000", "2013-03-31": "805.00000", "2012-12-31": "822.00000", "2012-09-30": "699.00000", "2012-06-30": "704.00000", "2012-03-31": "655.00000", "2011-12-31": "641.00000", "2011-09-30": "", "2011-06-30": "", "2011-03-31": "", "2010-12-31": "", "2010-09-30": "", "2010-06-30": "", "2010-03-31": ""}, "Property, Plant, And Equipment": {"2020-09-30": "288.00000", "2020-06-30": "293.00000", "2020-03-31": "304.00000", "2019-12-31": "308.00000", "2019-09-30": "315.00000", "2019-06-30": "311.00000", "2019-03-31": "302.00000", "2018-12-31": "273.00000", "2018-09-30": "284.00000", "2018-06-30": "283.00000", "2018-03-31": "281.00000", "2017-12-31": "289.00000", "2017-09-30": "272.00000", "2017-06-30": "267.00000", "2017-03-31": "270.00000", "2016-12-31": "267.00000", "2016-09-30": "254.00000", "2016-06-30": "250.00000", "2016-03-31": "251.00000", "2015-12-31": "254.00000", "2015-09-30": "240.00000", "2015-06-30": "236.00000", "2015-03-31": "228.00000", "2014-12-31": "233.00000", "2014-09-30": "224.00000", "2014-06-30": "203.00000", "2014-03-31": "199.00000", "2013-12-31": "205.00000", "2013-09-30": "191.00000", "2013-06-30": "187.00000", "2013-03-31": "190.00000", "2012-12-31": "188.00000", "2012-09-30": "161.00000", "2012-06-30": "151.00000", "2012-03-31": "155.00000", "2011-12-31": "165.00000", "2011-09-30": "", "2011-06-30": "", "2011-03-31": "", "2010-12-31": "", "2010-09-30": "", "2010-06-30": "", "2010-03-31": ""}, "Long-Term Investments": {"2020-09-30": "", "2020-06-30": "", "2020-03-31": "", "2019-12-31": "", "2019-09-30": "", "2019-06-30": "", "2019-03-31": "", "2018-12-31": "", "2018-09-30": "", "2018-06-30": "", "2018-03-31": "", "2017-12-31": "", "2017-09-30": "", "2017-06-30": "", "2017-03-31": "", "2016-12-31": "", "2016-09-30": "", "2016-06-30": "", "2016-03-31": "", "2015-12-31": "", "2015-09-30": "", "2015-06-30": "", "2015-03-31": "", "2014-12-31": "", "2014-09-30": "", "2014-06-30": "", "2014-03-31": "", "2013-12-31": "", "2013-09-30": "", "2013-06-30": "", "2013-03-31": "", "2012-12-31": "", "2012-09-30": "", "2012-06-30": "", "2012-03-31": "", "2011-12-31": "", "2011-09-30": "", "2011-06-30": "", "2011-03-31": "", "2010-12-31": "", "2010-09-30": "", "2010-06-30": "", "2010-03-31": ""}, "Goodwill And Intangible Assets": {"2020-09-30": "3599.00000", "2020-06-30": "3600.00000", "2020-03-31": "3601.00000", "2019-12-31": "4045.00000", "2019-09-30": "4513.00000", "2019-06-30": "4701.00000", "2019-03-31": "4707.00000", "2018-12-31": "4289.00000", "2018-09-30": "4722.00000", "2018-06-30": "4729.00000", "2018-03-31": "4736.00000", "2017-12-31": "4743.00000", "2017-09-30": "4743.00000", "2017-06-30": "4739.00000", "2017-03-31": "4743.00000", "2016-12-31": "4751.00000", "2016-09-30": "4764.00000", "2016-06-30": "4674.00000", "2016-03-31": "4681.00000", "2015-12-31": "4679.00000", "2015-09-30": "4670.00000", "2015-06-30": "4615.00000", "2015-03-31": "4545.00000", "2014-12-31": "4554.00000", "2014-09-30": "4551.00000", "2014-06-30": "4448.00000", "2014-03-31": "4457.00000", "2013-12-31": "4432.00000", "2013-09-30": "4415.00000", "2013-06-30": "4422.00000", "2013-03-31": "4428.00000", "2012-12-31": "4435.00000", "2012-09-30": "4444.00000", "2012-06-30": "3768.00000", "2012-03-31": "3777.00000", "2011-12-31": "4470.00000", "2011-09-30": "0.00000", "2011-06-30": "0.00000", "2011-03-31": "0.00000", "2010-12-31": "0.00000", "2010-09-30": "", "2010-06-30": "", "2010-03-31": ""}, "Other Long-Term Assets": {"2020-09-30": "2195.00000", "2020-06-30": "2271.00000", "2020-03-31": "2325.00000", "2019-12-31": "2361.00000", "2019-09-30": "1650.00000", "2019-06-30": "1653.00000", "2019-03-31": "1634.00000", "2018-12-31": "2438.00000", "2018-09-30": "1681.00000", "2018-06-30": "1706.00000", "2018-03-31": "1707.00000", "2017-12-31": "1695.00000", "2017-09-30": "1717.00000", "2017-06-30": "1731.00000", "2017-03-31": "1742.00000", "2016-12-31": "1726.00000", "2016-09-30": "1751.00000", "2016-06-30": "1752.00000", "2016-03-31": "1758.00000", "2015-12-31": "1763.00000", "2015-09-30": "1822.00000", "2015-06-30": "1829.00000", "2015-03-31": "1829.00000", "2014-12-31": "1791.00000", "2014-09-30": "1851.00000", "2014-06-30": "1869.00000", "2014-03-31": "1858.00000", "2013-12-31": "1876.00000", "2013-09-30": "1887.00000", "2013-06-30": "1911.00000", "2013-03-31": "1939.00000", "2012-12-31": "1946.00000", "2012-09-30": "1991.00000", "2012-06-30": "3140.00000", "2012-03-31": "3148.00000", "2011-12-31": "2008.00000", "2011-09-30": "", "2011-06-30": "", "2011-03-31": "", "2010-12-31": "", "2010-09-30": "", "2010-06-30": "", "2010-03-31": ""}, "Total Long-Term Assets": {"2020-09-30": "6082.00000", "2020-06-30": "6164.00000", "2020-03-31": "6230.00000", "2019-12-31": "6714.00000", "2019-09-30": "6478.00000", "2019-06-30": "6665.00000", "2019-03-31": "6643.00000", "2018-12-31": "7000.00000", "2018-09-30": "6687.00000", "2018-06-30": "6718.00000", "2018-03-31": "6724.00000", "2017-12-31": "6727.00000", "2017-09-30": "6732.00000", "2017-06-30": "6737.00000", "2017-03-31": "6755.00000", "2016-12-31": "6744.00000", "2016-09-30": "6769.00000", "2016-06-30": "6676.00000", "2016-03-31": "6690.00000", "2015-12-31": "6696.00000", "2015-09-30": "6940.00000", "2015-06-30": "6890.00000", "2015-03-31": "6792.00000", "2014-12-31": "6578.00000", "2014-09-30": "6848.00000", "2014-06-30": "6720.00000", "2014-03-31": "6700.00000", "2013-12-31": "6699.00000", "2013-09-30": "6547.00000", "2013-06-30": "6572.00000", "2013-03-31": "6610.00000", "2012-12-31": "6623.00000", "2012-09-30": "6652.00000", "2012-06-30": "7118.00000", "2012-03-31": "7142.00000", "2011-12-31": "6709.00000", "2011-09-30": "", "2011-06-30": "", "2011-03-31": "", "2010-12-31": "", "2010-09-30": "", "2010-06-30": "", "2010-03-31": ""}, "Total Assets": {"2020-09-30": "7048.00000", "2020-06-30": "7433.00000", "2020-03-31": "7461.00000", "2019-12-31": "7543.00000", "2019-09-30": "7717.00000", "2019-06-30": "7954.00000", "2019-03-31": "7811.00000", "2018-12-31": "7290.00000", "2018-09-30": "7438.00000", "2018-06-30": "7491.00000", "2018-03-31": "7325.00000", "2017-12-31": "7337.00000", "2017-09-30": "7521.00000", "2017-06-30": "7426.00000", "2017-03-31": "7330.00000", "2016-12-31": "7421.00000", "2016-09-30": "7455.00000", "2016-06-30": "7630.00000", "2016-03-31": "7400.00000", "2015-12-31": "7531.00000", "2015-09-30": "8029.00000", "2015-06-30": "7846.00000", "2015-03-31": "7432.00000", "2014-12-31": "7304.00000", "2014-09-30": "7646.00000", "2014-06-30": "7443.00000", "2014-03-31": "7227.00000", "2013-12-31": "7326.00000", "2013-09-30": "7182.00000", "2013-06-30": "7299.00000", "2013-03-31": "7415.00000", "2012-12-31": "7445.00000", "2012-09-30": "7351.00000", "2012-06-30": "7822.00000", "2012-03-31": "7797.00000", "2011-12-31": "7350.00000", "2011-09-30": "0.00000", "2011-06-30": "0.00000", "2011-03-31": "0.00000", "2010-12-31": "0.00000", "2010-09-30": "0.00000", "2010-06-30": "0.00000", "2010-03-31": "0.00000"}, "Total Current Liabilities": {"2020-09-30": "724.00000", "2020-06-30": "1286.00000", "2020-03-31": "1226.00000", "2019-12-31": "668.00000", "2019-09-30": "861.00000", "2019-06-30": "945.00000", "2019-03-31": "940.00000", "2018-12-31": "1175.00000", "2018-09-30": "1303.00000", "2018-06-30": "1379.00000", "2018-03-31": "897.00000", "2017-12-31": "761.00000", "2017-09-30": "836.00000", "2017-06-30": "830.00000", "2017-03-31": "880.00000", "2016-12-31": "845.00000", "2016-09-30": "770.00000", "2016-06-30": "596.00000", "2016-03-31": "1054.00000", "2015-12-31": "1327.00000", "2015-09-30": "607.00000", "2015-06-30": "576.00000", "2015-03-31": "497.00000", "2014-12-31": "558.00000", "2014-09-30": "582.00000", "2014-06-30": "554.00000", "2014-03-31": "501.00000", "2013-12-31": "577.00000", "2013-09-30": "563.00000", "2013-06-30": "609.00000", "2013-03-31": "528.00000", "2012-12-31": "575.00000", "2012-09-30": "848.00000", "2012-06-30": "797.00000", "2012-03-31": "821.00000", "2011-12-31": "704.00000", "2011-09-30": "", "2011-06-30": "", "2011-03-31": "", "2010-12-31": "", "2010-09-30": "", "2010-06-30": "", "2010-03-31": ""}, "Long Term Debt": {"2020-09-30": "3159.00000", "2020-06-30": "3175.00000", "2020-03-31": "3200.00000", "2019-12-31": "3211.00000", "2019-09-30": "3449.00000", "2019-06-30": "3529.00000", "2019-03-31": "3522.00000", "2018-12-31": "2800.00000", "2018-09-30": "3070.00000", "2018-06-30": "3073.00000", "2018-03-31": "3447.00000", "2017-12-31": "3415.00000", "2017-09-30": "3468.00000", "2017-06-30": "3469.00000", "2017-03-31": "3428.00000", "2016-12-31": "3470.00000", "2016-09-30": "3528.00000", "2016-06-30": "3971.00000", "2016-03-31": "3423.00000", "2015-12-31": "3209.00000", "2015-09-30": "4232.00000", "2015-06-30": "4291.00000", "2015-03-31": "4156.00000", "2014-12-31": "4105.00000", "2014-09-30": "4227.00000", "2014-06-30": "4203.00000", "2014-03-31": "4197.00000", "2013-12-31": "4157.00000", "2013-09-30": "4202.00000", "2013-06-30": "4416.00000", "2013-03-31": "4710.00000", "2012-12-31": "4627.00000", "2012-09-30": "7551.00000", "2012-06-30": "7602.00000", "2012-03-31": "7534.00000", "2011-12-31": "7477.00000", "2011-09-30": "", "2011-06-30": "", "2011-03-31": "", "2010-12-31": "", "2010-09-30": "", "2010-06-30": "", "2010-03-31": ""}, "Other Non-Current Liabilities": {"2020-09-30": "587.00000", "2020-06-30": "522.00000", "2020-03-31": "572.00000", "2019-12-31": "589.00000", "2019-09-30": "250.00000", "2019-06-30": "246.00000", "2019-03-31": "205.00000", "2018-12-31": "611.00000", "2018-09-30": "244.00000", "2018-06-30": "256.00000", "2018-03-31": "262.00000", "2017-12-31": "212.00000", "2017-09-30": "234.00000", "2017-06-30": "258.00000", "2017-03-31": "268.00000", "2016-12-31": "248.00000", "2016-09-30": "324.00000", "2016-06-30": "340.00000", "2016-03-31": "331.00000", "2015-12-31": "306.00000", "2015-09-30": "318.00000", "2015-06-30": "293.00000", "2015-03-31": "289.00000", "2014-12-31": "287.00000", "2014-09-30": "267.00000", "2014-06-30": "268.00000", "2014-03-31": "255.00000", "2013-12-31": "242.00000", "2013-09-30": "285.00000", "2013-06-30": "275.00000", "2013-03-31": "286.00000", "2012-12-31": "280.00000", "2012-09-30": "256.00000", "2012-06-30": "249.00000", "2012-03-31": "248.00000", "2011-12-31": "247.00000", "2011-09-30": "", "2011-06-30": "", "2011-03-31": "", "2010-12-31": "", "2010-09-30": "", "2010-06-30": "", "2010-03-31": ""}, "Total Long Term Liabilities": {"2020-09-30": "4025.00000", "2020-06-30": "3946.00000", "2020-03-31": "4025.00000", "2019-12-31": "4190.00000", "2019-09-30": "4073.00000", "2019-06-30": "4160.00000", "2019-03-31": "4079.00000", "2018-12-31": "3800.00000", "2018-09-30": "3692.00000", "2018-06-30": "3670.00000", "2018-03-31": "4000.00000", "2017-12-31": "3954.00000", "2017-09-30": "4220.00000", "2017-06-30": "4173.00000", "2017-03-31": "4075.00000", "2016-12-31": "4107.00000", "2016-09-30": "4217.00000", "2016-06-30": "4610.00000", "2016-03-31": "3993.00000", "2015-12-31": "3782.00000", "2015-09-30": "5029.00000", "2015-06-30": "4997.00000", "2015-03-31": "4777.00000", "2014-12-31": "4563.00000", "2014-09-30": "4899.00000", "2014-06-30": "4832.00000", "2014-03-31": "4751.00000", "2013-12-31": "4736.00000", "2013-09-30": "4946.00000", "2013-06-30": "5144.00000", "2013-03-31": "5444.00000", "2012-12-31": "5351.00000", "2012-09-30": "8245.00000", "2012-06-30": "8746.00000", "2012-03-31": "8674.00000", "2011-12-31": "8145.00000", "2011-09-30": "", "2011-06-30": "", "2011-03-31": "", "2010-12-31": "", "2010-09-30": "", "2010-06-30": "", "2010-03-31": ""}, "Total Liabilities": {"2020-09-30": "5315.00000", "2020-06-30": "5808.00000", "2020-03-31": "5827.00000", "2019-12-31": "5447.00000", "2019-09-30": "5534.00000", "2019-06-30": "5701.00000", "2019-03-31": "5622.00000", "2018-12-31": "4975.00000", "2018-09-30": "4995.00000", "2018-06-30": "5049.00000", "2018-03-31": "4897.00000", "2017-12-31": "4715.00000", "2017-09-30": "5056.00000", "2017-06-30": "5003.00000", "2017-03-31": "4955.00000", "2016-12-31": "4952.00000", "2016-09-30": "4987.00000", "2016-06-30": "5206.00000", "2016-03-31": "5047.00000", "2015-12-31": "5109.00000", "2015-09-30": "5636.00000", "2015-06-30": "5573.00000", "2015-03-31": "5274.00000", "2014-12-31": "5121.00000", "2014-09-30": "5481.00000", "2014-06-30": "5386.00000", "2014-03-31": "5252.00000", "2013-12-31": "5313.00000", "2013-09-30": "5509.00000", "2013-06-30": "5753.00000", "2013-03-31": "5972.00000", "2012-12-31": "5926.00000", "2012-09-30": "9093.00000", "2012-06-30": "9543.00000", "2012-03-31": "9495.00000", "2011-12-31": "8849.00000", "2011-09-30": "0.00000", "2011-06-30": "0.00000", "2011-03-31": "0.00000", "2010-12-31": "0.00000", "2010-09-30": "", "2010-06-30": "", "2010-03-31": ""}, "Common Stock Net": {"2020-09-30": "1.00000", "2020-06-30": "1.00000", "2020-03-31": "1.00000", "2019-12-31": "1.00000", "2019-09-30": "1.00000", "2019-06-30": "1.00000", "2019-03-31": "1.00000", "2018-12-31": "1.00000", "2018-09-30": "1.00000", "2018-06-30": "1.00000", "2018-03-31": "1.00000", "2017-12-31": "1.00000", "2017-09-30": "1.00000", "2017-06-30": "1.00000", "2017-03-31": "1.00000", "2016-12-31": "1.00000", "2016-09-30": "1.00000", "2016-06-30": "1.00000", "2016-03-31": "1.00000", "2015-12-31": "1.00000", "2015-09-30": "1.00000", "2015-06-30": "1.00000", "2015-03-31": "1.00000", "2014-12-31": "1.00000", "2014-09-30": "1.00000", "2014-06-30": "1.00000", "2014-03-31": "1.00000", "2013-12-31": "1.00000", "2013-09-30": "1.00000", "2013-06-30": "1.00000", "2013-03-31": "1.00000", "2012-12-31": "1.00000", "2012-09-30": "", "2012-06-30": "2.00000", "2012-03-31": "2.00000", "2011-12-31": "", "2011-09-30": "0.00000", "2011-06-30": "0.00000", "2011-03-31": "0.00000", "2010-12-31": "0.00000", "2010-09-30": "", "2010-06-30": "", "2010-03-31": ""}, "Retained Earnings (Accumulated Deficit)": {"2020-09-30": "-3073.00000", "2020-06-30": "-3171.00000", "2020-03-31": "-3157.00000", "2019-12-31": "-2695.00000", "2019-09-30": "-2607.00000", "2019-06-30": "-2537.00000", "2019-03-31": "-2606.00000", "2018-12-31": "-2507.00000", "2018-09-30": "-2485.00000", "2018-06-30": "-2588.00000", "2018-03-31": "-2711.00000", "2017-12-31": "-2631.00000", "2017-09-30": "-2886.00000", "2017-06-30": "-2981.00000", "2017-03-31": "-3090.00000", "2016-12-31": "-3062.00000", "2016-09-30": "-3119.00000", "2016-06-30": "-3230.00000", "2016-03-31": "-3322.00000", "2015-12-31": "-3280.00000", "2015-09-30": "-3289.00000", "2015-06-30": "-3399.00000", "2015-03-31": "-3496.00000", "2014-12-31": "-3464.00000", "2014-09-30": "-3485.00000", "2014-06-30": "-3585.00000", "2014-03-31": "-3653.00000", "2013-12-31": "-3607.00000", "2013-09-30": "-3927.00000", "2013-06-30": "-4036.00000", "2013-03-31": "-4120.00000", "2012-12-31": "-4045.00000", "2012-09-30": "-3753.00000", "2012-06-30": "-3728.00000", "2012-03-31": "-3703.00000", "2011-12-31": "-3502.00000", "2011-09-30": "", "2011-06-30": "", "2011-03-31": "", "2010-12-31": "", "2010-09-30": "", "2010-06-30": "", "2010-03-31": ""}, "Comprehensive Income": {"2020-09-30": "-55.00000", "2020-06-30": "-56.00000", "2020-03-31": "-57.00000", "2019-12-31": "-56.00000", "2019-09-30": "-52.00000", "2019-06-30": "-51.00000", "2019-03-31": "-50.00000", "2018-12-31": "-52.00000", "2018-09-30": "-47.00000", "2018-06-30": "-47.00000", "2018-03-31": "-44.00000", "2017-12-31": "-37.00000", "2017-09-30": "-37.00000", "2017-06-30": "-38.00000", "2017-03-31": "-39.00000", "2016-12-31": "-40.00000", "2016-09-30": "-39.00000", "2016-06-30": "-38.00000", "2016-03-31": "-36.00000", "2015-12-31": "-36.00000", "2015-09-30": "-38.00000", "2015-06-30": "-35.00000", "2015-03-31": "-37.00000", "2014-12-31": "-35.00000", "2014-09-30": "-20.00000", "2014-06-30": "-17.00000", "2014-03-31": "-19.00000", "2013-12-31": "-19.00000", "2013-09-30": "-31.00000", "2013-06-30": "-34.00000", "2013-03-31": "-34.00000", "2012-12-31": "-31.00000", "2012-09-30": "-26.00000", "2012-06-30": "-30.00000", "2012-03-31": "-30.00000", "2011-12-31": "-32.00000", "2011-09-30": "", "2011-06-30": "", "2011-03-31": "", "2010-12-31": "", "2010-09-30": "", "2010-06-30": "", "2010-03-31": ""}, "Other Share Holders Equity": {"2020-09-30": "", "2020-06-30": "", "2020-03-31": "", "2019-12-31": "", "2019-09-30": "", "2019-06-30": "", "2019-03-31": "", "2018-12-31": "", "2018-09-30": "", "2018-06-30": "", "2018-03-31": "", "2017-12-31": "", "2017-09-30": "", "2017-06-30": "", "2017-03-31": "", "2016-12-31": "", "2016-09-30": "", "2016-06-30": "", "2016-03-31": "", "2015-12-31": "", "2015-09-30": "", "2015-06-30": "", "2015-03-31": "", "2014-12-31": "", "2014-09-30": "", "2014-06-30": "", "2014-03-31": "", "2013-12-31": "", "2013-09-30": "", "2013-06-30": "", "2013-03-31": "", "2012-12-31": "", "2012-09-30": "", "2012-06-30": "", "2012-03-31": "", "2011-12-31": "", "2011-09-30": "0.00000", "2011-06-30": "0.00000", "2011-03-31": "0.00000", "2010-12-31": "0.00000", "2010-09-30": "", "2010-06-30": "", "2010-03-31": ""}, "Share Holder Equity": {"2020-09-30": "1733.00000", "2020-06-30": "1625.00000", "2020-03-31": "1634.00000", "2019-12-31": "2096.00000", "2019-09-30": "2183.00000", "2019-06-30": "2253.00000", "2019-03-31": "2189.00000", "2018-12-31": "2315.00000", "2018-09-30": "2443.00000", "2018-06-30": "2442.00000", "2018-03-31": "2428.00000", "2017-12-31": "2622.00000", "2017-09-30": "2465.00000", "2017-06-30": "2423.00000", "2017-03-31": "2375.00000", "2016-12-31": "2469.00000", "2016-09-30": "2468.00000", "2016-06-30": "2424.00000", "2016-03-31": "2353.00000", "2015-12-31": "2422.00000", "2015-09-30": "2393.00000", "2015-06-30": "2273.00000", "2015-03-31": "2158.00000", "2014-12-31": "2183.00000", "2014-09-30": "2165.00000", "2014-06-30": "2057.00000", "2014-03-31": "1975.00000", "2013-12-31": "2013.00000", "2013-09-30": "1673.00000", "2013-06-30": "1546.00000", "2013-03-31": "1443.00000", "2012-12-31": "1519.00000", "2012-09-30": "-1742.00000", "2012-06-30": "-1721.00000", "2012-03-31": "-1698.00000", "2011-12-31": "-1499.00000", "2011-09-30": "0.00000", "2011-06-30": "0.00000", "2011-03-31": "0.00000", "2010-12-31": "0.00000", "2010-09-30": "", "2010-06-30": "", "2010-03-31": ""}, "Total Liabilities And Share Holders Equity": {"2020-09-30": "7048.00000", "2020-06-30": "7433.00000", "2020-03-31": "7461.00000", "2019-12-31": "7543.00000", "2019-09-30": "7717.00000", "2019-06-30": "7954.00000", "2019-03-31": "7811.00000", "2018-12-31": "7290.00000", "2018-09-30": "7438.00000", "2018-06-30": "7491.00000", "2018-03-31": "7325.00000", "2017-12-31": "7337.00000", "2017-09-30": "7521.00000", "2017-06-30": "7426.00000", "2017-03-31": "7330.00000", "2016-12-31": "7421.00000", "2016-09-30": "7455.00000", "2016-06-30": "7630.00000", "2016-03-31": "7400.00000", "2015-12-31": "7531.00000", "2015-09-30": "8029.00000", "2015-06-30": "7846.00000", "2015-03-31": "7432.00000", "2014-12-31": "7304.00000", "2014-09-30": "7646.00000", "2014-06-30": "7443.00000", "2014-03-31": "7227.00000", "2013-12-31": "7326.00000", "2013-09-30": "7182.00000", "2013-06-30": "7299.00000", "2013-03-31": "7415.00000", "2012-12-31": "7445.00000", "2012-09-30": "7351.00000", "2012-06-30": "7822.00000", "2012-03-31": "7797.00000", "2011-12-31": "7350.00000", "2011-09-30": "0.00000", "2011-06-30": "0.00000", "2011-03-31": "0.00000", "2010-12-31": "0.00000", "2010-09-30": "", "2010-06-30": "", "2010-03-31": ""}}, "cash flow statement": {"Net Income/Loss": {"2019-12-31": "-185.00000", "2018-12-31": "140.00000", "2017-12-31": "434.00000", "2016-12-31": "217.00000", "2015-12-31": "188.00000", "2014-12-31": "147.00000", "2013-12-31": "443.00000", "2012-12-31": "-540.00000", "2011-12-31": "-439.00000", "2010-12-31": "-97.00000", "2009-12-31": "0.00000", "2008-12-31": "0.00000"}, "Total Depreciation And Amortization - Cash Flow": {"2019-12-31": "179.00000", "2018-12-31": "179.00000", "2017-12-31": "182.00000", "2016-12-31": "218.00000", "2015-12-31": "219.00000", "2014-12-31": "207.00000", "2013-12-31": "188.00000", "2012-12-31": "188.00000", "2011-12-31": "204.00000", "2010-12-31": "227.00000", "2009-12-31": "", "2008-12-31": ""}, "Other Non-Cash Items": {"2019-12-31": "381.00000", "2018-12-31": "123.00000", "2017-12-31": "37.00000", "2016-12-31": "173.00000", "2015-12-31": "203.00000", "2014-12-31": "163.00000", "2013-12-31": "-226.00000", "2012-12-31": "288.00000", "2011-12-31": "52.00000", "2010-12-31": "101.00000", "2009-12-31": "", "2008-12-31": ""}, "Total Non-Cash Items": {"2019-12-31": "560.00000", "2018-12-31": "302.00000", "2017-12-31": "219.00000", "2016-12-31": "391.00000", "2015-12-31": "422.00000", "2014-12-31": "370.00000", "2013-12-31": "-38.00000", "2012-12-31": "476.00000", "2011-12-31": "256.00000", "2010-12-31": "328.00000", "2009-12-31": "", "2008-12-31": ""}, "Change In Accounts Receivable": {"2019-12-31": "5.00000", "2018-12-31": "7.00000", "2017-12-31": "-2.00000", "2016-12-31": "21.00000", "2015-12-31": "-10.00000", "2014-12-31": "-25.00000", "2013-12-31": "55.00000", "2012-12-31": "54.00000", "2011-12-31": "2.00000", "2010-12-31": "-36.00000", "2009-12-31": "", "2008-12-31": ""}, "Change In Inventories": {"2019-12-31": "", "2018-12-31": "", "2017-12-31": "", "2016-12-31": "", "2015-12-31": "", "2014-12-31": "", "2013-12-31": "", "2012-12-31": "", "2011-12-31": "", "2010-12-31": "", "2009-12-31": "", "2008-12-31": ""}, "Change In Accounts Payable": {"2019-12-31": "", "2018-12-31": "", "2017-12-31": "", "2016-12-31": "", "2015-12-31": "", "2014-12-31": "", "2013-12-31": "", "2012-12-31": "", "2011-12-31": "", "2010-12-31": "", "2009-12-31": "", "2008-12-31": ""}, "Change In Assets/Liabilities": {"2019-12-31": "5.00000", "2018-12-31": "-12.00000", "2017-12-31": "20.00000", "2016-12-31": "-22.00000", "2015-12-31": "-16.00000", "2014-12-31": "-9.00000", "2013-12-31": "41.00000", "2012-12-31": "44.00000", "2011-12-31": "7.00000", "2010-12-31": "-363.00000", "2009-12-31": "", "2008-12-31": ""}, "Total Change In Assets/Liabilities": {"2019-12-31": "-1.00000", "2018-12-31": "-48.00000", "2017-12-31": "14.00000", "2016-12-31": "-18.00000", "2015-12-31": "-18.00000", "2014-12-31": "-87.00000", "2013-12-31": "82.00000", "2012-12-31": "-30.00000", "2011-12-31": "-14.00000", "2010-12-31": "-369.00000", "2009-12-31": "", "2008-12-31": ""}, "Cash Flow From Operating Activities": {"2019-12-31": "371.00000", "2018-12-31": "394.00000", "2017-12-31": "667.00000", "2016-12-31": "586.00000", "2015-12-31": "588.00000", "2014-12-31": "429.00000", "2013-12-31": "492.00000", "2012-12-31": "-103.00000", "2011-12-31": "-192.00000", "2010-12-31": "-118.00000", "2009-12-31": "", "2008-12-31": ""}, "Net Change In Property, Plant, And Equipment": {"2019-12-31": "-108.00000", "2018-12-31": "-92.00000", "2017-12-31": "-90.00000", "2016-12-31": "-87.00000", "2015-12-31": "-84.00000", "2014-12-31": "-71.00000", "2013-12-31": "-62.00000", "2012-12-31": "-54.00000", "2011-12-31": "-49.00000", "2010-12-31": "-44.00000", "2009-12-31": "", "2008-12-31": ""}, "Net Change In Intangible Assets": {"2019-12-31": "", "2018-12-31": "", "2017-12-31": "", "2016-12-31": "", "2015-12-31": "", "2014-12-31": "", "2013-12-31": "", "2012-12-31": "", "2011-12-31": "", "2010-12-31": "", "2009-12-31": "", "2008-12-31": ""}, "Net Acquisitions/Divestitures": {"2019-12-31": "-1.00000", "2018-12-31": "-1.00000", "2017-12-31": "-18.00000", "2016-12-31": "-95.00000", "2015-12-31": "-127.00000", "2014-12-31": "-215.00000", "2013-12-31": "-32.00000", "2012-12-31": "-3.00000", "2011-12-31": "-6.00000", "2010-12-31": "-17.00000", "2009-12-31": "", "2008-12-31": ""}, "Net Change In Short-term Investments": {"2019-12-31": "-12.00000", "2018-12-31": "-15.00000", "2017-12-31": "-55.00000", "2016-12-31": "0.00000", "2015-12-31": "", "2014-12-31": "", "2013-12-31": "", "2012-12-31": "", "2011-12-31": "", "2010-12-31": "", "2009-12-31": "", "2008-12-31": ""}, "Net Change In Long-Term Investments": {"2019-12-31": "", "2018-12-31": "19.00000", "2017-12-31": "11.00000", "2016-12-31": "", "2015-12-31": "", "2014-12-31": "", "2013-12-31": "", "2012-12-31": "", "2011-12-31": "", "2010-12-31": "", "2009-12-31": "", "2008-12-31": ""}, "Net Change In Investments - Total": {"2019-12-31": "-12.00000", "2018-12-31": "4.00000", "2017-12-31": "-44.00000", "2016-12-31": "", "2015-12-31": "", "2014-12-31": "", "2013-12-31": "", "2012-12-31": "", "2011-12-31": "", "2010-12-31": "", "2009-12-31": "", "2008-12-31": ""}, "Investing Activities - Other": {"2019-12-31": "-7.00000", "2018-12-31": "-2.00000", "2017-12-31": "6.00000", "2016-12-31": "-9.00000", "2015-12-31": "", "2014-12-31": "-12.00000", "2013-12-31": "-8.00000", "2012-12-31": "-9.00000", "2011-12-31": "6.00000", "2010-12-31": "-9.00000", "2009-12-31": "", "2008-12-31": ""}, "Cash Flow From Investing Activities": {"2019-12-31": "-128.00000", "2018-12-31": "-91.00000", "2017-12-31": "-146.00000", "2016-12-31": "-191.00000", "2015-12-31": "-211.00000", "2014-12-31": "-298.00000", "2013-12-31": "-102.00000", "2012-12-31": "-66.00000", "2011-12-31": "-49.00000", "2010-12-31": "-70.00000", "2009-12-31": "", "2008-12-31": ""}, "Net Long-Term Debt": {"2019-12-31": "17.00000", "2018-12-31": "13.00000", "2017-12-31": "", "2016-12-31": "-193.00000", "2015-12-31": "395.00000", "2014-12-31": "19.00000", "2013-12-31": "-366.00000", "2012-12-31": "-1462.00000", "2011-12-31": "-612.00000", "2010-12-31": "-5.00000", "2009-12-31": "", "2008-12-31": ""}, "Net Current Debt": {"2019-12-31": "-80.00000", "2018-12-31": "200.00000", "2017-12-31": "-130.00000", "2016-12-31": "", "2015-12-31": "-589.00000", "2014-12-31": "", "2013-12-31": "-110.00000", "2012-12-31": "720.00000", "2011-12-31": "845.00000", "2010-12-31": "142.00000", "2009-12-31": "", "2008-12-31": ""}, "Debt Issuance/Retirement Net - Total": {"2019-12-31": "-63.00000", "2018-12-31": "213.00000", "2017-12-31": "-130.00000", "2016-12-31": "-193.00000", "2015-12-31": "-194.00000", "2014-12-31": "19.00000", "2013-12-31": "-476.00000", "2012-12-31": "-742.00000", "2011-12-31": "233.00000", "2010-12-31": "137.00000", "2009-12-31": "", "2008-12-31": ""}, "Net Common Equity Issued/Repurchased": {"2019-12-31": "-20.00000", "2018-12-31": "-401.00000", "2017-12-31": "-272.00000", "2016-12-31": "-193.00000", "2015-12-31": "5.00000", "2014-12-31": "6.00000", "2013-12-31": "5.00000", "2012-12-31": "1176.00000", "2011-12-31": "", "2010-12-31": "", "2009-12-31": "", "2008-12-31": ""}, "Net Total Equity Issued/Repurchased": {"2019-12-31": "-20.00000", "2018-12-31": "-401.00000", "2017-12-31": "-272.00000", "2016-12-31": "-193.00000", "2015-12-31": "5.00000", "2014-12-31": "6.00000", "2013-12-31": "5.00000", "2012-12-31": "1176.00000", "2011-12-31": "", "2010-12-31": "", "2009-12-31": "", "2008-12-31": ""}, "Total Common And Preferred Stock Dividends Paid": {"2019-12-31": "-31.00000", "2018-12-31": "-45.00000", "2017-12-31": "-49.00000", "2016-12-31": "-26.00000", "2015-12-31": "", "2014-12-31": "", "2013-12-31": "", "2012-12-31": "", "2011-12-31": "", "2010-12-31": "", "2009-12-31": "", "2008-12-31": ""}, "Financial Activities - Other": {"2019-12-31": "-101.00000", "2018-12-31": "-64.00000", "2017-12-31": "-119.00000", "2016-12-31": "-122.00000", "2015-12-31": "-86.00000", "2014-12-31": "-77.00000", "2013-12-31": "-59.00000", "2012-12-31": "-33.00000", "2011-12-31": "-41.00000", "2010-12-31": "-13.00000", "2009-12-31": "", "2008-12-31": ""}, "Cash Flow From Financial Activities": {"2019-12-31": "-215.00000", "2018-12-31": "-297.00000", "2017-12-31": "-570.00000", "2016-12-31": "-534.00000", "2015-12-31": "-275.00000", "2014-12-31": "-52.00000", "2013-12-31": "-530.00000", "2012-12-31": "401.00000", "2011-12-31": "192.00000", "2010-12-31": "124.00000", "2009-12-31": "", "2008-12-31": ""}, "Net Cash Flow": {"2019-12-31": "28.00000", "2018-12-31": "4.00000", "2017-12-31": "-47.00000", "2016-12-31": "-142.00000", "2015-12-31": "100.00000", "2014-12-31": "77.00000", "2013-12-31": "-140.00000", "2012-12-31": "233.00000", "2011-12-31": "-49.00000", "2010-12-31": "-63.00000", "2009-12-31": "", "2008-12-31": ""}, "Stock-Based Compensation": {"2019-12-31": "28.00000", "2018-12-31": "37.00000", "2017-12-31": "47.00000", "2016-12-31": "57.00000", "2015-12-31": "57.00000", "2014-12-31": "42.00000", "2013-12-31": "61.00000", "2012-12-31": "24.00000", "2011-12-31": "7.00000", "2010-12-31": "", "2009-12-31": "", "2008-12-31": ""}, "Common Stock Dividends Paid": {"2019-12-31": "-31.00000", "2018-12-31": "-45.00000", "2017-12-31": "-49.00000", "2016-12-31": "-26.00000", "2015-12-31": "0.00000", "2014-12-31": "", "2013-12-31": "", "2012-12-31": "", "2011-12-31": "", "2010-12-31": "", "2009-12-31": "", "2008-12-31": ""}}, "cash flow statement, quarterly": {"Net Income/Loss": {"2020-09-30": 99, "2020-06-30": -13, "2020-03-31": "-462.00000", "2019-12-31": -44, "2019-09-30": -112, "2019-06-30": 70, "2019-03-31": "-99.00000", "2018-12-31": -21, "2018-09-30": 104, "2018-06-30": 124, "2018-03-31": "-67.00000", "2017-12-31": 256, "2017-09-30": 96, "2017-06-30": 110, "2017-03-31": "-28.00000", "2016-12-31": 58, "2016-09-30": 107, "2016-06-30": 94, "2016-03-31": "-42.00000", "2015-12-31": 10, "2015-09-30": 112, "2015-06-30": 98, "2015-03-31": "-32.00000", "2014-12-31": 22, "2014-09-30": 102, "2014-06-30": 69, "2014-03-31": "-46.00000", "2013-12-31": 321, "2013-09-30": 110, "2013-06-30": 86, "2013-03-31": "-74.00000", "2012-12-31": -291, "2012-09-30": -33, "2012-06-30": -24, "2012-03-31": "-192.00000", "2011-12-31": -154, "2011-09-30": -27, "2011-06-30": -21, "2011-03-31": "-237.00000", "2010-12-31": -97, "2010-09-30": 0, "2010-06-30": 0, "2010-03-31": "0.00000"}, "Total Depreciation And Amortization - Cash Flow": {"2020-09-30": 46, "2020-06-30": 49, "2020-03-31": "47.00000", "2019-12-31": 46, "2019-09-30": 44, "2019-06-30": 45, "2019-03-31": "44.00000", "2018-12-31": 22, "2018-09-30": 53, "2018-06-30": 52, "2018-03-31": "52.00000", "2017-12-31": 21, "2017-09-30": 54, "2017-06-30": 53, "2017-03-31": "54.00000", "2016-12-31": 57, "2016-09-30": 57, "2016-06-30": 52, "2016-03-31": "52.00000", "2015-12-31": 53, "2015-09-30": 59, "2015-06-30": 57, "2015-03-31": "50.00000", "2014-12-31": 54, "2014-09-30": 53, "2014-06-30": 50, "2014-03-31": "50.00000", "2013-12-31": 47, "2013-09-30": 48, "2013-06-30": 48, "2013-03-31": "45.00000", "2012-12-31": 45, "2012-09-30": 46, "2012-06-30": 48, "2012-03-31": "49.00000", "2011-12-31": 52, "2011-09-30": 50, "2011-06-30": 51, "2011-03-31": "51.00000", "2010-12-31": 227, "2010-09-30": 0, "2010-06-30": 0, "2010-03-31": ""}, "Other Non-Cash Items": {"2020-09-30": 76, "2020-06-30": 36, "2020-03-31": "399.00000", "2019-12-31": 130, "2019-09-30": 245, "2019-06-30": 10, "2019-03-31": "-4.00000", "2018-12-31": 43, "2018-09-30": 41, "2018-06-30": 59, "2018-03-31": "-20.00000", "2017-12-31": -134, "2017-09-30": 77, "2017-06-30": 86, "2017-03-31": "8.00000", "2016-12-31": 7, "2016-09-30": 68, "2016-06-30": 82, "2016-03-31": "16.00000", "2015-12-31": 50, "2015-09-30": 97, "2015-06-30": 65, "2015-03-31": "-9.00000", "2014-12-31": 26, "2014-09-30": 66, "2014-06-30": 85, "2014-03-31": "-14.00000", "2013-12-31": -262, "2013-09-30": 18, "2013-06-30": 16, "2013-03-31": "2.00000", "2012-12-31": 300, "2012-09-30": -7, "2012-06-30": -7, "2012-03-31": "2.00000", "2011-12-31": 9, "2011-09-30": -5, "2011-06-30": -4, "2011-03-31": "52.00000", "2010-12-31": 101, "2010-09-30": 0, "2010-06-30": 0, "2010-03-31": ""}, "Total Non-Cash Items": {"2020-09-30": 122, "2020-06-30": 85, "2020-03-31": "446.00000", "2019-12-31": 176, "2019-09-30": 289, "2019-06-30": 55, "2019-03-31": "40.00000", "2018-12-31": 65, "2018-09-30": 94, "2018-06-30": 111, "2018-03-31": "32.00000", "2017-12-31": -113, "2017-09-30": 131, "2017-06-30": 139, "2017-03-31": "62.00000", "2016-12-31": 64, "2016-09-30": 125, "2016-06-30": 134, "2016-03-31": "68.00000", "2015-12-31": 103, "2015-09-30": 156, "2015-06-30": 122, "2015-03-31": "41.00000", "2014-12-31": 80, "2014-09-30": 119, "2014-06-30": 135, "2014-03-31": "36.00000", "2013-12-31": -215, "2013-09-30": 66, "2013-06-30": 64, "2013-03-31": "47.00000", "2012-12-31": 345, "2012-09-30": 39, "2012-06-30": 41, "2012-03-31": "51.00000", "2011-12-31": 9, "2011-09-30": 45, "2011-06-30": 47, "2011-03-31": "103.00000", "2010-12-31": 227, "2010-09-30": 0, "2010-06-30": 0, "2010-03-31": ""}, "Change In Accounts Receivable": {"2020-09-30": -17, "2020-06-30": 11, "2020-03-31": "-24.00000", "2019-12-31": 22, "2019-09-30": 26, "2019-06-30": -27, "2019-03-31": "-16.00000", "2018-12-31": 145, "2018-09-30": 20, "2018-06-30": -123, "2018-03-31": "-35.00000", "2017-12-31": 41, "2017-09-30": 30, "2017-06-30": -99, "2017-03-31": "26.00000", "2016-12-31": 64, "2016-09-30": 69, "2016-06-30": -106, "2016-03-31": "-6.00000", "2015-12-31": 100, "2015-09-30": 74, "2015-06-30": -139, "2015-03-31": "-45.00000", "2014-12-31": 114, "2014-09-30": -17, "2014-06-30": -105, "2014-03-31": "-17.00000", "2013-12-31": 71, "2013-09-30": 81, "2013-06-30": -101, "2013-03-31": "4.00000", "2012-12-31": 112, "2012-09-30": 10, "2012-06-30": -60, "2012-03-31": "-8.00000", "2011-12-31": 94, "2011-09-30": -19, "2011-06-30": -57, "2011-03-31": "-16.00000", "2010-12-31": -36, "2010-09-30": 0, "2010-06-30": 0, "2010-03-31": ""}, "Change In Inventories": {"2020-09-30": 0, "2020-06-30": 0, "2020-03-31": "", "2019-12-31": 0, "2019-09-30": 0, "2019-06-30": 0, "2019-03-31": "", "2018-12-31": 0, "2018-09-30": 0, "2018-06-30": 0, "2018-03-31": "", "2017-12-31": 0, "2017-09-30": 0, "2017-06-30": 0, "2017-03-31": "", "2016-12-31": 0, "2016-09-30": 0, "2016-06-30": 0, "2016-03-31": "", "2015-12-31": 0, "2015-09-30": 0, "2015-06-30": 0, "2015-03-31": "", "2014-12-31": 0, "2014-09-30": 0, "2014-06-30": 0, "2014-03-31": "", "2013-12-31": 0, "2013-09-30": 0, "2013-06-30": 0, "2013-03-31": "", "2012-12-31": 0, "2012-09-30": 0, "2012-06-30": 0, "2012-03-31": "", "2011-12-31": 0, "2011-09-30": 0, "2011-06-30": 0, "2011-03-31": "", "2010-12-31": 0, "2010-09-30": 0, "2010-06-30": 0, "2010-03-31": ""}, "Change In Accounts Payable": {"2020-09-30": 0, "2020-06-30": 0, "2020-03-31": "", "2019-12-31": 0, "2019-09-30": 0, "2019-06-30": 0, "2019-03-31": "", "2018-12-31": 0, "2018-09-30": 0, "2018-06-30": 0, "2018-03-31": "", "2017-12-31": 0, "2017-09-30": 0, "2017-06-30": 0, "2017-03-31": "", "2016-12-31": 0, "2016-09-30": 0, "2016-06-30": 0, "2016-03-31": "", "2015-12-31": 0, "2015-09-30": 0, "2015-06-30": 0, "2015-03-31": "", "2014-12-31": 0, "2014-09-30": 0, "2014-06-30": 0, "2014-03-31": "", "2013-12-31": 0, "2013-09-30": 0, "2013-06-30": 0, "2013-03-31": "", "2012-12-31": 0, "2012-09-30": 0, "2012-06-30": 0, "2012-03-31": "", "2011-12-31": 0, "2011-09-30": 0, "2011-06-30": 0, "2011-03-31": "", "2010-12-31": 0, "2010-09-30": 0, "2010-06-30": 0, "2010-03-31": ""}, "Change In Assets/Liabilities": {"2020-09-30": 51, "2020-06-30": 32, "2020-03-31": "-27.00000", "2019-12-31": 12, "2019-09-30": 6, "2019-06-30": 3, "2019-03-31": "-16.00000", "2018-12-31": 5, "2018-09-30": 4, "2018-06-30": -2, "2018-03-31": "-19.00000", "2017-12-31": 40, "2017-09-30": 14, "2017-06-30": -7, "2017-03-31": "-27.00000", "2016-12-31": 1, "2016-09-30": -5, "2016-06-30": -6, "2016-03-31": "-12.00000", "2015-12-31": 20, "2015-09-30": -29, "2015-06-30": 0, "2015-03-31": "-7.00000", "2014-12-31": -7, "2014-09-30": -1, "2014-06-30": 4, "2014-03-31": "-5.00000", "2013-12-31": -8, "2013-09-30": 9, "2013-06-30": 23, "2013-03-31": "17.00000", "2012-12-31": 21, "2012-09-30": 10, "2012-06-30": 2, "2012-03-31": "11.00000", "2011-12-31": 13, "2011-09-30": 16, "2011-06-30": -14, "2011-03-31": "-8.00000", "2010-12-31": -363, "2010-09-30": 0, "2010-06-30": 0, "2010-03-31": ""}, "Total Change In Assets/Liabilities": {"2020-09-30": 164, "2020-06-30": 43, "2020-03-31": "-66.00000", "2019-12-31": 9, "2019-09-30": -2, "2019-06-30": 36, "2019-03-31": "-44.00000", "2018-12-31": 125, "2018-09-30": 19, "2018-06-30": -93, "2018-03-31": "-99.00000", "2017-12-31": 77, "2017-09-30": 33, "2017-06-30": -51, "2017-03-31": "-45.00000", "2016-12-31": 53, "2016-09-30": 77, "2016-06-30": -59, "2016-03-31": "-89.00000", "2015-12-31": 76, "2015-09-30": 61, "2015-06-30": -63, "2015-03-31": "-92.00000", "2014-12-31": 58, "2014-09-30": 3, "2014-06-30": -47, "2014-03-31": "-101.00000", "2013-12-31": 56, "2013-09-30": 44, "2013-06-30": 0, "2013-03-31": "-18.00000", "2012-12-31": -139, "2012-09-30": 82, "2012-06-30": -79, "2012-03-31": "106.00000", "2011-12-31": 33, "2011-09-30": 49, "2011-06-30": -134, "2011-03-31": "38.00000", "2010-12-31": -369, "2010-09-30": 0, "2010-06-30": 0, "2010-03-31": ""}, "Cash Flow From Operating Activities": {"2020-09-30": 385, "2020-06-30": 115, "2020-03-31": "-82.00000", "2019-12-31": 141, "2019-09-30": 174, "2019-06-30": 159, "2019-03-31": "-103.00000", "2018-12-31": 170, "2018-09-30": 215, "2018-06-30": 139, "2018-03-31": "-130.00000", "2017-12-31": 222, "2017-09-30": 259, "2017-06-30": 198, "2017-03-31": "-12.00000", "2016-12-31": 175, "2016-09-30": 308, "2016-06-30": 167, "2016-03-31": "-64.00000", "2015-12-31": 188, "2015-09-30": 327, "2015-06-30": 157, "2015-03-31": "-84.00000", "2014-12-31": 158, "2014-09-30": 223, "2014-06-30": 158, "2014-03-31": "-110.00000", "2013-12-31": 162, "2013-09-30": 232, "2013-06-30": 141, "2013-03-31": "-43.00000", "2012-12-31": -102, "2012-09-30": 92, "2012-06-30": -61, "2012-03-31": "-32.00000", "2011-12-31": -63, "2011-09-30": 65, "2011-06-30": -107, "2011-03-31": "-87.00000", "2010-12-31": -118, "2010-09-30": 0, "2010-06-30": 0, "2010-03-31": ""}, "Net Change In Property, Plant, And Equipment": {"2020-09-30": -19, "2020-06-30": -17, "2020-03-31": "-24.00000", "2019-12-31": -37, "2019-09-30": -21, "2019-06-30": -28, "2019-03-31": "-22.00000", "2018-12-31": -19, "2018-09-30": -24, "2018-06-30": -24, "2018-03-31": "-25.00000", "2017-12-31": -21, "2017-09-30": -21, "2017-06-30": -20, "2017-03-31": "-28.00000", "2016-12-31": -26, "2016-09-30": -21, "2016-06-30": -18, "2016-03-31": "-22.00000", "2015-12-31": -24, "2015-09-30": -19, "2015-06-30": -22, "2015-03-31": "-19.00000", "2014-12-31": -22, "2014-09-30": -18, "2014-06-30": -18, "2014-03-31": "-13.00000", "2013-12-31": -22, "2013-09-30": -18, "2013-06-30": -10, "2013-03-31": "-12.00000", "2012-12-31": -20, "2012-09-30": -15, "2012-06-30": -10, "2012-03-31": "-9.00000", "2011-12-31": 37, "2011-09-30": -12, "2011-06-30": -14, "2011-03-31": "-11.00000", "2010-12-31": 0, "2010-09-30": 0, "2010-06-30": 0, "2010-03-31": ""}, "Net Change In Intangible Assets": {"2020-09-30": 0, "2020-06-30": 0, "2020-03-31": "", "2019-12-31": 0, "2019-09-30": 0, "2019-06-30": 0, "2019-03-31": "", "2018-12-31": 0, "2018-09-30": 0, "2018-06-30": 0, "2018-03-31": "", "2017-12-31": 0, "2017-09-30": 0, "2017-06-30": 0, "2017-03-31": "", "2016-12-31": 0, "2016-09-30": 0, "2016-06-30": 0, "2016-03-31": "", "2015-12-31": 0, "2015-09-30": 0, "2015-06-30": 0, "2015-03-31": "", "2014-12-31": 0, "2014-09-30": 0, "2014-06-30": 0, "2014-03-31": "", "2013-12-31": 0, "2013-09-30": 0, "2013-06-30": 0, "2013-03-31": "", "2012-12-31": 0, "2012-09-30": 0, "2012-06-30": 0, "2012-03-31": "", "2011-12-31": 0, "2011-09-30": 0, "2011-06-30": 0, "2011-03-31": "", "2010-12-31": 0, "2010-09-30": 0, "2010-06-30": 0, "2010-03-31": ""}, "Net Acquisitions/Divestitures": {"2020-09-30": 0, "2020-06-30": 0, "2020-03-31": "-1.00000", "2019-12-31": 0, "2019-09-30": 0, "2019-06-30": -1, "2019-03-31": "", "2018-12-31": 0, "2018-09-30": 0, "2018-06-30": -1, "2018-03-31": "", "2017-12-31": -5, "2017-09-30": -9, "2017-06-30": -3, "2017-03-31": "-1.00000", "2016-12-31": 0, "2016-09-30": -80, "2016-06-30": -2, "2016-03-31": "-13.00000", "2015-12-31": -16, "2015-09-30": -36, "2015-06-30": -75, "2015-03-31": "", "2014-12-31": -12, "2014-09-30": -177, "2014-06-30": -3, "2014-03-31": "-23.00000", "2013-12-31": -27, "2013-09-30": -2, "2013-06-30": -1, "2013-03-31": "-2.00000", "2012-12-31": 2, "2012-09-30": -1, "2012-06-30": 0, "2012-03-31": "-4.00000", "2011-12-31": -1, "2011-09-30": -1, "2011-06-30": -2, "2011-03-31": "-2.00000", "2010-12-31": -17, "2010-09-30": 0, "2010-06-30": 0, "2010-03-31": ""}, "Net Change In Short-term Investments": {"2020-09-30": 0, "2020-06-30": -1, "2020-03-31": "-1.00000", "2019-12-31": -2, "2019-09-30": 0, "2019-06-30": -8, "2019-03-31": "-2.00000", "2018-12-31": 0, "2018-09-30": 0, "2018-06-30": -11, "2018-03-31": "-4.00000", "2017-12-31": -21, "2017-09-30": -31, "2017-06-30": 0, "2017-03-31": "-3.00000", "2016-12-31": 0, "2016-09-30": 0, "2016-06-30": 0, "2016-03-31": "", "2015-12-31": 0, "2015-09-30": 0, "2015-06-30": 0, "2015-03-31": "", "2014-12-31": 0, "2014-09-30": 0, "2014-06-30": 0, "2014-03-31": "", "2013-12-31": 0, "2013-09-30": 0, "2013-06-30": 0, "2013-03-31": "", "2012-12-31": 0, "2012-09-30": 0, "2012-06-30": 0, "2012-03-31": "", "2011-12-31": 0, "2011-09-30": 0, "2011-06-30": 0, "2011-03-31": "", "2010-12-31": 0, "2010-09-30": 0, "2010-06-30": 0, "2010-03-31": ""}, "Net Change In Long-Term Investments": {"2020-09-30": 0, "2020-06-30": 0, "2020-03-31": "", "2019-12-31": 0, "2019-09-30": 0, "2019-06-30": 0, "2019-03-31": "", "2018-12-31": 0, "2018-09-30": 0, "2018-06-30": 0, "2018-03-31": "19.00000", "2017-12-31": 11, "2017-09-30": 0, "2017-06-30": 0, "2017-03-31": "", "2016-12-31": 0, "2016-09-30": 0, "2016-06-30": 0, "2016-03-31": "", "2015-12-31": 0, "2015-09-30": 0, "2015-06-30": 0, "2015-03-31": "", "2014-12-31": 0, "2014-09-30": 0, "2014-06-30": 0, "2014-03-31": "", "2013-12-31": 0, "2013-09-30": 0, "2013-06-30": 0, "2013-03-31": "", "2012-12-31": 0, "2012-09-30": 0, "2012-06-30": 0, "2012-03-31": "", "2011-12-31": 0, "2011-09-30": 0, "2011-06-30": 0, "2011-03-31": "", "2010-12-31": 0, "2010-09-30": 0, "2010-06-30": 0, "2010-03-31": ""}, "Net Change In Investments - Total": {"2020-09-30": 0, "2020-06-30": -1, "2020-03-31": "-1.00000", "2019-12-31": -2, "2019-09-30": 0, "2019-06-30": -8, "2019-03-31": "-2.00000", "2018-12-31": 0, "2018-09-30": 0, "2018-06-30": -11, "2018-03-31": "15.00000", "2017-12-31": -10, "2017-09-30": -31, "2017-06-30": 0, "2017-03-31": "-3.00000", "2016-12-31": 0, "2016-09-30": 0, "2016-06-30": 0, "2016-03-31": "", "2015-12-31": 0, "2015-09-30": 0, "2015-06-30": 0, "2015-03-31": "", "2014-12-31": 0, "2014-09-30": 0, "2014-06-30": 0, "2014-03-31": "", "2013-12-31": 0, "2013-09-30": 0, "2013-06-30": 0, "2013-03-31": "", "2012-12-31": 0, "2012-09-30": 0, "2012-06-30": 0, "2012-03-31": "", "2011-12-31": -49, "2011-09-30": 0, "2011-06-30": 0, "2011-03-31": "", "2010-12-31": -44, "2010-09-30": 0, "2010-06-30": 0, "2010-03-31": ""}, "Investing Activities - Other": {"2020-09-30": -2, "2020-06-30": -6, "2020-03-31": "-13.00000", "2019-12-31": -3, "2019-09-30": -3, "2019-06-30": -2, "2019-03-31": "1.00000", "2018-12-31": -12, "2018-09-30": 9, "2018-06-30": 0, "2018-03-31": "1.00000", "2017-12-31": -11, "2017-09-30": 18, "2017-06-30": 0, "2017-03-31": "-1.00000", "2016-12-31": -2, "2016-09-30": -4, "2016-06-30": -4, "2016-03-31": "1.00000", "2015-12-31": 0, "2015-09-30": 5, "2015-06-30": -8, "2015-03-31": "3.00000", "2014-12-31": -11, "2014-09-30": 7, "2014-06-30": -7, "2014-03-31": "-1.00000", "2013-12-31": -3, "2013-09-30": -1, "2013-06-30": -2, "2013-03-31": "-2.00000", "2012-12-31": 3, "2012-09-30": -5, "2012-06-30": 0, "2012-03-31": "-7.00000", "2011-12-31": 0, "2011-09-30": 1, "2011-06-30": 11, "2011-03-31": "-6.00000", "2010-12-31": -9, "2010-09-30": 0, "2010-06-30": 0, "2010-03-31": ""}, "Cash Flow From Investing Activities": {"2020-09-30": -21, "2020-06-30": -24, "2020-03-31": "-39.00000", "2019-12-31": -42, "2019-09-30": -24, "2019-06-30": -39, "2019-03-31": "-23.00000", "2018-12-31": -31, "2018-09-30": -15, "2018-06-30": -36, "2018-03-31": "-9.00000", "2017-12-31": -47, "2017-09-30": -43, "2017-06-30": -23, "2017-03-31": "-33.00000", "2016-12-31": -28, "2016-09-30": -105, "2016-06-30": -24, "2016-03-31": "-34.00000", "2015-12-31": -40, "2015-09-30": -50, "2015-06-30": -105, "2015-03-31": "-16.00000", "2014-12-31": -45, "2014-09-30": -188, "2014-06-30": -28, "2014-03-31": "-37.00000", "2013-12-31": -52, "2013-09-30": -21, "2013-06-30": -13, "2013-03-31": "-16.00000", "2012-12-31": -15, "2012-09-30": -21, "2012-06-30": -10, "2012-03-31": "-20.00000", "2011-12-31": -13, "2011-09-30": -12, "2011-06-30": -5, "2011-03-31": "-19.00000", "2010-12-31": -70, "2010-09-30": 0, "2010-06-30": 0, "2010-03-31": ""}, "Net Long-Term Debt": {"2020-09-30": 550, "2020-06-30": -550, "2020-03-31": "", "2019-12-31": 0, "2019-09-30": -83, "2019-06-30": 0, "2019-03-31": "100.00000", "2018-12-31": -70, "2018-09-30": 3, "2018-06-30": 78, "2018-03-31": "2.00000", "2017-12-31": -29, "2017-09-30": 11, "2017-06-30": 61, "2017-03-31": "-43.00000", "2016-12-31": -18, "2016-09-30": -439, "2016-06-30": 51, "2016-03-31": "213.00000", "2015-12-31": 342, "2015-09-30": -57, "2015-06-30": 133, "2015-03-31": "-23.00000", "2014-12-31": -49, "2014-09-30": 24, "2014-06-30": 150, "2014-03-31": "-106.00000", "2013-12-31": -6, "2013-09-30": -114, "2013-06-30": -304, "2013-03-31": "58.00000", "2012-12-31": -804, "2012-09-30": 43, "2012-06-30": -45, "2012-03-31": "-656.00000", "2011-12-31": -6, "2011-09-30": 3, "2011-06-30": 16, "2011-03-31": "-625.00000", "2010-12-31": -5, "2010-09-30": 0, "2010-06-30": 0, "2010-03-31": ""}, "Net Current Debt": {"2020-09-30": -1225, "2020-06-30": 610, "2020-03-31": "565.00000", "2019-12-31": -75, "2019-09-30": -65, "2019-06-30": -80, "2019-03-31": "140.00000", "2018-12-31": 20, "2018-09-30": -62, "2018-06-30": 10, "2018-03-31": "232.00000", "2017-12-31": -120, "2017-09-30": 0, "2017-06-30": -120, "2017-03-31": "110.00000", "2016-12-31": 45, "2016-09-30": 155, "2016-06-30": 0, "2016-03-31": "-200.00000", "2015-12-31": -589, "2015-09-30": 0, "2015-06-30": 0, "2015-03-31": "", "2014-12-31": 0, "2014-09-30": 0, "2014-06-30": -145, "2014-03-31": "145.00000", "2013-12-31": -40, "2013-09-30": -102, "2013-06-30": 7, "2013-03-31": "25.00000", "2012-12-31": -10, "2012-09-30": -94, "2012-06-30": 114, "2012-03-31": "710.00000", "2011-12-31": 125, "2011-09-30": -105, "2011-06-30": 158, "2011-03-31": "667.00000", "2010-12-31": 142, "2010-09-30": 0, "2010-06-30": 0, "2010-03-31": ""}, "Debt Issuance/Retirement Net - Total": {"2020-09-30": -675, "2020-06-30": 60, "2020-03-31": "565.00000", "2019-12-31": -75, "2019-09-30": -148, "2019-06-30": -80, "2019-03-31": "240.00000", "2018-12-31": -50, "2018-09-30": -59, "2018-06-30": 88, "2018-03-31": "234.00000", "2017-12-31": -149, "2017-09-30": 11, "2017-06-30": -59, "2017-03-31": "67.00000", "2016-12-31": 27, "2016-09-30": -284, "2016-06-30": 51, "2016-03-31": "13.00000", "2015-12-31": -247, "2015-09-30": -57, "2015-06-30": 133, "2015-03-31": "-23.00000", "2014-12-31": -49, "2014-09-30": 24, "2014-06-30": 5, "2014-03-31": "39.00000", "2013-12-31": -46, "2013-09-30": -216, "2013-06-30": -297, "2013-03-31": "83.00000", "2012-12-31": -814, "2012-09-30": -51, "2012-06-30": 69, "2012-03-31": "54.00000", "2011-12-31": -726, "2011-09-30": -102, "2011-06-30": 174, "2011-03-31": "42.00000", "2010-12-31": -5, "2010-09-30": 0, "2010-06-30": 0, "2010-03-31": ""}, "Net Common Equity Issued/Repurchased": {"2020-09-30": 0, "2020-06-30": 0, "2020-03-31": "", "2019-12-31": 0, "2019-09-30": 0, "2019-06-30": 0, "2019-03-31": "-20.00000", "2018-12-31": -99, "2018-09-30": -102, "2018-06-30": -106, "2018-03-31": "-94.00000", "2017-12-31": -99, "2017-09-30": -55, "2017-06-30": -62, "2017-03-31": "-56.00000", "2016-12-31": -60, "2016-09-30": -67, "2016-06-30": -33, "2016-03-31": "-33.00000", "2015-12-31": 2, "2015-09-30": 1, "2015-06-30": 1, "2015-03-31": "1.00000", "2014-12-31": 4, "2014-09-30": 0, "2014-06-30": 1, "2014-03-31": "1.00000", "2013-12-31": 4, "2013-09-30": 0, "2013-06-30": 1, "2013-03-31": "", "2012-12-31": 1176, "2012-09-30": 0, "2012-06-30": 0, "2012-03-31": "", "2011-12-31": 0, "2011-09-30": 0, "2011-06-30": 0, "2011-03-31": "", "2010-12-31": 0, "2010-09-30": 0, "2010-06-30": 0, "2010-03-31": ""}, "Net Total Equity Issued/Repurchased": {"2020-09-30": 0, "2020-06-30": 0, "2020-03-31": "", "2019-12-31": 0, "2019-09-30": 0, "2019-06-30": 0, "2019-03-31": "-20.00000", "2018-12-31": -99, "2018-09-30": -102, "2018-06-30": -106, "2018-03-31": "-94.00000", "2017-12-31": -99, "2017-09-30": -55, "2017-06-30": -62, "2017-03-31": "-56.00000", "2016-12-31": -60, "2016-09-30": -67, "2016-06-30": -33, "2016-03-31": "-33.00000", "2015-12-31": 2, "2015-09-30": 1, "2015-06-30": 1, "2015-03-31": "1.00000", "2014-12-31": 4, "2014-09-30": 0, "2014-06-30": 1, "2014-03-31": "1.00000", "2013-12-31": 4, "2013-09-30": 0, "2013-06-30": 1, "2013-03-31": "", "2012-12-31": 1176, "2012-09-30": 0, "2012-06-30": 0, "2012-03-31": "", "2011-12-31": 0, "2011-09-30": 0, "2011-06-30": 0, "2011-03-31": "", "2010-12-31": 0, "2010-09-30": 0, "2010-06-30": 0, "2010-03-31": ""}, "Total Common And Preferred Stock Dividends Paid": {"2020-09-30": 0, "2020-06-30": 0, "2020-03-31": "", "2019-12-31": 0, "2019-09-30": -10, "2019-06-30": -11, "2019-03-31": "-10.00000", "2018-12-31": -11, "2018-09-30": -11, "2018-06-30": -11, "2018-03-31": "-12.00000", "2017-12-31": -12, "2017-09-30": -12, "2017-06-30": -12, "2017-03-31": "-13.00000", "2016-12-31": -13, "2016-09-30": -13, "2016-06-30": 0, "2016-03-31": "", "2015-12-31": 0, "2015-09-30": 0, "2015-06-30": 0, "2015-03-31": "", "2014-12-31": 0, "2014-09-30": 0, "2014-06-30": 0, "2014-03-31": "", "2013-12-31": 0, "2013-09-30": 0, "2013-06-30": 0, "2013-03-31": "", "2012-12-31": 0, "2012-09-30": 0, "2012-06-30": 0, "2012-03-31": "", "2011-12-31": 0, "2011-09-30": 0, "2011-06-30": 0, "2011-03-31": "", "2010-12-31": 0, "2010-09-30": 0, "2010-06-30": 0, "2010-03-31": ""}, "Financial Activities - Other": {"2020-09-30": 4, "2020-06-30": -92, "2020-03-31": "-65.00000", "2019-12-31": -36, "2019-09-30": 8, "2019-06-30": 3, "2019-03-31": "-76.00000", "2018-12-31": 23, "2018-09-30": -30, "2018-06-30": -22, "2018-03-31": "-35.00000", "2017-12-31": -33, "2017-09-30": -35, "2017-06-30": -26, "2017-03-31": "-25.00000", "2016-12-31": -50, "2016-09-30": -38, "2016-06-30": -20, "2016-03-31": "-14.00000", "2015-12-31": -57, "2015-09-30": -12, "2015-06-30": -11, "2015-03-31": "-6.00000", "2014-12-31": -22, "2014-09-30": 1, "2014-06-30": -46, "2014-03-31": "-10.00000", "2013-12-31": -5, "2013-09-30": -10, "2013-06-30": -11, "2013-03-31": "-33.00000", "2012-12-31": -10, "2012-09-30": -18, "2012-06-30": -7, "2012-03-31": "2.00000", "2011-12-31": -2, "2011-09-30": -2, "2011-06-30": -1, "2011-03-31": "-36.00000", "2010-12-31": -13, "2010-09-30": 0, "2010-06-30": 0, "2010-03-31": ""}, "Cash Flow From Financial Activities": {"2020-09-30": -671, "2020-06-30": -32, "2020-03-31": "500.00000", "2019-12-31": -111, "2019-09-30": -150, "2019-06-30": -88, "2019-03-31": "134.00000", "2018-12-31": -137, "2018-09-30": -202, "2018-06-30": -51, "2018-03-31": "93.00000", "2017-12-31": -293, "2017-09-30": -91, "2017-06-30": -159, "2017-03-31": "-27.00000", "2016-12-31": -96, "2016-09-30": -402, "2016-06-30": -2, "2016-03-31": "-34.00000", "2015-12-31": -302, "2015-09-30": -68, "2015-06-30": 123, "2015-03-31": "-28.00000", "2014-12-31": -67, "2014-09-30": 25, "2014-06-30": -40, "2014-03-31": "30.00000", "2013-12-31": -47, "2013-09-30": -226, "2013-06-30": -307, "2013-03-31": "50.00000", "2012-12-31": 352, "2012-09-30": -69, "2012-06-30": 62, "2012-03-31": "56.00000", "2011-12-31": 117, "2011-09-30": -104, "2011-06-30": 173, "2011-03-31": "6.00000", "2010-12-31": 124, "2010-09-30": 0, "2010-06-30": 0, "2010-03-31": ""}, "Net Cash Flow": {"2020-09-30": -307, "2020-06-30": 60, "2020-03-31": "378.00000", "2019-12-31": -12, "2019-09-30": 0, "2019-06-30": 32, "2019-03-31": "8.00000", "2018-12-31": 1, "2018-09-30": -2, "2018-06-30": 51, "2018-03-31": "-46.00000", "2017-12-31": -118, "2017-09-30": 126, "2017-06-30": 16, "2017-03-31": "-71.00000", "2016-12-31": 49, "2016-09-30": -199, "2016-06-30": 140, "2016-03-31": "-132.00000", "2015-12-31": -154, "2015-09-30": 208, "2015-06-30": 175, "2015-03-31": "-129.00000", "2014-12-31": 45, "2014-09-30": 59, "2014-06-30": 90, "2014-03-31": "-117.00000", "2013-12-31": 63, "2013-09-30": -14, "2013-06-30": -179, "2013-03-31": "-10.00000", "2012-12-31": 235, "2012-09-30": 3, "2012-06-30": -10, "2012-03-31": "5.00000", "2011-12-31": 41, "2011-09-30": -52, "2011-06-30": 61, "2011-03-31": "-99.00000", "2010-12-31": -63, "2010-09-30": 0, "2010-06-30": 0, "2010-03-31": ""}, "Stock-Based Compensation": {"2020-09-30": 8, "2020-06-30": 4, "2020-03-31": "6.00000", "2019-12-31": 6, "2019-09-30": 8, "2019-06-30": 7, "2019-03-31": "7.00000", "2018-12-31": 6, "2018-09-30": 10, "2018-06-30": 12, "2018-03-31": "9.00000", "2017-12-31": 9, "2017-09-30": 13, "2017-06-30": 13, "2017-03-31": "12.00000", "2016-12-31": 18, "2016-09-30": 14, "2016-06-30": 13, "2016-03-31": "12.00000", "2015-12-31": 17, "2015-09-30": 14, "2015-06-30": 15, "2015-03-31": "11.00000", "2014-12-31": 10, "2014-09-30": 12, "2014-06-30": 11, "2014-03-31": "9.00000", "2013-12-31": 6, "2013-09-30": 23, "2013-06-30": 29, "2013-03-31": "3.00000", "2012-12-31": 21, "2012-09-30": 1, "2012-06-30": 2, "2012-03-31": "", "2011-12-31": 7, "2011-09-30": 0, "2011-06-30": 0, "2011-03-31": "", "2010-12-31": 0, "2010-09-30": 0, "2010-06-30": 0, "2010-03-31": ""}, "Common Stock Dividends Paid": {"2020-09-30": 0, "2020-06-30": 0, "2020-03-31": "", "2019-12-31": 0, "2019-09-30": -10, "2019-06-30": -11, "2019-03-31": "-10.00000", "2018-12-31": -11, "2018-09-30": -11, "2018-06-30": -11, "2018-03-31": "-12.00000", "2017-12-31": -12, "2017-09-30": -12, "2017-06-30": -12, "2017-03-31": "-13.00000", "2016-12-31": -13, "2016-09-30": -13, "2016-06-30": 0, "2016-03-31": "", "2015-12-31": 0, "2015-09-30": 0, "2015-06-30": 0, "2015-03-31": "", "2014-12-31": 0, "2014-09-30": 0, "2014-06-30": 0, "2014-03-31": "", "2013-12-31": 0, "2013-09-30": 0, "2013-06-30": 0, "2013-03-31": "", "2012-12-31": 0, "2012-09-30": 0, "2012-06-30": 0, "2012-03-31": "", "2011-12-31": 0, "2011-09-30": 0, "2011-06-30": 0, "2011-03-31": "", "2010-12-31": 0, "2010-09-30": 0, "2010-06-30": 0, "2010-03-31": ""}}, "financial ratios": {"Current Ratio": {"2019-12-31": "", "2018-12-31": "", "2017-12-31": "", "2016-12-31": "", "2015-12-31": "", "2014-12-31": "", "2013-12-31": "", "2012-12-31": "", "2011-12-31": "", "2010-12-31": "", "2009-12-31": "", "2008-12-31": ""}, "Long-term Debt / Capital": {"2019-12-31": "0.60500", "2018-12-31": "0.54740", "2017-12-31": "0.56570", "2016-12-31": "0.58430", "2015-12-31": "0.56990", "2014-12-31": "0.65280", "2013-12-31": "0.67370", "2012-12-31": "0.75280", "2011-12-31": "1.25080", "2010-12-31": "", "2009-12-31": "", "2008-12-31": ""}, "Debt/Equity Ratio": {"2019-12-31": "1.64360", "2018-12-31": "1.53260", "2017-12-31": "1.35090", "2016-12-31": "1.50340", "2015-12-31": "1.63050", "2014-12-31": "1.88910", "2013-12-31": "2.06510", "2012-12-31": "3.04610", "2011-12-31": "-4.98800", "2010-12-31": "", "2009-12-31": "", "2008-12-31": ""}, "Gross Margin": {"2019-12-31": "", "2018-12-31": "", "2017-12-31": "", "2016-12-31": "", "2015-12-31": "", "2014-12-31": "", "2013-12-31": "", "2012-12-31": "", "2011-12-31": "", "2010-12-31": "", "2009-12-31": "", "2008-12-31": ""}, "Operating Margin": {"2019-12-31": "1.53630", "2018-12-31": "7.14290", "2017-12-31": "8.72630", "2016-12-31": "8.98450", "2015-12-31": "9.77920", "2014-12-31": "10.07880", "2013-12-31": "9.92630", "2012-12-31": "7.40580", "2011-12-31": "6.59660", "2010-12-31": "14.79220", "2009-12-31": "100.00000", "2008-12-31": "100.00000"}, "EBIT Margin": {"2019-12-31": "1.53630", "2018-12-31": "7.14290", "2017-12-31": "8.72630", "2016-12-31": "8.98450", "2015-12-31": "9.77920", "2014-12-31": "10.07880", "2013-12-31": "9.92630", "2012-12-31": "7.40580", "2011-12-31": "6.59660", "2010-12-31": "14.79220", "2009-12-31": "100.00000", "2008-12-31": "100.00000"}, "EBITDA Margin": {"2019-12-31": "4.73380", "2018-12-31": "10.23870", "2017-12-31": "11.85890", "2016-12-31": "12.73670", "2015-12-31": "13.61720", "2014-12-31": "13.96400", "2013-12-31": "13.48080", "2012-12-31": "11.42980", "2011-12-31": "11.58080", "2010-12-31": "20.34230", "2009-12-31": "100.00000", "2008-12-31": "100.00000"}, "Pre-Tax Profit Margin": {"2019-12-31": "-2.82240", "2018-12-31": "3.75300", "2017-12-31": "5.92080", "2016-12-31": "6.00690", "2015-12-31": "4.94220", "2014-12-31": "4.22300", "2013-12-31": "3.30880", "2012-12-31": "-12.05050", "2011-12-31": "-10.57900", "2010-12-31": "0.14670", "2009-12-31": "100.00000", "2008-12-31": "100.00000"}, "Net Profit Margin": {"2019-12-31": "-3.35830", "2018-12-31": "2.36940", "2017-12-31": "7.41820", "2016-12-31": "3.66610", "2015-12-31": "3.22470", "2014-12-31": "2.68390", "2013-12-31": "8.28130", "2012-12-31": "-11.62240", "2011-12-31": "-10.77450", "2010-12-31": "-2.42050", "2009-12-31": "-6.66330", "2008-12-31": "-40.46560"}, "Asset Turnover": {"2019-12-31": "0.74210", "2018-12-31": "0.79310", "2017-12-31": "0.79190", "2016-12-31": "0.78290", "2015-12-31": "0.75770", "2014-12-31": "0.72950", "2013-12-31": "0.72190", "2012-12-31": "0.62750", "2011-12-31": "0.55690", "2010-12-31": "", "2009-12-31": "", "2008-12-31": ""}, "Inventory Turnover Ratio": {"2019-12-31": "", "2018-12-31": "", "2017-12-31": "", "2016-12-31": "", "2015-12-31": "", "2014-12-31": "", "2013-12-31": "", "2012-12-31": "", "2011-12-31": "", "2010-12-31": "", "2009-12-31": "", "2008-12-31": ""}, "Receiveable Turnover": {"2019-12-31": "", "2018-12-31": "", "2017-12-31": "", "2016-12-31": "", "2015-12-31": "", "2014-12-31": "", "2013-12-31": "", "2012-12-31": "", "2011-12-31": "", "2010-12-31": "", "2009-12-31": "", "2008-12-31": ""}, "Days Sales In Receivables": {"2019-12-31": "", "2018-12-31": "", "2017-12-31": "", "2016-12-31": "", "2015-12-31": "", "2014-12-31": "", "2013-12-31": "", "2012-12-31": "", "2011-12-31": "", "2010-12-31": "", "2009-12-31": "", "2008-12-31": ""}, "ROE - Return On Equity": {"2019-12-31": "-5.62980", "2018-12-31": "6.30670", "2017-12-31": "16.32340", "2016-12-31": "8.78900", "2015-12-31": "7.76220", "2014-12-31": "6.73390", "2013-12-31": "22.00700", "2012-12-31": "-35.54970", "2011-12-31": "29.28620", "2010-12-31": "", "2009-12-31": "", "2008-12-31": ""}, "Return On Tangible Equity": {"2019-12-31": "6.05440", "2018-12-31": "-7.39620", "2017-12-31": "-20.17920", "2016-12-31": "-9.50920", "2015-12-31": "-8.32960", "2014-12-31": "-6.19990", "2013-12-31": "-18.31340", "2012-12-31": "18.51850", "2011-12-31": "7.35470", "2010-12-31": "", "2009-12-31": "", "2008-12-31": ""}, "ROA - Return On Assets": {"2019-12-31": "-1.56440", "2018-12-31": "2.00270", "2017-12-31": "5.83340", "2016-12-31": "2.92410", "2015-12-31": "2.49630", "2014-12-31": "2.01260", "2013-12-31": "6.04700", "2012-12-31": "-7.25320", "2011-12-31": "-5.97280", "2010-12-31": "", "2009-12-31": "", "2008-12-31": ""}, "ROI - Return On Investment": {"2019-12-31": "-2.22350", "2018-12-31": "2.85440", "2017-12-31": "7.08960", "2016-12-31": "3.65380", "2015-12-31": "3.33870", "2014-12-31": "2.33780", "2013-12-31": "7.17990", "2012-12-31": "-8.78620", "2011-12-31": "-7.34360", "2010-12-31": "", "2009-12-31": "", "2008-12-31": ""}, "Book Value Per Share": {"2019-12-31": "18.32870", "2018-12-31": "20.19720", "2017-12-31": "19.91840", "2016-12-31": "17.60700", "2015-12-31": "16.50460", "2014-12-31": "14.91290", "2013-12-31": "13.77590", "2012-12-31": "10.44930", "2011-12-31": "-186.88440", "2010-12-31": "", "2009-12-31": "", "2008-12-31": ""}, "Operating Cash Flow Per Share": {"2019-12-31": 0.1042, "2018-12-31": -1.6749, "2017-12-31": 0.8002, "2016-12-31": 0.0489, "2015-12-31": 1.0559, "2014-12-31": -0.4417, "2013-12-31": 6.0882, "2012-12-31": 21.2679, "2011-12-31": -9.25, "2010-12-31": -14.75, "2009-12-31": 0, "2008-12-31": 0}, "Free Cash Flow Per Share": {"2019-12-31": -0.1072, "2018-12-31": -1.7589, "2017-12-31": 0.7466, "2016-12-31": 0.0194, "2015-12-31": 0.971, "2014-12-31": -0.5011, "2013-12-31": 7.0977, "2012-12-31": 25.9605, "2011-12-31": -9.875, "2010-12-31": -20.25, "2009-12-31": 0, "2008-12-31": 0}}, "financial ratios, quarterly": {"Current Ratio": {"2020-09-30": "", "2020-06-30": "", "2020-03-31": "", "2019-12-31": "", "2019-09-30": "", "2019-06-30": "", "2019-03-31": "", "2018-12-31": "", "2018-09-30": "", "2018-06-30": "", "2018-03-31": "", "2017-12-31": "", "2017-09-30": "", "2017-06-30": "", "2017-03-31": "", "2016-12-31": "", "2016-09-30": "", "2016-06-30": "", "2016-03-31": "", "2015-12-31": "", "2015-09-30": "", "2015-06-30": "", "2015-03-31": "", "2014-12-31": "", "2014-09-30": "", "2014-06-30": "", "2014-03-31": "", "2013-12-31": "", "2013-09-30": "", "2013-06-30": "", "2013-03-31": "", "2012-12-31": "", "2012-09-30": "", "2012-06-30": "", "2012-03-31": "", "2011-12-31": "", "2011-09-30": "", "2011-06-30": "", "2011-03-31": "", "2010-12-31": "", "2010-09-30": "", "2010-06-30": "", "2010-03-31": ""}, "Long-term Debt / Capital": {"2020-09-30": "0.64570", "2020-06-30": "0.66150", "2020-03-31": "0.66200", "2019-12-31": "0.60500", "2019-09-30": "0.61240", "2019-06-30": "0.61030", "2019-03-31": "0.61670", "2018-12-31": "0.54740", "2018-09-30": "0.55690", "2018-06-30": "0.55720", "2018-03-31": "0.58670", "2017-12-31": "0.56570", "2017-09-30": "0.58450", "2017-06-30": "0.58880", "2017-03-31": "0.59070", "2016-12-31": "0.58430", "2016-09-30": "0.58840", "2016-06-30": "0.62100", "2016-03-31": "0.59260", "2015-12-31": "0.56990", "2015-09-30": "0.63880", "2015-06-30": "0.65370", "2015-03-31": "0.65820", "2014-12-31": "0.65280", "2014-09-30": "0.66130", "2014-06-30": "0.67140", "2014-03-31": "0.68000", "2013-12-31": "0.67370", "2013-09-30": "0.71520", "2013-06-30": "0.74070", "2013-03-31": "0.76550", "2012-12-31": "0.75280", "2012-09-30": "1.29990", "2012-06-30": "1.29260", "2012-03-31": "1.29100", "2011-12-31": "1.25080", "2011-09-30": "", "2011-06-30": "", "2011-03-31": "", "2010-12-31": "", "2010-09-30": "", "2010-06-30": "", "2010-03-31": ""}, "Debt/Equity Ratio": {"2020-09-30": "1.93710", "2020-06-30": "2.48800", "2020-03-31": "2.44980", "2019-12-31": "1.64360", "2019-09-30": "1.71920", "2019-06-30": "1.72790", "2019-03-31": "1.81000", "2018-12-31": "1.53260", "2018-09-30": "1.55420", "2018-06-30": "1.58110", "2018-03-31": "1.55640", "2017-12-31": "1.35090", "2017-09-30": "1.50510", "2017-06-30": "1.52950", "2017-03-31": "1.59280", "2016-12-31": "1.50340", "2016-09-30": "1.50930", "2016-06-30": "1.65510", "2016-03-31": "1.68470", "2015-12-31": "1.63050", "2015-09-30": "1.76850", "2015-06-30": "1.88780", "2015-03-31": "1.92590", "2014-12-31": "1.88910", "2014-09-30": "1.95240", "2014-06-30": "2.04330", "2014-03-31": "2.12510", "2013-12-31": "2.06510", "2013-09-30": "2.51170", "2013-06-30": "2.85640", "2013-03-31": "3.26400", "2012-12-31": "3.04610", "2012-09-30": "-4.33470", "2012-06-30": "-4.41720", "2012-03-31": "-4.43700", "2011-12-31": "-4.98800", "2011-09-30": "", "2011-06-30": "", "2011-03-31": "", "2010-12-31": "", "2010-09-30": "", "2010-06-30": "", "2010-03-31": ""}, "Gross Margin": {"2020-09-30": "", "2020-06-30": "", "2020-03-31": "", "2019-12-31": "", "2019-09-30": "", "2019-06-30": "", "2019-03-31": "", "2018-12-31": "", "2018-09-30": "", "2018-06-30": "", "2018-03-31": "", "2017-12-31": "", "2017-09-30": "", "2017-06-30": "", "2017-03-31": "", "2016-12-31": "", "2016-09-30": "", "2016-06-30": "", "2016-03-31": "", "2015-12-31": "", "2015-09-30": "", "2015-06-30": "", "2015-03-31": "", "2014-12-31": "", "2014-09-30": "", "2014-06-30": "", "2014-03-31": "", "2013-12-31": "", "2013-09-30": "", "2013-06-30": "", "2013-03-31": "", "2012-12-31": "", "2012-09-30": "", "2012-06-30": "", "2012-03-31": "", "2011-12-31": "", "2011-09-30": "", "2011-06-30": "", "2011-03-31": "", "2010-12-31": "", "2010-09-30": "", "2010-06-30": "", "2010-03-31": ""}, "Operating Margin": {"2020-09-30": "10.44700", "2020-06-30": "5.79950", "2020-03-31": "-42.56270", "2019-12-31": "4.13530", "2019-09-30": "-6.06450", "2019-06-30": "10.51680", "2019-03-31": "-4.74380", "2018-12-31": "4.63580", "2018-09-30": "11.09790", "2018-06-30": "12.08790", "2018-03-31": "-3.41740", "2017-12-31": "6.40350", "2017-09-30": "11.64880", "2017-06-30": "12.82770", "2017-03-31": "0.74810", "2016-12-31": "6.64230", "2016-09-30": "12.89540", "2016-06-30": "12.75570", "2016-03-31": "0.61730", "2015-12-31": "6.94340", "2015-09-30": "14.98800", "2015-06-30": "12.47730", "2015-03-31": "0.94160", "2014-12-31": "8.52900", "2014-09-30": "14.36970", "2014-06-30": "13.55820", "2014-03-31": "0.29790", "2013-12-31": "8.50720", "2013-09-30": "13.58660", "2013-06-30": "12.52450", "2013-03-31": "1.67190", "2012-12-31": "5.63380", "2012-09-30": "11.78770", "2012-06-30": "11.07720", "2012-03-31": "-2.05710", "2011-12-31": "2.47840", "2011-09-30": "11.34200", "2011-06-30": "11.62000", "2011-03-31": "-2.52710", "2010-12-31": "100.00000", "2010-09-30": "100.00000", "2010-06-30": "100.00000", "2010-03-31": "100.00000"}, "EBIT Margin": {"2020-09-30": "10.44700", "2020-06-30": "5.79950", "2020-03-31": "-42.56270", "2019-12-31": "4.13530", "2019-09-30": "-6.06450", "2019-06-30": "10.51680", "2019-03-31": "-4.74380", "2018-12-31": "4.63580", "2018-09-30": "11.09790", "2018-06-30": "12.08790", "2018-03-31": "-3.41740", "2017-12-31": "6.40350", "2017-09-30": "11.64880", "2017-06-30": "12.82770", "2017-03-31": "0.74810", "2016-12-31": "6.64230", "2016-09-30": "12.89540", "2016-06-30": "12.75570", "2016-03-31": "0.61730", "2015-12-31": "6.94340", "2015-09-30": "14.98800", "2015-06-30": "12.47730", "2015-03-31": "0.94160", "2014-12-31": "8.52900", "2014-09-30": "14.36970", "2014-06-30": "13.55820", "2014-03-31": "0.29790", "2013-12-31": "8.50720", "2013-09-30": "13.58660", "2013-06-30": "12.52450", "2013-03-31": "1.67190", "2012-12-31": "5.63380", "2012-09-30": "11.78770", "2012-06-30": "11.07720", "2012-03-31": "-2.05710", "2011-12-31": "2.47840", "2011-09-30": "11.34200", "2011-06-30": "11.62000", "2011-03-31": "-2.52710", "2010-12-31": "100.00000", "2010-09-30": "100.00000", "2010-06-30": "100.00000", "2010-03-31": "100.00000"}, "EBITDA Margin": {"2020-09-30": "", "2020-06-30": "", "2020-03-31": "", "2019-12-31": "", "2019-09-30": "", "2019-06-30": "", "2019-03-31": "", "2018-12-31": "", "2018-09-30": "", "2018-06-30": "", "2018-03-31": "", "2017-12-31": "", "2017-09-30": "", "2017-06-30": "", "2017-03-31": "", "2016-12-31": "", "2016-09-30": "", "2016-06-30": "", "2016-03-31": "", "2015-12-31": "", "2015-09-30": "", "2015-06-30": "", "2015-03-31": "", "2014-12-31": "", "2014-09-30": "", "2014-06-30": "", "2014-03-31": "", "2013-12-31": "", "2013-09-30": "", "2013-06-30": "", "2013-03-31": "", "2012-12-31": "", "2012-09-30": "", "2012-06-30": "", "2012-03-31": "", "2011-12-31": "", "2011-09-30": "", "2011-06-30": "", "2011-03-31": "", "2010-12-31": "", "2010-09-30": "", "2010-06-30": "", "2010-03-31": ""}, "Pre-Tax Profit Margin": {"2020-09-30": "7.86210", "2020-06-30": "0.24860", "2020-03-31": "-51.61290", "2019-12-31": "1.12780", "2019-09-30": "-9.67740", "2019-06-30": "5.70910", "2019-03-31": "-11.19550", "2018-12-31": "-1.89210", "2018-09-30": "8.65160", "2018-06-30": "9.56040", "2018-03-31": "-6.67210", "2017-12-31": "3.68420", "2017-09-30": "9.13980", "2017-06-30": "10.20640", "2017-03-31": "-2.82630", "2016-12-31": "6.27740", "2016-09-30": "10.70560", "2016-06-30": "9.20580", "2016-03-31": "-5.82010", "2015-12-31": "0.07550", "2015-09-30": "10.91130", "2015-06-30": "9.50940", "2015-03-31": "-5.46140", "2014-12-31": "1.48670", "2014-09-30": "10.90790", "2014-06-30": "7.67200", "2014-03-31": "-7.64650", "2013-12-31": "4.33390", "2013-09-30": "7.40500", "2013-06-30": "5.34900", "2013-03-31": "-7.94150", "2012-12-31": "-24.93790", "2012-09-30": "-2.81030", "2012-06-30": "-2.36820", "2012-03-31": "-22.28570", "2011-12-31": "-15.62500", "2011-09-30": "-2.42420", "2011-06-30": "-2.03560", "2011-03-31": "-28.39950", "2010-12-31": "100.00000", "2010-09-30": "100.00000", "2010-06-30": "100.00000", "2010-03-31": "100.00000"}, "Net Profit Margin": {"2020-09-30": "5.27730", "2020-06-30": "-1.15990", "2020-03-31": "-41.39790", "2019-12-31": "-3.38350", "2019-09-30": "-7.29030", "2019-06-30": "4.14660", "2019-03-31": "-9.39280", "2018-12-31": "-2.08140", "2018-09-30": "6.14560", "2018-06-30": "6.75820", "2018-03-31": "-5.45160", "2017-12-31": "22.36840", "2017-09-30": "5.67500", "2017-06-30": "6.07920", "2017-03-31": "-2.32750", "2016-12-31": "4.16060", "2016-09-30": "6.44770", "2016-06-30": "5.53550", "2016-03-31": "-3.70370", "2015-12-31": "0.67920", "2015-09-30": "6.59470", "2015-06-30": "5.87520", "2015-03-31": "-3.01320", "2014-12-31": "1.64320", "2014-09-30": "6.53170", "2014-06-30": "4.49740", "2014-03-31": "-4.56800", "2013-12-31": "25.68220", "2013-09-30": "7.01870", "2013-06-30": "5.47950", "2013-03-31": "-7.83700", "2012-12-31": "-24.19220", "2012-09-30": "-2.65420", "2012-06-30": "-1.90990", "2012-03-31": "-21.94290", "2011-12-31": "-16.59480", "2011-09-30": "-2.42420", "2011-06-30": "-1.86600", "2011-03-31": "-28.51990", "2010-12-31": "-9.42030", "2010-09-30": "-3.13690", "2010-06-30": "17.71750", "2010-03-31": "-24.05370"}, "Asset Turnover": {"2020-09-30": "0.26350", "2020-06-30": "0.16240", "2020-03-31": "0.14960", "2019-12-31": "0.17630", "2019-09-30": "0.20090", "2019-06-30": "0.20920", "2019-03-31": "0.13490", "2018-12-31": "0.14500", "2018-09-30": "0.22530", "2018-06-30": "0.24300", "2018-03-31": "0.16780", "2017-12-31": "0.15540", "2017-09-30": "0.22260", "2017-06-30": "0.24140", "2017-03-31": "0.16410", "2016-12-31": "0.18460", "2016-09-30": "0.22050", "2016-06-30": "0.21780", "2016-03-31": "0.15320", "2015-12-31": "0.17590", "2015-09-30": "0.20770", "2015-06-30": "0.21040", "2015-03-31": "0.14290", "2014-12-31": "0.17500", "2014-09-30": "0.20020", "2014-06-30": "0.20310", "2014-03-31": "0.13930", "2013-12-31": "0.17010", "2013-09-30": "0.21620", "2013-06-30": "0.21000", "2013-03-31": "0.12910", "2012-12-31": "0.16210", "2012-09-30": "0.17430", "2012-06-30": "0.16730", "2012-03-31": "0.11220", "2011-12-31": "0.12630", "2011-09-30": "", "2011-06-30": "", "2011-03-31": "", "2010-12-31": "", "2010-09-30": "", "2010-06-30": "", "2010-03-31": ""}, "Inventory Turnover Ratio": {"2020-09-30": "", "2020-06-30": "", "2020-03-31": "", "2019-12-31": "", "2019-09-30": "", "2019-06-30": "", "2019-03-31": "", "2018-12-31": "", "2018-09-30": "", "2018-06-30": "", "2018-03-31": "", "2017-12-31": "", "2017-09-30": "", "2017-06-30": "", "2017-03-31": "", "2016-12-31": "", "2016-09-30": "", "2016-06-30": "", "2016-03-31": "", "2015-12-31": "", "2015-09-30": "", "2015-06-30": "", "2015-03-31": "", "2014-12-31": "", "2014-09-30": "", "2014-06-30": "", "2014-03-31": "", "2013-12-31": "", "2013-09-30": "", "2013-06-30": "", "2013-03-31": "", "2012-12-31": "", "2012-09-30": "", "2012-06-30": "", "2012-03-31": "", "2011-12-31": "", "2011-09-30": "", "2011-06-30": "", "2011-03-31": "", "2010-12-31": "", "2010-09-30": "", "2010-06-30": "", "2010-03-31": ""}, "Receiveable Turnover": {"2020-09-30": "", "2020-06-30": "", "2020-03-31": "", "2019-12-31": "", "2019-09-30": "", "2019-06-30": "", "2019-03-31": "", "2018-12-31": "", "2018-09-30": "", "2018-06-30": "", "2018-03-31": "", "2017-12-31": "", "2017-09-30": "", "2017-06-30": "", "2017-03-31": "", "2016-12-31": "", "2016-09-30": "", "2016-06-30": "", "2016-03-31": "", "2015-12-31": "", "2015-09-30": "", "2015-06-30": "", "2015-03-31": "", "2014-12-31": "", "2014-09-30": "", "2014-06-30": "", "2014-03-31": "", "2013-12-31": "", "2013-09-30": "", "2013-06-30": "", "2013-03-31": "", "2012-12-31": "", "2012-09-30": "", "2012-06-30": "", "2012-03-31": "", "2011-12-31": "", "2011-09-30": "", "2011-06-30": "", "2011-03-31": "", "2010-12-31": "", "2010-09-30": "", "2010-06-30": "", "2010-03-31": ""}, "Days Sales In Receivables": {"2020-09-30": "", "2020-06-30": "", "2020-03-31": "", "2019-12-31": "", "2019-09-30": "", "2019-06-30": "", "2019-03-31": "", "2018-12-31": "", "2018-09-30": "", "2018-06-30": "", "2018-03-31": "", "2017-12-31": "", "2017-09-30": "", "2017-06-30": "", "2017-03-31": "", "2016-12-31": "", "2016-09-30": "", "2016-06-30": "", "2016-03-31": "", "2015-12-31": "", "2015-09-30": "", "2015-06-30": "", "2015-03-31": "", "2014-12-31": "", "2014-09-30": "", "2014-06-30": "", "2014-03-31": "", "2013-12-31": "", "2013-09-30": "", "2013-06-30": "", "2013-03-31": "", "2012-12-31": "", "2012-09-30": "", "2012-06-30": "", "2012-03-31": "", "2011-12-31": "", "2011-09-30": "", "2011-06-30": "", "2011-03-31": "", "2010-12-31": "", "2010-09-30": "", "2010-06-30": "", "2010-03-31": ""}, "ROE - Return On Equity": {"2020-09-30": "8.36700", "2020-06-30": "1.72310", "2020-03-31": "-26.62180", "2019-12-31": "0.85880", "2019-09-30": "-5.49700", "2019-06-30": "3.06260", "2019-03-31": "-3.88310", "2018-12-31": "-0.64790", "2018-09-30": "4.25710", "2018-06-30": "5.07780", "2018-03-31": "-2.75950", "2017-12-31": "9.53470", "2017-09-30": "3.89450", "2017-06-30": "4.53980", "2017-03-31": "-1.17890", "2016-12-31": "2.34910", "2016-09-30": "4.33550", "2016-06-30": "3.87790", "2016-03-31": "-1.78500", "2015-12-31": "0.41290", "2015-09-30": "4.68030", "2015-06-30": "4.31150", "2015-03-31": "-1.48290", "2014-12-31": "1.00780", "2014-09-30": "4.71130", "2014-06-30": "3.35440", "2014-03-31": "-2.32910", "2013-12-31": "15.94640", "2013-09-30": "6.57500", "2013-06-30": "5.56270", "2013-03-31": "-5.12820", "2012-12-31": "-19.15730", "2012-09-30": "1.89440", "2012-06-30": "1.39450", "2012-03-31": "11.30740", "2011-12-31": "10.27350", "2011-09-30": "", "2011-06-30": "", "2011-03-31": "", "2010-12-31": "", "2010-09-30": "", "2010-06-30": "", "2010-03-31": ""}, "Return On Tangible Equity": {"2020-09-30": "-7.77060", "2020-06-30": "-1.41770", "2020-03-31": "22.11490", "2019-12-31": "-0.92360", "2019-09-30": "5.15020", "2019-06-30": "-2.81860", "2019-03-31": "3.37570", "2018-12-31": "0.75990", "2018-09-30": "-4.56340", "2018-06-30": "-5.42200", "2018-03-31": "2.90290", "2017-12-31": "-11.78690", "2017-09-30": "-4.21420", "2017-06-30": "-4.74960", "2017-03-31": "1.18240", "2016-12-31": "-2.54160", "2016-09-30": "-4.66030", "2016-06-30": "-4.17780", "2016-03-31": "1.80410", "2015-12-31": "-0.44310", "2015-09-30": "-4.91880", "2015-06-30": "-4.18450", "2015-03-31": "1.34060", "2014-12-31": "-0.92790", "2014-09-30": "-4.27490", "2014-06-30": "-2.88580", "2014-03-31": "1.85330", "2013-12-31": "-13.27000", "2013-09-30": "-4.01170", "2013-06-30": "-2.99030", "2013-03-31": "2.47910", "2012-12-31": "9.97940", "2012-09-30": "0.53350", "2012-06-30": "0.43720", "2012-03-31": "3.50680", "2011-12-31": "2.58000", "2011-09-30": "", "2011-06-30": "", "2011-03-31": "", "2010-12-31": "", "2010-09-30": "", "2010-06-30": "", "2010-03-31": ""}, "ROA - Return On Assets": {"2020-09-30": "2.05730", "2020-06-30": "0.37670", "2020-03-31": "-5.83030", "2019-12-31": "0.23860", "2019-09-30": "-1.55500", "2019-06-30": "0.86750", "2019-03-31": "-1.08820", "2018-12-31": "-0.20580", "2018-09-30": "1.39820", "2018-06-30": "1.65530", "2018-03-31": "-0.91470", "2017-12-31": "3.40740", "2017-09-30": "1.27640", "2017-06-30": "1.48130", "2017-03-31": "-0.38200", "2016-12-31": "0.78160", "2016-09-30": "1.43530", "2016-06-30": "1.23200", "2016-03-31": "-0.56760", "2015-12-31": "0.13280", "2015-09-30": "1.39490", "2015-06-30": "1.24900", "2015-03-31": "-0.43060", "2014-12-31": "0.30120", "2014-09-30": "1.33400", "2014-06-30": "0.92700", "2014-03-31": "-0.63650", "2013-12-31": "4.38170", "2013-09-30": "1.53160", "2013-06-30": "1.17820", "2013-03-31": "-0.99800", "2012-12-31": "-3.90870", "2012-09-30": "-0.44890", "2012-06-30": "-0.30680", "2012-03-31": "-2.46250", "2011-12-31": "-2.09520", "2011-09-30": "", "2011-06-30": "", "2011-03-31": "", "2010-12-31": "", "2010-09-30": "", "2010-06-30": "", "2010-03-31": ""}, "ROI - Return On Investment": {"2020-09-30": "2.96400", "2020-06-30": "0.58330", "2020-03-31": "-8.99880", "2019-12-31": "0.33920", "2019-09-30": "-2.13070", "2019-06-30": "1.19340", "2019-03-31": "-1.48840", "2018-12-31": "-0.29330", "2018-09-30": "1.88650", "2018-06-30": "2.24840", "2018-03-31": "-1.14040", "2017-12-31": "4.14110", "2017-09-30": "1.61810", "2017-06-30": "1.86690", "2017-03-31": "-0.48250", "2016-12-31": "0.97660", "2016-09-30": "1.78450", "2016-06-30": "1.46990", "2016-03-31": "-0.72710", "2015-12-31": "0.17760", "2015-09-30": "1.69060", "2015-06-30": "1.49300", "2015-03-31": "-0.50680", "2014-12-31": "0.34990", "2014-09-30": "1.59570", "2014-06-30": "1.10220", "2014-03-31": "-0.74530", "2013-12-31": "5.20260", "2013-09-30": "1.87230", "2013-06-30": "1.44250", "2013-03-31": "-1.20270", "2012-12-31": "-4.73480", "2012-09-30": "-0.56810", "2012-06-30": "-0.40810", "2012-03-31": "-3.28990", "2011-12-31": "-2.57610", "2011-09-30": "", "2011-06-30": "", "2011-03-31": "", "2010-12-31": "", "2010-09-30": "", "2010-06-30": "", "2010-03-31": ""}, "Book Value Per Share": {"2020-09-30": "15.01200", "2020-06-30": "14.07850", "2020-03-31": "14.17350", "2019-12-31": "18.32870", "2019-09-30": "19.09300", "2019-06-30": "19.71060", "2019-03-31": "19.16710", "2018-12-31": "20.19720", "2018-09-30": "20.36990", "2018-06-30": "19.59130", "2018-03-31": "18.85750", "2017-12-31": "19.91840", "2017-09-30": "18.23500", "2017-06-30": "17.71470", "2017-03-31": "17.11910", "2016-12-31": "17.60700", "2016-09-30": "17.30440", "2016-06-30": "16.71830", "2016-03-31": "16.11720", "2015-12-31": "16.50460", "2015-09-30": "16.30950", "2015-06-30": "15.50570", "2015-03-31": "14.72760", "2014-12-31": "14.91290", "2014-09-30": "14.80220", "2014-06-30": "14.07360", "2014-03-31": "13.51250", "2013-12-31": "13.77590", "2013-09-30": "11.45630", "2013-06-30": "10.60450", "2013-03-31": "9.92640", "2012-12-31": "10.44930", "2012-09-30": "-217.14740", "2012-06-30": "-8.58220", "2012-03-31": "-8.46750", "2011-12-31": "-186.88440", "2011-09-30": "", "2011-06-30": "", "2011-03-31": "", "2010-12-31": "", "2010-09-30": "", "2010-06-30": "", "2010-03-31": ""}, "Operating Cash Flow Per Share": {"2020-09-30": 3.2978, "2020-06-30": 0.9989, "2020-03-31": "-0.71490", "2019-12-31": 1.2365, "2019-09-30": 1.5248, "2019-06-30": 1.3909, "2019-03-31": "-0.90350", "2018-12-31": 1.3322, "2018-09-30": 1.7418, "2018-06-30": 1.0682, "2018-03-31": "-0.99770", "2017-12-31": 1.5971, "2017-09-30": 1.8832, "2017-06-30": 1.425, "2017-03-31": "-0.08590", "2016-12-31": 1.1867, "2016-09-30": 2.1304, "2016-06-30": 1.139, "2016-03-31": "-0.43690", "2015-12-31": 1.2694, "2015-09-30": 2.2077, "2015-06-30": 1.0674, "2015-03-31": "-0.57420", "2014-12-31": 1.0709, "2014-09-30": 1.5165, "2014-06-30": 1.0815, "2014-03-31": "-0.75450", "2013-12-31": 1.1081, "2013-09-30": 1.574, "2013-06-30": 0.9703, "2013-03-31": "-0.29630", "2012-12-31": -2.6074, "2012-09-30": 11.5003, "2012-06-30": -7.625, "2012-03-31": "-4.00000", "2011-12-31": 15.165, "2011-09-30": -15.1569, "2011-06-30": -0.534, "2011-03-31": "-0.43410", "2010-12-31": -0.5835, "2010-09-30": 0, "2010-06-30": 0, "2010-03-31": ""}, "Free Cash Flow Per Share": {"2020-09-30": 3.1365, "2020-06-30": 0.8554, "2020-03-31": "-0.92420", "2019-12-31": 0.9119, "2019-09-30": 1.3389, "2019-06-30": 1.1487, "2019-03-31": "-1.09650", "2018-12-31": 1.1885, "2018-09-30": 1.5352, "2018-06-30": 0.8761, "2018-03-31": "-1.18960", "2017-12-31": 1.4464, "2017-09-30": 1.7292, "2017-06-30": 1.2798, "2017-03-31": "-0.28630", "2016-12-31": 1.0104, "2016-09-30": 1.9827, "2016-06-30": 1.0164, "2016-03-31": "-0.58700", "2015-12-31": 1.1074, "2015-09-30": 2.0795, "2015-06-30": 0.9202, "2015-03-31": "-0.70400", "2014-12-31": 0.9219, "2014-09-30": 1.3944, "2014-06-30": 0.9594, "2014-03-31": "-0.84360", "2013-12-31": 0.9577, "2013-09-30": 1.4528, "2013-06-30": 0.9017, "2013-03-31": "-0.37900", "2012-12-31": 0.2007, "2012-09-30": 9.6348, "2012-06-30": -8.875, "2012-03-31": "-5.12500", "2011-12-31": 19.79, "2011-09-30": -19.6572, "2011-06-30": -0.6038, "2011-03-31": "-0.48900", "2010-12-31": -0.5835, "2010-09-30": 0, "2010-06-30": 0, "2010-03-31": ""}}, "revenue": {"Realogy Holdings Annual Revenue (Millions of US $)": {"2019": "$5,598", "2018": "$5,782", "2017": "$5,810", "2016": "$5,810", "2015": "$5,706", "2014": "$5,328", "2013": "$5,289", "2012": "$4,672", "2011": "$4,093", "2010": "$4,090", "2009": "$3,932", "2008": "$4,725"}, "Realogy Holdings Quarterly Revenue (Millions of US $)": {"2020-09-30": "$1,857", "2020-06-30": "$1,207", "2020-03-31": "$1,116", "2019-12-31": "$1,330", "2019-09-30": "$1,550", "2019-06-30": "$1,664", "2019-03-31": "$1,054", "2018-12-31": "$1,057", "2018-09-30": "$1,676", "2018-06-30": "$1,820", "2018-03-31": "$1,229", "2017-12-31": "$1,140", "2017-09-30": "$1,674", "2017-06-30": "$1,793", "2017-03-31": "$1,203", "2016-12-31": "$1,370", "2016-09-30": "$1,644", "2016-06-30": "$1,662", "2016-03-31": "$1,134", "2015-12-31": "$1,325", "2015-09-30": "$1,668", "2015-06-30": "$1,651", "2015-03-31": "$1,062", "2014-12-31": "$1,278", "2014-09-30": "$1,531", "2014-06-30": "$1,512", "2014-03-31": "$1,007", "2013-12-31": "$1,246", "2013-09-30": "$1,553", "2013-06-30": "$1,533", "2013-03-31": "$957", "2012-12-31": "$1,207", "2012-09-30": "$1,281", "2012-06-30": "$1,309", "2012-03-31": "$875", "2011-12-31": "$928", "2011-09-30": "$1,155", "2011-06-30": "$1,179", "2011-03-31": "$831", "2010-12-31": "$966", "2010-09-30": "$1,052", "2010-06-30": "$1,253", "2010-03-31": "$819"}}, "gross-profit": {"Realogy Holdings Annual Gross Profit (Millions of US $)": {"2019": "$2,442", "2018": "$2,500", "2017": "$2,580", "2016": "$2,865", "2015": "$2,775", "2014": "$2,573", "2013": "$2,598", "2012": "$2,353", "2011": "$2,161", "2010": "$2,158", "2009": "$3,932", "2008": "$4,725"}, "Realogy Holdings Quarterly Gross Profit (Millions of US $)": {"2020-09-30": "$752", "2020-06-30": "$522", "2020-03-31": "$486", "2019-12-31": "$579", "2019-09-30": "$675", "2019-06-30": "$709", "2019-03-31": "$479", "2018-12-31": "$331", "2018-09-30": "$774", "2018-06-30": "$811", "2018-03-31": "$584", "2017-12-31": "$372", "2017-09-30": "$787", "2017-06-30": "$823", "2017-03-31": "$598", "2016-12-31": "$681", "2016-09-30": "$810", "2016-06-30": "$798", "2016-03-31": "$576", "2015-12-31": "$656", "2015-09-30": "$813", "2015-06-30": "$774", "2015-03-31": "$532", "2014-12-31": "$622", "2014-09-30": "$736", "2014-06-30": "$708", "2014-03-31": "$507", "2013-12-31": "$605", "2013-09-30": "$757", "2013-06-30": "$733", "2013-03-31": "$503", "2012-12-31": "$585", "2012-09-30": "$648", "2012-06-30": "$647", "2012-03-31": "$473", "2011-12-31": "$60", "2011-09-30": "$608", "2011-06-30": "$602", "2011-03-31": "$457", "2010-12-31": "$966", "2010-09-30": "$1,052", "2010-06-30": "$1,253", "2010-03-31": "$819"}}, "operating-income": {"Realogy Holdings Annual Operating Income (Millions of US $)": {"2019": "$86", "2018": "$413", "2017": "$507", "2016": "$522", "2015": "$558", "2014": "$537", "2013": "$525", "2012": "$346", "2011": "$270", "2010": "$605", "2009": "$3,932", "2008": "$4,725"}, "Realogy Holdings Quarterly Operating Income (Millions of US $)": {"2020-09-30": "$194", "2020-06-30": "$70", "2020-03-31": "$-475", "2019-12-31": "$55", "2019-09-30": "$-94", "2019-06-30": "$175", "2019-03-31": "$-50", "2018-12-31": "$49", "2018-09-30": "$186", "2018-06-30": "$220", "2018-03-31": "$-42", "2017-12-31": "$73", "2017-09-30": "$195", "2017-06-30": "$230", "2017-03-31": "$9", "2016-12-31": "$91", "2016-09-30": "$212", "2016-06-30": "$212", "2016-03-31": "$7", "2015-12-31": "$92", "2015-09-30": "$250", "2015-06-30": "$206", "2015-03-31": "$10", "2014-12-31": "$109", "2014-09-30": "$220", "2014-06-30": "$205", "2014-03-31": "$3", "2013-12-31": "$106", "2013-09-30": "$211", "2013-06-30": "$192", "2013-03-31": "$16", "2012-12-31": "$68", "2012-09-30": "$151", "2012-06-30": "$145", "2012-03-31": "$-18", "2011-12-31": "$23", "2011-09-30": "$131", "2011-06-30": "$137", "2011-03-31": "$-21", "2010-12-31": "$966", "2010-09-30": "$1,052", "2010-06-30": "$1,253", "2010-03-31": "$819"}}, "ebitda": {"Realogy Holdings Annual EBITDA (Millions of US $)": {"2019": "$265", "2018": "$592", "2017": "$689", "2016": "$740", "2015": "$777", "2014": "$744", "2013": "$713", "2012": "$534", "2011": "$474", "2010": "$832", "2009": "$3,932", "2008": "$4,725"}, "Realogy Holdings Quarterly EBITDA (Millions of US $)": {"2020-09-30": "$240", "2020-06-30": "$119", "2020-03-31": "$-428", "2019-12-31": "$101", "2019-09-30": "$-50", "2019-06-30": "$220", "2019-03-31": "$-6", "2018-12-31": "$71", "2018-09-30": "$239", "2018-06-30": "$272", "2018-03-31": "$10", "2017-12-31": "$94", "2017-09-30": "$249", "2017-06-30": "$283", "2017-03-31": "$63", "2016-12-31": "$148", "2016-09-30": "$269", "2016-06-30": "$264", "2016-03-31": "$59", "2015-12-31": "$145", "2015-09-30": "$309", "2015-06-30": "$263", "2015-03-31": "$60", "2014-12-31": "$163", "2014-09-30": "$273", "2014-06-30": "$255", "2014-03-31": "$53", "2013-12-31": "$153", "2013-09-30": "$259", "2013-06-30": "$240", "2013-03-31": "$61", "2012-12-31": "$113", "2012-09-30": "$197", "2012-06-30": "$193", "2012-03-31": "$31", "2011-12-31": "$75", "2011-09-30": "$181", "2011-06-30": "$188", "2011-03-31": "$30", "2010-12-31": "$966", "2010-09-30": "$1,052", "2010-06-30": "$1,253", "2010-03-31": "$819"}}, "net-income": {"Realogy Holdings Annual Net Income (Millions of US $)": {"2019": "$-188", "2018": "$137", "2017": "$431", "2016": "$213", "2015": "$184", "2014": "$143", "2013": "$438", "2012": "$-543", "2011": "$-441", "2010": "$-99", "2009": "$-262", "2008": "$-1,912"}, "Realogy Holdings Quarterly Net Income (Millions of US $)": {"2020-09-30": "$98", "2020-06-30": "$-14", "2020-03-31": "$-462", "2019-12-31": "$-45", "2019-09-30": "$-113", "2019-06-30": "$69", "2019-03-31": "$-99", "2018-12-31": "$-22", "2018-09-30": "$103", "2018-06-30": "$123", "2018-03-31": "$-67", "2017-12-31": "$255", "2017-09-30": "$95", "2017-06-30": "$109", "2017-03-31": "$-28", "2016-12-31": "$57", "2016-09-30": "$106", "2016-06-30": "$92", "2016-03-31": "$-42", "2015-12-31": "$9", "2015-09-30": "$110", "2015-06-30": "$97", "2015-03-31": "$-32", "2014-12-31": "$21", "2014-09-30": "$100", "2014-06-30": "$68", "2014-03-31": "$-46", "2013-12-31": "$320", "2013-09-30": "$109", "2013-06-30": "$84", "2013-03-31": "$-75", "2012-12-31": "$-292", "2012-09-30": "$-34", "2012-06-30": "$-25", "2012-03-31": "$-192", "2011-12-31": "$-154", "2011-09-30": "$-28", "2011-06-30": "$-22", "2011-03-31": "$-237", "2010-12-31": "$-91", "2010-09-30": "$-33", "2010-06-30": "$222", "2010-03-31": "$-197"}}, "eps-earnings-per-share-diluted": {"Realogy Holdings Annual EPS": {"2019": "$-1.65", "2018": "$1.09", "2017": "$3.11", "2016": "$1.46", "2015": "$1.24", "2014": "$0.97", "2013": "$2.99", "2012": "$-14.41", "2011": "$-55.01", "2010": "$-12.35", "2009": "$-1.31", "2008": "$-9.55"}, "Realogy Holdings Quarterly EPS": {"2020-09-30": "$0.84", "2020-06-30": "$-0.12", "2020-03-31": "$-4.03", "2019-12-31": "$-0.39", "2019-09-30": "$-0.99", "2019-06-30": "$0.60", "2019-03-31": "$-0.87", "2018-12-31": "$-0.19", "2018-09-30": "$0.83", "2018-06-30": "$0.96", "2018-03-31": "$-0.51", "2017-12-31": "$1.84", "2017-09-30": "$0.69", "2017-06-30": "$0.78", "2017-03-31": "$-0.20", "2016-12-31": "$0.39", "2016-09-30": "$0.73", "2016-06-30": "$0.63", "2016-03-31": "$-0.29", "2015-12-31": "$0.06", "2015-09-30": "$0.74", "2015-06-30": "$0.66", "2015-03-31": "$-0.22", "2014-12-31": "$0.15", "2014-09-30": "$0.68", "2014-06-30": "$0.46", "2014-03-31": "$-0.32", "2013-12-31": "$2.20", "2013-09-30": "$0.74", "2013-06-30": "$0.57", "2013-03-31": "$-0.52", "2012-12-31": "$16.90", "2012-09-30": "$-4.24", "2012-06-30": "$-3.12", "2012-03-31": "$-23.95", "2011-12-31": "$-0.77", "2011-09-30": "$-3.49", "2011-06-30": "$-0.11", "2011-03-31": "$-1.18", "2010-12-31": "$-0.45", "2010-09-30": "$-0.16", "2010-06-30": "$1.11", "2010-03-31": "$-0.98"}}, "shares-outstanding": {"Realogy Holdings Annual Shares Outstanding (Millions of Shares)": {"2019": "114", "2018": "125", "2017": "138", "2016": "146", "2015": "148", "2014": "147", "2013": "147", "2012": "38", "2011": "8", "2010": "8", "2009": "200", "2008": "200"}, "Realogy Holdings Quarterly Shares Outstanding (Millions of Shares)": {"2020-09-30": "117", "2020-06-30": "116", "2020-03-31": "115", "2019-12-31": "114", "2019-09-30": "114", "2019-06-30": "115", "2019-03-31": "114", "2018-12-31": "125", "2018-09-30": "124", "2018-06-30": "128", "2018-03-31": "130", "2017-12-31": "138", "2017-09-30": "138", "2017-06-30": "139", "2017-03-31": "140", "2016-12-31": "146", "2016-09-30": "145", "2016-06-30": "147", "2016-03-31": "147", "2015-12-31": "148", "2015-09-30": "148", "2015-06-30": "148", "2015-03-31": "146", "2014-12-31": "147", "2014-09-30": "147", "2014-06-30": "147", "2014-03-31": "146", "2013-12-31": "147", "2013-09-30": "147", "2013-06-30": "145", "2013-03-31": "145", "2012-12-31": "38", "2012-09-30": "8", "2012-06-30": "8", "2012-03-31": "8", "2011-12-31": "200", "2011-09-30": "8", "2011-06-30": "200", "2011-03-31": "200", "2010-12-31": "202", "2010-09-30": "200", "2010-06-30": "200", "2010-03-31": "200"}}, "total-assets": {"Realogy Holdings Annual Total Assets (Millions of US $)": {"2019": "$7,543", "2018": "$7,290", "2017": "$7,337", "2016": "$7,421", "2015": "$7,531", "2014": "$7,304", "2013": "$7,326", "2012": "$7,445", "2011": "$7,350", "2010": "$0", "2009": "$0", "2008": "$0"}, "Realogy Holdings Quarterly Total Assets (Millions of US $)": {"2020-09-30": "$7,048", "2020-06-30": "$7,433", "2020-03-31": "$7,461", "2019-12-31": "$7,543", "2019-09-30": "$7,717", "2019-06-30": "$7,954", "2019-03-31": "$7,811", "2018-12-31": "$7,290", "2018-09-30": "$7,438", "2018-06-30": "$7,491", "2018-03-31": "$7,325", "2017-12-31": "$7,337", "2017-09-30": "$7,521", "2017-06-30": "$7,426", "2017-03-31": "$7,330", "2016-12-31": "$7,421", "2016-09-30": "$7,455", "2016-06-30": "$7,630", "2016-03-31": "$7,400", "2015-12-31": "$7,531", "2015-09-30": "$8,029", "2015-06-30": "$7,846", "2015-03-31": "$7,432", "2014-12-31": "$7,304", "2014-09-30": "$7,646", "2014-06-30": "$7,443", "2014-03-31": "$7,227", "2013-12-31": "$7,326", "2013-09-30": "$7,182", "2013-06-30": "$7,299", "2013-03-31": "$7,415", "2012-12-31": "$7,445", "2012-09-30": "$7,351", "2012-06-30": "$7,822", "2012-03-31": "$7,797", "2011-12-31": "$7,350", "2011-09-30": "$0", "2011-06-30": "$0", "2011-03-31": "$0", "2010-12-31": "$0", "2010-09-30": "$0", "2010-06-30": "$0", "2010-03-31": "$0"}}, "cash-on-hand": {"Realogy Holdings Annual Cash on Hand (Millions of US $)": {"2019": "$235", "2018": "$205", "2017": "$234", "2016": "$281", "2015": "$415", "2014": "$313", "2013": "$236", "2012": "$376", "2011": "$143", "2010": "$", "2009": "$", "2008": "$"}, "Realogy Holdings Quarterly Cash on Hand (Millions of US $)": {"2020-09-30": "$380", "2020-06-30": "$686", "2020-03-31": "$628", "2019-12-31": "$235", "2019-09-30": "$278", "2019-06-30": "$278", "2019-03-31": "$246", "2018-12-31": "$205", "2018-09-30": "$237", "2018-06-30": "$239", "2018-03-31": "$188", "2017-12-31": "$234", "2017-09-30": "$348", "2017-06-30": "$219", "2017-03-31": "$205", "2016-12-31": "$281", "2016-09-30": "$224", "2016-06-30": "$423", "2016-03-31": "$283", "2015-12-31": "$415", "2015-09-30": "$567", "2015-06-30": "$359", "2015-03-31": "$184", "2014-12-31": "$313", "2014-09-30": "$268", "2014-06-30": "$209", "2014-03-31": "$119", "2013-12-31": "$236", "2013-09-30": "$173", "2013-06-30": "$187", "2013-03-31": "$366", "2012-12-31": "$376", "2012-09-30": "$141", "2012-06-30": "$138", "2012-03-31": "$148", "2011-12-31": "$143", "2011-09-30": "", "2011-06-30": "", "2011-03-31": "", "2010-12-31": "", "2010-09-30": "", "2010-06-30": "", "2010-03-31": ""}}, "long-term-debt": {"Realogy Holdings Annual Long Term Debt (Millions of US $)": {"2019": "$3,211", "2018": "$2,800", "2017": "$3,415", "2016": "$3,470", "2015": "$3,209", "2014": "$4,105", "2013": "$4,157", "2012": "$4,627", "2011": "$7,477", "2010": "$", "2009": "$", "2008": "$"}, "Realogy Holdings Quarterly Long Term Debt (Millions of US $)": {"2020-09-30": "$3,159", "2020-06-30": "$3,175", "2020-03-31": "$3,200", "2019-12-31": "$3,211", "2019-09-30": "$3,449", "2019-06-30": "$3,529", "2019-03-31": "$3,522", "2018-12-31": "$2,800", "2018-09-30": "$3,070", "2018-06-30": "$3,073", "2018-03-31": "$3,447", "2017-12-31": "$3,415", "2017-09-30": "$3,468", "2017-06-30": "$3,469", "2017-03-31": "$3,428", "2016-12-31": "$3,470", "2016-09-30": "$3,528", "2016-06-30": "$3,971", "2016-03-31": "$3,423", "2015-12-31": "$3,209", "2015-09-30": "$4,232", "2015-06-30": "$4,291", "2015-03-31": "$4,156", "2014-12-31": "$4,105", "2014-09-30": "$4,227", "2014-06-30": "$4,203", "2014-03-31": "$4,197", "2013-12-31": "$4,157", "2013-09-30": "$4,202", "2013-06-30": "$4,416", "2013-03-31": "$4,710", "2012-12-31": "$4,627", "2012-09-30": "$7,551", "2012-06-30": "$7,602", "2012-03-31": "$7,534", "2011-12-31": "$7,477", "2011-09-30": "", "2011-06-30": "", "2011-03-31": "", "2010-12-31": "", "2010-09-30": "", "2010-06-30": "", "2010-03-31": ""}}, "total-liabilities": {"Realogy Holdings Annual Total Liabilities (Millions of US $)": {"2019": "$5,447", "2018": "$4,975", "2017": "$4,715", "2016": "$4,952", "2015": "$5,109", "2014": "$5,121", "2013": "$5,313", "2012": "$5,926", "2011": "$8,849", "2010": "$0", "2009": "$", "2008": "$"}, "Realogy Holdings Quarterly Total Liabilities (Millions of US $)": {"2020-09-30": "$5,315", "2020-06-30": "$5,808", "2020-03-31": "$5,827", "2019-12-31": "$5,447", "2019-09-30": "$5,534", "2019-06-30": "$5,701", "2019-03-31": "$5,622", "2018-12-31": "$4,975", "2018-09-30": "$4,995", "2018-06-30": "$5,049", "2018-03-31": "$4,897", "2017-12-31": "$4,715", "2017-09-30": "$5,056", "2017-06-30": "$5,003", "2017-03-31": "$4,955", "2016-12-31": "$4,952", "2016-09-30": "$4,987", "2016-06-30": "$5,206", "2016-03-31": "$5,047", "2015-12-31": "$5,109", "2015-09-30": "$5,636", "2015-06-30": "$5,573", "2015-03-31": "$5,274", "2014-12-31": "$5,121", "2014-09-30": "$5,481", "2014-06-30": "$5,386", "2014-03-31": "$5,252", "2013-12-31": "$5,313", "2013-09-30": "$5,509", "2013-06-30": "$5,753", "2013-03-31": "$5,972", "2012-12-31": "$5,926", "2012-09-30": "$9,093", "2012-06-30": "$9,543", "2012-03-31": "$9,495", "2011-12-31": "$8,849", "2011-09-30": "$0", "2011-06-30": "$0", "2011-03-31": "$0", "2010-12-31": "$0", "2010-09-30": "", "2010-06-30": "", "2010-03-31": ""}}, "total-share-holder-equity": {"Realogy Holdings Annual Share Holder Equity (Millions of US $)": {"2019": "$2,096", "2018": "$2,315", "2017": "$2,622", "2016": "$2,469", "2015": "$2,422", "2014": "$2,183", "2013": "$2,013", "2012": "$1,519", "2011": "$-1,499", "2010": "$0", "2009": "$", "2008": "$"}, "Realogy Holdings Quarterly Share Holder Equity (Millions of US $)": {"2020-09-30": "$1,733", "2020-06-30": "$1,625", "2020-03-31": "$1,634", "2019-12-31": "$2,096", "2019-09-30": "$2,183", "2019-06-30": "$2,253", "2019-03-31": "$2,189", "2018-12-31": "$2,315", "2018-09-30": "$2,443", "2018-06-30": "$2,442", "2018-03-31": "$2,428", "2017-12-31": "$2,622", "2017-09-30": "$2,465", "2017-06-30": "$2,423", "2017-03-31": "$2,375", "2016-12-31": "$2,469", "2016-09-30": "$2,468", "2016-06-30": "$2,424", "2016-03-31": "$2,353", "2015-12-31": "$2,422", "2015-09-30": "$2,393", "2015-06-30": "$2,273", "2015-03-31": "$2,158", "2014-12-31": "$2,183", "2014-09-30": "$2,165", "2014-06-30": "$2,057", "2014-03-31": "$1,975", "2013-12-31": "$2,013", "2013-09-30": "$1,673", "2013-06-30": "$1,546", "2013-03-31": "$1,443", "2012-12-31": "$1,519", "2012-09-30": "$-1,742", "2012-06-30": "$-1,721", "2012-03-31": "$-1,698", "2011-12-31": "$-1,499", "2011-09-30": "$0", "2011-06-30": "$0", "2011-03-31": "$0", "2010-12-31": "$0", "2010-09-30": "", "2010-06-30": "", "2010-03-31": ""}}, "profit-margins": {"current": "-7.68%"}, "gross margin": {"2020-09-30": "42.45%", "2020-06-30": "43.47%", "2020-03-31": "43.27%", "2019-12-31": "43.62%", "2019-09-30": "41.20%", "2019-06-30": "42.07%", "2019-03-31": "42.71%", "2018-12-31": "43.24%", "2018-09-30": "43.32%", "2018-06-30": "43.56%", "2018-03-31": "43.97%", "2017-12-31": "44.41%", "2017-09-30": "47.83%", "2017-06-30": "48.45%", "2017-03-31": "49.11%", "2016-12-31": "49.31%", "2016-09-30": "49.26%", "2016-06-30": "49.11%", "2016-03-31": "48.79%", "2015-12-31": "48.63%", "2015-09-30": "48.44%", "2015-06-30": "48.24%", "2015-03-31": "48.26%", "2014-12-31": "48.29%", "2014-09-30": "48.26%", "2014-06-30": "48.46%", "2014-03-31": "48.74%", "2013-12-31": "49.12%", "2013-09-30": "49.10%", "2013-06-30": "49.60%", "2013-03-31": "50.13%", "2012-12-31": "50.36%", "2012-09-30": "41.61%", "2012-06-30": "41.90%", "2012-03-31": "42.13%", "2011-12-31": "42.19%", "2011-09-30": "63.74%", "2011-06-30": "76.39%", "2011-03-31": "90.88%", "2010-12-31": "100.00%"}, "operating margin": {"2020-09-30": "-2.83%", "2020-06-30": "-8.53%", "2020-03-31": "-5.99%", "2019-12-31": "1.54%", "2019-09-30": "1.50%", "2019-06-30": "6.60%", "2019-03-31": "7.22%", "2018-12-31": "7.14%", "2018-09-30": "7.45%", "2018-06-30": "7.61%", "2018-03-31": "7.81%", "2017-12-31": "8.73%", "2017-09-30": "8.69%", "2017-06-30": "9.02%", "2017-03-31": "8.91%", "2016-12-31": "8.98%", "2016-09-30": "9.07%", "2016-06-30": "9.69%", "2016-03-31": "9.61%", "2015-12-31": "9.78%", "2015-09-30": "10.16%", "2015-06-30": "9.87%", "2015-03-31": "10.11%", "2014-12-31": "10.08%", "2014-09-30": "10.08%", "2014-06-30": "9.87%", "2014-03-31": "9.59%", "2013-12-31": "9.93%", "2013-09-30": "9.28%", "2013-06-30": "8.58%", "2013-03-31": "7.99%", "2012-12-31": "7.41%", "2012-09-30": "6.85%", "2012-06-30": "6.59%", "2012-03-31": "6.60%", "2011-12-31": "6.60%", "2011-09-30": "29.36%", "2011-06-30": "52.98%", "2011-03-31": "79.23%", "2010-12-31": "100.00%"}, "ebitda margin": {"2020-09-30": "0.58%", "2020-06-30": "-4.96%", "2020-03-31": "-2.77%", "2019-12-31": "4.73%", "2019-09-30": "4.41%", "2019-06-30": "9.61%", "2019-03-31": "10.27%", "2018-12-31": "10.24%", "2018-09-30": "10.49%", "2018-06-30": "10.66%", "2018-03-31": "10.90%", "2017-12-31": "11.86%", "2017-09-30": "12.30%", "2017-06-30": "12.70%", "2017-03-31": "12.66%", "2016-12-31": "12.74%", "2016-09-30": "12.78%", "2016-06-30": "13.42%", "2016-03-31": "13.43%", "2015-12-31": "13.62%", "2015-09-30": "14.05%", "2015-06-30": "13.75%", "2015-03-31": "13.95%", "2014-12-31": "13.96%", "2014-09-30": "13.86%", "2014-06-30": "13.54%", "2014-03-31": "13.20%", "2013-12-31": "13.48%", "2013-09-30": "12.82%", "2013-06-30": "12.27%", "2013-03-31": "11.86%", "2012-12-31": "11.43%", "2012-09-30": "11.29%", "2012-06-30": "11.25%", "2012-03-31": "11.48%", "2011-12-31": "11.58%", "2011-09-30": "33.04%", "2011-06-30": "55.51%", "2011-03-31": "80.47%", "2010-12-31": "100.00%"}, "pre tax profit margin": {"2020-09-30": "-7.48%", "2020-06-30": "-13.61%", "2020-03-31": "-10.88%", "2019-12-31": "-2.82%", "2019-09-30": "-3.62%", "2019-06-30": "1.87%", "2019-03-31": "3.23%", "2018-12-31": "3.75%", "2018-09-30": "4.76%", "2018-06-30": "4.90%", "2018-03-31": "5.07%", "2017-12-31": "5.92%", "2017-09-30": "6.42%", "2017-06-30": "6.84%", "2017-03-31": "6.48%", "2016-12-31": "6.01%", "2016-09-30": "4.58%", "2016-06-30": "4.66%", "2016-03-31": "4.74%", "2015-12-31": "4.94%", "2015-09-30": "5.30%", "2015-06-30": "5.16%", "2015-03-31": "4.53%", "2014-12-31": "4.22%", "2014-09-30": "4.91%", "2014-06-30": "3.91%", "2014-03-31": "3.26%", "2013-12-31": "3.31%", "2013-09-30": "-3.43%", "2013-06-30": "-6.65%", "2013-03-31": "-9.34%", "2012-12-31": "-12.05%", "2012-09-30": "-9.26%", "2012-06-30": "-9.35%", "2012-03-31": "-9.48%", "2011-12-31": "-10.58%", "2011-09-30": "16.41%", "2011-06-30": "43.64%", "2011-03-31": "73.99%", "2010-12-31": "100.00%"}, "net profit margin": {"2020-09-30": "-7.68%", "2020-06-30": "-12.19%", "2020-03-31": "-9.73%", "2019-12-31": "-3.36%", "2019-09-30": "-3.10%", "2019-06-30": "0.94%", "2019-03-31": "1.87%", "2018-12-31": "2.37%", "2018-09-30": "7.06%", "2018-06-30": "6.92%", "2018-03-31": "6.72%", "2017-12-31": "7.42%", "2017-09-30": "3.86%", "2017-06-30": "4.06%", "2017-03-31": "3.86%", "2016-12-31": "3.67%", "2016-09-30": "2.86%", "2016-06-30": "2.92%", "2016-03-31": "3.01%", "2015-12-31": "3.22%", "2015-09-30": "3.46%", "2015-06-30": "3.37%", "2015-03-31": "2.92%", "2014-12-31": "2.68%", "2014-09-30": "8.35%", "2014-06-30": "8.48%", "2014-03-31": "8.75%", "2013-12-31": "8.28%", "2013-09-30": "-3.31%", "2013-06-30": "-6.37%", "2013-03-31": "-8.96%", "2012-12-31": "-11.62%", "2012-09-30": "-9.22%", "2012-06-30": "-9.35%", "2012-03-31": "-9.57%", "2011-12-31": "-10.77%", "2011-09-30": "-9.15%", "2011-06-30": "-9.51%", "2011-03-31": "-3.39%", "2010-12-31": "-2.42%"}, "pe ratio": {"current": "11.32", "2021-02-05": "0.00", "2020-09-30": "0.00", "2020-06-30": "0.00", "2020-03-31": "0.00", "2019-12-31": "0.00", "2019-09-30": "0.00", "2019-06-30": "19.28", "2019-03-31": "15.22", "2018-12-31": "13.03", "2018-09-30": "6.27", "2018-06-30": "7.21", "2018-03-31": "9.14", "2017-12-31": "7.98", "2017-09-30": "18.71", "2017-06-30": "17.95", "2017-03-31": "18.01", "2016-12-31": "16.46", "2016-09-30": "21.44", "2016-06-30": "23.77", "2016-03-31": "28.82", "2015-12-31": "27.61", "2015-09-30": "26.62", "2015-06-30": "34.62", "2015-03-31": "40.06", "2014-12-31": "43.27", "2014-09-30": "11.58", "2014-06-30": "11.51", "2014-03-31": "12.80", "2013-12-31": "15.55", "2013-09-30": "50.84"}, "price sales": {"2021-02-05": "0.35", "2020-09-30": "0.20", "2020-06-30": "0.16", "2020-03-31": "0.06", "2019-12-31": "0.20", "2019-09-30": "0.15", "2019-06-30": "0.16", "2019-03-31": "0.24", "2018-12-31": "0.31", "2018-09-30": "0.44", "2018-06-30": "0.50", "2018-03-31": "0.61", "2017-12-31": "0.60", "2017-09-30": "0.73", "2017-06-30": "0.73", "2017-03-31": "0.69", "2016-12-31": "0.61", "2016-09-30": "0.62", "2016-06-30": "0.69", "2016-03-31": "0.86", "2015-12-31": "0.89", "2015-09-30": "0.92", "2015-06-30": "1.16", "2015-03-31": "1.16", "2014-12-31": "1.14", "2014-09-30": "0.96", "2014-06-30": "0.97", "2014-03-31": "1.11", "2013-12-31": "1.28", "2013-09-30": "0.67"}, "price book": {"current": "1.11", "2021-02-05": "1.11", "2020-09-30": "0.63", "2020-06-30": "0.53", "2020-03-31": "0.21", "2019-12-31": "0.53", "2019-09-30": "0.35", "2019-06-30": "0.36", "2019-03-31": "0.58", "2018-12-31": "0.70", "2018-09-30": "0.98", "2018-06-30": "1.12", "2018-03-31": "1.38", "2017-12-31": "1.27", "2017-09-30": "1.71", "2017-06-30": "1.73", "2017-03-31": "1.64", "2016-12-31": "1.37", "2016-09-30": "1.40", "2016-06-30": "1.62", "2016-03-31": "2.09", "2015-12-31": "2.07", "2015-09-30": "2.15", "2015-06-30": "2.81", "2015-03-31": "2.88", "2014-12-31": "2.79", "2014-09-30": "2.35", "2014-06-30": "2.50", "2014-03-31": "3.00", "2013-12-31": "3.35", "2013-09-30": "3.51", "2013-06-30": "4.23", "2013-03-31": "4.59", "2012-12-31": "3.75"}, "price fcf": {"2021-02-05": "", "2020-09-30": "$3.98", "2020-06-30": "$2.18", "2020-03-31": "$2.48", "2019-12-31": "$2.30", "2019-09-30": "$2.58", "2019-06-30": "$2.78", "2019-03-31": "$2.50", "2018-12-31": "$2.41", "2018-09-30": "$2.67", "2018-06-30": "$2.86", "2018-03-31": "$3.27", "2017-12-31": "$4.17", "2017-09-30": "$3.73", "2017-06-30": "$3.99", "2017-03-31": "$3.72", "2016-12-31": "$3.42", "2016-09-30": "$3.52", "2016-06-30": "$3.62", "2016-03-31": "$3.52", "2015-12-31": "$3.40", "2015-09-30": "$3.22", "2015-06-30": "$2.53", "2015-03-31": "$2.57", "2014-12-31": "$2.43", "2014-09-30": "$2.47", "2014-06-30": "$2.53", "2014-03-31": "$2.47", "2013-12-31": "$2.93", "2013-09-30": "$-2.19"}, "net worth": {"value": "$1.92B"}, "current ratio": {"2020-09-30": "0.68", "2020-06-30": "0.61", "2020-03-31": "0.60", "2019-12-31": "0.47", "2019-09-30": "0.81", "2019-06-30": "0.80", "2019-03-31": "0.66", "2018-12-31": "0.25", "2018-09-30": "0.58", "2018-06-30": "0.56", "2018-03-31": "0.67", "2017-12-31": "0.80", "2017-09-30": "0.94", "2017-06-30": "0.83", "2017-03-31": "0.65", "2016-12-31": "0.80", "2016-09-30": "0.89", "2016-06-30": "1.60", "2016-03-31": "0.67", "2015-12-31": "0.63", "2015-09-30": "1.79", "2015-06-30": "1.66", "2015-03-31": "1.29", "2014-12-31": "1.30", "2014-09-30": "1.37", "2014-06-30": "1.31", "2014-03-31": "1.05", "2013-12-31": "1.09", "2013-09-30": "1.13", "2013-06-30": "1.19", "2013-03-31": "1.53", "2012-12-31": "1.43", "2012-09-30": "0.82", "2012-06-30": "0.88", "2012-03-31": "0.80", "2011-12-31": "0.91", "2011-09-30": "0.00", "2011-06-30": "0.00", "2011-03-31": "0.00", "2010-12-31": "0.00", "2010-09-30": "0.00", "2010-06-30": "0.00", "2010-03-31": "0.00"}, "quick ratio": {"2020-09-30": "0.00", "2020-06-30": "0.00", "2020-03-31": "0.00", "2019-12-31": "0.00", "2019-09-30": "0.00", "2019-06-30": "0.00", "2019-03-31": "0.00", "2018-12-31": "0.00", "2018-09-30": "0.00", "2018-06-30": "0.00", "2018-03-31": "0.00", "2017-12-31": "0.00", "2017-09-30": "0.00", "2017-06-30": "0.00", "2017-03-31": "0.00", "2016-12-31": "0.00", "2016-09-30": "0.00", "2016-06-30": "0.00", "2016-03-31": "0.00", "2015-12-31": "0.00", "2015-09-30": "0.00", "2015-06-30": "0.00", "2015-03-31": "0.00", "2014-12-31": "0.00", "2014-09-30": "0.00", "2014-06-30": "0.00", "2014-03-31": "0.00", "2013-12-31": "0.00", "2013-09-30": "0.00", "2013-06-30": "0.00", "2013-03-31": "0.00", "2012-12-31": "0.00", "2012-09-30": "0.00", "2012-06-30": "0.00", "2012-03-31": "0.00", "2011-12-31": "0.00", "2011-09-30": "0.00", "2011-06-30": "0.00", "2011-03-31": "0.00", "2010-12-31": "0.00", "2010-09-30": "0.00", "2010-06-30": "0.00", "2010-03-31": "0.00"}, "debt equity ratio": {"current": "1.82", "2020-09-30": "3.07", "2020-06-30": "3.57", "2020-03-31": "3.57", "2019-12-31": "2.60", "2019-09-30": "2.54", "2019-06-30": "2.53", "2019-03-31": "2.57", "2018-12-31": "2.15", "2018-09-30": "2.05", "2018-06-30": "2.07", "2018-03-31": "2.02", "2017-12-31": "1.80", "2017-09-30": "2.05", "2017-06-30": "2.07", "2017-03-31": "2.09", "2016-12-31": "2.01", "2016-09-30": "2.02", "2016-06-30": "2.15", "2016-03-31": "2.15", "2015-12-31": "2.11", "2015-09-30": "2.36", "2015-06-30": "2.45", "2015-03-31": "2.44", "2014-12-31": "2.35", "2014-09-30": "2.53", "2014-06-30": "2.62", "2014-03-31": "2.66", "2013-12-31": "2.64", "2013-09-30": "3.29", "2013-06-30": "3.72", "2013-03-31": "4.14", "2012-12-31": "3.90", "2012-09-30": "-5.22", "2012-06-30": "-5.55", "2012-03-31": "-5.59", "2011-12-31": "-5.90", "2011-09-30": "0.00", "2011-06-30": "0.00", "2011-03-31": "0.00", "2010-12-31": "0.00", "2010-09-30": "0.00", "2010-06-30": "0.00", "2010-03-31": "0.00"}, "return on equity": {"2020-09-30": "-23.87%", "2020-06-30": "-33.64%", "2020-03-31": "-26.99%", "2019-12-31": "-8.62%", "2019-09-30": "-7.38%", "2019-06-30": "2.22%", "2019-03-31": "4.47%", "2018-12-31": "5.69%", "2018-09-30": "16.67%", "2018-06-30": "16.31%", "2018-03-31": "15.78%", "2017-12-31": "17.44%", "2017-09-30": "9.58%", "2017-06-30": "10.03%", "2017-03-31": "9.33%", "2016-12-31": "8.77%", "2016-09-30": "6.83%", "2016-06-30": "7.05%", "2016-03-31": "7.37%", "2015-12-31": "7.96%", "2015-09-30": "8.70%", "2015-06-30": "8.47%", "2015-03-31": "7.33%", "2014-12-31": "6.83%", "2014-09-30": "21.53%", "2014-06-30": "23.37%", "2014-03-31": "25.92%", "2013-12-31": "26.25%", "2013-09-30": "-11.26%", "2013-06-30": "-45.84%", "2013-03-31": "340.12%", "2012-12-31": "59.64%", "2012-09-30": "24.32%", "2012-06-30": "32.45%", "2012-03-31": "49.55%", "2011-12-31": "117.68%", "2011-09-30": "inf%", "2011-06-30": "inf%", "2011-03-31": "inf%", "2010-12-31": "inf%"}, "return on assets": {"2020-09-30": "-5.74%", "2020-06-30": "-8.41%", "2020-03-31": "-7.19%", "2019-12-31": "-2.42%", "2019-09-30": "-2.14%", "2019-06-30": "0.67%", "2019-03-31": "1.40%", "2018-12-31": "1.85%", "2018-09-30": "5.60%", "2018-06-30": "5.47%", "2018-03-31": "5.30%", "2017-12-31": "5.82%", "2017-09-30": "3.14%", "2017-06-30": "3.29%", "2017-03-31": "3.04%", "2016-12-31": "2.85%", "2016-09-30": "2.20%", "2016-06-30": "2.21%", "2016-03-31": "2.26%", "2015-12-31": "2.39%", "2015-09-30": "2.56%", "2015-06-30": "2.46%", "2015-03-31": "2.11%", "2014-12-31": "1.93%", "2014-09-30": "5.96%", "2014-06-30": "6.18%", "2014-03-31": "6.43%", "2013-12-31": "6.00%", "2013-09-30": "-2.37%", "2013-06-30": "-4.30%", "2013-03-31": "-5.67%", "2012-12-31": "-7.14%", "2012-09-30": "-5.34%", "2012-06-30": "-6.95%", "2012-03-31": "-10.46%", "2011-12-31": "-24.00%", "2011-09-30": "inf%", "2011-06-30": "inf%", "2011-03-31": "inf%", "2010-12-31": "inf%"}, "return on investments": {"2020-09-30": "-3.15%", "2020-06-30": "-8.63%", "2020-03-31": "-6.29%", "2019-12-31": "1.53%", "2019-09-30": "1.44%", "2019-06-30": "6.51%", "2019-03-31": "7.41%", "2018-12-31": "7.50%", "2018-09-30": "7.62%", "2018-06-30": "7.64%", "2018-03-31": "7.68%", "2017-12-31": "8.57%", "2017-09-30": "8.91%", "2017-06-30": "9.17%", "2017-03-31": "8.69%", "2016-12-31": "8.66%", "2016-09-30": "8.79%", "2016-06-30": "9.19%", "2016-03-31": "9.03%", "2015-12-31": "8.88%", "2015-09-30": "8.92%", "2015-06-30": "8.53%", "2015-03-31": "8.62%", "2014-12-31": "8.55%", "2014-09-30": "8.55%", "2014-06-30": "8.58%", "2014-03-31": "8.47%", "2013-12-31": "8.69%", "2013-09-30": "8.07%", "2013-06-30": "7.10%", "2013-03-31": "6.34%", "2012-12-31": "5.85%", "2012-09-30": "5.12%", "2012-06-30": "6.35%", "2012-03-31": "9.24%", "2011-12-31": "18.07%", "2011-09-30": "inf%", "2011-06-30": "inf%", "2011-03-31": "inf%", "2010-12-31": "inf%"}, "return on tangible equity": {"2020-09-30": "21.81%", "2020-06-30": "30.85%", "2020-03-31": "25.35%", "2019-12-31": "8.13%", "2019-09-30": "7.12%", "2019-06-30": "-2.21%", "2019-03-31": "-4.64%", "2018-12-31": "-6.19%", "2018-09-30": "-18.41%", "2018-06-30": "-18.06%", "2018-03-31": "-17.38%", "2017-12-31": "-18.98%", "2017-09-30": "-10.08%", "2017-06-30": "-10.54%", "2017-03-31": "-9.87%", "2016-12-31": "-9.31%", "2016-09-30": "-7.23%", "2016-06-30": "-7.42%", "2016-03-31": "-7.56%", "2015-12-31": "-7.95%", "2015-09-30": "-8.36%", "2015-06-30": "-7.84%", "2015-03-31": "-6.59%", "2014-12-31": "-5.94%", "2014-09-30": "-18.27%", "2014-06-30": "-17.98%", "2014-03-31": "-17.76%", "2013-12-31": "-15.90%", "2013-09-30": "6.04%", "2013-06-30": "8.47%", "2013-03-31": "9.70%", "2012-12-31": "10.82%", "2012-09-30": "7.01%", "2012-06-30": "9.43%", "2012-03-31": "13.84%", "2011-12-31": "29.55%", "2011-09-30": "inf%", "2011-06-30": "inf%", "2011-03-31": "inf%", "2010-12-31": "inf%"}, "dividend yield history": {"last payout": "$0.00", "last yield": "0.00%"}}