{"ticker": "REG", "price": {"title": "Regency Centers Historical Annual Stock Price Data", "value": 51.25, "historical": {"2021": {"Average Stock Price": "47.1446", "Year Open": "44.2700", "Year High": "51.2500", "Year Low": "44.0200", "Year Close": "51.2500", "Annual % Change": "12.42%"}, "2020": {"Average Stock Price": "45.8840", "Year Open": "61.6800", "Year High": "64.2400", "Year Low": "32.2700", "Year Close": "45.5900", "Annual % Change": "-27.74%"}, "2019": {"Average Stock Price": "65.8298", "Year Open": "56.8100", "Year High": "69.9000", "Year Low": "56.8100", "Year Close": "63.0900", "Annual % Change": "7.52%"}, "2018": {"Average Stock Price": "61.3534", "Year Open": "69.5400", "Year High": "69.5400", "Year Low": "55.5800", "Year Close": "58.6800", "Annual % Change": "-15.18%"}, "2017": {"Average Stock Price": "65.5154", "Year Open": "68.8900", "Year High": "71.7000", "Year Low": "58.9600", "Year Close": "69.1800", "Annual % Change": "0.33%"}, "2016": {"Average Stock Price": "74.7856", "Year Open": "67.5400", "Year High": "85.3000", "Year Low": "65.3800", "Year Close": "68.9500", "Annual % Change": "1.22%"}, "2015": {"Average Stock Price": "64.8071", "Year Open": "64.8100", "Year High": "69.9000", "Year Low": "57.0900", "Year Close": "68.1200", "Annual % Change": "6.80%"}, "2014": {"Average Stock Price": "54.7133", "Year Open": "45.9700", "Year High": "64.9600", "Year Low": "45.9700", "Year Close": "63.7800", "Annual % Change": "37.75%"}, "2013": {"Average Stock Price": "50.9617", "Year Open": "47.5300", "Year High": "59.2000", "Year Low": "45.8800", "Year Close": "46.3000", "Annual % Change": "-1.74%"}, "2012": {"Average Stock Price": "45.6664", "Year Open": "37.5600", "Year High": "50.5200", "Year Low": "36.6900", "Year Close": "47.1200", "Annual % Change": "25.25%"}, "2011": {"Average Stock Price": "41.2425", "Year Open": "43.0400", "Year High": "47.3200", "Year Low": "33.3700", "Year Close": "37.6200", "Annual % Change": "-10.94%"}, "2010": {"Average Stock Price": "38.2148", "Year Open": "34.7700", "Year High": "44.8000", "Year Low": "32.2500", "Year Close": "42.2400", "Annual % Change": "20.48%"}, "2009": {"Average Stock Price": "33.6155", "Year Open": "44.0600", "Year High": "46.5400", "Year Low": "22.0200", "Year Close": "35.0600", "Annual % Change": "-24.93%"}, "2008": {"Average Stock Price": "56.6968", "Year Open": "64.3300", "Year High": "72.2800", "Year Low": "25.3400", "Year Close": "46.7000", "Annual % Change": "-27.59%"}, "2007": {"Average Stock Price": "75.5136", "Year Open": "78.6400", "Year High": "92.7900", "Year Low": "62.2200", "Year Close": "64.4900", "Annual % Change": "-17.50%"}, "2006": {"Average Stock Price": "66.4477", "Year Open": "60.4700", "Year High": "81.3400", "Year Low": "59.3500", "Year Close": "78.1700", "Annual % Change": "32.60%"}, "2005": {"Average Stock Price": "55.0046", "Year Open": "54.5400", "Year High": "63.1100", "Year Low": "47.3000", "Year Close": "58.9500", "Annual % Change": "6.41%"}, "2004": {"Average Stock Price": "44.3049", "Year Open": "39.7800", "Year High": "55.4000", "Year Low": "35.1100", "Year Close": "55.4000", "Annual % Change": "39.02%"}, "2003": {"Average Stock Price": "35.0235", "Year Open": "32.4500", "Year High": "40.2000", "Year Low": "30.2500", "Year Close": "39.8500", "Annual % Change": "22.99%"}, "2002": {"Average Stock Price": "29.8545", "Year Open": "27.1000", "Year High": "32.4000", "Year Low": "26.8000", "Year Close": "32.4000", "Annual % Change": "16.76%"}, "2001": {"Average Stock Price": "24.9384", "Year Open": "23.6900", "Year High": "27.7500", "Year Low": "22.9400", "Year Close": "27.7500", "Annual % Change": "17.14%"}, "2000": {"Average Stock Price": "21.5368", "Year Open": "19.9400", "Year High": "24.0000", "Year Low": "18.4400", "Year Close": "23.6900", "Annual % Change": "18.45%"}, "1999": {"Average Stock Price": "20.8763", "Year Open": "22.1900", "Year High": "22.9400", "Year Low": "18.7500", "Year Close": "20.0000", "Annual % Change": "-10.11%"}, "1998": {"Average Stock Price": "24.3111", "Year Open": "27.7500", "Year High": "27.7500", "Year Low": "20.5000", "Year Close": "22.2500", "Annual % Change": "-19.65%"}, "1997": {"Average Stock Price": "26.6149", "Year Open": "26.1300", "Year High": "28.2500", "Year Low": "24.6300", "Year Close": "27.6900", "Annual % Change": "5.49%"}, "1996": {"Average Stock Price": "19.8032", "Year Open": "17.1200", "Year High": "26.2500", "Year Low": "16.0000", "Year Close": "26.2500", "Annual % Change": "52.17%"}, "1995": {"Average Stock Price": "16.8404", "Year Open": "16.8800", "Year High": "18.3800", "Year Low": "15.2500", "Year Close": "17.2500", "Annual % Change": "3.73%"}, "1994": {"Average Stock Price": "17.1229", "Year Open": "16.8800", "Year High": "18.7500", "Year Low": "15.2500", "Year Close": "16.6300", "Annual % Change": "0.00%"}}}, "market cap": {"value": "$8.41B"}, "income statement": {"Revenue": {"2019-12-31": "1133.13800", "2018-12-31": "1120.97500", "2017-12-31": "984.32600", "2016-12-31": "614.37100", "2015-12-31": "569.76300", "2014-12-31": "537.89800", "2013-12-31": "489.00700", "2012-12-31": "473.92900", "2011-12-31": "470.44900", "2010-12-31": "468.19100", "2009-12-31": "478.56100", "2008-12-31": "494.93400", "2007-12-31": "436.00600", "2006-12-31": "404.03400", "2005-12-31": "383.62300"}, "Cost Of Goods Sold": {"2019-12-31": "306.14500", "2018-12-31": "305.89000", "2017-12-31": "253.71300", "2016-12-31": "161.41700", "2015-12-31": "144.83300", "2014-12-31": "136.81900", "2013-12-31": "124.74400", "2012-12-31": "119.59800", "2011-12-31": "120.54000", "2010-12-31": "119.90000", "2009-12-31": "116.40500", "2008-12-31": "107.48700", "2007-12-31": "97.91000", "2006-12-31": "89.40600", "2005-12-31": "87.98700"}, "Gross Profit": {"2019-12-31": "826.99290", "2018-12-31": "815.08500", "2017-12-31": "730.61300", "2016-12-31": "452.95400", "2015-12-31": "424.93000", "2014-12-31": "401.07900", "2013-12-31": "364.26300", "2012-12-31": "354.33100", "2011-12-31": "349.90900", "2010-12-31": "348.29100", "2009-12-31": "362.15600", "2008-12-31": "387.44700", "2007-12-31": "338.09600", "2006-12-31": "314.62800", "2005-12-31": "295.63600"}, "Research And Development Expenses": {"2019-12-31": "", "2018-12-31": "", "2017-12-31": "", "2016-12-31": "", "2015-12-31": "", "2014-12-31": "", "2013-12-31": "", "2012-12-31": "", "2011-12-31": "", "2010-12-31": "", "2009-12-31": "", "2008-12-31": "", "2007-12-31": "", "2006-12-31": "", "2005-12-31": ""}, "SG&A Expenses": {"2019-12-31": "74.98400", "2018-12-31": "65.49100", "2017-12-31": "67.62400", "2016-12-31": "65.32700", "2015-12-31": "65.60000", "2014-12-31": "60.24200", "2013-12-31": "61.23400", "2012-12-31": "61.70000", "2011-12-31": "56.11700", "2010-12-31": "61.50500", "2009-12-31": "53.17700", "2008-12-31": "49.49500", "2007-12-31": "50.58000", "2006-12-31": "45.49500", "2005-12-31": "37.81500"}, "Other Operating Income Or Expenses": {"2019-12-31": "-7.81400", "2018-12-31": "-9.73700", "2017-12-31": "-89.22500", "2016-12-31": "-14.08100", "2015-12-31": "-7.83600", "2014-12-31": "-8.49600", "2013-12-31": "-8.07900", "2012-12-31": "-7.18700", "2011-12-31": "-6.51600", "2010-12-31": "-6.29700", "2009-12-31": "-16.63200", "2008-12-31": "-15.95400", "2007-12-31": "-10.05700", "2006-12-31": "-15.92800", "2005-12-31": "-2.75900"}, "Operating Expenses": {"2019-12-31": "763.22600", "2018-12-31": "740.80600", "2017-12-31": "744.76300", "2016-12-31": "403.15200", "2015-12-31": "365.09800", "2014-12-31": "353.34800", "2013-12-31": "324.68700", "2012-12-31": "307.49300", "2011-12-31": "303.97600", "2010-12-31": "306.10000", "2009-12-31": "300.27200", "2008-12-31": "277.09500", "2007-12-31": "247.91200", "2006-12-31": "231.85700", "2005-12-31": "205.25900"}, "Operating Income": {"2019-12-31": "369.91190", "2018-12-31": "380.16900", "2017-12-31": "239.56300", "2016-12-31": "211.21900", "2015-12-31": "204.66500", "2014-12-31": "184.55000", "2013-12-31": "164.32000", "2012-12-31": "166.43600", "2011-12-31": "166.47300", "2010-12-31": "162.09100", "2009-12-31": "178.28900", "2008-12-31": "217.83900", "2007-12-31": "188.09400", "2006-12-31": "172.17700", "2005-12-31": "178.36400"}, "Total Non-Operating Income/Expense": {"2019-12-31": "-187.61000", "2018-12-31": "-170.81800", "2017-12-31": "-113.66100", "2016-12-31": "-100.74500", "2015-12-31": "-110.23600", "2014-12-31": "-83.04600", "2013-12-31": "-111.74100", "2012-12-31": "-131.24000", "2011-12-31": "-136.31700", "2010-12-31": "-147.43400", "2009-12-31": "-190.72900", "2008-12-31": "-103.90700", "2007-12-31": "-30.17400", "2006-12-31": "-13.74800", "2005-12-31": "-67.55900"}, "Pre-Tax Income": {"2019-12-31": "182.30200", "2018-12-31": "209.35100", "2017-12-31": "125.90200", "2016-12-31": "110.47400", "2015-12-31": "94.42900", "2014-12-31": "101.50400", "2013-12-31": "52.57900", "2012-12-31": "35.19600", "2011-12-31": "30.15600", "2010-12-31": "14.65700", "2009-12-31": "-12.44000", "2008-12-31": "113.93200", "2007-12-31": "157.92000", "2006-12-31": "158.42900", "2005-12-31": "110.80500"}, "Income Taxes": {"2019-12-31": "", "2018-12-31": "", "2017-12-31": "", "2016-12-31": "", "2015-12-31": "", "2014-12-31": "-0.99600", "2013-12-31": "", "2012-12-31": "13.22400", "2011-12-31": "2.99400", "2010-12-31": "-1.33300", "2009-12-31": "", "2008-12-31": "", "2007-12-31": "", "2006-12-31": "", "2005-12-31": ""}, "Income After Taxes": {"2019-12-31": "182.30200", "2018-12-31": "209.35100", "2017-12-31": "125.90200", "2016-12-31": "110.47400", "2015-12-31": "94.42900", "2014-12-31": "102.50000", "2013-12-31": "52.57900", "2012-12-31": "21.97200", "2011-12-31": "27.16200", "2010-12-31": "15.99000", "2009-12-31": "-12.44000", "2008-12-31": "113.93200", "2007-12-31": "157.92000", "2006-12-31": "158.42900", "2005-12-31": "110.80500"}, "Other Income": {"2019-12-31": "", "2018-12-31": "", "2017-12-31": "9.73700", "2016-12-31": "", "2015-12-31": "", "2014-12-31": "", "2013-12-31": "", "2012-12-31": "", "2011-12-31": "", "2010-12-31": "", "2009-12-31": "", "2008-12-31": "", "2007-12-31": "", "2006-12-31": "", "2005-12-31": ""}, "Income From Continuous Operations": {"2019-12-31": "243.25800", "2018-12-31": "252.32500", "2017-12-31": "178.98000", "2016-12-31": "166.99200", "2015-12-31": "116.93700", "2014-12-31": "133.77000", "2013-12-31": "84.29700", "2012-12-31": "45.77900", "2011-12-31": "36.80500", "2010-12-31": "3.10600", "2009-12-31": "-38.81300", "2008-12-31": "119.22400", "2007-12-31": "176.01300", "2006-12-31": "150.44100", "2005-12-31": "97.55900"}, "Income From Discontinued Operations": {"2019-12-31": "", "2018-12-31": "", "2017-12-31": "", "2016-12-31": "", "2015-12-31": "35.60600", "2014-12-31": "55.07700", "2013-12-31": "66.98800", "2012-12-31": "-19.57000", "2011-12-31": "18.98300", "2010-12-31": "9.89500", "2009-12-31": "9.77700", "2008-12-31": "22.29700", "2007-12-31": "34.00300", "2006-12-31": "68.07000", "2005-12-31": "65.08800"}, "Net Income": {"2019-12-31": "239.43000", "2018-12-31": "249.12700", "2017-12-31": "159.94900", "2016-12-31": "143.86000", "2015-12-31": "128.99400", "2014-12-31": "166.32800", "2013-12-31": "128.74200", "2012-12-31": "-6.66400", "2011-12-31": "31.69500", "2010-12-31": "-11.40100", "2009-12-31": "-52.67200", "2008-12-31": "116.51300", "2007-12-31": "183.97600", "2006-12-31": "198.83600", "2005-12-31": "145.90300"}, "EBITDA": {"2019-12-31": "711.49790", "2018-12-31": "717.00300", "2017-12-31": "560.12900", "2016-12-31": "379.42900", "2015-12-31": "359.57300", "2014-12-31": "339.76100", "2013-12-31": "308.62500", "2012-12-31": "305.99100", "2011-12-31": "312.55600", "2010-12-31": "294.55700", "2009-12-31": "302.09000", "2008-12-31": "329.97200", "2007-12-31": "284.85100", "2006-12-31": "264.00100", "2005-12-31": "265.55300"}, "EBIT": {"2019-12-31": "369.91190", "2018-12-31": "380.16900", "2017-12-31": "239.56300", "2016-12-31": "211.21900", "2015-12-31": "204.66500", "2014-12-31": "184.55000", "2013-12-31": "164.32000", "2012-12-31": "166.43600", "2011-12-31": "166.47300", "2010-12-31": "162.09100", "2009-12-31": "178.28900", "2008-12-31": "217.83900", "2007-12-31": "188.09400", "2006-12-31": "172.17700", "2005-12-31": "178.36400"}, "Basic Shares Outstanding": {"2019-12-31": "167.52600", "2018-12-31": "169.72400", "2017-12-31": "159.53600", "2016-12-31": "100.86300", "2015-12-31": "94.54600", "2014-12-31": "92.37000", "2013-12-31": "91.38300", "2012-12-31": "89.63000", "2011-12-31": "87.82500", "2010-12-31": "81.06800", "2009-12-31": "76.44000", "2008-12-31": "69.57800", "2007-12-31": "68.95400", "2006-12-31": "68.03700", "2005-12-31": "64.45900"}, "Shares Outstanding": {"2019-12-31": "167.77100", "2018-12-31": "170.10000", "2017-12-31": "159.96000", "2016-12-31": "101.28500", "2015-12-31": "95.01100", "2014-12-31": "92.40400", "2013-12-31": "91.40900", "2012-12-31": "89.66900", "2011-12-31": "88.25900", "2010-12-31": "82.60200", "2009-12-31": "76.50700", "2008-12-31": "69.66200", "2007-12-31": "69.19800", "2006-12-31": "68.43200", "2005-12-31": "64.93200"}, "Basic EPS": {"2019-12-31": "1.43000", "2018-12-31": "1.47000", "2017-12-31": "1.00000", "2016-12-31": "1.43000", "2015-12-31": "1.37000", "2014-12-31": "1.80000", "2013-12-31": "1.40000", "2012-12-31": "-0.08000", "2011-12-31": "0.35000", "2010-12-31": "-0.14000", "2009-12-31": "-0.70000", "2008-12-31": "1.66000", "2007-12-31": "2.65000", "2006-12-31": "2.91000", "2005-12-31": "2.25000"}, "EPS - Earnings Per Share": {"2019-12-31": "1.43000", "2018-12-31": "1.46000", "2017-12-31": "1.00000", "2016-12-31": "1.42000", "2015-12-31": "1.36000", "2014-12-31": "1.80000", "2013-12-31": "1.40000", "2012-12-31": "-0.08000", "2011-12-31": "0.35000", "2010-12-31": "-0.14000", "2009-12-31": "-0.70000", "2008-12-31": "1.66000", "2007-12-31": "2.65000", "2006-12-31": "2.89000", "2005-12-31": "2.23000"}}, "income statement, quarterly": {"Revenue": {"2020-09-30": "242.94400", "2020-06-30": "231.11300", "2020-03-31": "283.65800", "2019-12-31": "288.73290", "2019-09-30": "282.27600", "2019-06-30": "275.87200", "2019-03-31": "286.25700", "2018-12-31": "284.56000", "2018-09-30": "278.31000", "2018-06-30": "281.41200", "2018-03-31": "276.69300", "2017-12-31": "264.74900", "2017-09-30": "262.14100", "2017-06-30": "261.30500", "2017-03-31": "196.13100", "2016-12-31": "159.56300", "2016-09-30": "152.76800", "2016-06-30": "152.41200", "2016-03-31": "149.62800", "2015-12-31": "146.16700", "2015-09-30": "142.06800", "2015-06-30": "141.12900", "2015-03-31": "140.39900", "2014-12-31": "136.16700", "2014-09-30": "133.55900", "2014-06-30": "134.89200", "2014-03-31": "133.28000", "2013-12-31": "126.00400", "2013-09-30": "120.31800", "2013-06-30": "122.30700", "2013-03-31": "120.37800", "2012-12-31": "105.33200", "2012-09-30": "115.58900", "2012-06-30": "126.76500", "2012-03-31": "126.24300", "2011-12-31": "98.45800", "2011-09-30": "123.02000", "2011-06-30": "124.64300", "2011-03-31": "124.32800", "2010-12-31": "102.06900", "2010-09-30": "120.79300", "2010-06-30": "121.25100", "2010-03-31": "124.07800", "2009-12-31": "111.23200", "2009-09-30": "132.32100", "2009-06-30": "115.29400", "2009-03-31": "119.71400", "2008-12-31": "137.21800", "2008-09-30": "121.29100", "2008-06-30": "120.92000", "2008-03-31": "115.50500", "2007-12-31": "107.05400", "2007-09-30": "114.70000", "2007-06-30": "107.83900", "2007-03-31": "106.41300", "2006-12-31": "96.20700", "2006-09-30": "102.61700", "2006-06-30": "105.40000", "2006-03-31": "99.81000", "2005-12-31": "89.53900", "2005-09-30": "90.31000", "2005-06-30": "107.83400", "2005-03-31": "95.94000"}, "Cost Of Goods Sold": {"2020-09-30": "77.28300", "2020-06-30": "76.82500", "2020-03-31": "78.25600", "2019-12-31": "79.79100", "2019-09-30": "75.29600", "2019-06-30": "76.26500", "2019-03-31": "74.79300", "2018-12-31": "83.87100", "2018-09-30": "75.68600", "2018-06-30": "73.39200", "2018-03-31": "72.94100", "2017-12-31": "70.18900", "2017-09-30": "67.33500", "2017-06-30": "64.97600", "2017-03-31": "51.21300", "2016-12-31": "41.95300", "2016-09-30": "40.43100", "2016-06-30": "40.47800", "2016-03-31": "38.55500", "2015-12-31": "36.87300", "2015-09-30": "35.80500", "2015-06-30": "35.85200", "2015-03-31": "36.30300", "2014-12-31": "34.13800", "2014-09-30": "32.98100", "2014-06-30": "34.39600", "2014-03-31": "35.30400", "2013-12-31": "33.01200", "2013-09-30": "30.12900", "2013-06-30": "31.23100", "2013-03-31": "30.37200", "2012-12-31": "26.05700", "2012-09-30": "28.69200", "2012-06-30": "31.22000", "2012-03-31": "33.62900", "2011-12-31": "25.38100", "2011-09-30": "30.87400", "2011-06-30": "30.94400", "2011-03-31": "33.34100", "2010-12-31": "25.27500", "2010-09-30": "30.93500", "2010-06-30": "31.59900", "2010-03-31": "32.09100", "2009-12-31": "26.44800", "2009-09-30": "30.61500", "2009-06-30": "29.40100", "2009-03-31": "29.94100", "2008-12-31": "26.42600", "2008-09-30": "27.50500", "2008-06-30": "26.59900", "2008-03-31": "26.95700", "2007-12-31": "24.03900", "2007-09-30": "24.80500", "2007-06-30": "24.72200", "2007-03-31": "24.34400", "2006-12-31": "21.84600", "2006-09-30": "22.80600", "2006-06-30": "22.95300", "2006-03-31": "21.80100", "2005-12-31": "20.54600", "2005-09-30": "22.52300", "2005-06-30": "22.33800", "2005-03-31": "22.58000"}, "Gross Profit": {"2020-09-30": "165.66100", "2020-06-30": "154.28800", "2020-03-31": "205.40200", "2019-12-31": "208.94200", "2019-09-30": "206.98000", "2019-06-30": "199.60700", "2019-03-31": "211.46400", "2018-12-31": "200.68900", "2018-09-30": "202.62400", "2018-06-30": "208.02000", "2018-03-31": "203.75200", "2017-12-31": "194.56000", "2017-09-30": "194.80600", "2017-06-30": "196.32900", "2017-03-31": "144.91800", "2016-12-31": "117.61000", "2016-09-30": "112.33700", "2016-06-30": "111.93400", "2016-03-31": "111.07300", "2015-12-31": "109.29400", "2015-09-30": "106.26300", "2015-06-30": "105.27700", "2015-03-31": "104.09600", "2014-12-31": "102.02900", "2014-09-30": "100.57800", "2014-06-30": "100.49600", "2014-03-31": "97.97600", "2013-12-31": "92.99200", "2013-09-30": "90.18900", "2013-06-30": "91.07600", "2013-03-31": "90.00600", "2012-12-31": "79.27500", "2012-09-30": "86.89700", "2012-06-30": "95.54500", "2012-03-31": "92.61400", "2011-12-31": "73.07700", "2011-09-30": "92.14600", "2011-06-30": "93.69900", "2011-03-31": "90.98700", "2010-12-31": "76.79400", "2010-09-30": "89.85800", "2010-06-30": "89.65200", "2010-03-31": "91.98700", "2009-12-31": "84.78400", "2009-09-30": "101.70600", "2009-06-30": "85.89300", "2009-03-31": "89.77300", "2008-12-31": "110.79200", "2008-09-30": "93.78600", "2008-06-30": "94.32100", "2008-03-31": "88.54800", "2007-12-31": "83.01500", "2007-09-30": "89.89500", "2007-06-30": "83.11700", "2007-03-31": "82.06900", "2006-12-31": "74.36100", "2006-09-30": "79.81100", "2006-06-30": "82.44700", "2006-03-31": "78.00900", "2005-12-31": "68.99300", "2005-09-30": "67.78700", "2005-06-30": "85.49600", "2005-03-31": "73.36000"}, "Research And Development Expenses": {"2020-09-30": "", "2020-06-30": "", "2020-03-31": "", "2019-12-31": "", "2019-09-30": "", "2019-06-30": "", "2019-03-31": "", "2018-12-31": "", "2018-09-30": "", "2018-06-30": "", "2018-03-31": "", "2017-12-31": "", "2017-09-30": "", "2017-06-30": "", "2017-03-31": "", "2016-12-31": "", "2016-09-30": "", "2016-06-30": "", "2016-03-31": "", "2015-12-31": "", "2015-09-30": "", "2015-06-30": "", "2015-03-31": "", "2014-12-31": "", "2014-09-30": "", "2014-06-30": "", "2014-03-31": "", "2013-12-31": "", "2013-09-30": "", "2013-06-30": "", "2013-03-31": "", "2012-12-31": "", "2012-09-30": "", "2012-06-30": "", "2012-03-31": "", "2011-12-31": "", "2011-09-30": "", "2011-06-30": "", "2011-03-31": "", "2010-12-31": "", "2010-09-30": "", "2010-06-30": "", "2010-03-31": "", "2009-12-31": "", "2009-09-30": "", "2009-06-30": "", "2009-03-31": "", "2008-12-31": "", "2008-09-30": "", "2008-06-30": "", "2008-03-31": "", "2007-12-31": "", "2007-09-30": "", "2007-06-30": "", "2007-03-31": "", "2006-12-31": "", "2006-09-30": "", "2006-06-30": "", "2006-03-31": "", "2005-12-31": "", "2005-09-30": "", "2005-06-30": "", "2005-03-31": ""}, "SG&A Expenses": {"2020-09-30": "19.58200", "2020-06-30": "21.20200", "2020-03-31": "13.70500", "2019-12-31": "18.26200", "2019-09-30": "16.70500", "2019-06-30": "18.71700", "2019-03-31": "21.30000", "2018-12-31": "13.54500", "2018-09-30": "17.56400", "2018-06-30": "16.77600", "2018-03-31": "17.60600", "2017-12-31": "18.00600", "2017-09-30": "15.19900", "2017-06-30": "16.74600", "2017-03-31": "17.67300", "2016-12-31": "16.63200", "2016-09-30": "16.04600", "2016-06-30": "16.35000", "2016-03-31": "16.29900", "2015-12-31": "19.37300", "2015-09-30": "14.75000", "2015-06-30": "15.09900", "2015-03-31": "16.37800", "2014-12-31": "16.35800", "2014-09-30": "14.46300", "2014-06-30": "15.22300", "2014-03-31": "14.19800", "2013-12-31": "13.29200", "2013-09-30": "15.00100", "2013-06-30": "14.96600", "2013-03-31": "17.97500", "2012-12-31": "15.91700", "2012-09-30": "15.64100", "2012-06-30": "14.02000", "2012-03-31": "16.12200", "2011-12-31": "12.31600", "2011-09-30": "11.67100", "2011-06-30": "15.17700", "2011-03-31": "16.95300", "2010-12-31": "15.77000", "2010-09-30": "17.76100", "2010-06-30": "12.65600", "2010-03-31": "15.31800", "2009-12-31": "15.85000", "2009-09-30": "12.15100", "2009-06-30": "9.29200", "2009-03-31": "15.88400", "2008-12-31": "12.72500", "2008-09-30": "9.49400", "2008-06-30": "13.15300", "2008-03-31": "14.12300", "2007-12-31": "13.21700", "2007-09-30": "12.15900", "2007-06-30": "12.90700", "2007-03-31": "12.29700", "2006-12-31": "13.09700", "2006-09-30": "10.76500", "2006-06-30": "10.83000", "2006-03-31": "10.80300", "2005-12-31": "10.61300", "2005-09-30": "9.14800", "2005-06-30": "9.40200", "2005-03-31": "8.65200"}, "Other Operating Income Or Expenses": {"2020-09-30": "-1.20800", "2020-06-30": "-2.48000", "2020-03-31": "-1.33700", "2019-12-31": "-3.32800", "2019-09-30": "-1.81900", "2019-06-30": "-1.53300", "2019-03-31": "-1.13400", "2018-12-31": "-3.26100", "2018-09-30": "-2.04500", "2018-06-30": "-2.79900", "2018-03-31": "-1.63200", "2017-12-31": "-7.65600", "2017-09-30": "-3.19500", "2017-06-30": "-6.86200", "2017-03-31": "-71.51200", "2016-12-31": "-8.28900", "2016-09-30": "-1.04600", "2016-06-30": "-2.44000", "2016-03-31": "-2.30600", "2015-12-31": "-3.01100", "2015-09-30": "-1.88000", "2015-06-30": "-1.77900", "2015-03-31": "-1.16600", "2014-12-31": "-2.46600", "2014-09-30": "-2.06200", "2014-06-30": "-1.79500", "2014-03-31": "-2.17300", "2013-12-31": "-4.07600", "2013-09-30": "-0.90700", "2013-06-30": "-1.57900", "2013-03-31": "-1.51700", "2012-12-31": "-3.56800", "2012-09-30": "-1.15000", "2012-06-30": "-1.11100", "2012-03-31": "-1.35800", "2011-12-31": "-2.38800", "2011-09-30": "-2.19400", "2011-06-30": "-2.25500", "2011-03-31": "0.32100", "2010-12-31": "0.42000", "2010-09-30": "-2.62800", "2010-06-30": "-1.14300", "2010-03-31": "-2.94600", "2009-12-31": "-4.49300", "2009-09-30": "-5.69000", "2009-06-30": "-5.66000", "2009-03-31": "-0.78900", "2008-12-31": "-8.87800", "2008-09-30": "-5.61100", "2008-06-30": "-0.66900", "2008-03-31": "-0.79600", "2007-12-31": "-6.71100", "2007-09-30": "-1.62500", "2007-06-30": "-1.26100", "2007-03-31": "-0.46000", "2006-12-31": "-11.36200", "2006-09-30": "0.82500", "2006-06-30": "-1.73300", "2006-03-31": "-3.65800", "2005-12-31": "-0.59300", "2005-09-30": "-0.20400", "2005-06-30": "-0.53400", "2005-03-31": "-1.42800"}, "Operating Expenses": {"2020-09-30": "182.88100", "2020-06-30": "185.56500", "2020-03-31": "314.72100", "2019-12-31": "193.02500", "2019-09-30": "185.67600", "2019-06-30": "190.10400", "2019-03-31": "194.42100", "2018-12-31": "193.55200", "2018-09-30": "184.47800", "2018-06-30": "182.07200", "2018-03-31": "180.70400", "2017-12-31": "186.29500", "2017-09-30": "177.20300", "2017-06-30": "180.81400", "2017-03-31": "200.45100", "2016-12-31": "109.48100", "2016-09-30": "98.22800", "2016-06-30": "99.56700", "2016-03-31": "95.87600", "2015-12-31": "96.83700", "2015-09-30": "89.46700", "2015-06-30": "88.95500", "2015-03-31": "89.83900", "2014-12-31": "90.40800", "2014-09-30": "85.92300", "2014-06-30": "87.43700", "2014-03-31": "89.58000", "2013-12-31": "86.07000", "2013-09-30": "78.77700", "2013-06-30": "78.85800", "2013-03-31": "80.98200", "2012-12-31": "71.80400", "2012-09-30": "74.01200", "2012-06-30": "78.08800", "2012-03-31": "83.58900", "2011-12-31": "62.67300", "2011-09-30": "77.23600", "2011-06-30": "79.59500", "2011-03-31": "84.47200", "2010-12-31": "66.21900", "2010-09-30": "81.50500", "2010-06-30": "76.79300", "2010-03-31": "81.58300", "2009-12-31": "73.94700", "2009-09-30": "77.88400", "2009-06-30": "73.97400", "2009-03-31": "74.46700", "2008-12-31": "74.51800", "2008-09-30": "69.44000", "2008-06-30": "66.71500", "2008-03-31": "66.42200", "2007-12-31": "66.29900", "2007-09-30": "62.37600", "2007-06-30": "60.68500", "2007-03-31": "58.55200", "2006-12-31": "64.91400", "2006-09-30": "54.13000", "2006-06-30": "56.32800", "2006-03-31": "56.48500", "2005-12-31": "48.95800", "2005-09-30": "51.58500", "2005-06-30": "52.43700", "2005-03-31": "52.27900"}, "Operating Income": {"2020-09-30": "60.06300", "2020-06-30": "45.54800", "2020-03-31": "-31.06300", "2019-12-31": "95.70800", "2019-09-30": "96.60000", "2019-06-30": "85.76800", "2019-03-31": "91.83600", "2018-12-31": "91.00800", "2018-09-30": "93.83200", "2018-06-30": "99.34000", "2018-03-31": "95.98900", "2017-12-31": "78.45400", "2017-09-30": "84.93800", "2017-06-30": "80.49100", "2017-03-31": "-4.32000", "2016-12-31": "50.08200", "2016-09-30": "54.54000", "2016-06-30": "52.84500", "2016-03-31": "53.75200", "2015-12-31": "49.33000", "2015-09-30": "52.60100", "2015-06-30": "52.17400", "2015-03-31": "50.56000", "2014-12-31": "45.75900", "2014-09-30": "47.63600", "2014-06-30": "47.45500", "2014-03-31": "43.70000", "2013-12-31": "39.93400", "2013-09-30": "41.54100", "2013-06-30": "43.44900", "2013-03-31": "39.39600", "2012-12-31": "33.52800", "2012-09-30": "41.57700", "2012-06-30": "48.67700", "2012-03-31": "42.65400", "2011-12-31": "35.78500", "2011-09-30": "45.78400", "2011-06-30": "45.04800", "2011-03-31": "39.85600", "2010-12-31": "35.85000", "2010-09-30": "39.28800", "2010-06-30": "44.45800", "2010-03-31": "42.49500", "2009-12-31": "37.28500", "2009-09-30": "54.43700", "2009-06-30": "41.32000", "2009-03-31": "45.24700", "2008-12-31": "62.70000", "2008-09-30": "51.85100", "2008-06-30": "54.20500", "2008-03-31": "49.08300", "2007-12-31": "40.75500", "2007-09-30": "52.32400", "2007-06-30": "47.15400", "2007-03-31": "47.86100", "2006-12-31": "31.29300", "2006-09-30": "48.48700", "2006-06-30": "49.07200", "2006-03-31": "43.32500", "2005-12-31": "40.58100", "2005-09-30": "38.72500", "2005-06-30": "55.39700", "2005-03-31": "43.66100"}, "Total Non-Operating Income/Expense": {"2020-09-30": "-58.10600", "2020-06-30": "-36.24600", "2020-03-31": "-43.14300", "2019-12-31": "-54.04100", "2019-09-30": "-39.26000", "2019-06-30": "-46.64800", "2019-03-31": "-47.66100", "2018-12-31": "-20.25100", "2018-09-30": "-36.55000", "2018-06-30": "-61.04800", "2018-03-31": "-52.96900", "2017-12-31": "-6.92700", "2017-09-30": "-33.70800", "2017-06-30": "-46.92400", "2017-03-31": "-26.10200", "2016-12-31": "24.67000", "2016-09-30": "-75.65300", "2016-06-30": "-23.79900", "2016-03-31": "-25.96300", "2015-12-31": "-31.70100", "2015-09-30": "-26.28900", "2015-06-30": "-26.30800", "2015-03-31": "-25.93800", "2014-12-31": "-1.59500", "2014-09-30": "-27.46700", "2014-06-30": "-26.81700", "2014-03-31": "-27.16700", "2013-12-31": "-25.37400", "2013-09-30": "-31.78700", "2013-06-30": "-27.81900", "2013-03-31": "-26.76100", "2012-12-31": "-27.27200", "2012-09-30": "-28.70900", "2012-06-30": "-47.82900", "2012-03-31": "-27.43000", "2011-12-31": "-36.26500", "2011-09-30": "-39.51200", "2011-06-30": "-30.42000", "2011-03-31": "-30.12000", "2010-12-31": "-58.94800", "2010-09-30": "-27.99100", "2010-06-30": "-32.42800", "2010-03-31": "-28.06700", "2009-12-31": "-10.42300", "2009-09-30": "-125.77900", "2009-06-30": "-28.00900", "2009-03-31": "-26.51800", "2008-12-31": "-50.97100", "2008-09-30": "-9.11000", "2008-06-30": "-23.50600", "2008-03-31": "-20.32000", "2007-12-31": "-4.54500", "2007-09-30": "-15.02300", "2007-06-30": "-16.86200", "2007-03-31": "6.25600", "2006-12-31": "4.82800", "2006-09-30": "-4.75200", "2006-06-30": "-10.28600", "2006-03-31": "-3.53800", "2005-12-31": "-16.38600", "2005-09-30": "-18.97600", "2005-06-30": "-18.35100", "2005-03-31": "-13.84600"}, "Pre-Tax Income": {"2020-09-30": "1.95700", "2020-06-30": "9.30200", "2020-03-31": "-74.20600", "2019-12-31": "41.66700", "2019-09-30": "57.34000", "2019-06-30": "39.12000", "2019-03-31": "44.17500", "2018-12-31": "70.75700", "2018-09-30": "57.28200", "2018-06-30": "38.29200", "2018-03-31": "43.02000", "2017-12-31": "71.52700", "2017-09-30": "51.23000", "2017-06-30": "33.56700", "2017-03-31": "-30.42200", "2016-12-31": "74.75200", "2016-09-30": "-21.11300", "2016-06-30": "29.04600", "2016-03-31": "27.78900", "2015-12-31": "17.62900", "2015-09-30": "26.31200", "2015-06-30": "25.86600", "2015-03-31": "24.62200", "2014-12-31": "44.16400", "2014-09-30": "20.16900", "2014-06-30": "20.63800", "2014-03-31": "16.53300", "2013-12-31": "14.56000", "2013-09-30": "9.75400", "2013-06-30": "15.63000", "2013-03-31": "12.63500", "2012-12-31": "6.25600", "2012-09-30": "12.86800", "2012-06-30": "0.84800", "2012-03-31": "15.22400", "2011-12-31": "-0.48000", "2011-09-30": "6.27200", "2011-06-30": "14.62800", "2011-03-31": "9.73600", "2010-12-31": "-23.09800", "2010-09-30": "11.29700", "2010-06-30": "12.03000", "2010-03-31": "14.42800", "2009-12-31": "26.86200", "2009-09-30": "-71.34200", "2009-06-30": "13.31100", "2009-03-31": "18.72900", "2008-12-31": "11.72900", "2008-09-30": "42.74100", "2008-06-30": "30.69900", "2008-03-31": "28.76300", "2007-12-31": "36.21000", "2007-09-30": "37.30100", "2007-06-30": "30.29200", "2007-03-31": "54.11700", "2006-12-31": "36.12100", "2006-09-30": "43.73500", "2006-06-30": "38.78600", "2006-03-31": "39.78700", "2005-12-31": "24.19500", "2005-09-30": "19.74900", "2005-06-30": "37.04600", "2005-03-31": "29.81500"}, "Income Taxes": {"2020-09-30": "", "2020-06-30": "", "2020-03-31": "", "2019-12-31": "", "2019-09-30": "", "2019-06-30": "", "2019-03-31": "", "2018-12-31": "", "2018-09-30": "", "2018-06-30": "", "2018-03-31": "", "2017-12-31": "", "2017-09-30": "", "2017-06-30": "", "2017-03-31": "0.05000", "2016-12-31": "", "2016-09-30": "", "2016-06-30": "", "2016-03-31": "", "2015-12-31": "", "2015-09-30": "", "2015-06-30": "", "2015-03-31": "", "2014-12-31": "", "2014-09-30": "", "2014-06-30": "", "2014-03-31": "", "2013-12-31": "", "2013-09-30": "", "2013-06-30": "", "2013-03-31": "", "2012-12-31": "13.34300", "2012-09-30": "0.49000", "2012-06-30": "-0.84000", "2012-03-31": "0.23100", "2011-12-31": "", "2011-09-30": "", "2011-06-30": "", "2011-03-31": "", "2010-12-31": "", "2010-09-30": "", "2010-06-30": "", "2010-03-31": "", "2009-12-31": "", "2009-09-30": "", "2009-06-30": "", "2009-03-31": "", "2008-12-31": "", "2008-09-30": "", "2008-06-30": "", "2008-03-31": "", "2007-12-31": "", "2007-09-30": "", "2007-06-30": "", "2007-03-31": "", "2006-12-31": "", "2006-09-30": "", "2006-06-30": "", "2006-03-31": "", "2005-12-31": "", "2005-09-30": "", "2005-06-30": "", "2005-03-31": ""}, "Income After Taxes": {"2020-09-30": "1.95700", "2020-06-30": "9.30200", "2020-03-31": "-74.20600", "2019-12-31": "41.66700", "2019-09-30": "57.34000", "2019-06-30": "39.12000", "2019-03-31": "44.17500", "2018-12-31": "70.75700", "2018-09-30": "57.28200", "2018-06-30": "38.29200", "2018-03-31": "43.02000", "2017-12-31": "71.57700", "2017-09-30": "51.23000", "2017-06-30": "33.56700", "2017-03-31": "-30.47200", "2016-12-31": "74.75200", "2016-09-30": "-21.11300", "2016-06-30": "29.04600", "2016-03-31": "27.78900", "2015-12-31": "17.62900", "2015-09-30": "26.31200", "2015-06-30": "25.86600", "2015-03-31": "24.62200", "2014-12-31": "45.16000", "2014-09-30": "20.16900", "2014-06-30": "20.63800", "2014-03-31": "16.53300", "2013-12-31": "14.56000", "2013-09-30": "9.75400", "2013-06-30": "15.63000", "2013-03-31": "12.63500", "2012-12-31": "-7.08700", "2012-09-30": "12.37800", "2012-06-30": "1.68800", "2012-03-31": "14.99300", "2011-12-31": "-3.47400", "2011-09-30": "6.27200", "2011-06-30": "14.62800", "2011-03-31": "9.73600", "2010-12-31": "-21.76500", "2010-09-30": "11.29700", "2010-06-30": "12.03000", "2010-03-31": "14.42800", "2009-12-31": "26.86200", "2009-09-30": "-71.34200", "2009-06-30": "13.31100", "2009-03-31": "18.72900", "2008-12-31": "11.72900", "2008-09-30": "42.74100", "2008-06-30": "30.69900", "2008-03-31": "28.76300", "2007-12-31": "36.21000", "2007-09-30": "37.30100", "2007-06-30": "30.29200", "2007-03-31": "54.11700", "2006-12-31": "36.12100", "2006-09-30": "43.73500", "2006-06-30": "38.78600", "2006-03-31": "39.78700", "2005-12-31": "24.19500", "2005-09-30": "19.74900", "2005-06-30": "37.04600", "2005-03-31": "29.81500"}, "Other Income": {"2020-09-30": "3.23700", "2020-06-30": "7.44800", "2020-03-31": "38.00500", "2019-12-31": "", "2019-09-30": "0.88700", "2019-06-30": "0.44200", "2019-03-31": "16.49000", "2018-12-31": "", "2018-09-30": "3.22800", "2018-06-30": "1.12300", "2018-03-31": "0.09600", "2017-12-31": "", "2017-09-30": "", "2017-06-30": "", "2017-03-31": "", "2016-12-31": "", "2016-09-30": "", "2016-06-30": "", "2016-03-31": "", "2015-12-31": "", "2015-09-30": "", "2015-06-30": "", "2015-03-31": "", "2014-12-31": "", "2014-09-30": "", "2014-06-30": "", "2014-03-31": "", "2013-12-31": "", "2013-09-30": "", "2013-06-30": "", "2013-03-31": "", "2012-12-31": "", "2012-09-30": "", "2012-06-30": "", "2012-03-31": "", "2011-12-31": "", "2011-09-30": "", "2011-06-30": "", "2011-03-31": "", "2010-12-31": "", "2010-09-30": "", "2010-06-30": "", "2010-03-31": "", "2009-12-31": "", "2009-09-30": "", "2009-06-30": "", "2009-03-31": "", "2008-12-31": "", "2008-09-30": "", "2008-06-30": "", "2008-03-31": "", "2007-12-31": "", "2007-09-30": "", "2007-06-30": "", "2007-03-31": "", "2006-12-31": "", "2006-09-30": "", "2006-06-30": "", "2006-03-31": "", "2005-12-31": "", "2005-09-30": "", "2005-06-30": "", "2005-03-31": ""}, "Income From Continuous Operations": {"2020-09-30": "13.31000", "2020-06-30": "19.57400", "2020-03-31": "-24.78300", "2019-12-31": "41.13100", "2019-09-30": "57.94400", "2019-06-30": "52.69000", "2019-03-31": "91.49300", "2018-12-31": "79.73710", "2018-09-30": "70.53400", "2018-06-30": "48.58900", "2018-03-31": "53.46500", "2017-12-31": "90.85200", "2017-09-30": "63.45100", "2017-06-30": "45.80700", "2017-03-31": "-21.13000", "2016-12-31": "84.65300", "2016-09-30": "1.53400", "2016-06-30": "40.09600", "2016-03-31": "40.70900", "2015-12-31": "22.14600", "2015-09-30": "31.97900", "2015-06-30": "32.62300", "2015-03-31": "30.18900", "2014-12-31": "54.07700", "2014-09-30": "25.88200", "2014-06-30": "29.47000", "2014-03-31": "24.34100", "2013-12-31": "21.12800", "2013-09-30": "23.01600", "2013-06-30": "21.64200", "2013-03-31": "18.51100", "2012-12-31": "-2.45300", "2012-09-30": "17.78100", "2012-06-30": "12.49200", "2012-03-31": "17.95900", "2011-12-31": "1.38100", "2011-09-30": "11.09700", "2011-06-30": "17.31600", "2011-03-31": "7.01100", "2010-12-31": "-34.64100", "2010-09-30": "13.39900", "2010-06-30": "13.81200", "2010-03-31": "10.53600", "2009-12-31": "26.88400", "2009-09-30": "-73.42600", "2009-06-30": "-12.90200", "2009-03-31": "20.63100", "2008-12-31": "11.44700", "2008-09-30": "44.55800", "2008-06-30": "31.82100", "2008-03-31": "31.39800", "2007-12-31": "52.66700", "2007-09-30": "37.53800", "2007-06-30": "29.65100", "2007-03-31": "56.15700", "2006-12-31": "36.34500", "2006-09-30": "42.84700", "2006-06-30": "32.79000", "2006-03-31": "38.45900", "2005-12-31": "19.95000", "2005-09-30": "16.46500", "2005-06-30": "34.12400", "2005-03-31": "27.02000"}, "Income From Discontinued Operations": {"2020-09-30": "", "2020-06-30": "", "2020-03-31": "", "2019-12-31": "", "2019-09-30": "", "2019-06-30": "", "2019-03-31": "", "2018-12-31": "", "2018-09-30": "", "2018-06-30": "", "2018-03-31": "", "2017-12-31": "", "2017-09-30": "0.13100", "2017-06-30": "4.36600", "2017-03-31": "0.41500", "2016-12-31": "", "2016-09-30": "9.58000", "2016-06-30": "0.54800", "2016-03-31": "12.86800", "2015-12-31": "1.39100", "2015-09-30": "27.75500", "2015-06-30": "5.65700", "2015-03-31": "0.80300", "2014-12-31": "25.11300", "2014-09-30": "27.55800", "2014-06-30": "1.69100", "2014-03-31": "0.71500", "2013-12-31": "30.89000", "2013-09-30": "17.64800", "2013-06-30": "15.82700", "2013-03-31": "2.62300", "2012-12-31": "-29.24100", "2012-09-30": "2.03900", "2012-06-30": "-1.14400", "2012-03-31": "8.77600", "2011-12-31": "12.79900", "2011-09-30": "3.44400", "2011-06-30": "1.62100", "2011-03-31": "1.11900", "2010-12-31": "2.62600", "2010-09-30": "0.47400", "2010-06-30": "-0.10800", "2010-03-31": "6.90300", "2009-12-31": "8.26300", "2009-09-30": "-5.18500", "2009-06-30": "1.61700", "2009-03-31": "5.08200", "2008-12-31": "8.65100", "2008-09-30": "5.64000", "2008-06-30": "6.36500", "2008-03-31": "1.64100", "2007-12-31": "9.17800", "2007-09-30": "4.36100", "2007-06-30": "19.63300", "2007-03-31": "0.83100", "2006-12-31": "30.03300", "2006-09-30": "1.46400", "2006-06-30": "4.25700", "2006-03-31": "32.31600", "2005-12-31": "28.40600", "2005-09-30": "15.59800", "2005-06-30": "9.75600", "2005-03-31": "11.32800"}, "Net Income": {"2020-09-30": "12.68800", "2020-06-30": "19.04600", "2020-03-31": "-25.33200", "2019-12-31": "40.29100", "2019-09-30": "56.96500", "2019-06-30": "51.72800", "2019-03-31": "90.44600", "2018-12-31": "78.90400", "2018-09-30": "69.72200", "2018-06-30": "47.84100", "2018-03-31": "52.66000", "2017-12-31": "85.13800", "2017-09-30": "59.66600", "2017-06-30": "48.36800", "2017-03-31": "-33.22300", "2016-12-31": "55.86800", "2016-09-30": "5.30500", "2016-06-30": "34.81000", "2016-03-31": "47.87700", "2015-12-31": "17.60900", "2015-09-30": "53.73100", "2015-06-30": "32.48000", "2015-03-31": "25.17400", "2014-12-31": "73.51500", "2014-09-30": "47.94200", "2014-06-30": "25.48200", "2014-03-31": "19.38900", "2013-12-31": "46.32600", "2013-09-30": "34.99800", "2013-06-30": "31.86400", "2013-03-31": "15.55400", "2012-12-31": "-37.17900", "2012-09-30": "11.63700", "2012-06-30": "5.69700", "2012-03-31": "13.18100", "2011-12-31": "8.13900", "2011-09-30": "8.51000", "2011-06-30": "12.86100", "2011-03-31": "2.18500", "2010-12-31": "-38.44200", "2010-09-30": "7.89400", "2010-06-30": "7.74800", "2010-03-31": "11.39900", "2009-12-31": "29.03700", "2009-09-30": "-84.09200", "2009-06-30": "-17.18000", "2009-03-31": "19.56300", "2008-12-31": "14.02800", "2008-09-30": "43.90000", "2008-06-30": "31.86600", "2008-03-31": "26.71900", "2007-12-31": "50.56200", "2007-09-30": "36.98000", "2007-06-30": "44.36500", "2007-03-31": "52.06900", "2006-12-31": "61.46000", "2006-09-30": "39.39200", "2006-06-30": "32.12800", "2006-03-31": "65.85600", "2005-12-31": "43.43700", "2005-09-30": "27.56300", "2005-06-30": "40.21700", "2005-03-31": "34.68600"}, "EBITDA": {"2020-09-30": "139.80900", "2020-06-30": "123.22800", "2020-03-31": "180.51900", "2019-12-31": "176.31790", "2019-09-30": "180.37800", "2019-06-30": "175.94100", "2019-03-31": "178.86100", "2018-12-31": "179.46200", "2018-09-30": "178.91000", "2018-06-30": "179.82700", "2018-03-31": "178.80400", "2017-12-31": "166.90300", "2017-09-30": "171.68500", "2017-06-30": "166.83300", "2017-03-31": "54.70800", "2016-12-31": "93.62500", "2016-09-30": "96.53700", "2016-06-30": "94.79700", "2016-03-31": "94.47000", "2015-12-31": "88.83500", "2015-09-30": "91.66400", "2015-06-30": "90.59600", "2015-03-31": "88.47800", "2014-12-31": "84.83500", "2014-09-30": "85.86600", "2014-06-30": "85.42700", "2014-03-31": "83.63300", "2013-12-31": "76.35400", "2013-09-30": "79.12300", "2013-06-30": "77.90100", "2013-03-31": "75.24700", "2012-12-31": "67.24700", "2012-09-30": "75.32700", "2012-06-30": "84.56900", "2012-03-31": "78.84800", "2011-12-31": "72.14500", "2011-09-30": "82.51000", "2011-06-30": "79.79800", "2011-03-31": "78.10300", "2010-12-31": "69.59700", "2010-09-30": "72.76700", "2010-06-30": "76.85700", "2010-03-31": "75.33600", "2009-12-31": "69.49200", "2009-09-30": "86.79300", "2009-06-30": "71.35300", "2009-03-31": "74.45200", "2008-12-31": "91.73600", "2008-09-30": "80.34400", "2008-06-30": "82.30700", "2008-03-31": "75.58500", "2007-12-31": "66.98410", "2007-09-30": "77.74100", "2007-06-30": "70.03600", "2007-03-31": "70.09000", "2006-12-31": "55.13500", "2006-09-30": "71.92100", "2006-06-30": "71.65100", "2006-03-31": "65.29400", "2005-12-31": "62.23900", "2005-09-30": "60.21800", "2005-06-30": "76.58500", "2005-03-31": "66.51100"}, "EBIT": {"2020-09-30": "60.06300", "2020-06-30": "45.54800", "2020-03-31": "-31.06300", "2019-12-31": "95.70800", "2019-09-30": "96.60000", "2019-06-30": "85.76800", "2019-03-31": "91.83600", "2018-12-31": "91.00800", "2018-09-30": "93.83200", "2018-06-30": "99.34000", "2018-03-31": "95.98900", "2017-12-31": "78.45400", "2017-09-30": "84.93800", "2017-06-30": "80.49100", "2017-03-31": "-4.32000", "2016-12-31": "50.08200", "2016-09-30": "54.54000", "2016-06-30": "52.84500", "2016-03-31": "53.75200", "2015-12-31": "49.33000", "2015-09-30": "52.60100", "2015-06-30": "52.17400", "2015-03-31": "50.56000", "2014-12-31": "45.75900", "2014-09-30": "47.63600", "2014-06-30": "47.45500", "2014-03-31": "43.70000", "2013-12-31": "39.93400", "2013-09-30": "41.54100", "2013-06-30": "43.44900", "2013-03-31": "39.39600", "2012-12-31": "33.52800", "2012-09-30": "41.57700", "2012-06-30": "48.67700", "2012-03-31": "42.65400", "2011-12-31": "35.78500", "2011-09-30": "45.78400", "2011-06-30": "45.04800", "2011-03-31": "39.85600", "2010-12-31": "35.85000", "2010-09-30": "39.28800", "2010-06-30": "44.45800", "2010-03-31": "42.49500", "2009-12-31": "37.28500", "2009-09-30": "54.43700", "2009-06-30": "41.32000", "2009-03-31": "45.24700", "2008-12-31": "62.70000", "2008-09-30": "51.85100", "2008-06-30": "54.20500", "2008-03-31": "49.08300", "2007-12-31": "40.75500", "2007-09-30": "52.32400", "2007-06-30": "47.15400", "2007-03-31": "47.86100", "2006-12-31": "31.29300", "2006-09-30": "48.48700", "2006-06-30": "49.07200", "2006-03-31": "43.32500", "2005-12-31": "40.58100", "2005-09-30": "38.72500", "2005-06-30": "55.39700", "2005-03-31": "43.66100"}, "Basic Shares Outstanding": {"2020-09-30": "169.67100", "2020-06-30": "169.64300", "2020-03-31": "167.90800", "2019-12-31": "167.52600", "2019-09-30": "167.55900", "2019-06-30": "167.53600", "2019-03-31": "167.44000", "2018-12-31": "169.72400", "2018-09-30": "169.43800", "2018-06-30": "169.42400", "2018-03-31": "170.70400", "2017-12-31": "159.53600", "2017-09-30": "170.10500", "2017-06-30": "170.08800", "2017-03-31": "126.64900", "2016-12-31": "100.86300", "2016-09-30": "103.67500", "2016-06-30": "97.65700", "2016-03-31": "97.51800", "2015-12-31": "94.54600", "2015-09-30": "94.15800", "2015-06-30": "94.13600", "2015-03-31": "93.84200", "2014-12-31": "92.37000", "2014-09-30": "92.34500", "2014-06-30": "91.97500", "2014-03-31": "92.16700", "2013-12-31": "91.38300", "2013-09-30": "91.98500", "2013-06-30": "91.42200", "2013-03-31": "90.29000", "2012-12-31": "89.63000", "2012-09-30": "89.59400", "2012-06-30": "89.48900", "2012-03-31": "89.49700", "2011-12-31": "87.82500", "2011-09-30": "89.50600", "2011-06-30": "89.07400", "2011-03-31": "83.09900", "2010-12-31": "81.06800", "2010-09-30": "81.16700", "2010-06-30": "81.05400", "2010-03-31": "81.35200", "2009-12-31": "76.44000", "2009-09-30": "79.92800", "2009-06-30": "77.10900", "2009-03-31": "69.67000", "2008-12-31": "69.57800", "2008-09-30": "69.52200", "2008-06-30": "69.39700", "2008-03-31": "69.31700", "2007-12-31": "68.95400", "2007-09-30": "69.11400", "2007-06-30": "68.91800", "2007-03-31": "68.61800", "2006-12-31": "68.03700", "2006-09-30": "68.20000", "2006-06-30": "67.97200", "2006-03-31": "67.40800", "2005-12-31": "64.45900", "2005-09-30": "65.47600", "2005-06-30": "62.55700", "2005-03-31": "62.32800"}, "Shares Outstanding": {"2020-09-30": "169.97000", "2020-06-30": "169.97100", "2020-03-31": "167.90800", "2019-12-31": "167.77100", "2019-09-30": "167.94400", "2019-06-30": "167.96200", "2019-03-31": "167.71700", "2018-12-31": "170.10000", "2018-09-30": "169.83900", "2018-06-30": "169.68200", "2018-03-31": "170.95900", "2017-12-31": "159.96000", "2017-09-30": "170.46600", "2017-06-30": "170.42000", "2017-03-31": "126.64900", "2016-12-31": "101.28500", "2016-09-30": "104.25500", "2016-06-30": "98.21800", "2016-03-31": "97.89100", "2015-12-31": "95.01100", "2015-09-30": "94.59500", "2015-06-30": "94.50300", "2015-03-31": "93.90700", "2014-12-31": "92.40400", "2014-09-30": "92.39600", "2014-06-30": "92.02100", "2014-03-31": "92.19100", "2013-12-31": "91.40900", "2013-09-30": "92.01800", "2013-06-30": "91.48600", "2013-03-31": "90.35100", "2012-12-31": "89.66900", "2012-09-30": "89.66200", "2012-06-30": "89.54000", "2012-03-31": "89.52700", "2011-12-31": "88.25900", "2011-09-30": "89.51700", "2011-06-30": "89.11800", "2011-03-31": "84.79400", "2010-12-31": "82.60200", "2010-09-30": "82.57700", "2010-06-30": "82.57600", "2010-03-31": "82.43900", "2009-12-31": "76.50700", "2009-09-30": "79.92800", "2009-06-30": "77.10900", "2009-03-31": "69.67000", "2008-12-31": "69.66200", "2008-09-30": "69.61200", "2008-06-30": "69.55200", "2008-03-31": "69.41000", "2007-12-31": "69.19800", "2007-09-30": "69.30300", "2007-06-30": "69.23500", "2007-03-31": "69.01500", "2006-12-31": "68.43200", "2006-09-30": "68.61800", "2006-06-30": "68.35300", "2006-03-31": "67.84900", "2005-12-31": "64.93200", "2005-09-30": "65.97700", "2005-06-30": "63.52800", "2005-03-31": "62.56200"}, "Basic EPS": {"2020-09-30": "0.07000", "2020-06-30": "0.11000", "2020-03-31": "-0.15000", "2019-12-31": "0.24000", "2019-09-30": "0.34000", "2019-06-30": "0.31000", "2019-03-31": "0.54000", "2018-12-31": "0.47000", "2018-09-30": "0.41000", "2018-06-30": "0.28000", "2018-03-31": "0.31000", "2017-12-31": "0.63000", "2017-09-30": "0.35000", "2017-06-30": "0.28000", "2017-03-31": "-0.26000", "2016-12-31": "0.53000", "2016-09-30": "0.05000", "2016-06-30": "0.36000", "2016-03-31": "0.49000", "2015-12-31": "0.18000", "2015-09-30": "0.57000", "2015-06-30": "0.35000", "2015-03-31": "0.27000", "2014-12-31": "0.79000", "2014-09-30": "0.52000", "2014-06-30": "0.28000", "2014-03-31": "0.21000", "2013-12-31": "0.50000", "2013-09-30": "0.38000", "2013-06-30": "0.35000", "2013-03-31": "0.17000", "2012-12-31": "-0.41000", "2012-09-30": "0.13000", "2012-06-30": "0.06000", "2012-03-31": "0.14000", "2011-12-31": "0.10000", "2011-09-30": "0.09000", "2011-06-30": "0.14000", "2011-03-31": "0.02000", "2010-12-31": "-0.47000", "2010-09-30": "0.10000", "2010-06-30": "0.09000", "2010-03-31": "0.14000", "2009-12-31": "0.30000", "2009-09-30": "-1.05000", "2009-06-30": "-0.23000", "2009-03-31": "0.28000", "2008-12-31": "0.20000", "2008-09-30": "0.63000", "2008-06-30": "0.45000", "2008-03-31": "0.38000", "2007-12-31": "0.73000", "2007-09-30": "0.53000", "2007-06-30": "0.64000", "2007-03-31": "0.75000", "2006-12-31": "0.90000", "2006-09-30": "0.57000", "2006-06-30": "0.47000", "2006-03-31": "0.97000", "2005-12-31": "0.64000", "2005-09-30": "0.42000", "2005-06-30": "0.64000", "2005-03-31": "0.55000"}, "EPS - Earnings Per Share": {"2020-09-30": "0.07000", "2020-06-30": "0.11000", "2020-03-31": "-0.15000", "2019-12-31": "0.24000", "2019-09-30": "0.34000", "2019-06-30": "0.31000", "2019-03-31": "0.54000", "2018-12-31": "0.46000", "2018-09-30": "0.41000", "2018-06-30": "0.28000", "2018-03-31": "0.31000", "2017-12-31": "0.63000", "2017-09-30": "0.35000", "2017-06-30": "0.28000", "2017-03-31": "-0.26000", "2016-12-31": "0.53000", "2016-09-30": "0.05000", "2016-06-30": "0.35000", "2016-03-31": "0.49000", "2015-12-31": "0.18000", "2015-09-30": "0.57000", "2015-06-30": "0.34000", "2015-03-31": "0.27000", "2014-12-31": "0.79000", "2014-09-30": "0.52000", "2014-06-30": "0.28000", "2014-03-31": "0.21000", "2013-12-31": "0.50000", "2013-09-30": "0.38000", "2013-06-30": "0.35000", "2013-03-31": "0.17000", "2012-12-31": "-0.41000", "2012-09-30": "0.13000", "2012-06-30": "0.06000", "2012-03-31": "0.14000", "2011-12-31": "0.10000", "2011-09-30": "0.09000", "2011-06-30": "0.14000", "2011-03-31": "0.02000", "2010-12-31": "-0.46000", "2010-09-30": "0.09000", "2010-06-30": "0.09000", "2010-03-31": "0.14000", "2009-12-31": "0.30000", "2009-09-30": "-1.05000", "2009-06-30": "-0.23000", "2009-03-31": "0.28000", "2008-12-31": "0.20000", "2008-09-30": "0.63000", "2008-06-30": "0.45000", "2008-03-31": "0.38000", "2007-12-31": "0.73000", "2007-09-30": "0.53000", "2007-06-30": "0.64000", "2007-03-31": "0.75000", "2006-12-31": "0.88000", "2006-09-30": "0.57000", "2006-06-30": "0.47000", "2006-03-31": "0.97000", "2005-12-31": "0.64000", "2005-09-30": "0.41000", "2005-06-30": "0.63000", "2005-03-31": "0.55000"}}, "balance sheet": {"Cash On Hand": {"2019-12-31": "115.56200", "2018-12-31": "45.19000", "2017-12-31": "49.38100", "2016-12-31": "17.87900", "2015-12-31": "40.62300", "2014-12-31": "121.78900", "2013-12-31": "90.20400", "2012-12-31": "28.82100", "2011-12-31": "17.45200", "2010-12-31": "22.46000", "2009-12-31": "99.47700", "2008-12-31": "21.53300", "2007-12-31": "18.66800", "2006-12-31": "34.04600", "2005-12-31": "42.45800"}, "Receivables": {"2019-12-31": "169.33700", "2018-12-31": "172.35900", "2017-12-31": "170.98500", "2016-12-31": "111.72200", "2015-12-31": "106.16400", "2014-12-31": "86.76700", "2013-12-31": "76.93100", "2012-12-31": "76.59100", "2011-12-31": "85.86500", "2010-12-31": "81.84100", "2009-12-31": "80.16300", "2008-12-31": "103.79600", "2007-12-31": "75.44100", "2006-12-31": "67.16200", "2005-12-31": "56.87800"}, "Inventory": {"2019-12-31": "", "2018-12-31": "", "2017-12-31": "", "2016-12-31": "", "2015-12-31": "", "2014-12-31": "", "2013-12-31": "", "2012-12-31": "", "2011-12-31": "", "2010-12-31": "", "2009-12-31": "", "2008-12-31": "", "2007-12-31": "", "2006-12-31": "", "2005-12-31": ""}, "Pre-Paid Expenses": {"2019-12-31": "", "2018-12-31": "", "2017-12-31": "", "2016-12-31": "", "2015-12-31": "", "2014-12-31": "", "2013-12-31": "", "2012-12-31": "", "2011-12-31": "", "2010-12-31": "", "2009-12-31": "", "2008-12-31": "", "2007-12-31": "", "2006-12-31": "", "2005-12-31": ""}, "Other Current Assets": {"2019-12-31": "", "2018-12-31": "", "2017-12-31": "", "2016-12-31": "", "2015-12-31": "", "2014-12-31": "", "2013-12-31": "", "2012-12-31": "", "2011-12-31": "", "2010-12-31": "", "2009-12-31": "", "2008-12-31": "", "2007-12-31": "", "2006-12-31": "", "2005-12-31": ""}, "Total Current Assets": {"2019-12-31": "284.89900", "2018-12-31": "217.54900", "2017-12-31": "220.36600", "2016-12-31": "129.60100", "2015-12-31": "146.78700", "2014-12-31": "220.68800", "2013-12-31": "179.09500", "2012-12-31": "129.16300", "2011-12-31": "139.10100", "2010-12-31": "140.23200", "2009-12-31": "217.39300", "2008-12-31": "156.76700", "2007-12-31": "138.65200", "2006-12-31": "121.19600", "2005-12-31": "145.80900"}, "Property, Plant, And Equipment": {"2019-12-31": "9329.13200", "2018-12-31": "9327.71800", "2017-12-31": "9553.05000", "2016-12-31": "4105.80700", "2015-12-31": "3808.31900", "2014-12-31": "3809.34500", "2013-12-31": "3540.50700", "2012-12-31": "3570.09000", "2011-12-31": "3310.29300", "2010-12-31": "3716.86800", "2009-12-31": "3637.82700", "2008-12-31": "3871.30000", "2007-12-31": "3869.69300", "2006-12-31": "3474.24400", "2005-12-31": "3394.82000"}, "Long-Term Investments": {"2019-12-31": "", "2018-12-31": "", "2017-12-31": "", "2016-12-31": "", "2015-12-31": "", "2014-12-31": "", "2013-12-31": "", "2012-12-31": "", "2011-12-31": "", "2010-12-31": "", "2009-12-31": "", "2008-12-31": "", "2007-12-31": "", "2006-12-31": "", "2005-12-31": ""}, "Goodwill And Intangible Assets": {"2019-12-31": "242.82200", "2018-12-31": "387.06900", "2017-12-31": "478.82600", "2016-12-31": "118.83100", "2015-12-31": "105.38000", "2014-12-31": "52.36500", "2013-12-31": "44.80500", "2012-12-31": "42.45900", "2011-12-31": "27.05400", "2010-12-31": "18.21900", "2009-12-31": "10.00700", "2008-12-31": "12.90300", "2007-12-31": "17.22800", "2006-12-31": "12.31500", "2005-12-31": "10.18200"}, "Other Long-Term Assets": {"2019-12-31": "905.81600", "2018-12-31": "927.34400", "2017-12-31": "813.43100", "2016-12-31": "65.66700", "2015-12-31": "56.02800", "2014-12-31": "43.27000", "2013-12-31": "79.14600", "2012-12-31": "42.24000", "2011-12-31": "440.41900", "2010-12-31": "56.05500", "2009-12-31": "50.20300", "2008-12-31": "43.92800", "2007-12-31": "36.41600", "2006-12-31": "23.04100", "2005-12-31": "23.74700"}, "Total Long-Term Assets": {"2019-12-31": "10554.57000", "2018-12-31": "10727.11000", "2017-12-31": "10925.35000", "2016-12-31": "4359.30500", "2015-12-31": "4036.09400", "2014-12-31": "3976.48200", "2013-12-31": "3734.42100", "2012-12-31": "3724.29500", "2011-12-31": "3847.97000", "2010-12-31": "3854.30700", "2009-12-31": "3756.41300", "2008-12-31": "3985.60800", "2007-12-31": "3976.12100", "2006-12-31": "3550.58900", "2005-12-31": "3470.40600"}, "Total Assets": {"2019-12-31": "11132.25000", "2018-12-31": "10944.66000", "2017-12-31": "11145.72000", "2016-12-31": "4488.90600", "2015-12-31": "4182.88100", "2014-12-31": "4197.17000", "2013-12-31": "3913.51600", "2012-12-31": "3853.45800", "2011-12-31": "3987.07100", "2010-12-31": "3994.53900", "2009-12-31": "3973.80600", "2008-12-31": "4142.37500", "2007-12-31": "4114.77300", "2006-12-31": "3671.78500", "2005-12-31": "3616.21500"}, "Total Current Liabilities": {"2019-12-31": "213.70500", "2018-12-31": "224.80700", "2017-12-31": "234.27200", "2016-12-31": "138.93600", "2015-12-31": "164.51500", "2014-12-31": "181.19700", "2013-12-31": "147.04500", "2012-12-31": "127.18500", "2011-12-31": "101.89900", "2010-12-31": "138.19600", "2009-12-31": "99.14500", "2008-12-31": "141.39500", "2007-12-31": "154.64300", "2006-12-31": "140.94000", "2005-12-31": "110.80000"}, "Long Term Debt": {"2019-12-31": "3919.54400", "2018-12-31": "3715.21200", "2017-12-31": "3594.97700", "2016-12-31": "1642.42000", "2015-12-31": "1864.28500", "2014-12-31": "2021.35700", "2013-12-31": "1854.69700", "2012-12-31": "1941.89100", "2011-12-31": "1982.44000", "2010-12-31": "2094.46900", "2009-12-31": "1886.38000", "2008-12-31": "2135.57100", "2007-12-31": "2007.97500", "2006-12-31": "1575.38600", "2005-12-31": "1613.94200"}, "Other Non-Current Liabilities": {"2019-12-31": "486.12500", "2018-12-31": "554.47600", "2017-12-31": "583.41400", "2016-12-31": "83.04800", "2015-12-31": "71.46100", "2014-12-31": "58.13400", "2013-12-31": "50.64000", "2012-12-31": "38.47100", "2011-12-31": "33.07800", "2010-12-31": "17.47200", "2009-12-31": "44.88700", "2008-12-31": "103.12700", "2007-12-31": "31.62600", "2006-12-31": "18.24600", "2005-12-31": "14.48300"}, "Total Long Term Liabilities": {"2019-12-31": "4405.66900", "2018-12-31": "4269.68800", "2017-12-31": "4178.39100", "2016-12-31": "1725.46800", "2015-12-31": "1935.74600", "2014-12-31": "2079.49100", "2013-12-31": "1905.33700", "2012-12-31": "1980.36200", "2011-12-31": "2015.51800", "2010-12-31": "2111.94100", "2009-12-31": "1931.26700", "2008-12-31": "2238.69800", "2007-12-31": "2117.36300", "2006-12-31": "1677.52800", "2005-12-31": "1716.59000"}, "Total Liabilities": {"2019-12-31": "4842.29200", "2018-12-31": "4494.49500", "2017-12-31": "4412.66300", "2016-12-31": "1864.40400", "2015-12-31": "2100.26100", "2014-12-31": "2260.68800", "2013-12-31": "2052.38200", "2012-12-31": "2107.54700", "2011-12-31": "2117.41700", "2010-12-31": "2250.13700", "2009-12-31": "2030.41200", "2008-12-31": "2380.09300", "2007-12-31": "2272.00600", "2006-12-31": "1818.46800", "2005-12-31": "1827.39000"}, "Common Stock Net": {"2019-12-31": "1.67600", "2018-12-31": "1.67900", "2017-12-31": "1.71400", "2016-12-31": "1.04500", "2015-12-31": "0.97200", "2014-12-31": "0.94100", "2013-12-31": "0.92300", "2012-12-31": "0.90400", "2011-12-31": "0.89900", "2010-12-31": "0.81900", "2009-12-31": "0.81500", "2008-12-31": "0.75600", "2007-12-31": "0.75200", "2006-12-31": "0.74400", "2005-12-31": "0.73300"}, "Retained Earnings (Accumulated Deficit)": {"2019-12-31": "-1408.06200", "2018-12-31": "-1255.46500", "2017-12-31": "-1158.17000", "2016-12-31": "-994.25900", "2015-12-31": "-936.02000", "2014-12-31": "-882.37200", "2013-12-31": "-874.91600", "2012-12-31": "-834.81000", "2011-12-31": "-662.73500", "2010-12-31": "-533.19400", "2009-12-31": "-373.34500", "2008-12-31": "-155.05700", "2007-12-31": "-68.93500", "2006-12-31": "-41.89700", "2005-12-31": "-77.42200"}, "Comprehensive Income": {"2019-12-31": "-11.99700", "2018-12-31": "-0.92700", "2017-12-31": "-6.28900", "2016-12-31": "-18.34600", "2015-12-31": "-58.69300", "2014-12-31": "-57.74800", "2013-12-31": "-17.40400", "2012-12-31": "-57.71500", "2011-12-31": "-71.42900", "2010-12-31": "-80.88500", "2009-12-31": "-49.97300", "2008-12-31": "-90.68900", "2007-12-31": "-18.91600", "2006-12-31": "-13.31700", "2005-12-31": "-11.69200"}, "Other Share Holders Equity": {"2019-12-31": "", "2018-12-31": "", "2017-12-31": "", "2016-12-31": "", "2015-12-31": "", "2014-12-31": "", "2013-12-31": "", "2012-12-31": "", "2011-12-31": "", "2010-12-31": "", "2009-12-31": "", "2008-12-31": "", "2007-12-31": "", "2006-12-31": "", "2005-12-31": ""}, "Share Holder Equity": {"2019-12-31": "6289.96100", "2018-12-31": "6450.16800", "2017-12-31": "6733.05400", "2016-12-31": "2624.50200", "2015-12-31": "2082.62000", "2014-12-31": "1936.48200", "2013-12-31": "1861.13400", "2012-12-31": "1745.91100", "2011-12-31": "1869.65400", "2010-12-31": "1744.40200", "2009-12-31": "1943.39400", "2008-12-31": "1762.28200", "2007-12-31": "1842.76700", "2006-12-31": "1853.31700", "2005-12-31": "1788.82500"}, "Total Liabilities And Share Holders Equity": {"2019-12-31": "11132.25000", "2018-12-31": "10944.66000", "2017-12-31": "11145.72000", "2016-12-31": "4488.90600", "2015-12-31": "4182.88100", "2014-12-31": "4197.17000", "2013-12-31": "3913.51600", "2012-12-31": "3853.45800", "2011-12-31": "3987.07100", "2010-12-31": "3994.53900", "2009-12-31": "3973.80600", "2008-12-31": "4142.37500", "2007-12-31": "4114.77300", "2006-12-31": "3671.78500", "2005-12-31": "3616.21500"}}, "balance sheet, quarterly": {"Cash On Hand": {"2020-09-30": "280.87600", "2020-06-30": "587.35800", "2020-03-31": "736.84500", "2019-12-31": "115.56200", "2019-09-30": "47.46100", "2019-06-30": "37.36400", "2019-03-31": "42.78400", "2018-12-31": "45.19000", "2018-09-30": "44.48600", "2018-06-30": "43.24000", "2018-03-31": "93.63600", "2017-12-31": "49.38100", "2017-09-30": "30.64100", "2017-06-30": "104.70100", "2017-03-31": "44.84200", "2016-12-31": "17.87900", "2016-09-30": "44.90700", "2016-06-30": "28.44400", "2016-03-31": "31.03000", "2015-12-31": "40.62300", "2015-09-30": "29.02200", "2015-06-30": "33.84000", "2015-03-31": "43.07900", "2014-12-31": "121.78900", "2014-09-30": "110.04700", "2014-06-30": "45.64800", "2014-03-31": "44.35100", "2013-12-31": "90.20400", "2013-09-30": "67.99000", "2013-06-30": "64.49700", "2013-03-31": "28.49200", "2012-12-31": "28.82100", "2012-09-30": "27.48300", "2012-06-30": "29.10500", "2012-03-31": "33.52100", "2011-12-31": "17.45200", "2011-09-30": "21.19500", "2011-06-30": "18.40800", "2011-03-31": "65.76400", "2010-12-31": "22.46000", "2010-09-30": "38.83800", "2010-06-30": "106.43300", "2010-03-31": "119.53800", "2009-12-31": "99.47700", "2009-09-30": "173.79800", "2009-06-30": "126.79200", "2009-03-31": "24.66900", "2008-12-31": "21.53300", "2008-09-30": "25.77700", "2008-06-30": "41.60400", "2008-03-31": "29.21200", "2007-12-31": "18.66800", "2007-09-30": "33.57100", "2007-06-30": "55.09500", "2007-03-31": "29.16400", "2006-12-31": "34.04600", "2006-09-30": "38.36000", "2006-06-30": "36.59400", "2006-03-31": "88.05600", "2005-12-31": "42.45800", "2005-09-30": "31.23200", "2005-06-30": "26.25200", "2005-03-31": "53.59100"}, "Receivables": {"2020-09-30": "159.13700", "2020-06-30": "186.23200", "2020-03-31": "148.05800", "2019-12-31": "169.33700", "2019-09-30": "161.38100", "2019-06-30": "157.88300", "2019-03-31": "160.63500", "2018-12-31": "172.35900", "2018-09-30": "160.70900", "2018-06-30": "155.54000", "2018-03-31": "159.58700", "2017-12-31": "170.98500", "2017-09-30": "143.15300", "2017-06-30": "125.37200", "2017-03-31": "119.84300", "2016-12-31": "111.72200", "2016-09-30": "92.74700", "2016-06-30": "94.05600", "2016-03-31": "90.76900", "2015-12-31": "106.16400", "2015-09-30": "86.07700", "2015-06-30": "84.67400", "2015-03-31": "84.84700", "2014-12-31": "86.76700", "2014-09-30": "80.66600", "2014-06-30": "87.18300", "2014-03-31": "84.98600", "2013-12-31": "76.93100", "2013-09-30": "73.80100", "2013-06-30": "72.08200", "2013-03-31": "75.99200", "2012-12-31": "76.59100", "2012-09-30": "76.89700", "2012-06-30": "88.61500", "2012-03-31": "91.96300", "2011-12-31": "85.86500", "2011-09-30": "77.57000", "2011-06-30": "75.06900", "2011-03-31": "73.41200", "2010-12-31": "81.84100", "2010-09-30": "80.63100", "2010-06-30": "73.31800", "2010-03-31": "71.31000", "2009-12-31": "80.16300", "2009-09-30": "75.44900", "2009-06-30": "69.07600", "2009-03-31": "96.22900", "2008-12-31": "103.79600", "2008-09-30": "73.93600", "2008-06-30": "71.66300", "2008-03-31": "67.46100", "2007-12-31": "75.44100", "2007-09-30": "65.63400", "2007-06-30": "59.13100", "2007-03-31": "59.63100", "2006-12-31": "67.16200", "2006-09-30": "54.72700", "2006-06-30": "58.32000", "2006-03-31": "52.03400", "2005-12-31": "56.87800", "2005-09-30": "57.81900", "2005-06-30": "57.64000", "2005-03-31": "50.05100"}, "Inventory": {"2020-09-30": "", "2020-06-30": "", "2020-03-31": "", "2019-12-31": "", "2019-09-30": "", "2019-06-30": "", "2019-03-31": "", "2018-12-31": "", "2018-09-30": "", "2018-06-30": "", "2018-03-31": "", "2017-12-31": "", "2017-09-30": "", "2017-06-30": "", "2017-03-31": "", "2016-12-31": "", "2016-09-30": "", "2016-06-30": "", "2016-03-31": "", "2015-12-31": "", "2015-09-30": "", "2015-06-30": "", "2015-03-31": "", "2014-12-31": "", "2014-09-30": "", "2014-06-30": "", "2014-03-31": "", "2013-12-31": "", "2013-09-30": "", "2013-06-30": "", "2013-03-31": "", "2012-12-31": "", "2012-09-30": "", "2012-06-30": "", "2012-03-31": "", "2011-12-31": "", "2011-09-30": "", "2011-06-30": "", "2011-03-31": "", "2010-12-31": "", "2010-09-30": "", "2010-06-30": "", "2010-03-31": "", "2009-12-31": "", "2009-09-30": "", "2009-06-30": "", "2009-03-31": "", "2008-12-31": "", "2008-09-30": "", "2008-06-30": "", "2008-03-31": "", "2007-12-31": "", "2007-09-30": "", "2007-06-30": "", "2007-03-31": "", "2006-12-31": "", "2006-09-30": "", "2006-06-30": "", "2006-03-31": "", "2005-12-31": "", "2005-09-30": "", "2005-06-30": "", "2005-03-31": ""}, "Pre-Paid Expenses": {"2020-09-30": "", "2020-06-30": "", "2020-03-31": "", "2019-12-31": "", "2019-09-30": "", "2019-06-30": "", "2019-03-31": "", "2018-12-31": "", "2018-09-30": "", "2018-06-30": "", "2018-03-31": "", "2017-12-31": "", "2017-09-30": "", "2017-06-30": "", "2017-03-31": "", "2016-12-31": "", "2016-09-30": "", "2016-06-30": "", "2016-03-31": "", "2015-12-31": "", "2015-09-30": "", "2015-06-30": "", "2015-03-31": "", "2014-12-31": "", "2014-09-30": "", "2014-06-30": "", "2014-03-31": "", "2013-12-31": "", "2013-09-30": "", "2013-06-30": "", "2013-03-31": "", "2012-12-31": "", "2012-09-30": "", "2012-06-30": "", "2012-03-31": "", "2011-12-31": "", "2011-09-30": "", "2011-06-30": "", "2011-03-31": "", "2010-12-31": "", "2010-09-30": "", "2010-06-30": "", "2010-03-31": "", "2009-12-31": "", "2009-09-30": "", "2009-06-30": "", "2009-03-31": "", "2008-12-31": "", "2008-09-30": "", "2008-06-30": "", "2008-03-31": "", "2007-12-31": "", "2007-09-30": "", "2007-06-30": "", "2007-03-31": "", "2006-12-31": "", "2006-09-30": "", "2006-06-30": "", "2006-03-31": "", "2005-12-31": "", "2005-09-30": "", "2005-06-30": "", "2005-03-31": ""}, "Other Current Assets": {"2020-09-30": "", "2020-06-30": "", "2020-03-31": "", "2019-12-31": "", "2019-09-30": "", "2019-06-30": "", "2019-03-31": "", "2018-12-31": "", "2018-09-30": "", "2018-06-30": "", "2018-03-31": "", "2017-12-31": "", "2017-09-30": "", "2017-06-30": "", "2017-03-31": "", "2016-12-31": "", "2016-09-30": "", "2016-06-30": "", "2016-03-31": "", "2015-12-31": "", "2015-09-30": "", "2015-06-30": "", "2015-03-31": "", "2014-12-31": "", "2014-09-30": "", "2014-06-30": "", "2014-03-31": "", "2013-12-31": "", "2013-09-30": "", "2013-06-30": "", "2013-03-31": "", "2012-12-31": "", "2012-09-30": "", "2012-06-30": "", "2012-03-31": "", "2011-12-31": "", "2011-09-30": "", "2011-06-30": "", "2011-03-31": "", "2010-12-31": "", "2010-09-30": "", "2010-06-30": "", "2010-03-31": "", "2009-12-31": "", "2009-09-30": "", "2009-06-30": "", "2009-03-31": "", "2008-12-31": "", "2008-09-30": "", "2008-06-30": "", "2008-03-31": "", "2007-12-31": "", "2007-09-30": "", "2007-06-30": "", "2007-03-31": "", "2006-12-31": "", "2006-09-30": "", "2006-06-30": "", "2006-03-31": "", "2005-12-31": "", "2005-09-30": "", "2005-06-30": "", "2005-03-31": ""}, "Total Current Assets": {"2020-09-30": "440.01300", "2020-06-30": "773.59000", "2020-03-31": "884.90300", "2019-12-31": "284.89900", "2019-09-30": "208.84200", "2019-06-30": "195.24700", "2019-03-31": "203.41900", "2018-12-31": "217.54900", "2018-09-30": "205.19500", "2018-06-30": "198.78000", "2018-03-31": "253.22300", "2017-12-31": "220.36600", "2017-09-30": "173.79400", "2017-06-30": "230.07300", "2017-03-31": "164.68500", "2016-12-31": "129.60100", "2016-09-30": "148.13400", "2016-06-30": "132.98000", "2016-03-31": "132.28600", "2015-12-31": "146.78700", "2015-09-30": "126.41300", "2015-06-30": "130.79500", "2015-03-31": "140.09500", "2014-12-31": "220.68800", "2014-09-30": "202.84500", "2014-06-30": "144.74800", "2014-03-31": "141.27500", "2013-12-31": "179.09500", "2013-09-30": "167.91900", "2013-06-30": "155.08100", "2013-03-31": "124.21100", "2012-12-31": "129.16300", "2012-09-30": "128.15700", "2012-06-30": "141.58500", "2012-03-31": "149.36700", "2011-12-31": "139.10100", "2011-09-30": "134.69600", "2011-06-30": "129.40800", "2011-03-31": "175.10700", "2010-12-31": "140.23200", "2010-09-30": "156.28300", "2010-06-30": "216.56500", "2010-03-31": "227.66200", "2009-12-31": "217.39300", "2009-09-30": "275.58800", "2009-06-30": "223.85600", "2009-03-31": "157.82600", "2008-12-31": "156.76700", "2008-09-30": "154.97700", "2008-06-30": "133.56500", "2008-03-31": "129.08600", "2007-12-31": "138.65200", "2007-09-30": "119.54200", "2007-06-30": "134.18700", "2007-03-31": "108.77400", "2006-12-31": "121.19600", "2006-09-30": "115.00300", "2006-06-30": "136.07000", "2006-03-31": "174.37400", "2005-12-31": "145.80900", "2005-09-30": "110.94600", "2005-06-30": "106.60700", "2005-03-31": "126.89400"}, "Property, Plant, And Equipment": {"2020-09-30": "9200.61900", "2020-06-30": "9272.31700", "2020-03-31": "9308.60700", "2019-12-31": "9329.13200", "2019-09-30": "9418.27600", "2019-06-30": "9221.77600", "2019-03-31": "9269.37700", "2018-12-31": "9327.71800", "2018-09-30": "9874.27200", "2018-06-30": "9934.65300", "2018-03-31": "10010.22000", "2017-12-31": "9553.05000", "2017-09-30": "9973.47900", "2017-06-30": "10014.23000", "2017-03-31": "10196.73000", "2016-12-31": "4105.80700", "2016-09-30": "4064.93200", "2016-06-30": "4051.50000", "2016-03-31": "3776.19400", "2015-12-31": "3808.31900", "2015-09-30": "3805.36900", "2015-06-30": "3787.83600", "2015-03-31": "3809.20000", "2014-12-31": "3809.34500", "2014-09-30": "3731.30000", "2014-06-30": "3702.68200", "2014-03-31": "3700.81300", "2013-12-31": "3540.50700", "2013-09-30": "3550.05900", "2013-06-30": "3564.43500", "2013-03-31": "3576.58400", "2012-12-31": "3570.09000", "2012-09-30": "3512.89500", "2012-06-30": "3731.24400", "2012-03-31": "3706.33600", "2011-12-31": "3310.29300", "2011-09-30": "3806.96200", "2011-06-30": "3746.89100", "2011-03-31": "3680.04700", "2010-12-31": "3716.86800", "2010-09-30": "3734.97400", "2010-06-30": "3710.78800", "2010-03-31": "3607.14000", "2009-12-31": "3637.82700", "2009-09-30": "3788.55300", "2009-06-30": "3920.04800", "2009-03-31": "3938.19100", "2008-12-31": "3871.30000", "2008-09-30": "3955.25800", "2008-06-30": "4029.17700", "2008-03-31": "3957.37800", "2007-12-31": "3869.69300", "2007-09-30": "3863.05600", "2007-06-30": "3744.35800", "2007-03-31": "3582.44500", "2006-12-31": "3474.24400", "2006-09-30": "3497.27600", "2006-06-30": "3431.64200", "2006-03-31": "3314.97800", "2005-12-31": "3394.82000", "2005-09-30": "3371.04600", "2005-06-30": "3351.33400", "2005-03-31": "2993.64200"}, "Long-Term Investments": {"2020-09-30": "", "2020-06-30": "", "2020-03-31": "", "2019-12-31": "", "2019-09-30": "", "2019-06-30": "", "2019-03-31": "", "2018-12-31": "", "2018-09-30": "", "2018-06-30": "", "2018-03-31": "", "2017-12-31": "", "2017-09-30": "", "2017-06-30": "", "2017-03-31": "", "2016-12-31": "", "2016-09-30": "", "2016-06-30": "", "2016-03-31": "", "2015-12-31": "", "2015-09-30": "", "2015-06-30": "", "2015-03-31": "", "2014-12-31": "", "2014-09-30": "", "2014-06-30": "", "2014-03-31": "", "2013-12-31": "", "2013-09-30": "", "2013-06-30": "", "2013-03-31": "", "2012-12-31": "", "2012-09-30": "", "2012-06-30": "", "2012-03-31": "", "2011-12-31": "", "2011-09-30": "", "2011-06-30": "", "2011-03-31": "", "2010-12-31": "", "2010-09-30": "", "2010-06-30": "", "2010-03-31": "", "2009-12-31": "", "2009-09-30": "", "2009-06-30": "", "2009-03-31": "", "2008-12-31": "", "2008-09-30": "", "2008-06-30": "", "2008-03-31": "", "2007-12-31": "", "2007-09-30": "", "2007-06-30": "", "2007-03-31": "", "2006-12-31": "", "2006-09-30": "", "2006-06-30": "", "2006-03-31": "", "2005-12-31": "", "2005-09-30": "", "2005-06-30": "", "2005-03-31": ""}, "Goodwill And Intangible Assets": {"2020-09-30": "201.47200", "2020-06-30": "215.37600", "2020-03-31": "228.81900", "2019-12-31": "242.82200", "2019-09-30": "264.68100", "2019-06-30": "262.55300", "2019-03-31": "280.61300", "2018-12-31": "387.06900", "2018-09-30": "412.65300", "2018-06-30": "432.95100", "2018-03-31": "455.58900", "2017-12-31": "478.82600", "2017-09-30": "508.86800", "2017-06-30": "540.11900", "2017-03-31": "606.70700", "2016-12-31": "118.83100", "2016-09-30": "122.73800", "2016-06-30": "124.32500", "2016-03-31": "112.51300", "2015-12-31": "105.38000", "2015-09-30": "108.40000", "2015-06-30": "46.73700", "2015-03-31": "49.36300", "2014-12-31": "52.36500", "2014-09-30": "52.24000", "2014-06-30": "53.54300", "2014-03-31": "57.02800", "2013-12-31": "44.80500", "2013-09-30": "39.13400", "2013-06-30": "41.33100", "2013-03-31": "40.39100", "2012-12-31": "42.45900", "2012-09-30": "35.58100", "2012-06-30": "26.83500", "2012-03-31": "25.93700", "2011-12-31": "27.05400", "2011-09-30": "26.85500", "2011-06-30": "18.32000", "2011-03-31": "17.40100", "2010-12-31": "18.21900", "2010-09-30": "9.72200", "2010-06-30": "8.78400", "2010-03-31": "9.36100", "2009-12-31": "10.00700", "2009-09-30": "10.66100", "2009-06-30": "11.40800", "2009-03-31": "12.11100", "2008-12-31": "12.90300", "2008-09-30": "13.69800", "2008-06-30": "14.99500", "2008-03-31": "16.21700", "2007-12-31": "17.22800", "2007-09-30": "18.46600", "2007-06-30": "14.21800", "2007-03-31": "11.56900", "2006-12-31": "12.31500", "2006-09-30": "13.22900", "2006-06-30": "14.35200", "2006-03-31": "9.31500", "2005-12-31": "10.18200", "2005-09-30": "11.29500", "2005-06-30": "12.16400", "2005-03-31": "13.28000"}, "Other Long-Term Assets": {"2020-09-30": "785.89800", "2020-06-30": "761.94700", "2020-03-31": "777.88900", "2019-12-31": "905.81600", "2019-09-30": "907.37100", "2019-06-30": "891.34590", "2019-03-31": "884.85900", "2018-12-31": "927.34400", "2018-09-30": "479.61800", "2018-06-30": "531.66000", "2018-03-31": "431.18100", "2017-12-31": "813.43100", "2017-09-30": "390.77800", "2017-06-30": "337.26800", "2017-03-31": "99.55100", "2016-12-31": "65.66700", "2016-09-30": "54.02900", "2016-06-30": "59.50000", "2016-03-31": "57.18000", "2015-12-31": "56.02800", "2015-09-30": "53.10600", "2015-06-30": "57.92200", "2015-03-31": "49.72100", "2014-12-31": "43.27000", "2014-09-30": "69.14400", "2014-06-30": "69.13900", "2014-03-31": "65.89200", "2013-12-31": "79.14600", "2013-09-30": "69.88800", "2013-06-30": "70.91500", "2013-03-31": "51.99500", "2012-12-31": "42.24000", "2012-09-30": "53.20000", "2012-06-30": "54.60500", "2012-03-31": "52.14200", "2011-12-31": "440.41900", "2011-09-30": "57.10200", "2011-06-30": "62.75900", "2011-03-31": "55.98200", "2010-12-31": "56.05500", "2010-09-30": "34.45200", "2010-06-30": "28.87400", "2010-03-31": "31.24800", "2009-12-31": "50.20300", "2009-09-30": "39.37800", "2009-06-30": "44.64700", "2009-03-31": "44.92700", "2008-12-31": "43.92800", "2008-09-30": "38.89700", "2008-06-30": "40.47000", "2008-03-31": "36.35600", "2007-12-31": "36.41600", "2007-09-30": "40.48800", "2007-06-30": "49.04300", "2007-03-31": "30.26600", "2006-12-31": "23.04100", "2006-09-30": "38.11300", "2006-06-30": "36.14900", "2006-03-31": "30.06200", "2005-12-31": "23.74700", "2005-09-30": "22.16500", "2005-06-30": "15.95600", "2005-03-31": "21.24800"}, "Total Long-Term Assets": {"2020-09-30": "10258.49000", "2020-06-30": "10322.98000", "2020-03-31": "10392.42000", "2019-12-31": "10554.57000", "2019-09-30": "10670.06000", "2019-06-30": "10456.86000", "2019-03-31": "10517.33000", "2018-12-31": "10727.11000", "2018-09-30": "10851.84000", "2018-06-30": "10982.95000", "2018-03-31": "10980.63000", "2017-12-31": "10925.35000", "2017-09-30": "10944.95000", "2017-06-30": "10962.27000", "2017-03-31": "10971.29000", "2016-12-31": "4359.30500", "2016-09-30": "4310.15400", "2016-06-30": "4303.62200", "2016-03-31": "4015.08700", "2015-12-31": "4036.09400", "2015-09-30": "4044.47400", "2015-06-30": "3967.47300", "2015-03-31": "3978.30200", "2014-12-31": "3976.48200", "2014-09-30": "3925.24300", "2014-06-30": "3899.02300", "2014-03-31": "3894.27600", "2013-12-31": "3734.42100", "2013-09-30": "3728.63400", "2013-06-30": "3744.82200", "2013-03-31": "3737.17600", "2012-12-31": "3724.29500", "2012-09-30": "3669.81700", "2012-06-30": "3884.28100", "2012-03-31": "3855.50900", "2011-12-31": "3847.97000", "2011-09-30": "3960.92500", "2011-06-30": "3890.88200", "2011-03-31": "3816.06500", "2010-12-31": "3854.30700", "2010-09-30": "3837.39100", "2010-06-30": "3806.56100", "2010-03-31": "3705.73400", "2009-12-31": "3756.41300", "2009-09-30": "3895.39500", "2009-06-30": "4032.30400", "2009-03-31": "4050.64800", "2008-12-31": "3985.60800", "2008-09-30": "4066.14200", "2008-06-30": "4142.70400", "2008-03-31": "4066.62600", "2007-12-31": "3976.12100", "2007-09-30": "3973.54300", "2007-06-30": "3855.62500", "2007-03-31": "3668.16000", "2006-12-31": "3550.58900", "2006-09-30": "3588.83500", "2006-06-30": "3523.54000", "2006-03-31": "3396.16600", "2005-12-31": "3470.40600", "2005-09-30": "3446.71300", "2005-06-30": "3419.23700", "2005-03-31": "3068.67200"}, "Total Assets": {"2020-09-30": "10986.64000", "2020-06-30": "11386.31000", "2020-03-31": "11568.31000", "2019-12-31": "11132.25000", "2019-09-30": "11172.95000", "2019-06-30": "10947.19000", "2019-03-31": "11017.60000", "2018-12-31": "10944.66000", "2018-09-30": "11057.03000", "2018-06-30": "11181.73000", "2018-03-31": "11233.86000", "2017-12-31": "11145.72000", "2017-09-30": "11118.75000", "2017-06-30": "11192.34000", "2017-03-31": "11135.97000", "2016-12-31": "4488.90600", "2016-09-30": "4458.28800", "2016-06-30": "4436.60200", "2016-03-31": "4147.37300", "2015-12-31": "4182.88100", "2015-09-30": "4170.88700", "2015-06-30": "4098.26800", "2015-03-31": "4118.39700", "2014-12-31": "4197.17000", "2014-09-30": "4128.08800", "2014-06-30": "4043.77100", "2014-03-31": "4035.55100", "2013-12-31": "3913.51600", "2013-09-30": "3896.55300", "2013-06-30": "3899.90300", "2013-03-31": "3861.38700", "2012-12-31": "3853.45800", "2012-09-30": "3797.97400", "2012-06-30": "4025.86600", "2012-03-31": "4004.87600", "2011-12-31": "3987.07100", "2011-09-30": "4095.62100", "2011-06-30": "4020.29000", "2011-03-31": "3991.17200", "2010-12-31": "3994.53900", "2010-09-30": "3993.67400", "2010-06-30": "4023.12600", "2010-03-31": "3933.39600", "2009-12-31": "3973.80600", "2009-09-30": "4170.98300", "2009-06-30": "4256.16000", "2009-03-31": "4208.47400", "2008-12-31": "4142.37500", "2008-09-30": "4221.11900", "2008-06-30": "4276.26900", "2008-03-31": "4195.71200", "2007-12-31": "4114.77300", "2007-09-30": "4093.08500", "2007-06-30": "3989.81200", "2007-03-31": "3776.93400", "2006-12-31": "3671.78500", "2006-09-30": "3703.83800", "2006-06-30": "3659.61000", "2006-03-31": "3570.54000", "2005-12-31": "3616.21500", "2005-09-30": "3557.65900", "2005-06-30": "3525.84400", "2005-03-31": "3195.56600"}, "Total Current Liabilities": {"2020-09-30": "222.37500", "2020-06-30": "223.99000", "2020-03-31": "194.83500", "2019-12-31": "213.70500", "2019-09-30": "219.52900", "2019-06-30": "188.72300", "2019-03-31": "183.98300", "2018-12-31": "224.80700", "2018-09-30": "236.25000", "2018-06-30": "215.30000", "2018-03-31": "212.51500", "2017-12-31": "234.27200", "2017-09-30": "276.36300", "2017-06-30": "246.46200", "2017-03-31": "242.63800", "2016-12-31": "138.93600", "2016-09-30": "145.68900", "2016-06-30": "165.61100", "2016-03-31": "157.73200", "2015-12-31": "164.51500", "2015-09-30": "171.30400", "2015-06-30": "142.41500", "2015-03-31": "166.65900", "2014-12-31": "181.19700", "2014-09-30": "173.99700", "2014-06-30": "141.06300", "2014-03-31": "136.80000", "2013-12-31": "147.04500", "2013-09-30": "147.08700", "2013-06-30": "131.18100", "2013-03-31": "121.12000", "2012-12-31": "127.18500", "2012-09-30": "129.48300", "2012-06-30": "111.99500", "2012-03-31": "104.81900", "2011-12-31": "101.89900", "2011-09-30": "114.87300", "2011-06-30": "121.61700", "2011-03-31": "120.94900", "2010-12-31": "138.19600", "2010-09-30": "144.48100", "2010-06-30": "98.81000", "2010-03-31": "84.34200", "2009-12-31": "99.14500", "2009-09-30": "105.09300", "2009-06-30": "113.00600", "2009-03-31": "113.60700", "2008-12-31": "141.39500", "2008-09-30": "156.53000", "2008-06-30": "155.56100", "2008-03-31": "147.29200", "2007-12-31": "154.64300", "2007-09-30": "185.42800", "2007-06-30": "172.56900", "2007-03-31": "144.86500", "2006-12-31": "140.94000", "2006-09-30": "146.89300", "2006-06-30": "145.20200", "2006-03-31": "103.87500", "2005-12-31": "110.80000", "2005-09-30": "103.00900", "2005-06-30": "112.16400", "2005-03-31": "79.91900"}, "Long Term Debt": {"2020-09-30": "3988.52800", "2020-06-30": "4293.29800", "2020-03-31": "4414.85700", "2019-12-31": "3919.54400", "2019-09-30": "3887.26800", "2019-06-30": "3678.46500", "2019-03-31": "3683.73800", "2018-12-31": "3715.21200", "2018-09-30": "3717.20800", "2018-06-30": "3831.50000", "2018-03-31": "3840.26800", "2017-12-31": "3594.97700", "2017-09-30": "3522.13000", "2017-06-30": "3508.02600", "2017-03-31": "3407.22600", "2016-12-31": "1642.42000", "2016-09-30": "1627.62100", "2016-06-30": "1984.21600", "2016-03-31": "1835.30000", "2015-12-31": "1864.28500", "2015-09-30": "2023.65200", "2015-06-30": "1988.70000", "2015-03-31": "1994.72700", "2014-12-31": "2021.35700", "2014-09-30": "2023.24300", "2014-06-30": "2031.06300", "2014-03-31": "2000.69000", "2013-12-31": "1854.69700", "2013-09-30": "1864.43700", "2013-06-30": "1892.12400", "2013-03-31": "1930.44300", "2012-12-31": "1941.89100", "2012-09-30": "1821.41200", "2012-06-30": "2063.29900", "2012-03-31": "2023.35800", "2011-12-31": "1982.44000", "2011-09-30": "2050.34000", "2011-06-30": "1970.14500", "2011-03-31": "1922.47100", "2010-12-31": "2094.46900", "2010-09-30": "2002.91900", "2010-06-30": "2015.24700", "2010-03-31": "1886.52800", "2009-12-31": "1886.38000", "2009-09-30": "2108.34500", "2009-06-30": "2069.12100", "2009-03-31": "2260.34600", "2008-12-31": "2135.57100", "2008-09-30": "2137.00700", "2008-06-30": "2194.66200", "2008-03-31": "2108.50000", "2007-12-31": "2007.97500", "2007-09-30": "1952.03000", "2007-06-30": "1840.52400", "2007-03-31": "1674.93200", "2006-12-31": "1575.38600", "2006-09-30": "1628.96700", "2006-06-30": "1579.64300", "2006-03-31": "1546.84800", "2005-12-31": "1613.94200", "2005-09-30": "1584.58900", "2005-06-30": "1763.35200", "2005-03-31": "1466.03900"}, "Other Non-Current Liabilities": {"2020-09-30": "442.53100", "2020-06-30": "450.78400", "2020-03-31": "461.68100", "2019-12-31": "486.12500", "2019-09-30": "502.72500", "2019-06-30": "503.19400", "2019-03-31": "521.98800", "2018-12-31": "554.47600", "2018-09-30": "551.32900", "2018-06-30": "566.14200", "2018-03-31": "575.69200", "2017-12-31": "583.41400", "2017-09-30": "683.56800", "2017-06-30": "703.82100", "2017-03-31": "721.60500", "2016-12-31": "83.04800", "2016-09-30": "84.69400", "2016-06-30": "84.75000", "2016-03-31": "71.96800", "2015-12-31": "71.46100", "2015-09-30": "67.88700", "2015-06-30": "57.28600", "2015-03-31": "58.13200", "2014-12-31": "58.13400", "2014-09-30": "56.71900", "2014-06-30": "53.24300", "2014-03-31": "56.97500", "2013-12-31": "50.64000", "2013-09-30": "47.93400", "2013-06-30": "40.56600", "2013-03-31": "34.12800", "2012-12-31": "38.47100", "2012-09-30": "32.64500", "2012-06-30": "32.97300", "2012-03-31": "32.08500", "2011-12-31": "33.07800", "2011-09-30": "32.93400", "2011-06-30": "19.83400", "2011-03-31": "17.28000", "2010-12-31": "17.47200", "2010-09-30": "16.00700", "2010-06-30": "43.90300", "2010-03-31": "50.33200", "2009-12-31": "44.88700", "2009-09-30": "56.22800", "2009-06-30": "45.54800", "2009-03-31": "80.16300", "2008-12-31": "103.12700", "2008-09-30": "20.27600", "2008-06-30": "20.89200", "2008-03-31": "21.55200", "2007-12-31": "31.62600", "2007-09-30": "21.87500", "2007-06-30": "19.74000", "2007-03-31": "17.90500", "2006-12-31": "18.24600", "2006-09-30": "18.99500", "2006-06-30": "19.24200", "2006-03-31": "14.17500", "2005-12-31": "14.48300", "2005-09-30": "14.56200", "2005-06-30": "14.71100", "2005-03-31": "14.88200"}, "Total Long Term Liabilities": {"2020-09-30": "4431.05900", "2020-06-30": "4744.08200", "2020-03-31": "4876.53800", "2019-12-31": "4405.66900", "2019-09-30": "4389.99300", "2019-06-30": "4181.65900", "2019-03-31": "4205.72600", "2018-12-31": "4269.68800", "2018-09-30": "4268.53700", "2018-06-30": "4397.64200", "2018-03-31": "4415.96000", "2017-12-31": "4178.39100", "2017-09-30": "4205.69800", "2017-06-30": "4211.84700", "2017-03-31": "4128.83100", "2016-12-31": "1725.46800", "2016-09-30": "1712.31500", "2016-06-30": "2068.96600", "2016-03-31": "1907.26800", "2015-12-31": "1935.74600", "2015-09-30": "2091.53900", "2015-06-30": "2045.98600", "2015-03-31": "2052.85900", "2014-12-31": "2079.49100", "2014-09-30": "2079.96200", "2014-06-30": "2084.30600", "2014-03-31": "2057.66500", "2013-12-31": "1905.33700", "2013-09-30": "1912.37100", "2013-06-30": "1932.69000", "2013-03-31": "1964.57100", "2012-12-31": "1980.36200", "2012-09-30": "1854.05700", "2012-06-30": "2096.27200", "2012-03-31": "2055.44300", "2011-12-31": "2015.51800", "2011-09-30": "2083.27400", "2011-06-30": "1989.97900", "2011-03-31": "1939.75100", "2010-12-31": "2111.94100", "2010-09-30": "2018.92600", "2010-06-30": "2059.15000", "2010-03-31": "1936.86000", "2009-12-31": "1931.26700", "2009-09-30": "2164.57300", "2009-06-30": "2181.17600", "2009-03-31": "2406.29800", "2008-12-31": "2238.69800", "2008-09-30": "2225.12600", "2008-06-30": "2283.29100", "2008-03-31": "2208.07500", "2007-12-31": "2117.36300", "2007-09-30": "2048.58100", "2007-06-30": "1938.23400", "2007-03-31": "1771.88200", "2006-12-31": "1677.52800", "2006-09-30": "1732.23200", "2006-06-30": "1685.08800", "2006-03-31": "1647.90200", "2005-12-31": "1716.59000", "2005-09-30": "1677.74300", "2005-06-30": "1909.70800", "2005-03-31": "1613.93900"}, "Total Liabilities": {"2020-09-30": "4873.51600", "2020-06-30": "5189.10700", "2020-03-31": "5293.07600", "2019-12-31": "4842.29200", "2019-09-30": "4833.10300", "2019-06-30": "4594.34100", "2019-03-31": "4614.83100", "2018-12-31": "4494.49500", "2018-09-30": "4504.78700", "2018-06-30": "4612.94200", "2018-03-31": "4628.47500", "2017-12-31": "4412.66300", "2017-09-30": "4482.06100", "2017-06-30": "4458.30900", "2017-03-31": "4371.46900", "2016-12-31": "1864.40400", "2016-09-30": "1858.00400", "2016-06-30": "2234.57700", "2016-03-31": "2065.00000", "2015-12-31": "2100.26100", "2015-09-30": "2262.84300", "2015-06-30": "2188.40100", "2015-03-31": "2219.51800", "2014-12-31": "2260.68800", "2014-09-30": "2253.95900", "2014-06-30": "2225.36900", "2014-03-31": "2194.46500", "2013-12-31": "2052.38200", "2013-09-30": "2059.45800", "2013-06-30": "2063.87100", "2013-03-31": "2085.69100", "2012-12-31": "2107.54700", "2012-09-30": "1983.54000", "2012-06-30": "2208.26700", "2012-03-31": "2160.26200", "2011-12-31": "2117.41700", "2011-09-30": "2198.14700", "2011-06-30": "2111.59600", "2011-03-31": "2060.70000", "2010-12-31": "2250.13700", "2010-09-30": "2163.40700", "2010-06-30": "2157.96000", "2010-03-31": "2021.20200", "2009-12-31": "2030.41200", "2009-09-30": "2269.66600", "2009-06-30": "2294.18200", "2009-03-31": "2519.90500", "2008-12-31": "2380.09300", "2008-09-30": "2381.65600", "2008-06-30": "2438.85200", "2008-03-31": "2355.36700", "2007-12-31": "2272.00600", "2007-09-30": "2234.00900", "2007-06-30": "2110.80300", "2007-03-31": "1916.74700", "2006-12-31": "1818.46800", "2006-09-30": "1879.12500", "2006-06-30": "1830.29000", "2006-03-31": "1751.77700", "2005-12-31": "1827.39000", "2005-09-30": "1780.75200", "2005-06-30": "2021.87200", "2005-03-31": "1693.85800"}, "Common Stock Net": {"2020-09-30": "1.69700", "2020-06-30": "1.69700", "2020-03-31": "1.69600", "2019-12-31": "1.67600", "2019-09-30": "1.67600", "2019-06-30": "1.67600", "2019-03-31": "1.67500", "2018-12-31": "1.67900", "2018-09-30": "1.69400", "2018-06-30": "1.69400", "2018-03-31": "1.69400", "2017-12-31": "1.71400", "2017-09-30": "1.70100", "2017-06-30": "1.70100", "2017-03-31": "1.70100", "2016-12-31": "1.04500", "2016-09-30": "1.04500", "2016-06-30": "0.99500", "2016-03-31": "0.97600", "2015-12-31": "0.97200", "2015-09-30": "0.94200", "2015-06-30": "0.94300", "2015-03-31": "0.94300", "2014-12-31": "0.94100", "2014-09-30": "0.93200", "2014-06-30": "0.92300", "2014-03-31": "0.92300", "2013-12-31": "0.92300", "2013-09-30": "0.92300", "2013-06-30": "0.92300", "2013-03-31": "0.91400", "2012-12-31": "0.90400", "2012-09-30": "0.90400", "2012-06-30": "0.89900", "2012-03-31": "0.89900", "2011-12-31": "0.89900", "2011-09-30": "0.89900", "2011-06-30": "0.89900", "2011-03-31": "0.89900", "2010-12-31": "0.81900", "2010-09-30": "0.81900", "2010-06-30": "0.81900", "2010-03-31": "0.81600", "2009-12-31": "0.81500", "2009-09-30": "0.86000", "2009-06-30": "0.85700", "2009-03-31": "0.75600", "2008-12-31": "0.75600", "2008-09-30": "0.75600", "2008-06-30": "0.75600", "2008-03-31": "", "2007-12-31": "0.75200", "2007-09-30": "0.75100", "2007-06-30": "0.75000", "2007-03-31": "0.74700", "2006-12-31": "0.74400", "2006-09-30": "0.74300", "2006-06-30": "0.74100", "2006-03-31": "0.73800", "2005-12-31": "0.73300", "2005-09-30": "0.73200", "2005-06-30": "0.68600", "2005-03-31": "0.68400"}, "Retained Earnings (Accumulated Deficit)": {"2020-09-30": "-1703.33800", "2020-06-30": "-1615.07700", "2020-03-31": "-1533.18200", "2019-12-31": "-1408.06200", "2019-09-30": "-1350.33100", "2019-06-30": "-1309.27800", "2019-03-31": "-1263.01100", "2018-12-31": "-1255.46500", "2018-09-30": "-1240.33100", "2018-06-30": "-1216.01800", "2018-03-31": "-1169.82800", "2017-12-31": "-1158.17000", "2017-09-30": "-1153.15300", "2017-06-30": "-1122.66600", "2017-03-31": "-1080.88200", "2016-12-31": "-994.25900", "2016-09-30": "-997.88100", "2016-06-30": "-950.94100", "2016-03-31": "-936.94500", "2015-12-31": "-936.02000", "2015-09-30": "-907.96200", "2015-06-30": "-916.02700", "2015-03-31": "-902.84500", "2014-12-31": "-882.37200", "2014-09-30": "-912.04100", "2014-06-30": "-916.57600", "2014-03-31": "-898.78700", "2013-12-31": "-874.91600", "2013-09-30": "-878.75300", "2013-06-30": "-871.26600", "2013-03-31": "-860.83200", "2012-12-31": "-834.81000", "2012-09-30": "-756.11400", "2012-06-30": "-726.44400", "2012-03-31": "-690.84500", "2011-12-31": "-662.73500", "2011-09-30": "-629.62600", "2011-06-30": "-596.89800", "2011-03-31": "-568.52600", "2010-12-31": "-533.19400", "2010-09-30": "-457.37200", "2010-06-30": "-429.79800", "2010-03-31": "-398.69900", "2009-12-31": "-373.34500", "2009-09-30": "-361.53000", "2009-06-30": "-240.41700", "2009-03-31": "-186.22700", "2008-12-31": "-155.05700", "2008-09-30": "-80.06700", "2008-06-30": "-83.88500", "2008-03-31": "-65.04900", "2007-12-31": "-68.93500", "2007-09-30": "-45.93100", "2007-06-30": "-37.03600", "2007-03-31": "-35.53500", "2006-12-31": "-41.89700", "2006-09-30": "-62.32400", "2006-06-30": "-60.80900", "2006-03-31": "-52.12900", "2005-12-31": "-77.42200", "2005-09-30": "-83.53000", "2005-06-30": "-74.05700", "2005-03-31": "-79.53800"}, "Comprehensive Income": {"2020-09-30": "-23.22000", "2020-06-30": "-25.13500", "2020-03-31": "-25.53100", "2019-12-31": "-11.99700", "2019-09-30": "-15.80400", "2019-06-30": "-14.08600", "2019-03-31": "-6.09600", "2018-12-31": "-0.92700", "2018-09-30": "14.06600", "2018-06-30": "10.31700", "2018-03-31": "4.76400", "2017-12-31": "-6.28900", "2017-09-30": "-14.14100", "2017-06-30": "-16.43500", "2017-03-31": "-15.79100", "2016-12-31": "-18.34600", "2016-09-30": "-35.73900", "2016-06-30": "-80.03800", "2016-03-31": "-72.89300", "2015-12-31": "-58.69300", "2015-09-30": "-62.30700", "2015-06-30": "-48.79900", "2015-03-31": "-69.27700", "2014-12-31": "-57.74800", "2014-09-30": "-33.96300", "2014-06-30": "-36.41200", "2014-03-31": "-28.59900", "2013-12-31": "-17.40400", "2013-09-30": "-28.43000", "2013-06-30": "-31.31900", "2013-03-31": "-51.98300", "2012-12-31": "-57.71500", "2012-09-30": "-64.37800", "2012-06-30": "-66.73100", "2012-03-31": "-69.08300", "2011-12-31": "-71.42900", "2011-09-30": "-73.80000", "2011-06-30": "-76.16200", "2011-03-31": "-78.52300", "2010-12-31": "-80.88500", "2010-09-30": "-83.24300", "2010-06-30": "-73.95000", "2010-03-31": "-55.67400", "2009-12-31": "-49.97300", "2009-09-30": "-64.96900", "2009-06-30": "-54.39900", "2009-03-31": "-68.58500", "2008-12-31": "-90.68900", "2008-09-30": "-26.29900", "2008-06-30": "-18.76200", "2008-03-31": "-28.27400", "2007-12-31": "-18.91600", "2007-09-30": "-18.03000", "2007-06-30": "1.57700", "2007-03-31": "-10.79900", "2006-12-31": "-13.31700", "2006-09-30": "-13.33400", "2006-06-30": "-0.58100", "2006-03-31": "-8.55200", "2005-12-31": "-11.69200", "2005-09-30": "-12.01900", "2005-06-30": "-16.52100", "2005-03-31": "-5.14800"}, "Other Share Holders Equity": {"2020-09-30": "", "2020-06-30": "", "2020-03-31": "", "2019-12-31": "", "2019-09-30": "", "2019-06-30": "", "2019-03-31": "", "2018-12-31": "", "2018-09-30": "", "2018-06-30": "", "2018-03-31": "", "2017-12-31": "", "2017-09-30": "", "2017-06-30": "", "2017-03-31": "", "2016-12-31": "", "2016-09-30": "", "2016-06-30": "", "2016-03-31": "", "2015-12-31": "", "2015-09-30": "", "2015-06-30": "", "2015-03-31": "", "2014-12-31": "", "2014-09-30": "", "2014-06-30": "", "2014-03-31": "", "2013-12-31": "", "2013-09-30": "", "2013-06-30": "", "2013-03-31": "", "2012-12-31": "", "2012-09-30": "", "2012-06-30": "", "2012-03-31": "", "2011-12-31": "", "2011-09-30": "", "2011-06-30": "", "2011-03-31": "", "2010-12-31": "", "2010-09-30": "", "2010-06-30": "", "2010-03-31": "", "2009-12-31": "", "2009-09-30": "", "2009-06-30": "", "2009-03-31": "", "2008-12-31": "", "2008-09-30": "", "2008-06-30": "", "2008-03-31": "", "2007-12-31": "", "2007-09-30": "", "2007-06-30": "", "2007-03-31": "", "2006-12-31": "", "2006-09-30": "", "2006-06-30": "", "2006-03-31": "", "2005-12-31": "", "2005-09-30": "", "2005-06-30": "", "2005-03-31": ""}, "Share Holder Equity": {"2020-09-30": "6113.12300", "2020-06-30": "6197.20200", "2020-03-31": "6275.23500", "2019-12-31": "6289.96100", "2019-09-30": "6339.84700", "2019-06-30": "6352.84800", "2019-03-31": "6402.77300", "2018-12-31": "6450.16800", "2018-09-30": "6552.24300", "2018-06-30": "6568.78800", "2018-03-31": "6605.38100", "2017-12-31": "6733.05400", "2017-09-30": "6636.68400", "2017-06-30": "6734.03500", "2017-03-31": "6764.50300", "2016-12-31": "2624.50200", "2016-09-30": "2600.28400", "2016-06-30": "2202.02500", "2016-03-31": "2082.37300", "2015-12-31": "2082.62000", "2015-09-30": "1908.04400", "2015-06-30": "1909.86700", "2015-03-31": "1898.87900", "2014-12-31": "1936.48200", "2014-09-30": "1874.12900", "2014-06-30": "1818.40200", "2014-03-31": "1841.08600", "2013-12-31": "1861.13400", "2013-09-30": "1837.09500", "2013-06-30": "1836.03200", "2013-03-31": "1775.69600", "2012-12-31": "1745.91100", "2012-09-30": "1814.43400", "2012-06-30": "1817.59900", "2012-03-31": "1844.61400", "2011-12-31": "1869.65400", "2011-09-30": "1897.47400", "2011-06-30": "1908.69400", "2011-03-31": "1930.47200", "2010-12-31": "1744.40200", "2010-09-30": "1830.26700", "2010-06-30": "1865.16600", "2010-03-31": "1912.19400", "2009-12-31": "1943.39400", "2009-09-30": "1901.31700", "2009-06-30": "1961.97800", "2009-03-31": "1688.56900", "2008-12-31": "1762.28200", "2008-09-30": "1839.46300", "2008-06-30": "1837.41700", "2008-03-31": "1840.34500", "2007-12-31": "1842.76700", "2007-09-30": "1859.07600", "2007-06-30": "1879.00900", "2007-03-31": "1860.18700", "2006-12-31": "1853.31700", "2006-09-30": "1824.71300", "2006-06-30": "1829.32000", "2006-03-31": "1818.76300", "2005-12-31": "1788.82500", "2005-09-30": "1776.90700", "2005-06-30": "1503.97200", "2005-03-31": "1501.70800"}, "Total Liabilities And Share Holders Equity": {"2020-09-30": "10986.64000", "2020-06-30": "11386.31000", "2020-03-31": "11568.31000", "2019-12-31": "11132.25000", "2019-09-30": "11172.95000", "2019-06-30": "10947.19000", "2019-03-31": "11017.60000", "2018-12-31": "10944.66000", "2018-09-30": "11057.03000", "2018-06-30": "11181.73000", "2018-03-31": "11233.86000", "2017-12-31": "11145.72000", "2017-09-30": "11118.75000", "2017-06-30": "11192.34000", "2017-03-31": "11135.97000", "2016-12-31": "4488.90600", "2016-09-30": "4458.28800", "2016-06-30": "4436.60200", "2016-03-31": "4147.37300", "2015-12-31": "4182.88100", "2015-09-30": "4170.88700", "2015-06-30": "4098.26800", "2015-03-31": "4118.39700", "2014-12-31": "4197.17000", "2014-09-30": "4128.08800", "2014-06-30": "4043.77100", "2014-03-31": "4035.55100", "2013-12-31": "3913.51600", "2013-09-30": "3896.55300", "2013-06-30": "3899.90300", "2013-03-31": "3861.38700", "2012-12-31": "3853.45800", "2012-09-30": "3797.97400", "2012-06-30": "4025.86600", "2012-03-31": "4004.87600", "2011-12-31": "3987.07100", "2011-09-30": "4095.62100", "2011-06-30": "4020.29000", "2011-03-31": "3991.17200", "2010-12-31": "3994.53900", "2010-09-30": "3993.67400", "2010-06-30": "4023.12600", "2010-03-31": "3933.39600", "2009-12-31": "3973.80600", "2009-09-30": "4170.98300", "2009-06-30": "4256.16000", "2009-03-31": "4208.47400", "2008-12-31": "4142.37500", "2008-09-30": "4221.11900", "2008-06-30": "4276.26900", "2008-03-31": "4195.71200", "2007-12-31": "4114.77300", "2007-09-30": "4093.08500", "2007-06-30": "3989.81200", "2007-03-31": "3776.93400", "2006-12-31": "3671.78500", "2006-09-30": "3703.83800", "2006-06-30": "3659.61000", "2006-03-31": "3570.54000", "2005-12-31": "3616.21500", "2005-09-30": "3557.65900", "2005-06-30": "3525.84400", "2005-03-31": "3195.56600"}}, "cash flow statement": {"Net Income/Loss": {"2019-12-31": "243.25800", "2018-12-31": "252.32500", "2017-12-31": "178.98000", "2016-12-31": "166.99200", "2015-12-31": "152.54300", "2014-12-31": "188.84700", "2013-12-31": "151.28500", "2012-12-31": "26.20900", "2011-12-31": "55.78800", "2010-12-31": "13.00100", "2009-12-31": "-29.03600", "2008-12-31": "141.52100", "2007-12-31": "210.01600", "2006-12-31": "218.51100", "2005-12-31": "162.64700"}, "Total Depreciation And Amortization - Cash Flow": {"2019-12-31": "341.58600", "2018-12-31": "336.83400", "2017-12-31": "320.56600", "2016-12-31": "168.21000", "2015-12-31": "154.90800", "2014-12-31": "155.21100", "2013-12-31": "144.30500", "2012-12-31": "139.55500", "2011-12-31": "146.08300", "2010-12-31": "132.46600", "2009-12-31": "123.80100", "2008-12-31": "112.13300", "2007-12-31": "96.75700", "2006-12-31": "91.82400", "2005-12-31": "87.18900"}, "Other Non-Cash Items": {"2019-12-31": "44.46000", "2018-12-31": "46.28500", "2017-12-31": "6.07300", "2016-12-31": "-24.40400", "2015-12-31": "0.16600", "2014-12-31": "-54.05100", "2013-12-31": "-27.79200", "2012-12-31": "96.14200", "2011-12-31": "51.60300", "2010-12-31": "20.10800", "2009-12-31": "142.13200", "2008-12-31": "29.59700", "2007-12-31": "-55.60100", "2006-12-31": "-75.51300", "2005-12-31": "-14.13800"}, "Total Non-Cash Items": {"2019-12-31": "386.04600", "2018-12-31": "383.11900", "2017-12-31": "326.63900", "2016-12-31": "143.80600", "2015-12-31": "155.07400", "2014-12-31": "101.16000", "2013-12-31": "116.51300", "2012-12-31": "235.69700", "2011-12-31": "197.68600", "2010-12-31": "152.57400", "2009-12-31": "265.93300", "2008-12-31": "141.73000", "2007-12-31": "41.15600", "2006-12-31": "16.31100", "2005-12-31": "73.05100"}, "Change In Accounts Receivable": {"2019-12-31": "-4.69000", "2018-12-31": "-26.37400", "2017-12-31": "-26.08100", "2016-12-31": "-8.80000", "2015-12-31": "-10.29000", "2014-12-31": "-12.76900", "2013-12-31": "-10.50100", "2012-12-31": "0.09800", "2011-12-31": "-7.75000", "2010-12-31": "-3.54500", "2009-12-31": "12.74600", "2008-12-31": "-30.03000", "2007-12-31": "-10.04000", "2006-12-31": "-10.28400", "2005-12-31": "-1.18600"}, "Change In Inventories": {"2019-12-31": "", "2018-12-31": "", "2017-12-31": "", "2016-12-31": "", "2015-12-31": "", "2014-12-31": "", "2013-12-31": "", "2012-12-31": "", "2011-12-31": "", "2010-12-31": "", "2009-12-31": "", "2008-12-31": "", "2007-12-31": "", "2006-12-31": "", "2005-12-31": ""}, "Change In Accounts Payable": {"2019-12-31": "", "2018-12-31": "", "2017-12-31": "", "2016-12-31": "", "2015-12-31": "", "2014-12-31": "", "2013-12-31": "", "2012-12-31": "", "2011-12-31": "", "2010-12-31": "", "2009-12-31": "", "2008-12-31": "", "2007-12-31": "", "2006-12-31": "", "2005-12-31": ""}, "Change In Assets/Liabilities": {"2019-12-31": "-7.51800", "2018-12-31": "2.01700", "2017-12-31": "-7.64000", "2016-12-31": "-10.24000", "2015-12-31": "-7.97400", "2014-12-31": "-5.69700", "2013-12-31": "-5.89400", "2012-12-31": "-15.78300", "2011-12-31": "-10.19900", "2010-12-31": "-22.29000", "2009-12-31": "-23.48700", "2008-12-31": "-21.62900", "2007-12-31": "-25.06600", "2006-12-31": "-10.24100", "2005-12-31": "-20.98100"}, "Total Change In Assets/Liabilities": {"2019-12-31": "-8.03300", "2018-12-31": "-25.11700", "2017-12-31": "-35.83500", "2016-12-31": "-13.62100", "2015-12-31": "-22.07400", "2014-12-31": "-12.26500", "2013-12-31": "-17.06700", "2012-12-31": "-4.69100", "2011-12-31": "-35.84100", "2010-12-31": "-27.11600", "2009-12-31": "-41.09300", "2008-12-31": "-64.08200", "2007-12-31": "-33.00500", "2006-12-31": "-23.16300", "2005-12-31": "-22.98500"}, "Cash Flow From Operating Activities": {"2019-12-31": "621.27100", "2018-12-31": "610.32700", "2017-12-31": "469.78400", "2016-12-31": "297.17700", "2015-12-31": "285.54300", "2014-12-31": "277.74200", "2013-12-31": "250.73100", "2012-12-31": "257.21500", "2011-12-31": "217.63300", "2010-12-31": "138.45900", "2009-12-31": "195.80400", "2008-12-31": "219.16900", "2007-12-31": "218.16700", "2006-12-31": "211.65900", "2005-12-31": "205.40300"}, "Net Change In Property, Plant, And Equipment": {"2019-12-31": "-422.58100", "2018-12-31": "-311.48000", "2017-12-31": "-476.50100", "2016-12-31": "-567.42100", "2015-12-31": "-250.33600", "2014-12-31": "-350.35700", "2013-12-31": "-321.07200", "2012-12-31": "-320.61400", "2011-12-31": "-152.69800", "2010-12-31": "-90.45800", "2009-12-31": "37.31800", "2008-12-31": "-388.78300", "2007-12-31": "-682.39900", "2006-12-31": "-419.01700", "2005-12-31": "-326.66200"}, "Net Change In Intangible Assets": {"2019-12-31": "", "2018-12-31": "", "2017-12-31": "", "2016-12-31": "", "2015-12-31": "", "2014-12-31": "", "2013-12-31": "", "2012-12-31": "", "2011-12-31": "", "2010-12-31": "", "2009-12-31": "", "2008-12-31": "", "2007-12-31": "", "2006-12-31": "", "2005-12-31": ""}, "Net Acquisitions/Divestitures": {"2019-12-31": "-23.45800", "2018-12-31": "-23.16400", "2017-12-31": "-670.32500", "2016-12-31": "-55.22300", "2015-12-31": "-31.94100", "2014-12-31": "-23.76000", "2013-12-31": "-19.14400", "2012-12-31": "-17.93000", "2011-12-31": "-19.37700", "2010-12-31": "-10.31200", "2009-12-31": "-12.22000", "2008-12-31": "", "2007-12-31": "", "2006-12-31": "", "2005-12-31": ""}, "Net Change In Short-term Investments": {"2019-12-31": "", "2018-12-31": "", "2017-12-31": "", "2016-12-31": "", "2015-12-31": "", "2014-12-31": "", "2013-12-31": "", "2012-12-31": "", "2011-12-31": "", "2010-12-31": "", "2009-12-31": "", "2008-12-31": "", "2007-12-31": "", "2006-12-31": "", "2005-12-31": ""}, "Net Change In Long-Term Investments": {"2019-12-31": "153.88300", "2018-12-31": "212.44100", "2017-12-31": "144.46700", "2016-12-31": "213.68200", "2015-12-31": "140.96900", "2014-12-31": "163.58400", "2013-12-31": "302.85100", "2012-12-31": "342.47400", "2011-12-31": "94.20500", "2010-12-31": "-84.86700", "2009-12-31": "12.62800", "2008-12-31": "254.72100", "2007-12-31": "269.69300", "2006-12-31": "447.63400", "2005-12-31": "-149.66000"}, "Net Change In Investments - Total": {"2019-12-31": "153.88300", "2018-12-31": "212.44100", "2017-12-31": "144.46700", "2016-12-31": "213.68200", "2015-12-31": "140.96900", "2014-12-31": "163.58400", "2013-12-31": "302.85100", "2012-12-31": "342.47400", "2011-12-31": "94.20500", "2010-12-31": "-84.86700", "2009-12-31": "12.62800", "2008-12-31": "254.72100", "2007-12-31": "269.69300", "2006-12-31": "447.63400", "2005-12-31": "-149.66000"}, "Investing Activities - Other": {"2019-12-31": "9.46300", "2018-12-31": "16.17900", "2017-12-31": "-4.87100", "2016-12-31": "0.33000", "2015-12-31": "1.96200", "2014-12-31": "0.24300", "2013-12-31": "27.54800", "2012-12-31": "-0.30700", "2011-12-31": "0.14700", "2010-12-31": "1.18000", "2009-12-31": "13.81900", "2008-12-31": "28.28700", "2007-12-31": "0.54500", "2006-12-31": "14.77000", "2005-12-31": "-8.45600"}, "Cash Flow From Investing Activities": {"2019-12-31": "-282.69300", "2018-12-31": "-106.02400", "2017-12-31": "-1007.23000", "2016-12-31": "-408.63200", "2015-12-31": "-139.34600", "2014-12-31": "-210.29000", "2013-12-31": "-9.81700", "2012-12-31": "3.62300", "2011-12-31": "-77.72300", "2010-12-31": "-184.45700", "2009-12-31": "51.54500", "2008-12-31": "-105.77500", "2007-12-31": "-412.16100", "2006-12-31": "43.38700", "2005-12-31": "-484.77800"}, "Net Long-Term Debt": {"2019-12-31": "408.44900", "2018-12-31": "28.25000", "2017-12-31": "841.18300", "2016-12-31": "-325.21700", "2015-12-31": "-279.56990", "2014-12-31": "65.81800", "2013-12-31": "0.86000", "2012-12-31": "-200.96800", "2011-12-31": "-202.36900", "2010-12-31": "138.07700", "2009-12-31": "-22.33100", "2008-12-31": "37.76200", "2007-12-31": "303.84400", "2006-12-31": "-40.64700", "2005-12-31": "210.83700"}, "Net Current Debt": {"2019-12-31": "-225.00000", "2018-12-31": "85.00000", "2017-12-31": "345.00000", "2016-12-31": "115.00000", "2015-12-31": "90.00000", "2014-12-31": "", "2013-12-31": "-95.00000", "2012-12-31": "130.00000", "2011-12-31": "30.00000", "2010-12-31": "10.00000", "2009-12-31": "-297.66700", "2008-12-31": "89.66700", "2007-12-31": "87.00000", "2006-12-31": "-41.00000", "2005-12-31": "-38.00000"}, "Debt Issuance/Retirement Net - Total": {"2019-12-31": "183.44900", "2018-12-31": "113.25000", "2017-12-31": "1186.18300", "2016-12-31": "-210.21700", "2015-12-31": "-189.56990", "2014-12-31": "65.81800", "2013-12-31": "-94.14000", "2012-12-31": "-70.96800", "2011-12-31": "-172.36900", "2010-12-31": "148.07700", "2009-12-31": "-319.99800", "2008-12-31": "127.42900", "2007-12-31": "390.84400", "2006-12-31": "-81.64700", "2005-12-31": "172.83700"}, "Net Common Equity Issued/Repurchased": {"2019-12-31": "-38.97300", "2018-12-31": "-220.52400", "2017-12-31": "69.90900", "2016-12-31": "541.86400", "2015-12-31": "188.58800", "2014-12-31": "102.45300", "2013-12-31": "99.78700", "2012-12-31": "21.87600", "2011-12-31": "217.48400", "2010-12-31": "1.43100", "2009-12-31": "343.16800", "2008-12-31": "1.02000", "2007-12-31": "2.38300", "2006-12-31": "5.99400", "2005-12-31": "205.60100"}, "Net Total Equity Issued/Repurchased": {"2019-12-31": "-38.97300", "2018-12-31": "-220.52400", "2017-12-31": "-255.09100", "2016-12-31": "541.86400", "2015-12-31": "188.58800", "2014-12-31": "102.15300", "2013-12-31": "99.78700", "2012-12-31": "12.65100", "2011-12-31": "217.48400", "2010-12-31": "1.43100", "2009-12-31": "343.16800", "2008-12-31": "1.02000", "2007-12-31": "2.38300", "2006-12-31": "5.99400", "2005-12-31": "224.31700"}, "Total Common And Preferred Stock Dividends Paid": {"2019-12-31": "-391.64900", "2018-12-31": "-376.75500", "2017-12-31": "-328.31400", "2016-12-31": "-222.39800", "2015-12-31": "-202.75300", "2014-12-31": "-193.96200", "2013-12-31": "-189.15700", "2012-12-31": "-188.40500", "2011-12-31": "-183.87900", "2010-12-31": "-172.51700", "2009-12-31": "-183.07000", "2008-12-31": "-222.92800", "2007-12-31": "-204.29700", "2006-12-31": "-185.17700", "2005-12-31": "-167.37400"}, "Financial Activities - Other": {"2019-12-31": "-21.03300", "2018-12-31": "-24.46500", "2017-12-31": "-33.83000", "2016-12-31": "-20.53800", "2015-12-31": "-19.38200", "2014-12-31": "-8.36900", "2013-12-31": "0.93100", "2012-12-31": "-3.16900", "2011-12-31": "-6.80500", "2010-12-31": "-9.78800", "2009-12-31": "-4.37900", "2008-12-31": "-16.05000", "2007-12-31": "-10.31400", "2006-12-31": "-2.62800", "2005-12-31": "-3.26700"}, "Cash Flow From Financial Activities": {"2019-12-31": "-268.20600", "2018-12-31": "-508.49400", "2017-12-31": "568.94800", "2016-12-31": "88.71100", "2015-12-31": "-223.11700", "2014-12-31": "-34.36000", "2013-12-31": "-182.57900", "2012-12-31": "-249.89100", "2011-12-31": "-145.56900", "2010-12-31": "-32.79700", "2009-12-31": "-164.27900", "2008-12-31": "-110.52900", "2007-12-31": "178.61600", "2006-12-31": "-263.45800", "2005-12-31": "226.51300"}, "Net Cash Flow": {"2019-12-31": "70.37200", "2018-12-31": "-4.19100", "2017-12-31": "31.50200", "2016-12-31": "-22.74400", "2015-12-31": "-76.92000", "2014-12-31": "33.09200", "2013-12-31": "58.33500", "2012-12-31": "10.94700", "2011-12-31": "-5.65900", "2010-12-31": "-78.79500", "2009-12-31": "83.07000", "2008-12-31": "2.86500", "2007-12-31": "-15.37800", "2006-12-31": "-8.41200", "2005-12-31": "-52.86200"}, "Stock-Based Compensation": {"2019-12-31": "14.33900", "2018-12-31": "13.63500", "2017-12-31": "20.54900", "2016-12-31": "10.65200", "2015-12-31": "11.08100", "2014-12-31": "9.66200", "2013-12-31": "12.19100", "2012-12-31": "9.80600", "2011-12-31": "9.82400", "2010-12-31": "6.61500", "2009-12-31": "4.66800", "2008-12-31": "5.95000", "2007-12-31": "11.57200", "2006-12-31": "11.09600", "2005-12-31": "18.75500"}, "Common Stock Dividends Paid": {"2019-12-31": "-391.64900", "2018-12-31": "-376.75500", "2017-12-31": "-323.28500", "2016-12-31": "-201.33600", "2015-12-31": "-181.69100", "2014-12-31": "-172.90000", "2013-12-31": "-168.09500", "2012-12-31": "-164.74700", "2011-12-31": "-160.47900", "2010-12-31": "-149.11700", "2009-12-31": "-159.67000", "2008-12-31": "-199.52800", "2007-12-31": "-180.89700", "2006-12-31": "-161.77700", "2005-12-31": "-143.92100"}}, "cash flow statement, quarterly": {"Net Income/Loss": {"2020-09-30": 13.31, "2020-06-30": 19.574, "2020-03-31": "-24.78300", "2019-12-31": 41.131, "2019-09-30": 57.944, "2019-06-30": 52.69, "2019-03-31": "91.49300", "2018-12-31": 79.737, "2018-09-30": 70.534, "2018-06-30": 48.589, "2018-03-31": "53.46500", "2017-12-31": 85.941, "2017-09-30": 63.582, "2017-06-30": 50.172, "2017-03-31": "-20.71500", "2016-12-31": 61.658, "2016-09-30": 11.113, "2016-06-30": 40.644, "2016-03-31": "53.57700", "2015-12-31": 23.539, "2015-09-30": 59.733, "2015-06-30": 38.279, "2015-03-31": "30.99200", "2014-12-31": 79.188, "2014-09-30": 53.442, "2014-06-30": 31.161, "2014-03-31": "25.05600", "2013-12-31": 52.017, "2013-09-30": 40.665, "2013-06-30": 37.469, "2013-03-31": "21.13400", "2012-12-31": -31.694, "2012-09-30": 19.82, "2012-06-30": 11.348, "2012-03-31": "26.73500", "2011-12-31": 14.18, "2011-09-30": 14.541, "2011-06-30": 18.937, "2011-03-31": "8.13000", "2010-12-31": -32.016, "2010-09-30": 13.874, "2010-06-30": 13.704, "2010-03-31": "17.43900", "2009-12-31": 35.148, "2009-09-30": -78.611, "2009-06-30": -11.286, "2009-03-31": "25.71300", "2008-12-31": 20.096, "2008-09-30": 50.2, "2008-06-30": 39.587, "2008-03-31": "31.63800", "2007-12-31": 61.845, "2007-09-30": 41.899, "2007-06-30": 49.284, "2007-03-31": "56.98800", "2006-12-31": 66.379, "2006-09-30": 44.311, "2006-06-30": 37.046, "2006-03-31": "70.77500", "2005-12-31": 48.356, "2005-09-30": 32.063, "2005-06-30": 43.88, "2005-03-31": "38.34800"}, "Total Depreciation And Amortization - Cash Flow": {"2020-09-30": 79.746, "2020-06-30": 77.68, "2020-03-31": "211.58200", "2019-12-31": 80.61, "2019-09-30": 83.778, "2019-06-30": 90.173, "2019-03-31": "87.02500", "2018-12-31": 88.454, "2018-09-30": 85.078, "2018-06-30": 80.487, "2018-03-31": "82.81500", "2017-12-31": 88.449, "2017-09-30": 86.747, "2017-06-30": 86.342, "2017-03-31": "59.02800", "2016-12-31": 43.543, "2016-09-30": 41.997, "2016-06-30": 41.952, "2016-03-31": "40.71800", "2015-12-31": 39.505, "2015-09-30": 39.063, "2015-06-30": 38.422, "2015-03-31": "37.91800", "2014-12-31": 39.076, "2014-09-30": 38.23, "2014-06-30": 37.972, "2014-03-31": "39.93300", "2013-12-31": 36.42, "2013-09-30": 37.582, "2013-06-30": 34.452, "2013-03-31": "35.85100", "2012-12-31": 33.719, "2012-09-30": 33.75, "2012-06-30": 35.892, "2012-03-31": "36.19400", "2011-12-31": 36.36, "2011-09-30": 36.726, "2011-06-30": 34.75, "2011-03-31": "38.24700", "2010-12-31": 33.747, "2010-09-30": 33.479, "2010-06-30": 32.399, "2010-03-31": "32.84100", "2009-12-31": 32.207, "2009-09-30": 32.356, "2009-06-30": 30.033, "2009-03-31": "29.20500", "2008-12-31": 29.036, "2008-09-30": 28.493, "2008-06-30": 28.102, "2008-03-31": "26.50200", "2007-12-31": 26.229, "2007-09-30": 25.417, "2007-06-30": 22.882, "2007-03-31": "22.22900", "2006-12-31": 23.842, "2006-09-30": 23.434, "2006-06-30": 22.579, "2006-03-31": "21.96900", "2005-12-31": 21.658, "2005-09-30": 21.493, "2005-06-30": 21.188, "2005-03-31": "22.85000"}, "Other Non-Cash Items": {"2020-09-30": 25.242, "2020-06-30": -4.367, "2020-03-31": "-28.28400", "2019-12-31": 36.681, "2019-09-30": 19.035, "2019-06-30": 11.666, "2019-03-31": "-22.92200", "2018-12-31": -10.663, "2018-09-30": 4.632, "2018-06-30": 29.819, "2018-03-31": "22.49700", "2017-12-31": -25.325, "2017-09-30": 5.264, "2017-06-30": 11.065, "2017-03-31": "15.06900", "2016-12-31": -17.698, "2016-09-30": -2.315, "2016-06-30": 3.263, "2016-03-31": "-7.65400", "2015-12-31": 17.215, "2015-09-30": -26.124, "2015-06-30": 0.308, "2015-03-31": "8.76700", "2014-12-31": -43.851, "2014-09-30": -19.271, "2014-06-30": 6.422, "2014-03-31": "2.64900", "2013-12-31": -23.405, "2013-09-30": -9.898, "2013-06-30": -5.491, "2013-03-31": "11.00200", "2012-12-31": 64.627, "2012-09-30": 9.736, "2012-06-30": 21.936, "2012-03-31": "-0.15700", "2011-12-31": 11.924, "2011-09-30": 10.939, "2011-06-30": 10.238, "2011-03-31": "18.50200", "2010-12-31": 14.588, "2010-09-30": 9.225, "2010-06-30": -13.534, "2010-03-31": "9.82900", "2009-12-31": -4.512, "2009-09-30": 118.788, "2009-06-30": 23.053, "2009-03-31": "4.80300", "2008-12-31": 24.964, "2008-09-30": -10.431, "2008-06-30": 5.059, "2008-03-31": "10.00500", "2007-12-31": -30.519, "2007-09-30": -0.954, "2007-06-30": -9.54, "2007-03-31": "-14.58800", "2006-12-31": -47.841, "2006-09-30": -3.428, "2006-06-30": 7.165, "2006-03-31": "-31.40900", "2005-12-31": -8.725, "2005-09-30": 4.104, "2005-06-30": -0.557, "2005-03-31": "-8.96000"}, "Total Non-Cash Items": {"2020-09-30": 104.988, "2020-06-30": 73.313, "2020-03-31": "183.29800", "2019-12-31": 117.291, "2019-09-30": 102.813, "2019-06-30": 101.839, "2019-03-31": "64.10300", "2018-12-31": 77.791, "2018-09-30": 89.71, "2018-06-30": 110.306, "2018-03-31": "105.31200", "2017-12-31": 63.124, "2017-09-30": 92.011, "2017-06-30": 97.407, "2017-03-31": "74.09700", "2016-12-31": 25.845, "2016-09-30": 39.682, "2016-06-30": 45.215, "2016-03-31": "33.06400", "2015-12-31": 56.72, "2015-09-30": 12.939, "2015-06-30": 38.73, "2015-03-31": "46.68500", "2014-12-31": -4.775, "2014-09-30": 18.959, "2014-06-30": 44.394, "2014-03-31": "42.58200", "2013-12-31": 13.015, "2013-09-30": 27.684, "2013-06-30": 28.961, "2013-03-31": "46.85300", "2012-12-31": 98.346, "2012-09-30": 43.486, "2012-06-30": 57.828, "2012-03-31": "36.03700", "2011-12-31": 48.284, "2011-09-30": 47.665, "2011-06-30": 44.988, "2011-03-31": "56.74900", "2010-12-31": 48.335, "2010-09-30": 42.704, "2010-06-30": 18.865, "2010-03-31": "42.67000", "2009-12-31": 27.695, "2009-09-30": 151.144, "2009-06-30": 53.086, "2009-03-31": "34.00800", "2008-12-31": 54, "2008-09-30": 18.062, "2008-06-30": 33.161, "2008-03-31": "36.50700", "2007-12-31": -4.29, "2007-09-30": 24.463, "2007-06-30": 13.342, "2007-03-31": "7.64100", "2006-12-31": -23.999, "2006-09-30": 20.006, "2006-06-30": 29.744, "2006-03-31": "-9.44000", "2005-12-31": 12.933, "2005-09-30": 25.597, "2005-06-30": 20.631, "2005-03-31": "13.89000"}, "Change In Accounts Receivable": {"2020-09-30": 28.183, "2020-06-30": -42.68, "2020-03-31": "18.56900", "2019-12-31": -5.21, "2019-09-30": -6.455, "2019-06-30": -2.075, "2019-03-31": "9.05000", "2018-12-31": -13.048, "2018-09-30": -9.524, "2018-06-30": -8.098, "2018-03-31": "4.29600", "2017-12-31": -14.754, "2017-09-30": -13.079, "2017-06-30": -3.783, "2017-03-31": "5.53500", "2016-12-31": -7.621, "2016-09-30": 0.749, "2016-06-30": -4.451, "2016-03-31": "2.52300", "2015-12-31": 0.392, "2015-09-30": -1.235, "2015-06-30": 0.257, "2015-03-31": "-9.70400", "2014-12-31": -5.244, "2014-09-30": 5.902, "2014-06-30": -5.093, "2014-03-31": "-8.33400", "2013-12-31": -4.451, "2013-09-30": -3.11, "2013-06-30": 1.162, "2013-03-31": "-4.10200", "2012-12-31": -0.286, "2012-09-30": 6.833, "2012-06-30": 3.114, "2012-03-31": "-9.56300", "2011-12-31": -10.017, "2011-09-30": -2.582, "2011-06-30": -1.457, "2011-03-31": "6.30600", "2010-12-31": 0.568, "2010-09-30": -7.166, "2010-06-30": -3.776, "2010-03-31": "6.82900", "2009-12-31": 11.817, "2009-09-30": -9.417, "2009-06-30": 3.301, "2009-03-31": "7.04500", "2008-12-31": -31.27, "2008-09-30": -2.317, "2008-06-30": -4.445, "2008-03-31": "8.00200", "2007-12-31": -10.386, "2007-09-30": -6.199, "2007-06-30": -0.986, "2007-03-31": "7.53100", "2006-12-31": -12.435, "2006-09-30": 3.593, "2006-06-30": -6.286, "2006-03-31": "4.84400", "2005-12-31": -4.278, "2005-09-30": -0.179, "2005-06-30": -7.589, "2005-03-31": "10.86000"}, "Change In Inventories": {"2020-09-30": 0, "2020-06-30": 0, "2020-03-31": "", "2019-12-31": 0, "2019-09-30": 0, "2019-06-30": 0, "2019-03-31": "", "2018-12-31": 0, "2018-09-30": 0, "2018-06-30": 0, "2018-03-31": "", "2017-12-31": 0, "2017-09-30": 0, "2017-06-30": 0, "2017-03-31": "", "2016-12-31": 0, "2016-09-30": 0, "2016-06-30": 0, "2016-03-31": "", "2015-12-31": 0, "2015-09-30": 0, "2015-06-30": 0, "2015-03-31": "", "2014-12-31": 0, "2014-09-30": 0, "2014-06-30": 0, "2014-03-31": "", "2013-12-31": 0, "2013-09-30": 0, "2013-06-30": 0, "2013-03-31": "", "2012-12-31": 0, "2012-09-30": 0, "2012-06-30": 0, "2012-03-31": "", "2011-12-31": 0, "2011-09-30": 0, "2011-06-30": 0, "2011-03-31": "", "2010-12-31": 0, "2010-09-30": 0, "2010-06-30": 0, "2010-03-31": "", "2009-12-31": 0, "2009-09-30": 0, "2009-06-30": 0, "2009-03-31": "", "2008-12-31": 0, "2008-09-30": 0, "2008-06-30": 0, "2008-03-31": "", "2007-12-31": 0, "2007-09-30": 0, "2007-06-30": 0, "2007-03-31": "", "2006-12-31": 0, "2006-09-30": 0, "2006-06-30": 0, "2006-03-31": "", "2005-12-31": 0, "2005-09-30": 0, "2005-06-30": 0, "2005-03-31": ""}, "Change In Accounts Payable": {"2020-09-30": 0, "2020-06-30": 0, "2020-03-31": "", "2019-12-31": 0, "2019-09-30": 0, "2019-06-30": 0, "2019-03-31": "", "2018-12-31": 0, "2018-09-30": 0, "2018-06-30": 0, "2018-03-31": "", "2017-12-31": 0, "2017-09-30": 0, "2017-06-30": 0, "2017-03-31": "", "2016-12-31": 0, "2016-09-30": 0, "2016-06-30": 0, "2016-03-31": "", "2015-12-31": 0, "2015-09-30": 0, "2015-06-30": 0, "2015-03-31": "", "2014-12-31": 0, "2014-09-30": 0, "2014-06-30": 0, "2014-03-31": "", "2013-12-31": 0, "2013-09-30": 0, "2013-06-30": 0, "2013-03-31": "", "2012-12-31": 0, "2012-09-30": 0, "2012-06-30": 0, "2012-03-31": "", "2011-12-31": 0, "2011-09-30": 0, "2011-06-30": 0, "2011-03-31": "", "2010-12-31": 0, "2010-09-30": 0, "2010-06-30": 0, "2010-03-31": "", "2009-12-31": 0, "2009-09-30": 0, "2009-06-30": 0, "2009-03-31": "", "2008-12-31": 0, "2008-09-30": 0, "2008-06-30": 0, "2008-03-31": "", "2007-12-31": 0, "2007-09-30": 0, "2007-06-30": 0, "2007-03-31": "", "2006-12-31": 0, "2006-09-30": 0, "2006-06-30": 0, "2006-03-31": "", "2005-12-31": 0, "2005-09-30": 0, "2005-06-30": 0, "2005-03-31": ""}, "Change In Assets/Liabilities": {"2020-09-30": 1.448, "2020-06-30": 3.054, "2020-03-31": "-23.90800", "2019-12-31": 9.414, "2019-09-30": 7.553, "2019-06-30": -0.111, "2019-03-31": "-24.37400", "2018-12-31": 16.952, "2018-09-30": -8.023, "2018-06-30": -7.5, "2018-03-31": "0.58800", "2017-12-31": -2.931, "2017-09-30": -2.916, "2017-06-30": 0.098, "2017-03-31": "-1.89100", "2016-12-31": -0.85, "2016-09-30": 0.438, "2016-06-30": -4.769, "2016-03-31": "-5.05900", "2015-12-31": 2.169, "2015-09-30": -4.321, "2015-06-30": -5.408, "2015-03-31": "-0.41400", "2014-12-31": -0.42, "2014-09-30": 2.929, "2014-06-30": -6.024, "2014-03-31": "-2.18200", "2013-12-31": -1.617, "2013-09-30": 5.838, "2013-06-30": -3.052, "2013-03-31": "-7.06300", "2012-12-31": 1.535, "2012-09-30": -9.483, "2012-06-30": -6.358, "2012-03-31": "-1.47700", "2011-12-31": -4.79, "2011-09-30": 9.332, "2011-06-30": -10.787, "2011-03-31": "-3.95400", "2010-12-31": -8.51, "2010-09-30": -11.544, "2010-06-30": -1.134, "2010-03-31": "-1.10200", "2009-12-31": -32.194, "2009-09-30": -2.919, "2009-06-30": 15.262, "2009-03-31": "-3.63600", "2008-12-31": -6.443, "2008-09-30": 0.36, "2008-06-30": -9.788, "2008-03-31": "-5.75800", "2007-12-31": 2.492, "2007-09-30": -10.471, "2007-06-30": -6.535, "2007-03-31": "-10.55200", "2006-12-31": 12.995, "2006-09-30": -15.635, "2006-06-30": -1.144, "2006-03-31": "-6.45700", "2005-12-31": -3.966, "2005-09-30": -6.403, "2005-06-30": -2.883, "2005-03-31": "-7.72900"}, "Total Change In Assets/Liabilities": {"2020-09-30": 38.872, "2020-06-30": -1.146, "2020-03-31": "-32.83700", "2019-12-31": -6.507, "2019-09-30": 19.276, "2019-06-30": 3.43, "2019-03-31": "-24.23200", "2018-12-31": -11.956, "2018-09-30": 3.605, "2018-06-30": -7.857, "2018-03-31": "-8.90900", "2017-12-31": -24.707, "2017-09-30": 12.763, "2017-06-30": -3.165, "2017-03-31": "-20.72600", "2016-12-31": -15.659, "2016-09-30": 23.241, "2016-06-30": -11.381, "2016-03-31": "-9.82200", "2015-12-31": -11.479, "2015-09-30": 16.678, "2015-06-30": -4.054, "2015-03-31": "-23.21900", "2014-12-31": -14.481, "2014-09-30": 25.813, "2014-06-30": -8.223, "2014-03-31": "-15.37400", "2013-12-31": -14.877, "2013-09-30": 22.893, "2013-06-30": 1.622, "2013-03-31": "-26.70500", "2012-12-31": -5.491, "2012-09-30": 21.477, "2012-06-30": -1.111, "2012-03-31": "-19.56600", "2011-12-31": -27.806, "2011-09-30": 19.077, "2011-06-30": -11.54, "2011-03-31": "-15.57200", "2010-12-31": -8.312, "2010-09-30": -10.991, "2010-06-30": 8.207, "2010-03-31": "-16.02000", "2009-12-31": -29.892, "2009-09-30": -13.073, "2009-06-30": 21.8, "2009-03-31": "-19.92800", "2008-12-31": -41.596, "2008-09-30": 4.457, "2008-06-30": 1.018, "2008-03-31": "-27.96100", "2007-12-31": -11.413, "2007-09-30": -15.48, "2007-06-30": 21.057, "2007-03-31": "-27.16900", "2006-12-31": 6.081, "2006-09-30": -9.896, "2006-06-30": 12.239, "2006-03-31": "-31.58700", "2005-12-31": -0.453, "2005-09-30": -3.997, "2005-06-30": 13.733, "2005-03-31": "-32.26800"}, "Cash Flow From Operating Activities": {"2020-09-30": 157.17, "2020-06-30": 91.741, "2020-03-31": "125.67800", "2019-12-31": 151.915, "2019-09-30": 180.033, "2019-06-30": 157.959, "2019-03-31": "131.36400", "2018-12-31": 145.572, "2018-09-30": 163.849, "2018-06-30": 151.038, "2018-03-31": "149.86800", "2017-12-31": 124.358, "2017-09-30": 168.356, "2017-06-30": 144.414, "2017-03-31": "32.65600", "2016-12-31": 71.844, "2016-09-30": 74.036, "2016-06-30": 74.478, "2016-03-31": "76.81900", "2015-12-31": 68.78, "2015-09-30": 89.35, "2015-06-30": 72.955, "2015-03-31": "54.45800", "2014-12-31": 59.932, "2014-09-30": 98.214, "2014-06-30": 67.332, "2014-03-31": "52.26400", "2013-12-31": 50.169, "2013-09-30": 91.228, "2013-06-30": 68.052, "2013-03-31": "41.28200", "2012-12-31": 61.161, "2012-09-30": 84.783, "2012-06-30": 68.065, "2012-03-31": "43.20600", "2011-12-31": 34.658, "2011-09-30": 81.283, "2011-06-30": 52.385, "2011-03-31": "49.30700", "2010-12-31": 8.007, "2010-09-30": 45.587, "2010-06-30": 40.776, "2010-03-31": "44.08900", "2009-12-31": 32.951, "2009-09-30": 59.46, "2009-06-30": 63.6, "2009-03-31": "39.79300", "2008-12-31": 32.5, "2008-09-30": 72.719, "2008-06-30": 73.766, "2008-03-31": "40.18400", "2007-12-31": 46.142, "2007-09-30": 50.882, "2007-06-30": 83.683, "2007-03-31": "37.46000", "2006-12-31": 48.461, "2006-09-30": 54.421, "2006-06-30": 79.029, "2006-03-31": "29.74800", "2005-12-31": 60.836, "2005-09-30": 46.353, "2005-06-30": 78.244, "2005-03-31": "19.97000"}, "Net Change In Property, Plant, And Equipment": {"2020-09-30": -41.441, "2020-06-30": -51.543, "2020-03-31": "-73.07600", "2019-12-31": -71.666, "2019-09-30": -240.581, "2019-06-30": -53.433, "2019-03-31": "-56.90100", "2018-12-31": -51.419, "2018-09-30": -51.691, "2018-06-30": -136.331, "2018-03-31": "-72.03900", "2017-12-31": -233.215, "2017-09-30": -82.952, "2017-06-30": -97.077, "2017-03-31": "-63.25700", "2016-12-31": -88.678, "2016-09-30": -104.475, "2016-06-30": -319.496, "2016-03-31": "-54.77200", "2015-12-31": -54.136, "2015-09-30": -82.582, "2015-06-30": -57.985, "2015-03-31": "-55.63300", "2014-12-31": -91.787, "2014-09-30": -85.362, "2014-06-30": -47.617, "2014-03-31": "-125.59100", "2013-12-31": -131.977, "2013-09-30": -78.21, "2013-06-30": -78.633, "2013-03-31": "-32.25200", "2012-12-31": -145.049, "2012-09-30": -95.224, "2012-06-30": -76.896, "2012-03-31": "-3.44500", "2011-12-31": -24.874, "2011-09-30": -90.343, "2011-06-30": -24.346, "2011-03-31": "-13.13500", "2010-12-31": -39.61, "2010-09-30": -27.865, "2010-06-30": -15.51, "2010-03-31": "-7.47300", "2009-12-31": 157.607, "2009-09-30": -27.609, "2009-06-30": -46.587, "2009-03-31": "-46.09300", "2008-12-31": -46.326, "2008-09-30": -114.854, "2008-06-30": -120.495, "2008-03-31": "-107.10800", "2007-12-31": -142.089, "2007-09-30": -120.363, "2007-06-30": -261.891, "2007-03-31": "-158.05600", "2006-12-31": -94.234, "2006-09-30": -146.064, "2006-06-30": -101.569, "2006-03-31": "-77.15000", "2005-12-31": -110.04, "2005-09-30": -99.93, "2005-06-30": -60.002, "2005-03-31": "-56.69000"}, "Net Change In Intangible Assets": {"2020-09-30": 0, "2020-06-30": 0, "2020-03-31": "", "2019-12-31": 0, "2019-09-30": 0, "2019-06-30": 0, "2019-03-31": "", "2018-12-31": 0, "2018-09-30": 0, "2018-06-30": 0, "2018-03-31": "", "2017-12-31": 0, "2017-09-30": 0, "2017-06-30": 0, "2017-03-31": "", "2016-12-31": 0, "2016-09-30": 0, "2016-06-30": 0, "2016-03-31": "", "2015-12-31": 0, "2015-09-30": 0, "2015-06-30": 0, "2015-03-31": "", "2014-12-31": 0, "2014-09-30": 0, "2014-06-30": 0, "2014-03-31": "", "2013-12-31": 0, "2013-09-30": 0, "2013-06-30": 0, "2013-03-31": "", "2012-12-31": 0, "2012-09-30": 0, "2012-06-30": 0, "2012-03-31": "", "2011-12-31": 0, "2011-09-30": 0, "2011-06-30": 0, "2011-03-31": "", "2010-12-31": 0, "2010-09-30": 0, "2010-06-30": 0, "2010-03-31": "", "2009-12-31": 0, "2009-09-30": 0, "2009-06-30": 0, "2009-03-31": "", "2008-12-31": 0, "2008-09-30": 0, "2008-06-30": 0, "2008-03-31": "", "2007-12-31": 0, "2007-09-30": 0, "2007-06-30": 0, "2007-03-31": "", "2006-12-31": 0, "2006-09-30": 0, "2006-06-30": 0, "2006-03-31": "", "2005-12-31": 0, "2005-09-30": 0, "2005-06-30": 0, "2005-03-31": ""}, "Net Acquisitions/Divestitures": {"2020-09-30": -3.518, "2020-06-30": -2.67, "2020-03-31": "-4.39200", "2019-12-31": -5.503, "2019-09-30": -6.457, "2019-06-30": -6.139, "2019-03-31": "-5.35900", "2018-12-31": -6.218, "2018-09-30": -5.22, "2018-06-30": -4.183, "2018-03-31": "-7.54300", "2017-12-31": -9.524, "2017-09-30": -3.964, "2017-06-30": -4.796, "2017-03-31": "-652.04100", "2016-12-31": -1.933, "2016-09-30": -6.984, "2016-06-30": -4.36, "2016-03-31": "-41.94600", "2015-12-31": -6.266, "2015-09-30": -5.094, "2015-06-30": -16.855, "2015-03-31": "-3.72600", "2014-12-31": -3.894, "2014-09-30": -1.671, "2014-06-30": -16.398, "2014-03-31": "-1.79700", "2013-12-31": -1.349, "2013-09-30": -2.116, "2013-06-30": -8.64, "2013-03-31": "-7.03900", "2012-12-31": -4.295, "2012-09-30": -2.515, "2012-06-30": -2.728, "2012-03-31": "-8.39200", "2011-12-31": -9.021, "2011-09-30": -0.082, "2011-06-30": -3.795, "2011-03-31": "-6.47900", "2010-12-31": -0.836, "2010-09-30": -2.875, "2010-06-30": -2.226, "2010-03-31": "-4.37500", "2009-12-31": -12.22, "2009-09-30": 0, "2009-06-30": 0, "2009-03-31": "", "2008-12-31": 0, "2008-09-30": 0, "2008-06-30": 0, "2008-03-31": "", "2007-12-31": 0, "2007-09-30": 0, "2007-06-30": 0, "2007-03-31": "", "2006-12-31": 0, "2006-09-30": 0, "2006-06-30": 0, "2006-03-31": "", "2005-12-31": 0, "2005-09-30": 0, "2005-06-30": 0, "2005-03-31": ""}, "Net Change In Short-term Investments": {"2020-09-30": 0, "2020-06-30": 0, "2020-03-31": "", "2019-12-31": 0, "2019-09-30": 0, "2019-06-30": 0, "2019-03-31": "", "2018-12-31": 0, "2018-09-30": 0, "2018-06-30": 0, "2018-03-31": "", "2017-12-31": 0, "2017-09-30": 0, "2017-06-30": 0, "2017-03-31": "", "2016-12-31": 0, "2016-09-30": 0, "2016-06-30": 0, "2016-03-31": "", "2015-12-31": 0, "2015-09-30": 0, "2015-06-30": 0, "2015-03-31": "", "2014-12-31": 0, "2014-09-30": 0, "2014-06-30": 0, "2014-03-31": "", "2013-12-31": 0, "2013-09-30": 0, "2013-06-30": 0, "2013-03-31": "", "2012-12-31": 0, "2012-09-30": 0, "2012-06-30": 0, "2012-03-31": "", "2011-12-31": 0, "2011-09-30": 0, "2011-06-30": 0, "2011-03-31": "", "2010-12-31": 0, "2010-09-30": 0, "2010-06-30": 0, "2010-03-31": "", "2009-12-31": 0, "2009-09-30": 0, "2009-06-30": 0, "2009-03-31": "", "2008-12-31": 0, "2008-09-30": 0, "2008-06-30": 0, "2008-03-31": "", "2007-12-31": 0, "2007-09-30": 0, "2007-06-30": 0, "2007-03-31": "", "2006-12-31": 0, "2006-09-30": 0, "2006-06-30": 0, "2006-03-31": "", "2005-12-31": 0, "2005-09-30": 0, "2005-06-30": 0, "2005-03-31": ""}, "Net Change In Long-Term Investments": {"2020-09-30": 7.621, "2020-06-30": 28.857, "2020-03-31": "74.99800", "2019-12-31": 51.722, "2019-09-30": -5.897, "2019-06-30": -1.087, "2019-03-31": "109.14500", "2018-12-31": 98.544, "2018-09-30": 103.536, "2018-06-30": 37.594, "2018-03-31": "-27.23300", "2017-12-31": 94.863, "2017-09-30": -2.091, "2017-06-30": 22.457, "2017-03-31": "29.23800", "2016-12-31": 36.422, "2016-09-30": 72.847, "2016-06-30": 15.087, "2016-03-31": "89.32600", "2015-12-31": 28.576, "2015-09-30": 54.987, "2015-06-30": 53.165, "2015-03-31": "4.24100", "2014-12-31": 71.548, "2014-09-30": 63.335, "2014-06-30": 18.393, "2014-03-31": "10.30800", "2013-12-31": 132.509, "2013-09-30": 71.614, "2013-06-30": 93.582, "2013-03-31": "5.14600", "2012-12-31": 37.463, "2012-09-30": 285.791, "2012-06-30": 25.407, "2012-03-31": "-6.18700", "2011-12-31": 111.87, "2011-09-30": 10.358, "2011-06-30": -40.981, "2011-03-31": "12.95800", "2010-12-31": 23.84, "2010-09-30": -19.44, "2010-06-30": -120.332, "2010-03-31": "31.06500", "2009-12-31": -3.885, "2009-09-30": 21.038, "2009-06-30": -0.779, "2009-03-31": "-3.74600", "2008-12-31": 66.784, "2008-09-30": 139.081, "2008-06-30": 27.226, "2008-03-31": "21.63000", "2007-12-31": 82.08, "2007-09-30": 20.688, "2007-06-30": 102.348, "2007-03-31": "64.57700", "2006-12-31": 143.874, "2006-09-30": 86.607, "2006-06-30": 27.477, "2006-03-31": "189.67600", "2005-12-31": 82.163, "2005-09-30": 64.657, "2005-06-30": -354.368, "2005-03-31": "57.88800"}, "Net Change In Investments - Total": {"2020-09-30": 7.621, "2020-06-30": 28.857, "2020-03-31": "74.99800", "2019-12-31": 51.722, "2019-09-30": -5.897, "2019-06-30": -1.087, "2019-03-31": "109.14500", "2018-12-31": 98.544, "2018-09-30": 103.536, "2018-06-30": 37.594, "2018-03-31": "-27.23300", "2017-12-31": 94.863, "2017-09-30": -2.091, "2017-06-30": 22.457, "2017-03-31": "29.23800", "2016-12-31": 36.422, "2016-09-30": 72.847, "2016-06-30": 15.087, "2016-03-31": "89.32600", "2015-12-31": 28.576, "2015-09-30": 54.987, "2015-06-30": 53.165, "2015-03-31": "4.24100", "2014-12-31": 71.548, "2014-09-30": 63.335, "2014-06-30": 18.393, "2014-03-31": "10.30800", "2013-12-31": 132.509, "2013-09-30": 71.614, "2013-06-30": 93.582, "2013-03-31": "5.14600", "2012-12-31": 37.463, "2012-09-30": 285.791, "2012-06-30": 25.407, "2012-03-31": "-6.18700", "2011-12-31": 111.87, "2011-09-30": 10.358, "2011-06-30": -40.981, "2011-03-31": "12.95800", "2010-12-31": 23.84, "2010-09-30": -19.44, "2010-06-30": -120.332, "2010-03-31": "31.06500", "2009-12-31": -3.885, "2009-09-30": 21.038, "2009-06-30": -0.779, "2009-03-31": "-3.74600", "2008-12-31": 66.784, "2008-09-30": 139.081, "2008-06-30": 27.226, "2008-03-31": "21.63000", "2007-12-31": 82.08, "2007-09-30": 20.688, "2007-06-30": 102.348, "2007-03-31": "64.57700", "2006-12-31": 143.874, "2006-09-30": 86.607, "2006-06-30": 27.477, "2006-03-31": "189.67600", "2005-12-31": 82.163, "2005-09-30": 64.657, "2005-06-30": -354.368, "2005-03-31": "57.88800"}, "Investing Activities - Other": {"2020-09-30": -0.058, "2020-06-30": -0.217, "2020-03-31": "-0.08300", "2019-12-31": 9.063, "2019-09-30": 0.136, "2019-06-30": 0.148, "2019-03-31": "0.11600", "2018-12-31": 0.25, "2018-09-30": 0.105, "2018-06-30": 16.215, "2018-03-31": "-0.39100", "2017-12-31": -1.611, "2017-09-30": -0.551, "2017-06-30": -2.254, "2017-03-31": "-0.45500", "2016-12-31": 0.141, "2016-09-30": 0.052, "2016-06-30": 0.078, "2016-03-31": "0.05900", "2015-12-31": 0.834, "2015-09-30": 1.041, "2015-06-30": 0.056, "2015-03-31": "0.03100", "2014-12-31": 0.143, "2014-09-30": 0.034, "2014-06-30": 0.039, "2014-03-31": "0.02700", "2013-12-31": 21.438, "2013-09-30": 0.015, "2013-06-30": 2.038, "2013-03-31": "4.05700", "2012-12-31": 0.142, "2012-09-30": 0.14, "2012-06-30": 0.066, "2012-03-31": "-0.65500", "2011-12-31": 0.013, "2011-09-30": 0.036, "2011-06-30": 0.047, "2011-03-31": "0.05100", "2010-12-31": 1.018, "2010-09-30": 0.056, "2010-06-30": 0.062, "2010-03-31": "0.04400", "2009-12-31": 0.247, "2009-09-30": 1.182, "2009-06-30": 8.94, "2009-03-31": "3.45000", "2008-12-31": 0.5, "2008-09-30": 3.543, "2008-06-30": 12.115, "2008-03-31": "12.12900", "2007-12-31": 0.015, "2007-09-30": 0.503, "2007-06-30": 0.018, "2007-03-31": "0.00900", "2006-12-31": 0.017, "2006-09-30": 0.152, "2006-06-30": 0.012, "2006-03-31": "14.58900", "2005-12-31": -12.207, "2005-09-30": 0.819, "2005-06-30": 0.538, "2005-03-31": "2.39400"}, "Cash Flow From Investing Activities": {"2020-09-30": -37.396, "2020-06-30": -25.573, "2020-03-31": "-2.55300", "2019-12-31": -16.384, "2019-09-30": -252.799, "2019-06-30": -60.511, "2019-03-31": "47.00100", "2018-12-31": 41.157, "2018-09-30": 46.73, "2018-06-30": -86.705, "2018-03-31": "-107.20600", "2017-12-31": -149.487, "2017-09-30": -89.558, "2017-06-30": -81.67, "2017-03-31": "-686.51500", "2016-12-31": -54.048, "2016-09-30": -38.56, "2016-06-30": -308.691, "2016-03-31": "-7.33300", "2015-12-31": -30.992, "2015-09-30": -31.648, "2015-06-30": -21.619, "2015-03-31": "-55.08700", "2014-12-31": -23.99, "2014-09-30": -23.664, "2014-06-30": -45.583, "2014-03-31": "-117.05300", "2013-12-31": 20.621, "2013-09-30": -8.697, "2013-06-30": 8.347, "2013-03-31": "-30.08800", "2012-12-31": -111.739, "2012-09-30": 188.192, "2012-06-30": -54.151, "2012-03-31": "-18.67900", "2011-12-31": 77.988, "2011-09-30": -80.031, "2011-06-30": -69.075, "2011-03-31": "-6.60500", "2010-12-31": -15.588, "2010-09-30": -50.124, "2010-06-30": -138.006, "2010-03-31": "19.26100", "2009-12-31": 141.749, "2009-09-30": -5.389, "2009-06-30": -38.426, "2009-03-31": "-46.38900", "2008-12-31": 20.958, "2008-09-30": 27.77, "2008-06-30": -81.154, "2008-03-31": "-73.34900", "2007-12-31": -59.994, "2007-09-30": -99.172, "2007-06-30": -159.525, "2007-03-31": "-93.47000", "2006-12-31": 49.657, "2006-09-30": -59.305, "2006-06-30": -74.08, "2006-03-31": "127.11500", "2005-12-31": -40.084, "2005-09-30": -34.454, "2005-06-30": -413.832, "2005-03-31": "3.59200"}, "Net Long-Term Debt": {"2020-09-30": -303.021, "2020-06-30": 596.249, "2020-03-31": "-6.43800", "2019-12-31": -3.132, "2019-09-30": 420.69, "2019-06-30": -15.542, "2019-03-31": "6.43300", "2018-12-31": -2.197, "2018-09-30": -109.092, "2018-06-30": -158.939, "2018-03-31": "298.47800", "2017-12-31": 1.36, "2017-09-30": 0.248, "2017-06-30": 204.363, "2017-03-31": "635.21200", "2016-12-31": 0.606, "2016-09-30": -301.177, "2016-06-30": 4.207, "2016-03-31": "-28.85300", "2015-12-31": -100.6439, "2015-09-30": -102.377, "2015-06-30": -20.642, "2015-03-31": "-55.90700", "2014-12-31": -26.357, "2014-09-30": 2.843, "2014-06-30": 91.051, "2014-03-31": "-1.71900", "2013-12-31": 15.401, "2013-09-30": -2.549, "2013-06-30": -18.183, "2013-03-31": "6.19100", "2012-12-31": -2.107, "2012-09-30": -2.973, "2012-06-30": -151.788, "2012-03-31": "-44.10000", "2011-12-31": -22.991, "2011-09-30": 0.343, "2011-06-30": -17.613, "2011-03-31": "-162.10800", "2010-12-31": 139.727, "2010-09-30": -130.34, "2010-06-30": 128.604, "2010-03-31": "0.08600", "2009-12-31": -5.839, "2009-09-30": 39.148, "2009-06-30": -51.289, "2009-03-31": "-4.35100", "2008-12-31": -1.5, "2008-09-30": -20.712, "2008-06-30": 61.139, "2008-03-31": "-1.16500", "2007-12-31": -41.703, "2007-09-30": 396.903, "2007-06-30": -36.019, "2007-03-31": "-15.33700", "2006-12-31": -16.101, "2006-09-30": -5.54, "2006-06-30": -6.06, "2006-03-31": "-12.94600", "2005-12-31": -7.498, "2005-09-30": 236.401, "2005-06-30": -16.23, "2005-03-31": "-1.83600"}, "Net Current Debt": {"2020-09-30": 0, "2020-06-30": -705, "2020-03-31": "485.00000", "2019-12-31": 35, "2019-09-30": -235, "2019-06-30": 10, "2019-03-31": "-35.00000", "2018-12-31": 0, "2018-09-30": -5, "2018-06-30": 150, "2018-03-31": "-60.00000", "2017-12-31": 45, "2017-09-30": 15, "2017-06-30": -95, "2017-03-31": "380.00000", "2016-12-31": 15, "2016-09-30": -45, "2016-06-30": 145, "2016-03-31": "", "2015-12-31": -50, "2015-09-30": 95, "2015-06-30": 15, "2015-03-31": "30.00000", "2014-12-31": 0, "2014-09-30": -10, "2014-06-30": -60, "2014-03-31": "70.00000", "2013-12-31": -25, "2013-09-30": -25, "2013-06-30": -20, "2013-03-31": "-25.00000", "2012-12-31": 105, "2012-09-30": -240, "2012-06-30": 180, "2012-03-31": "85.00000", "2011-12-31": -45, "2011-09-30": 53.21, "2011-06-30": 31.79, "2011-03-31": "-10.00000", "2010-12-31": -100, "2010-09-30": 110, "2010-06-30": 0, "2010-03-31": "", "2009-12-31": -227.667, "2009-09-30": 0, "2009-06-30": -140, "2009-03-31": "70.00000", "2008-12-31": 0, "2008-09-30": -37, "2008-06-30": 25, "2008-03-31": "101.66700", "2007-12-31": 98, "2007-09-30": 80, "2007-06-30": -206, "2007-03-31": "115.00000", "2006-12-31": -37, "2006-09-30": 55, "2006-06-30": -5, "2006-03-31": "-54.00000", "2005-12-31": 37, "2005-09-30": -415, "2005-06-30": 365, "2005-03-31": "-25.00000"}, "Debt Issuance/Retirement Net - Total": {"2020-09-30": -303.021, "2020-06-30": -108.751, "2020-03-31": "478.56200", "2019-12-31": 31.868, "2019-09-30": 185.69, "2019-06-30": -5.542, "2019-03-31": "-28.56700", "2018-12-31": -2.197, "2018-09-30": -114.092, "2018-06-30": -8.939, "2018-03-31": "238.47800", "2017-12-31": 46.36, "2017-09-30": 15.248, "2017-06-30": 109.363, "2017-03-31": "1015.21200", "2016-12-31": 15.606, "2016-09-30": -346.177, "2016-06-30": 149.207, "2016-03-31": "-28.85300", "2015-12-31": -150.6439, "2015-09-30": -7.377, "2015-06-30": -5.642, "2015-03-31": "-25.90700", "2014-12-31": -26.357, "2014-09-30": -7.157, "2014-06-30": 31.051, "2014-03-31": "68.28100", "2013-12-31": -9.599, "2013-09-30": -27.549, "2013-06-30": -38.183, "2013-03-31": "-18.80900", "2012-12-31": 102.893, "2012-09-30": -242.973, "2012-06-30": 28.212, "2012-03-31": "40.90000", "2011-12-31": -67.991, "2011-09-30": 53.553, "2011-06-30": 14.177, "2011-03-31": "-172.10800", "2010-12-31": 39.727, "2010-09-30": -20.34, "2010-06-30": 128.604, "2010-03-31": "0.08600", "2009-12-31": -233.506, "2009-09-30": 39.148, "2009-06-30": -191.289, "2009-03-31": "65.64900", "2008-12-31": -1.5, "2008-09-30": -57.712, "2008-06-30": 86.139, "2008-03-31": "100.50200", "2007-12-31": 56.297, "2007-09-30": 476.903, "2007-06-30": -242.019, "2007-03-31": "99.66300", "2006-12-31": -53.101, "2006-09-30": 49.46, "2006-06-30": -11.06, "2006-03-31": "-66.94600", "2005-12-31": 29.502, "2005-09-30": -178.599, "2005-06-30": 348.77, "2005-03-31": "-26.83600"}, "Net Common Equity Issued/Repurchased": {"2020-09-30": 0.092, "2020-06-30": -0.251, "2020-03-31": "120.52400", "2019-12-31": -0.04, "2019-09-30": -0.016, "2019-06-30": 0.001, "2019-03-31": "-38.91800", "2018-12-31": -88.862, "2018-09-30": -0.017, "2018-06-30": 0, "2018-03-31": "-131.64500", "2017-12-31": 89.06, "2017-09-30": -0.229, "2017-06-30": -0.723, "2017-03-31": "-18.19900", "2016-12-31": -0.625, "2016-09-30": 399.781, "2016-06-30": 137.495, "2016-03-31": "5.21300", "2015-12-31": 187.591, "2015-09-30": 0.042, "2015-06-30": -0.037, "2015-03-31": "0.99200", "2014-12-31": 53.153, "2014-09-30": 49.3, "2014-06-30": 0, "2014-03-31": "", "2013-12-31": 0, "2013-09-30": 1.475, "2013-06-30": 46.67, "2013-03-31": "51.64200", "2012-12-31": -0.136, "2012-09-30": 21.677, "2012-06-30": 0, "2012-03-31": "0.33500", "2011-12-31": 0.001, "2011-09-30": 0.018, "2011-06-30": 1.481, "2011-03-31": "215.98400", "2010-12-31": 0, "2010-09-30": 0.63, "2010-06-30": 0, "2010-03-31": "0.80100", "2009-12-31": 32.296, "2009-09-30": 0.001, "2009-06-30": 310.869, "2009-03-31": "0.00200", "2008-12-31": 0.003, "2008-09-30": 0, "2008-06-30": 0.218, "2008-03-31": "0.79900", "2007-12-31": 0.011, "2007-09-30": 0.04, "2007-06-30": 0, "2007-03-31": "2.33200", "2006-12-31": 3.203, "2006-09-30": 0.169, "2006-06-30": 0.985, "2006-03-31": "1.63700", "2005-12-31": 2.268, "2005-09-30": 199.779, "2005-06-30": 0.426, "2005-03-31": "3.12800"}, "Net Total Equity Issued/Repurchased": {"2020-09-30": 0.092, "2020-06-30": -0.251, "2020-03-31": "120.52400", "2019-12-31": -0.04, "2019-09-30": -0.016, "2019-06-30": 0.001, "2019-03-31": "-38.91800", "2018-12-31": -88.862, "2018-09-30": -0.017, "2018-06-30": 0, "2018-03-31": "-131.64500", "2017-12-31": 89.06, "2017-09-30": -75.229, "2017-06-30": -0.723, "2017-03-31": "-268.19900", "2016-12-31": -0.625, "2016-09-30": 399.781, "2016-06-30": 137.495, "2016-03-31": "5.21300", "2015-12-31": 187.591, "2015-09-30": 0.042, "2015-06-30": -0.037, "2015-03-31": "0.99200", "2014-12-31": 53.153, "2014-09-30": 49.3, "2014-06-30": 0, "2014-03-31": "-0.30000", "2013-12-31": 0, "2013-09-30": 1.475, "2013-06-30": 46.67, "2013-03-31": "51.64200", "2012-12-31": 0.259, "2012-09-30": 18.796, "2012-06-30": -0.064, "2012-03-31": "-6.34000", "2011-12-31": 0.001, "2011-09-30": 0.018, "2011-06-30": 1.481, "2011-03-31": "215.98400", "2010-12-31": 0, "2010-09-30": 0.63, "2010-06-30": 0, "2010-03-31": "0.80100", "2009-12-31": 32.296, "2009-09-30": 0.001, "2009-06-30": 310.869, "2009-03-31": "0.00200", "2008-12-31": 0.003, "2008-09-30": 0, "2008-06-30": 0.218, "2008-03-31": "0.79900", "2007-12-31": 0.011, "2007-09-30": -398.068, "2007-06-30": 398.108, "2007-03-31": "2.33200", "2006-12-31": 3.203, "2006-09-30": 0.169, "2006-06-30": 0.985, "2006-03-31": "1.63700", "2005-12-31": 2.206, "2005-09-30": 218.557, "2005-06-30": 0.426, "2005-03-31": "3.12800"}, "Total Common And Preferred Stock Dividends Paid": {"2020-09-30": -101.023, "2020-06-30": -101.017, "2020-03-31": "-99.86400", "2019-12-31": -98.114, "2019-09-30": -97.88, "2019-06-30": -97.843, "2019-03-31": "-97.81200", "2018-12-31": -93.897, "2018-09-30": -93.91, "2018-06-30": -93.905, "2018-03-31": "-95.04300", "2017-12-31": -90.039, "2017-09-30": -90.701, "2017-06-30": -90.965, "2017-03-31": "-56.60900", "2016-12-31": -57.323, "2016-09-30": -57.329, "2016-06-30": -53.893, "2016-03-31": "-53.85300", "2015-12-31": -50.725, "2015-09-30": -50.721, "2015-06-30": -50.692, "2015-03-31": "-50.61500", "2014-12-31": -48.893, "2014-09-30": -48.458, "2014-06-30": -48.32, "2014-03-31": "-48.29100", "2013-12-31": -47.587, "2013-09-30": -52.838, "2013-06-30": -47.352, "2013-03-31": "-41.38000", "2012-12-31": -51.227, "2012-09-30": -47.574, "2012-06-30": -48.079, "2012-03-31": "-41.52500", "2011-12-31": -46.913, "2011-09-30": -46.918, "2011-06-30": -46.886, "2011-03-31": "-43.16200", "2010-12-31": -43.154, "2010-09-30": -43.113, "2010-06-30": -43.15, "2010-03-31": "-43.10000", "2009-12-31": -42.439, "2009-09-30": -42.416, "2009-06-30": -42.408, "2009-03-31": "-55.80700", "2008-12-31": -55.773, "2008-09-30": -55.773, "2008-06-30": -55.74, "2008-03-31": "-55.64200", "2007-12-31": -56.84, "2007-09-30": -51.284, "2007-06-30": -51.103, "2007-03-31": "-45.07000", "2006-12-31": -52.241, "2006-09-30": -40.537, "2006-06-30": -46.238, "2006-03-31": "-46.16100", "2005-12-31": -41.101, "2005-09-30": -43.835, "2005-06-30": -41.253, "2005-03-31": "-41.18500"}, "Financial Activities - Other": {"2020-09-30": -22.304, "2020-06-30": -5.636, "2020-03-31": "-1.06400", "2019-12-31": -1.144, "2019-09-30": -4.931, "2019-06-30": 0.516, "2019-03-31": "-15.47400", "2018-12-31": -1.069, "2018-09-30": -1.314, "2018-06-30": -11.885, "2018-03-31": "-10.19700", "2017-12-31": -1.512, "2017-09-30": -2.176, "2017-06-30": -20.56, "2017-03-31": "-9.58200", "2016-12-31": -2.244, "2016-09-30": -15.788, "2016-06-30": -0.794, "2016-03-31": "-1.71200", "2015-12-31": -11.034, "2015-09-30": -2.88, "2015-06-30": -4.34, "2015-03-31": "-1.12800", "2014-12-31": -0.777, "2014-09-30": -4.263, "2014-06-30": -2.903, "2014-03-31": "-0.42600", "2013-12-31": 4.378, "2013-09-30": -0.06, "2013-06-30": -0.793, "2013-03-31": "-2.59400", "2012-12-31": -0.348, "2012-09-30": -2.904, "2012-06-30": 1.932, "2012-03-31": "-1.84900", "2011-12-31": -0.272, "2011-09-30": -5.768, "2011-06-30": -0.473, "2011-03-31": "-0.29200", "2010-12-31": -7.148, "2010-09-30": -0.235, "2010-06-30": -1.329, "2010-03-31": "-1.07600", "2009-12-31": -0.246, "2009-09-30": -3.798, "2009-06-30": -0.223, "2009-03-31": "-0.11200", "2008-12-31": -0.432, "2008-09-30": -2.831, "2008-06-30": -10.837, "2008-03-31": "-1.95000", "2007-12-31": -0.519, "2007-09-30": -0.785, "2007-06-30": -3.213, "2007-03-31": "-5.79700", "2006-12-31": -0.293, "2006-09-30": -2.442, "2006-06-30": -0.098, "2006-03-31": "0.20500", "2005-12-31": -0.134, "2005-09-30": -3.041, "2005-06-30": 0.306, "2005-03-31": "-0.39800"}, "Cash Flow From Financial Activities": {"2020-09-30": -426.256, "2020-06-30": -215.655, "2020-03-31": "498.15800", "2019-12-31": -67.43, "2019-09-30": 82.863, "2019-06-30": -102.868, "2019-03-31": "-180.77100", "2018-12-31": -186.025, "2018-09-30": -209.333, "2018-06-30": -114.729, "2018-03-31": "1.59300", "2017-12-31": 43.869, "2017-09-30": -152.858, "2017-06-30": -2.885, "2017-03-31": "680.82200", "2016-12-31": -44.586, "2016-09-30": -19.513, "2016-06-30": 232.015, "2016-03-31": "-79.20500", "2015-12-31": -24.812, "2015-09-30": -60.936, "2015-06-30": -60.711, "2015-03-31": "-76.65800", "2014-12-31": -22.874, "2014-09-30": -10.578, "2014-06-30": -20.172, "2014-03-31": "19.26400", "2013-12-31": -52.808, "2013-09-30": -78.972, "2013-06-30": -39.658, "2013-03-31": "-11.14100", "2012-12-31": 51.577, "2012-09-30": -274.655, "2012-06-30": -17.999, "2012-03-31": "-8.81400", "2011-12-31": -115.175, "2011-09-30": 0.885, "2011-06-30": -31.701, "2011-03-31": "0.42200", "2010-12-31": -10.575, "2010-09-30": -63.058, "2010-06-30": 84.125, "2010-03-31": "-43.28900", "2009-12-31": -243.895, "2009-09-30": -7.065, "2009-06-30": 76.949, "2009-03-31": "9.73200", "2008-12-31": -57.702, "2008-09-30": -116.316, "2008-06-30": 19.78, "2008-03-31": "43.70900", "2007-12-31": -1.051, "2007-09-30": 26.766, "2007-06-30": 101.773, "2007-03-31": "51.12800", "2006-12-31": -102.432, "2006-09-30": 6.65, "2006-06-30": -56.411, "2006-03-31": "-111.26500", "2005-12-31": -9.527, "2005-09-30": -6.918, "2005-06-30": 308.249, "2005-03-31": "-65.29100"}, "Net Cash Flow": {"2020-09-30": -306.482, "2020-06-30": -149.487, "2020-03-31": "621.28300", "2019-12-31": 68.101, "2019-09-30": 10.097, "2019-06-30": -5.42, "2019-03-31": "-2.40600", "2018-12-31": 0.704, "2018-09-30": 1.246, "2018-06-30": -50.396, "2018-03-31": "44.25500", "2017-12-31": 18.74, "2017-09-30": -74.06, "2017-06-30": 59.859, "2017-03-31": "26.96300", "2016-12-31": -26.79, "2016-09-30": 15.963, "2016-06-30": -2.198, "2016-03-31": "-9.71900", "2015-12-31": 12.976, "2015-09-30": -3.234, "2015-06-30": -9.375, "2015-03-31": "-77.28700", "2014-12-31": 13.068, "2014-09-30": 63.972, "2014-06-30": 1.577, "2014-03-31": "-45.52500", "2013-12-31": 17.982, "2013-09-30": 3.559, "2013-06-30": 36.741, "2013-03-31": "0.05300", "2012-12-31": 0.999, "2012-09-30": -1.68, "2012-06-30": -4.085, "2012-03-31": "15.71300", "2011-12-31": -2.529, "2011-09-30": 2.137, "2011-06-30": -48.391, "2011-03-31": "43.12400", "2010-12-31": -18.156, "2010-09-30": -67.595, "2010-06-30": -13.105, "2010-03-31": "20.06100", "2009-12-31": -69.195, "2009-09-30": 47.006, "2009-06-30": 102.123, "2009-03-31": "3.13600", "2008-12-31": -4.244, "2008-09-30": -15.827, "2008-06-30": 12.392, "2008-03-31": "10.54400", "2007-12-31": -14.903, "2007-09-30": -21.524, "2007-06-30": 25.931, "2007-03-31": "-4.88200", "2006-12-31": -4.314, "2006-09-30": 1.766, "2006-06-30": -51.462, "2006-03-31": "45.59800", "2005-12-31": 11.225, "2005-09-30": 4.981, "2005-06-30": -27.339, "2005-03-31": "-41.72900"}, "Stock-Based Compensation": {"2020-09-30": 3.437, "2020-06-30": 3.897, "2020-03-31": "3.32000", "2019-12-31": 3.623, "2019-09-30": 3.727, "2019-06-30": 3.514, "2019-03-31": "3.47500", "2018-12-31": 3.623, "2018-09-30": 3.438, "2018-06-30": 3.177, "2018-03-31": "3.39700", "2017-12-31": 3.713, "2017-09-30": 3.01, "2017-06-30": 1.695, "2017-03-31": "12.13100", "2016-12-31": 3.098, "2016-09-30": 2.365, "2016-06-30": 2.568, "2016-03-31": "2.62100", "2015-12-31": 2.702, "2015-09-30": 2.759, "2015-06-30": 2.72, "2015-03-31": "2.90000", "2014-12-31": 2.777, "2014-09-30": 2.351, "2014-06-30": 2.262, "2014-03-31": "2.27200", "2013-12-31": 2.964, "2013-09-30": 3.068, "2013-06-30": 3.135, "2013-03-31": "3.02400", "2012-12-31": 2.474, "2012-09-30": 2.429, "2012-06-30": 2.456, "2012-03-31": "2.44700", "2011-12-31": 2.461, "2011-09-30": 2.353, "2011-06-30": 2.509, "2011-03-31": "2.50100", "2010-12-31": 1.803, "2010-09-30": 1.613, "2010-06-30": 1.604, "2010-03-31": "1.59500", "2009-12-31": 1.223, "2009-09-30": 1.446, "2009-06-30": 0.962, "2009-03-31": "1.03700", "2008-12-31": -2.883, "2008-09-30": 1.733, "2008-06-30": 3.551, "2008-03-31": "3.54900", "2007-12-31": 2.651, "2007-09-30": -0.634, "2007-06-30": 4.521, "2007-03-31": "5.03400", "2006-12-31": -2.469, "2006-09-30": 4.533, "2006-06-30": 4.511, "2006-03-31": "4.52100", "2005-12-31": 3.607, "2005-09-30": 5.635, "2005-06-30": 5.17, "2005-03-31": "4.34300"}, "Common Stock Dividends Paid": {"2020-09-30": -101.023, "2020-06-30": -101.017, "2020-03-31": "-99.86400", "2019-12-31": -98.114, "2019-09-30": -97.88, "2019-06-30": -97.843, "2019-03-31": "-97.81200", "2018-12-31": -93.897, "2018-09-30": -93.91, "2018-06-30": -93.905, "2018-03-31": "-95.04300", "2017-12-31": -90.039, "2017-09-30": -90.038, "2017-06-30": -89.84, "2017-03-31": "-53.36800", "2016-12-31": -52.058, "2016-09-30": -52.063, "2016-06-30": -48.628, "2016-03-31": "-48.58700", "2015-12-31": -45.46, "2015-09-30": -45.455, "2015-06-30": -45.427, "2015-03-31": "-45.34900", "2014-12-31": -43.628, "2014-09-30": -43.192, "2014-06-30": -43.055, "2014-03-31": "-43.02500", "2013-12-31": -42.322, "2013-09-30": -42.306, "2013-06-30": -42.087, "2013-03-31": "-41.38000", "2012-12-31": -41.346, "2012-09-30": -41.144, "2012-06-30": -41.136, "2012-03-31": "-41.12100", "2011-12-31": -41.063, "2011-09-30": -41.068, "2011-06-30": -41.036, "2011-03-31": "-37.31200", "2010-12-31": -37.304, "2010-09-30": -37.263, "2010-06-30": -37.3, "2010-03-31": "-37.25000", "2009-12-31": -36.589, "2009-09-30": -36.566, "2009-06-30": -36.558, "2009-03-31": "-49.95700", "2008-12-31": -49.924, "2008-09-30": -49.922, "2008-06-30": -49.89, "2008-03-31": "-49.79200", "2007-12-31": -45.14, "2007-09-30": -45.434, "2007-06-30": -45.253, "2007-03-31": "-45.07000", "2006-12-31": -40.541, "2006-09-30": -40.537, "2006-06-30": -40.388, "2006-03-31": "-40.31100", "2005-12-31": -35.251, "2005-09-30": -37.782, "2005-06-30": -35.477, "2005-03-31": "-35.41100"}}, "financial ratios": {"Current Ratio": {"2019-12-31": "", "2018-12-31": "", "2017-12-31": "", "2016-12-31": "", "2015-12-31": "", "2014-12-31": "", "2013-12-31": "", "2012-12-31": "", "2011-12-31": "", "2010-12-31": "", "2009-12-31": "", "2008-12-31": "", "2007-12-31": "", "2006-12-31": "", "2005-12-31": ""}, "Long-term Debt / Capital": {"2019-12-31": "0.38390", "2018-12-31": "0.36550", "2017-12-31": "0.34810", "2016-12-31": "0.38490", "2015-12-31": "0.47230", "2014-12-31": "0.51070", "2013-12-31": "0.49910", "2012-12-31": "0.52660", "2011-12-31": "0.51460", "2010-12-31": "0.54560", "2009-12-31": "0.49260", "2008-12-31": "0.54790", "2007-12-31": "0.52150", "2006-12-31": "0.45950", "2005-12-31": "0.47430"}, "Debt/Equity Ratio": {"2019-12-31": "0.62310", "2018-12-31": "0.57600", "2017-12-31": "0.53390", "2016-12-31": "0.62580", "2015-12-31": "0.89520", "2014-12-31": "1.04380", "2013-12-31": "0.99650", "2012-12-31": "1.11230", "2011-12-31": "1.06030", "2010-12-31": "1.20070", "2009-12-31": "0.97070", "2008-12-31": "1.21180", "2007-12-31": "1.08970", "2006-12-31": "0.85000", "2005-12-31": "0.90220"}, "Gross Margin": {"2019-12-31": "", "2018-12-31": "", "2017-12-31": "", "2016-12-31": "", "2015-12-31": "", "2014-12-31": "", "2013-12-31": "", "2012-12-31": "", "2011-12-31": "", "2010-12-31": "", "2009-12-31": "", "2008-12-31": "", "2007-12-31": "", "2006-12-31": "", "2005-12-31": ""}, "Operating Margin": {"2019-12-31": "32.64490", "2018-12-31": "33.91410", "2017-12-31": "24.33780", "2016-12-31": "34.37970", "2015-12-31": "35.92110", "2014-12-31": "34.30950", "2013-12-31": "33.60280", "2012-12-31": "35.11830", "2011-12-31": "35.38600", "2010-12-31": "34.62070", "2009-12-31": "37.25520", "2008-12-31": "44.01370", "2007-12-31": "43.14020", "2006-12-31": "42.61450", "2005-12-31": "46.49460"}, "EBIT Margin": {"2019-12-31": "32.64490", "2018-12-31": "33.91410", "2017-12-31": "24.33780", "2016-12-31": "34.37970", "2015-12-31": "35.92110", "2014-12-31": "34.30950", "2013-12-31": "33.60280", "2012-12-31": "35.11830", "2011-12-31": "35.38600", "2010-12-31": "34.62070", "2009-12-31": "37.25520", "2008-12-31": "44.01370", "2007-12-31": "43.14020", "2006-12-31": "42.61450", "2005-12-31": "46.49460"}, "EBITDA Margin": {"2019-12-31": "62.79010", "2018-12-31": "63.96240", "2017-12-31": "56.90480", "2016-12-31": "61.75890", "2015-12-31": "63.10920", "2014-12-31": "63.16460", "2013-12-31": "63.11260", "2012-12-31": "64.56470", "2011-12-31": "66.43780", "2010-12-31": "62.91390", "2009-12-31": "63.12470", "2008-12-31": "66.66990", "2007-12-31": "65.33190", "2006-12-31": "65.34130", "2005-12-31": "69.22240"}, "Pre-Tax Profit Margin": {"2019-12-31": "16.08820", "2018-12-31": "18.67580", "2017-12-31": "12.79070", "2016-12-31": "17.98160", "2015-12-31": "16.57340", "2014-12-31": "18.87050", "2013-12-31": "10.75220", "2012-12-31": "7.42640", "2011-12-31": "6.41000", "2010-12-31": "3.13060", "2009-12-31": "-2.59950", "2008-12-31": "23.01960", "2007-12-31": "36.21970", "2006-12-31": "39.21180", "2005-12-31": "28.88380"}, "Net Profit Margin": {"2019-12-31": "21.12980", "2018-12-31": "22.22410", "2017-12-31": "16.24960", "2016-12-31": "23.41580", "2015-12-31": "22.63990", "2014-12-31": "30.92190", "2013-12-31": "26.32720", "2012-12-31": "-1.40610", "2011-12-31": "6.73720", "2010-12-31": "-2.43510", "2009-12-31": "-11.00630", "2008-12-31": "23.54110", "2007-12-31": "42.19580", "2006-12-31": "49.21270", "2005-12-31": "38.03290"}, "Asset Turnover": {"2019-12-31": "0.10180", "2018-12-31": "0.10240", "2017-12-31": "0.08830", "2016-12-31": "0.13690", "2015-12-31": "0.13620", "2014-12-31": "0.12820", "2013-12-31": "0.12500", "2012-12-31": "0.12300", "2011-12-31": "0.11800", "2010-12-31": "0.11720", "2009-12-31": "0.12040", "2008-12-31": "0.11950", "2007-12-31": "0.10600", "2006-12-31": "0.11000", "2005-12-31": "0.10610"}, "Inventory Turnover Ratio": {"2019-12-31": "", "2018-12-31": "", "2017-12-31": "", "2016-12-31": "", "2015-12-31": "", "2014-12-31": "", "2013-12-31": "", "2012-12-31": "", "2011-12-31": "", "2010-12-31": "", "2009-12-31": "", "2008-12-31": "", "2007-12-31": "", "2006-12-31": "", "2005-12-31": ""}, "Receiveable Turnover": {"2019-12-31": "", "2018-12-31": "", "2017-12-31": "", "2016-12-31": "", "2015-12-31": "", "2014-12-31": "", "2013-12-31": "", "2012-12-31": "", "2011-12-31": "", "2010-12-31": "", "2009-12-31": "", "2008-12-31": "", "2007-12-31": "", "2006-12-31": "", "2005-12-31": ""}, "Days Sales In Receivables": {"2019-12-31": "", "2018-12-31": "", "2017-12-31": "", "2016-12-31": "", "2015-12-31": "", "2014-12-31": "", "2013-12-31": "", "2012-12-31": "", "2011-12-31": "", "2010-12-31": "", "2009-12-31": "", "2008-12-31": "", "2007-12-31": "", "2006-12-31": "", "2005-12-31": ""}, "ROE - Return On Equity": {"2019-12-31": "3.86740", "2018-12-31": "3.91190", "2017-12-31": "2.65820", "2016-12-31": "7.26210", "2015-12-31": "6.65310", "2014-12-31": "8.30110", "2013-12-31": "5.48760", "2012-12-31": "3.22180", "2011-12-31": "2.30800", "2010-12-31": "0.21140", "2009-12-31": "-2.32640", "2008-12-31": "8.01620", "2007-12-31": "11.22700", "2006-12-31": "9.53170", "2005-12-31": "6.44450"}, "Return On Tangible Equity": {"2019-12-31": "4.02270", "2018-12-31": "4.16170", "2017-12-31": "2.86170", "2016-12-31": "6.66460", "2015-12-31": "5.91420", "2014-12-31": "7.09990", "2013-12-31": "4.64110", "2012-12-31": "2.68740", "2011-12-31": "1.99740", "2010-12-31": "0.17990", "2009-12-31": "-2.00750", "2008-12-31": "6.81520", "2007-12-31": "9.64170", "2006-12-31": "8.17170", "2005-12-31": "5.48500"}, "ROA - Return On Assets": {"2019-12-31": "2.18520", "2018-12-31": "2.30550", "2017-12-31": "1.60580", "2016-12-31": "3.72010", "2015-12-31": "2.79560", "2014-12-31": "3.18710", "2013-12-31": "2.15400", "2012-12-31": "1.18800", "2011-12-31": "0.92310", "2010-12-31": "0.07780", "2009-12-31": "-0.97670", "2008-12-31": "2.87820", "2007-12-31": "4.27760", "2006-12-31": "4.09720", "2005-12-31": "2.69780"}, "ROI - Return On Investment": {"2019-12-31": "2.38270", "2018-12-31": "2.48220", "2017-12-31": "1.73300", "2016-12-31": "3.91360", "2015-12-31": "2.96280", "2014-12-31": "3.37990", "2013-12-31": "2.26860", "2012-12-31": "1.24140", "2011-12-31": "0.95550", "2010-12-31": "0.08090", "2009-12-31": "-1.01350", "2008-12-31": "3.05870", "2007-12-31": "4.57090", "2006-12-31": "4.38770", "2005-12-31": "2.86700"}, "Book Value Per Share": {"2019-12-31": "37.63490", "2018-12-31": "38.50530", "2017-12-31": "39.37510", "2016-12-31": "25.19950", "2015-12-31": "21.51580", "2014-12-31": "20.67060", "2013-12-31": "20.23850", "2012-12-31": "19.38630", "2011-12-31": "20.87060", "2010-12-31": "21.39320", "2009-12-31": "23.83390", "2008-12-31": "25.16220", "2007-12-31": "26.46170", "2006-12-31": "26.85270", "2005-12-31": "26.31940"}, "Operating Cash Flow Per Share": {"2019-12-31": 0.1151, "2018-12-31": 0.6511, "2017-12-31": 0.0028, "2016-12-31": -0.0713, "2015-12-31": -0.0003, "2014-12-31": 0.2627, "2013-12-31": -0.1255, "2012-12-31": 0.4027, "2011-12-31": 0.7896, "2010-12-31": -0.8831, "2009-12-31": -0.5869, "2008-12-31": -0.0066, "2007-12-31": 0.0598, "2006-12-31": -0.0704, "2005-12-31": 3.1634}, "Free Cash Flow Per Share": {"2019-12-31": -0.5726, "2018-12-31": 1.7989, "2017-12-31": 2.6262, "2016-12-31": -3.0388, "2015-12-31": 1.1564, "2014-12-31": -0.0163, "2013-12-31": -0.0625, "2012-12-31": -1.4427, "2011-12-31": 0.1546, "2010-12-31": -2.466, "2009-12-31": 5.4819, "2008-12-31": 4.2739, "2007-12-31": -3.6786, "2006-12-31": -1.1626, "2005-12-31": -1.8675}}, "financial ratios, quarterly": {"Current Ratio": {"2020-09-30": "", "2020-06-30": "", "2020-03-31": "", "2019-12-31": "", "2019-09-30": "", "2019-06-30": "", "2019-03-31": "", "2018-12-31": "", "2018-09-30": "", "2018-06-30": "", "2018-03-31": "", "2017-12-31": "", "2017-09-30": "", "2017-06-30": "", "2017-03-31": "", "2016-12-31": "", "2016-09-30": "", "2016-06-30": "", "2016-03-31": "", "2015-12-31": "", "2015-09-30": "", "2015-06-30": "", "2015-03-31": "", "2014-12-31": "", "2014-09-30": "", "2014-06-30": "", "2014-03-31": "", "2013-12-31": "", "2013-09-30": "", "2013-06-30": "", "2013-03-31": "", "2012-12-31": "", "2012-09-30": "", "2012-06-30": "", "2012-03-31": "", "2011-12-31": "", "2011-09-30": "", "2011-06-30": "", "2011-03-31": "", "2010-12-31": "", "2010-09-30": "", "2010-06-30": "", "2010-03-31": "", "2009-12-31": "", "2009-09-30": "", "2009-06-30": "", "2009-03-31": "", "2008-12-31": "", "2008-09-30": "", "2008-06-30": "", "2008-03-31": "", "2007-12-31": "", "2007-09-30": "", "2007-06-30": "", "2007-03-31": "", "2006-12-31": "", "2006-09-30": "", "2006-06-30": "", "2006-03-31": "", "2005-12-31": "", "2005-09-30": "", "2005-06-30": "", "2005-03-31": ""}, "Long-term Debt / Capital": {"2020-09-30": "0.39480", "2020-06-30": "0.40930", "2020-03-31": "0.41300", "2019-12-31": "0.38390", "2019-09-30": "0.38010", "2019-06-30": "0.36670", "2019-03-31": "0.36520", "2018-12-31": "0.36550", "2018-09-30": "0.36200", "2018-06-30": "0.36840", "2018-03-31": "0.36760", "2017-12-31": "0.34810", "2017-09-30": "0.34670", "2017-06-30": "0.34250", "2017-03-31": "0.33500", "2016-12-31": "0.38490", "2016-09-30": "0.38500", "2016-06-30": "0.47400", "2016-03-31": "0.46850", "2015-12-31": "0.47230", "2015-09-30": "0.51470", "2015-06-30": "0.51010", "2015-03-31": "0.51230", "2014-12-31": "0.51070", "2014-09-30": "0.51910", "2014-06-30": "0.52760", "2014-03-31": "0.52080", "2013-12-31": "0.49910", "2013-09-30": "0.50370", "2013-06-30": "0.50750", "2013-03-31": "0.52090", "2012-12-31": "0.52660", "2012-09-30": "0.50100", "2012-06-30": "0.53170", "2012-03-31": "0.52310", "2011-12-31": "0.51460", "2011-09-30": "0.51940", "2011-06-30": "0.50790", "2011-03-31": "0.49900", "2010-12-31": "0.54560", "2010-09-30": "0.52250", "2010-06-30": "0.51930", "2010-03-31": "0.49660", "2009-12-31": "0.49260", "2009-09-30": "0.52580", "2009-06-30": "0.51330", "2009-03-31": "0.57240", "2008-12-31": "0.54790", "2008-09-30": "0.53740", "2008-06-30": "0.54430", "2008-03-31": "0.53400", "2007-12-31": "0.52150", "2007-09-30": "0.51220", "2007-06-30": "0.49480", "2007-03-31": "0.47380", "2006-12-31": "0.45950", "2006-09-30": "0.47170", "2006-06-30": "0.46340", "2006-03-31": "0.45960", "2005-12-31": "0.47430", "2005-09-30": "0.47140", "2005-06-30": "0.53970", "2005-03-31": "0.49400"}, "Debt/Equity Ratio": {"2020-09-30": "0.65250", "2020-06-30": "0.69280", "2020-03-31": "0.70350", "2019-12-31": "0.62310", "2019-09-30": "0.61310", "2019-06-30": "0.57900", "2019-03-31": "0.57530", "2018-12-31": "0.57600", "2018-09-30": "0.56730", "2018-06-30": "0.58330", "2018-03-31": "0.58140", "2017-12-31": "0.53390", "2017-09-30": "0.53070", "2017-06-30": "0.52090", "2017-03-31": "0.50370", "2016-12-31": "0.62580", "2016-09-30": "0.62590", "2016-06-30": "0.90110", "2016-03-31": "0.88140", "2015-12-31": "0.89520", "2015-09-30": "1.06060", "2015-06-30": "1.04130", "2015-03-31": "1.05050", "2014-12-31": "1.04380", "2014-09-30": "1.07960", "2014-06-30": "1.11690", "2014-03-31": "1.08670", "2013-12-31": "0.99650", "2013-09-30": "1.01490", "2013-06-30": "1.03060", "2013-03-31": "1.08710", "2012-12-31": "1.11230", "2012-09-30": "1.00380", "2012-06-30": "1.13520", "2012-03-31": "1.09690", "2011-12-31": "1.06030", "2011-09-30": "1.08060", "2011-06-30": "1.03220", "2011-03-31": "0.99590", "2010-12-31": "1.20070", "2010-09-30": "1.09430", "2010-06-30": "1.08050", "2010-03-31": "0.98660", "2009-12-31": "0.97070", "2009-09-30": "1.10890", "2009-06-30": "1.05460", "2009-03-31": "1.33860", "2008-12-31": "1.21180", "2008-09-30": "1.16180", "2008-06-30": "1.19440", "2008-03-31": "1.14570", "2007-12-31": "1.08970", "2007-09-30": "1.05000", "2007-06-30": "0.97950", "2007-03-31": "0.90040", "2006-12-31": "0.85000", "2006-09-30": "0.89270", "2006-06-30": "0.86350", "2006-03-31": "0.85050", "2005-12-31": "0.90220", "2005-09-30": "0.89180", "2005-06-30": "1.17250", "2005-03-31": "0.97620"}, "Gross Margin": {"2020-09-30": "", "2020-06-30": "", "2020-03-31": "", "2019-12-31": "", "2019-09-30": "", "2019-06-30": "", "2019-03-31": "", "2018-12-31": "", "2018-09-30": "", "2018-06-30": "", "2018-03-31": "", "2017-12-31": "", "2017-09-30": "", "2017-06-30": "", "2017-03-31": "", "2016-12-31": "", "2016-09-30": "", "2016-06-30": "", "2016-03-31": "", "2015-12-31": "", "2015-09-30": "", "2015-06-30": "", "2015-03-31": "", "2014-12-31": "", "2014-09-30": "", "2014-06-30": "", "2014-03-31": "", "2013-12-31": "", "2013-09-30": "", "2013-06-30": "", "2013-03-31": "", "2012-12-31": "", "2012-09-30": "", "2012-06-30": "", "2012-03-31": "", "2011-12-31": "", "2011-09-30": "", "2011-06-30": "", "2011-03-31": "", "2010-12-31": "", "2010-09-30": "", "2010-06-30": "", "2010-03-31": "", "2009-12-31": "", "2009-09-30": "", "2009-06-30": "", "2009-03-31": "", "2008-12-31": "", "2008-09-30": "", "2008-06-30": "", "2008-03-31": "", "2007-12-31": "", "2007-09-30": "", "2007-06-30": "", "2007-03-31": "", "2006-12-31": "", "2006-09-30": "", "2006-06-30": "", "2006-03-31": "", "2005-12-31": "", "2005-09-30": "", "2005-06-30": "", "2005-03-31": ""}, "Operating Margin": {"2020-09-30": "24.72300", "2020-06-30": "19.70810", "2020-03-31": "-10.95090", "2019-12-31": "33.14760", "2019-09-30": "34.22180", "2019-06-30": "31.08980", "2019-03-31": "32.08170", "2018-12-31": "31.98200", "2018-09-30": "33.71490", "2018-06-30": "35.30060", "2018-03-31": "34.69150", "2017-12-31": "29.63340", "2017-09-30": "32.40160", "2017-06-30": "30.80350", "2017-03-31": "-2.20260", "2016-12-31": "31.38700", "2016-09-30": "35.70120", "2016-06-30": "34.67250", "2016-03-31": "35.92380", "2015-12-31": "33.74910", "2015-09-30": "37.02520", "2015-06-30": "36.96900", "2015-03-31": "36.01170", "2014-12-31": "33.60510", "2014-09-30": "35.66670", "2014-06-30": "35.18000", "2014-03-31": "32.78810", "2013-12-31": "31.69260", "2013-09-30": "34.52600", "2013-06-30": "35.52450", "2013-03-31": "32.72690", "2012-12-31": "31.83080", "2012-09-30": "35.96970", "2012-06-30": "38.39940", "2012-03-31": "33.78720", "2011-12-31": "36.34550", "2011-09-30": "37.21670", "2011-06-30": "36.14160", "2011-03-31": "32.05710", "2010-12-31": "35.12330", "2010-09-30": "32.52510", "2010-06-30": "36.66610", "2010-03-31": "34.24860", "2009-12-31": "33.52010", "2009-09-30": "41.14010", "2009-06-30": "35.83880", "2009-03-31": "37.79590", "2008-12-31": "45.69370", "2008-09-30": "42.74930", "2008-06-30": "44.82720", "2008-03-31": "42.49430", "2007-12-31": "38.06960", "2007-09-30": "45.61810", "2007-06-30": "43.72630", "2007-03-31": "44.97670", "2006-12-31": "32.52680", "2006-09-30": "47.25050", "2006-06-30": "46.55790", "2006-03-31": "43.40750", "2005-12-31": "45.32210", "2005-09-30": "42.88010", "2005-06-30": "51.37250", "2005-03-31": "45.50870"}, "EBIT Margin": {"2020-09-30": "24.72300", "2020-06-30": "19.70810", "2020-03-31": "-10.95090", "2019-12-31": "33.14760", "2019-09-30": "34.22180", "2019-06-30": "31.08980", "2019-03-31": "32.08170", "2018-12-31": "31.98200", "2018-09-30": "33.71490", "2018-06-30": "35.30060", "2018-03-31": "34.69150", "2017-12-31": "29.63340", "2017-09-30": "32.40160", "2017-06-30": "30.80350", "2017-03-31": "-2.20260", "2016-12-31": "31.38700", "2016-09-30": "35.70120", "2016-06-30": "34.67250", "2016-03-31": "35.92380", "2015-12-31": "33.74910", "2015-09-30": "37.02520", "2015-06-30": "36.96900", "2015-03-31": "36.01170", "2014-12-31": "33.60510", "2014-09-30": "35.66670", "2014-06-30": "35.18000", "2014-03-31": "32.78810", "2013-12-31": "31.69260", "2013-09-30": "34.52600", "2013-06-30": "35.52450", "2013-03-31": "32.72690", "2012-12-31": "31.83080", "2012-09-30": "35.96970", "2012-06-30": "38.39940", "2012-03-31": "33.78720", "2011-12-31": "36.34550", "2011-09-30": "37.21670", "2011-06-30": "36.14160", "2011-03-31": "32.05710", "2010-12-31": "35.12330", "2010-09-30": "32.52510", "2010-06-30": "36.66610", "2010-03-31": "34.24860", "2009-12-31": "33.52010", "2009-09-30": "41.14010", "2009-06-30": "35.83880", "2009-03-31": "37.79590", "2008-12-31": "45.69370", "2008-09-30": "42.74930", "2008-06-30": "44.82720", "2008-03-31": "42.49430", "2007-12-31": "38.06960", "2007-09-30": "45.61810", "2007-06-30": "43.72630", "2007-03-31": "44.97670", "2006-12-31": "32.52680", "2006-09-30": "47.25050", "2006-06-30": "46.55790", "2006-03-31": "43.40750", "2005-12-31": "45.32210", "2005-09-30": "42.88010", "2005-06-30": "51.37250", "2005-03-31": "45.50870"}, "EBITDA Margin": {"2020-09-30": "", "2020-06-30": "", "2020-03-31": "", "2019-12-31": "", "2019-09-30": "", "2019-06-30": "", "2019-03-31": "", "2018-12-31": "", "2018-09-30": "", "2018-06-30": "", "2018-03-31": "", "2017-12-31": "", "2017-09-30": "", "2017-06-30": "", "2017-03-31": "", "2016-12-31": "", "2016-09-30": "", "2016-06-30": "", "2016-03-31": "", "2015-12-31": "", "2015-09-30": "", "2015-06-30": "", "2015-03-31": "", "2014-12-31": "", "2014-09-30": "", "2014-06-30": "", "2014-03-31": "", "2013-12-31": "", "2013-09-30": "", "2013-06-30": "", "2013-03-31": "", "2012-12-31": "", "2012-09-30": "", "2012-06-30": "", "2012-03-31": "", "2011-12-31": "", "2011-09-30": "", "2011-06-30": "", "2011-03-31": "", "2010-12-31": "", "2010-09-30": "", "2010-06-30": "", "2010-03-31": "", "2009-12-31": "", "2009-09-30": "", "2009-06-30": "", "2009-03-31": "", "2008-12-31": "", "2008-09-30": "", "2008-06-30": "", "2008-03-31": "", "2007-12-31": "", "2007-09-30": "", "2007-06-30": "", "2007-03-31": "", "2006-12-31": "", "2006-09-30": "", "2006-06-30": "", "2006-03-31": "", "2005-12-31": "", "2005-09-30": "", "2005-06-30": "", "2005-03-31": ""}, "Pre-Tax Profit Margin": {"2020-09-30": "0.80550", "2020-06-30": "4.02490", "2020-03-31": "-26.16040", "2019-12-31": "14.43100", "2019-09-30": "20.31350", "2019-06-30": "14.18050", "2019-03-31": "15.43190", "2018-12-31": "24.86540", "2018-09-30": "20.58210", "2018-06-30": "13.60710", "2018-03-31": "15.54790", "2017-12-31": "27.01690", "2017-09-30": "19.54290", "2017-06-30": "12.84590", "2017-03-31": "-15.51110", "2016-12-31": "46.84800", "2016-09-30": "-13.82030", "2016-06-30": "19.05760", "2016-03-31": "18.57210", "2015-12-31": "12.06090", "2015-09-30": "18.52070", "2015-06-30": "18.32790", "2015-03-31": "17.53720", "2014-12-31": "32.43370", "2014-09-30": "15.10120", "2014-06-30": "15.29970", "2014-03-31": "12.40470", "2013-12-31": "11.55520", "2013-09-30": "8.10690", "2013-06-30": "12.77930", "2013-03-31": "10.49610", "2012-12-31": "5.93930", "2012-09-30": "11.13260", "2012-06-30": "0.66900", "2012-03-31": "12.05930", "2011-12-31": "-0.48750", "2011-09-30": "5.09840", "2011-06-30": "11.73590", "2011-03-31": "7.83090", "2010-12-31": "-22.62980", "2010-09-30": "9.35240", "2010-06-30": "9.92160", "2010-03-31": "11.62820", "2009-12-31": "24.14950", "2009-09-30": "-53.91590", "2009-06-30": "11.54530", "2009-03-31": "15.64480", "2008-12-31": "8.54770", "2008-09-30": "35.23840", "2008-06-30": "25.38790", "2008-03-31": "24.90200", "2007-12-31": "33.82400", "2007-09-30": "32.52050", "2007-06-30": "28.09000", "2007-03-31": "50.85560", "2006-12-31": "37.54510", "2006-09-30": "42.61960", "2006-06-30": "36.79890", "2006-03-31": "39.86270", "2005-12-31": "27.02180", "2005-09-30": "21.86800", "2005-06-30": "34.35470", "2005-03-31": "31.07670"}, "Net Profit Margin": {"2020-09-30": "5.22260", "2020-06-30": "8.24100", "2020-03-31": "-8.93050", "2019-12-31": "13.95440", "2019-09-30": "20.18060", "2019-06-30": "18.75070", "2019-03-31": "31.59610", "2018-12-31": "27.72840", "2018-09-30": "25.05190", "2018-06-30": "17.00030", "2018-03-31": "19.03190", "2017-12-31": "32.15800", "2017-09-30": "22.76100", "2017-06-30": "18.51020", "2017-03-31": "-16.93920", "2016-12-31": "35.01310", "2016-09-30": "3.47260", "2016-06-30": "22.83940", "2016-03-31": "31.99740", "2015-12-31": "12.04720", "2015-09-30": "37.82060", "2015-06-30": "23.01440", "2015-03-31": "17.93030", "2014-12-31": "53.98890", "2014-09-30": "35.89580", "2014-06-30": "18.89070", "2014-03-31": "14.54760", "2013-12-31": "36.76550", "2013-09-30": "29.08790", "2013-06-30": "26.05250", "2013-03-31": "12.92100", "2012-12-31": "-35.29700", "2012-09-30": "10.06760", "2012-06-30": "4.49410", "2012-03-31": "10.44100", "2011-12-31": "8.26650", "2011-09-30": "6.91760", "2011-06-30": "10.31830", "2011-03-31": "1.75740", "2010-12-31": "-37.66280", "2010-09-30": "6.53510", "2010-06-30": "6.39010", "2010-03-31": "9.18700", "2009-12-31": "26.10490", "2009-09-30": "-63.55150", "2009-06-30": "-14.90100", "2009-03-31": "16.34150", "2008-12-31": "10.22320", "2008-09-30": "36.19400", "2008-06-30": "26.35300", "2008-03-31": "23.13230", "2007-12-31": "47.23040", "2007-09-30": "32.24060", "2007-06-30": "41.14000", "2007-03-31": "48.93110", "2006-12-31": "63.88310", "2006-09-30": "38.38740", "2006-06-30": "30.48200", "2006-03-31": "65.98140", "2005-12-31": "48.51180", "2005-09-30": "30.52040", "2005-06-30": "37.29530", "2005-03-31": "36.15390"}, "Asset Turnover": {"2020-09-30": "0.02210", "2020-06-30": "0.02030", "2020-03-31": "0.02450", "2019-12-31": "0.02590", "2019-09-30": "0.02530", "2019-06-30": "0.02520", "2019-03-31": "0.02600", "2018-12-31": "0.02600", "2018-09-30": "0.02520", "2018-06-30": "0.02520", "2018-03-31": "0.02460", "2017-12-31": "0.02380", "2017-09-30": "0.02360", "2017-06-30": "0.02330", "2017-03-31": "0.01760", "2016-12-31": "0.03550", "2016-09-30": "0.03430", "2016-06-30": "0.03440", "2016-03-31": "0.03610", "2015-12-31": "0.03490", "2015-09-30": "0.03410", "2015-06-30": "0.03440", "2015-03-31": "0.03410", "2014-12-31": "0.03240", "2014-09-30": "0.03240", "2014-06-30": "0.03340", "2014-03-31": "0.03300", "2013-12-31": "0.03220", "2013-09-30": "0.03090", "2013-06-30": "0.03140", "2013-03-31": "0.03120", "2012-12-31": "0.02730", "2012-09-30": "0.03040", "2012-06-30": "0.03150", "2012-03-31": "0.03150", "2011-12-31": "0.02470", "2011-09-30": "0.03000", "2011-06-30": "0.03100", "2011-03-31": "0.03120", "2010-12-31": "0.02560", "2010-09-30": "0.03020", "2010-06-30": "0.03010", "2010-03-31": "0.03150", "2009-12-31": "0.02800", "2009-09-30": "0.03170", "2009-06-30": "0.02710", "2009-03-31": "0.02840", "2008-12-31": "0.03310", "2008-09-30": "0.02870", "2008-06-30": "0.02830", "2008-03-31": "0.02750", "2007-12-31": "0.02600", "2007-09-30": "0.02800", "2007-06-30": "0.02700", "2007-03-31": "0.02820", "2006-12-31": "0.02620", "2006-09-30": "0.02770", "2006-06-30": "0.02880", "2006-03-31": "0.02800", "2005-12-31": "0.02480", "2005-09-30": "0.02540", "2005-06-30": "0.03060", "2005-03-31": "0.03000"}, "Inventory Turnover Ratio": {"2020-09-30": "", "2020-06-30": "", "2020-03-31": "", "2019-12-31": "", "2019-09-30": "", "2019-06-30": "", "2019-03-31": "", "2018-12-31": "", "2018-09-30": "", "2018-06-30": "", "2018-03-31": "", "2017-12-31": "", "2017-09-30": "", "2017-06-30": "", "2017-03-31": "", "2016-12-31": "", "2016-09-30": "", "2016-06-30": "", "2016-03-31": "", "2015-12-31": "", "2015-09-30": "", "2015-06-30": "", "2015-03-31": "", "2014-12-31": "", "2014-09-30": "", "2014-06-30": "", "2014-03-31": "", "2013-12-31": "", "2013-09-30": "", "2013-06-30": "", "2013-03-31": "", "2012-12-31": "", "2012-09-30": "", "2012-06-30": "", "2012-03-31": "", "2011-12-31": "", "2011-09-30": "", "2011-06-30": "", "2011-03-31": "", "2010-12-31": "", "2010-09-30": "", "2010-06-30": "", "2010-03-31": "", "2009-12-31": "", "2009-09-30": "", "2009-06-30": "", "2009-03-31": "", "2008-12-31": "", "2008-09-30": "", "2008-06-30": "", "2008-03-31": "", "2007-12-31": "", "2007-09-30": "", "2007-06-30": "", "2007-03-31": "", "2006-12-31": "", "2006-09-30": "", "2006-06-30": "", "2006-03-31": "", "2005-12-31": "", "2005-09-30": "", "2005-06-30": "", "2005-03-31": ""}, "Receiveable Turnover": {"2020-09-30": "", "2020-06-30": "", "2020-03-31": "", "2019-12-31": "", "2019-09-30": "", "2019-06-30": "", "2019-03-31": "", "2018-12-31": "", "2018-09-30": "", "2018-06-30": "", "2018-03-31": "", "2017-12-31": "", "2017-09-30": "", "2017-06-30": "", "2017-03-31": "", "2016-12-31": "", "2016-09-30": "", "2016-06-30": "", "2016-03-31": "", "2015-12-31": "", "2015-09-30": "", "2015-06-30": "", "2015-03-31": "", "2014-12-31": "", "2014-09-30": "", "2014-06-30": "", "2014-03-31": "", "2013-12-31": "", "2013-09-30": "", "2013-06-30": "", "2013-03-31": "", "2012-12-31": "", "2012-09-30": "", "2012-06-30": "", "2012-03-31": "", "2011-12-31": "", "2011-09-30": "", "2011-06-30": "", "2011-03-31": "", "2010-12-31": "", "2010-09-30": "", "2010-06-30": "", "2010-03-31": "", "2009-12-31": "", "2009-09-30": "", "2009-06-30": "", "2009-03-31": "", "2008-12-31": "", "2008-09-30": "", "2008-06-30": "", "2008-03-31": "", "2007-12-31": "", "2007-09-30": "", "2007-06-30": "", "2007-03-31": "", "2006-12-31": "", "2006-09-30": "", "2006-06-30": "", "2006-03-31": "", "2005-12-31": "", "2005-09-30": "", "2005-06-30": "", "2005-03-31": ""}, "Days Sales In Receivables": {"2020-09-30": "", "2020-06-30": "", "2020-03-31": "", "2019-12-31": "", "2019-09-30": "", "2019-06-30": "", "2019-03-31": "", "2018-12-31": "", "2018-09-30": "", "2018-06-30": "", "2018-03-31": "", "2017-12-31": "", "2017-09-30": "", "2017-06-30": "", "2017-03-31": "", "2016-12-31": "", "2016-09-30": "", "2016-06-30": "", "2016-03-31": "", "2015-12-31": "", "2015-09-30": "", "2015-06-30": "", "2015-03-31": "", "2014-12-31": "", "2014-09-30": "", "2014-06-30": "", "2014-03-31": "", "2013-12-31": "", "2013-09-30": "", "2013-06-30": "", "2013-03-31": "", "2012-12-31": "", "2012-09-30": "", "2012-06-30": "", "2012-03-31": "", "2011-12-31": "", "2011-09-30": "", "2011-06-30": "", "2011-03-31": "", "2010-12-31": "", "2010-09-30": "", "2010-06-30": "", "2010-03-31": "", "2009-12-31": "", "2009-09-30": "", "2009-06-30": "", "2009-03-31": "", "2008-12-31": "", "2008-09-30": "", "2008-06-30": "", "2008-03-31": "", "2007-12-31": "", "2007-09-30": "", "2007-06-30": "", "2007-03-31": "", "2006-12-31": "", "2006-09-30": "", "2006-06-30": "", "2006-03-31": "", "2005-12-31": "", "2005-09-30": "", "2005-06-30": "", "2005-03-31": ""}, "ROE - Return On Equity": {"2020-09-30": "0.21770", "2020-06-30": "0.31590", "2020-03-31": "-0.39490", "2019-12-31": "0.65390", "2019-09-30": "0.91400", "2019-06-30": "0.82940", "2019-03-31": "1.42900", "2018-12-31": "1.23620", "2018-09-30": "1.07650", "2018-06-30": "0.73970", "2018-03-31": "0.80940", "2017-12-31": "1.34930", "2017-09-30": "0.95610", "2017-06-30": "0.68790", "2017-03-31": "-0.31590", "2016-12-31": "3.68140", "2016-09-30": "0.06740", "2016-06-30": "2.13610", "2016-03-31": "2.31650", "2015-12-31": "1.26000", "2015-09-30": "2.02010", "2015-06-30": "2.05840", "2015-03-31": "1.91810", "2014-12-31": "3.35570", "2014-09-30": "1.67070", "2014-06-30": "1.97330", "2014-03-31": "1.60550", "2013-12-31": "1.37540", "2013-09-30": "1.52210", "2013-06-30": "1.43230", "2013-03-31": "1.27600", "2012-12-31": "-0.17260", "2012-09-30": "1.19380", "2012-06-30": "0.83690", "2012-03-31": "1.18180", "2011-12-31": "0.08660", "2011-09-30": "0.68400", "2011-06-30": "1.05990", "2011-03-31": "0.42350", "2010-12-31": "-2.35750", "2010-09-30": "0.86150", "2010-06-30": "0.86860", "2010-03-31": "0.64350", "2009-12-31": "1.61140", "2009-09-30": "-4.51490", "2009-06-30": "-0.76480", "2009-03-31": "1.45950", "2008-12-31": "0.76970", "2008-09-30": "2.84810", "2008-06-30": "2.03670", "2008-03-31": "2.00680", "2007-12-31": "3.35940", "2007-09-30": "2.36970", "2007-06-30": "1.84860", "2007-03-31": "3.54260", "2006-12-31": "2.30280", "2006-09-30": "2.76480", "2006-06-30": "2.10960", "2006-03-31": "2.49130", "2005-12-31": "1.31790", "2005-09-30": "1.09630", "2005-06-30": "2.61690", "2005-03-31": "2.07570"}, "Return On Tangible Equity": {"2020-09-30": "0.22510", "2020-06-30": "0.32720", "2020-03-31": "-0.40990", "2019-12-31": "0.68020", "2019-09-30": "0.95380", "2019-06-30": "0.86510", "2019-03-31": "1.49450", "2018-12-31": "1.31510", "2018-09-30": "1.14880", "2018-06-30": "0.79190", "2018-03-31": "0.86940", "2017-12-31": "1.45260", "2017-09-30": "1.03550", "2017-06-30": "0.73950", "2017-03-31": "-0.34310", "2016-12-31": "3.37850", "2016-09-30": "0.06190", "2016-06-30": "1.92980", "2016-03-31": "2.06660", "2015-12-31": "1.12000", "2015-09-30": "1.77700", "2015-06-30": "1.75100", "2015-03-31": "1.63230", "2014-12-31": "2.87020", "2014-09-30": "1.42060", "2014-06-30": "1.66980", "2014-03-31": "1.36440", "2013-12-31": "1.16320", "2013-09-30": "1.28010", "2013-06-30": "1.20590", "2013-03-31": "1.06670", "2012-12-31": "-0.14400", "2012-09-30": "0.99960", "2012-06-30": "0.69760", "2012-03-31": "0.98750", "2011-12-31": "0.07490", "2011-09-30": "0.59320", "2011-06-30": "0.91600", "2011-03-31": "0.36650", "2010-12-31": "-2.00680", "2010-09-30": "0.73600", "2010-06-30": "0.74400", "2010-03-31": "0.55370", "2009-12-31": "1.39050", "2009-09-30": "-3.88360", "2009-06-30": "-0.66140", "2009-03-31": "1.23060", "2008-12-31": "0.65430", "2008-09-30": "2.44050", "2008-06-30": "1.74610", "2008-03-31": "1.72130", "2007-12-31": "2.88500", "2007-09-30": "2.03940", "2007-06-30": "1.59000", "2007-03-31": "3.03780", "2006-12-31": "1.97420", "2006-09-30": "2.36530", "2006-06-30": "1.80660", "2006-03-31": "2.12550", "2005-12-31": "1.12160", "2005-09-30": "0.93250", "2005-06-30": "2.28740", "2005-03-31": "1.81530"}, "ROA - Return On Assets": {"2020-09-30": "0.12110", "2020-06-30": "0.17190", "2020-03-31": "-0.21420", "2019-12-31": "0.36950", "2019-09-30": "0.51860", "2019-06-30": "0.48130", "2019-03-31": "0.83040", "2018-12-31": "0.72850", "2018-09-30": "0.63790", "2018-06-30": "0.43450", "2018-03-31": "0.47590", "2017-12-31": "0.81510", "2017-09-30": "0.57070", "2017-06-30": "0.40930", "2017-03-31": "-0.18970", "2016-12-31": "1.88580", "2016-09-30": "0.03440", "2016-06-30": "0.90380", "2016-03-31": "0.98160", "2015-12-31": "0.52940", "2015-09-30": "0.76670", "2015-06-30": "0.79600", "2015-03-31": "0.73300", "2014-12-31": "1.28840", "2014-09-30": "0.62700", "2014-06-30": "0.72880", "2014-03-31": "0.60320", "2013-12-31": "0.53990", "2013-09-30": "0.59070", "2013-06-30": "0.55490", "2013-03-31": "0.47940", "2012-12-31": "-0.06370", "2012-09-30": "0.46820", "2012-06-30": "0.31030", "2012-03-31": "0.44840", "2011-12-31": "0.03460", "2011-09-30": "0.27090", "2011-06-30": "0.43070", "2011-03-31": "0.17570", "2010-12-31": "-0.86720", "2010-09-30": "0.33550", "2010-06-30": "0.34330", "2010-03-31": "0.26790", "2009-12-31": "0.67650", "2009-09-30": "-1.76040", "2009-06-30": "-0.30310", "2009-03-31": "0.49020", "2008-12-31": "0.27630", "2008-09-30": "1.05560", "2008-06-30": "0.74410", "2008-03-31": "0.74830", "2007-12-31": "1.27990", "2007-09-30": "0.91710", "2007-06-30": "0.74320", "2007-03-31": "1.48680", "2006-12-31": "0.98980", "2006-09-30": "1.15680", "2006-06-30": "0.89600", "2006-03-31": "1.07710", "2005-12-31": "0.55170", "2005-09-30": "0.46280", "2005-06-30": "0.96780", "2005-03-31": "0.84550"}, "ROI - Return On Investment": {"2020-09-30": "0.13180", "2020-06-30": "0.18660", "2020-03-31": "-0.23180", "2019-12-31": "0.40290", "2019-09-30": "0.56660", "2019-06-30": "0.52530", "2019-03-31": "0.90710", "2018-12-31": "0.78440", "2018-09-30": "0.68680", "2018-06-30": "0.46720", "2018-03-31": "0.51180", "2017-12-31": "0.87970", "2017-09-30": "0.62460", "2017-06-30": "0.44720", "2017-03-31": "-0.20770", "2016-12-31": "1.98390", "2016-09-30": "0.03630", "2016-06-30": "0.95780", "2016-03-31": "1.03910", "2015-12-31": "0.56110", "2015-09-30": "0.81340", "2015-06-30": "0.83680", "2015-03-31": "0.77530", "2014-12-31": "1.36630", "2014-09-30": "0.66410", "2014-06-30": "0.76560", "2014-03-31": "0.63360", "2013-12-31": "0.56860", "2013-09-30": "0.62180", "2013-06-30": "0.58050", "2013-03-31": "0.49950", "2012-12-31": "-0.06650", "2012-09-30": "0.48900", "2012-06-30": "0.32190", "2012-03-31": "0.46430", "2011-12-31": "0.03590", "2011-09-30": "0.28110", "2011-06-30": "0.44640", "2011-03-31": "0.18200", "2010-12-31": "-0.90240", "2010-09-30": "0.34960", "2010-06-30": "0.35590", "2010-03-31": "0.27740", "2009-12-31": "0.70200", "2009-09-30": "-1.83120", "2009-06-30": "-0.32010", "2009-03-31": "0.52240", "2008-12-31": "0.29370", "2008-09-30": "1.12050", "2008-06-30": "0.78920", "2008-03-31": "0.79510", "2007-12-31": "1.36770", "2007-09-30": "0.98500", "2007-06-30": "0.79720", "2007-03-31": "1.58850", "2006-12-31": "1.06000", "2006-09-30": "1.24060", "2006-06-30": "0.96190", "2006-03-31": "1.14270", "2005-12-31": "0.58630", "2005-09-30": "0.48980", "2005-06-30": "1.04440", "2005-03-31": "0.91050"}, "Book Value Per Share": {"2020-09-30": "36.12810", "2020-06-30": "36.62690", "2020-03-31": "37.09400", "2019-12-31": "37.63490", "2019-09-30": "37.93430", "2019-06-30": "38.01260", "2019-03-31": "38.31560", "2018-12-31": "38.50530", "2018-09-30": "38.75780", "2018-06-30": "38.85620", "2018-03-31": "39.07680", "2017-12-31": "39.37510", "2017-09-30": "39.09770", "2017-06-30": "39.67200", "2017-03-31": "39.85520", "2016-12-31": "25.19950", "2016-09-30": "24.96740", "2016-06-30": "22.13380", "2016-03-31": "21.41740", "2015-12-31": "21.51580", "2015-09-30": "20.35310", "2015-06-30": "20.33180", "2015-03-31": "20.22670", "2014-12-31": "20.67060", "2014-09-30": "20.19060", "2014-06-30": "19.77810", "2014-03-31": "20.02700", "2013-12-31": "20.23850", "2013-09-30": "19.97750", "2013-06-30": "19.97550", "2013-03-31": "19.49940", "2012-12-31": "19.38630", "2012-09-30": "20.14780", "2012-06-30": "20.28340", "2012-03-31": "20.58400", "2011-12-31": "20.87060", "2011-09-30": "21.18190", "2011-06-30": "21.30860", "2011-03-31": "21.55890", "2010-12-31": "21.39320", "2010-09-30": "22.35660", "2010-06-30": "22.78540", "2010-03-31": "23.43830", "2009-12-31": "23.83390", "2009-09-30": "23.67350", "2009-06-30": "24.51190", "2009-03-31": "24.11520", "2008-12-31": "25.16220", "2008-09-30": "26.27800", "2008-06-30": "26.26010", "2008-03-31": "26.32000", "2007-12-31": "26.46170", "2007-09-30": "24.74020", "2007-06-30": "25.05410", "2007-03-31": "24.90180", "2006-12-31": "26.85270", "2006-09-30": "26.48890", "2006-06-30": "26.62110", "2006-03-31": "26.57840", "2005-12-31": "26.31940", "2005-09-30": "26.18030", "2005-06-30": "23.76690", "2005-03-31": "23.80340"}, "Operating Cash Flow Per Share": {"2020-09-30": 0.9247, "2020-06-30": 0.5307, "2020-03-31": "0.74850", "2019-12-31": 0.9084, "2019-09-30": 1.0721, "2019-06-30": 0.9394, "2019-03-31": "0.78320", "2018-12-31": 0.8516, "2018-09-30": 0.963, "2018-06-30": 0.8968, "2018-03-31": "0.87660", "2017-12-31": 0.9105, "2017-09-30": 0.9874, "2017-06-30": 0.7812, "2017-03-31": "0.25780", "2016-12-31": 0.7727, "2016-09-30": 0.621, "2016-06-30": 0.7557, "2016-03-31": "0.78470", "2015-12-31": 0.7139, "2015-09-30": 0.9433, "2015-06-30": 0.7683, "2015-03-31": "0.57990", "2014-12-31": 0.6483, "2014-09-30": 1.0577, "2014-06-30": 0.7328, "2014-03-31": "0.56690", "2013-12-31": 0.5634, "2013-09-30": 0.9845, "2013-06-30": 0.7382, "2013-03-31": "0.45690", "2012-12-31": 0.6819, "2012-09-30": 0.9439, "2012-06-30": 0.7601, "2012-03-31": "0.48260", "2011-12-31": 0.4218, "2011-09-30": 0.9029, "2011-06-30": 0.5596, "2011-03-31": "0.58150", "2010-12-31": 0.0964, "2010-09-30": 0.5521, "2010-06-30": 0.4929, "2010-03-31": "0.53480", "2009-12-31": 0.5218, "2009-09-30": 0.6966, "2009-06-30": 0.7697, "2009-03-31": "0.57120", "2008-12-31": 0.4646, "2008-09-30": 1.0433, "2008-06-30": 1.0594, "2008-03-31": "0.57890", "2007-12-31": 0.6706, "2007-09-30": 0.7325, "2007-06-30": 1.2069, "2007-03-31": "0.54280", "2006-12-31": 0.7146, "2006-09-30": 0.787, "2006-06-30": 1.153, "2006-03-31": "0.43840", "2005-12-31": 0.9722, "2005-09-30": 0.6452, "2005-06-30": 1.2268, "2005-03-31": "0.31920"}, "Free Cash Flow Per Share": {"2020-09-30": 0.6809, "2020-06-30": 0.2327, "2020-03-31": "0.31330", "2019-12-31": 0.4791, "2019-09-30": -0.3605, "2019-06-30": 0.6217, "2019-03-31": "0.44400", "2018-12-31": 0.5517, "2018-09-30": 0.6599, "2018-06-30": 0.0901, "2018-03-31": "0.45520", "2017-12-31": -0.6412, "2017-09-30": 0.501, "2017-06-30": 0.3398, "2017-03-31": "-0.24160", "2016-12-31": -0.2375, "2016-09-30": -0.1605, "2016-06-30": -2.4954, "2016-03-31": "0.22520", "2015-12-31": 0.1532, "2015-09-30": 0.0714, "2015-06-30": 0.1585, "2015-03-31": "-0.01250", "2014-12-31": -0.3447, "2014-09-30": 0.1415, "2014-06-30": 0.2128, "2014-03-31": "-0.79540", "2013-12-31": -0.8941, "2013-09-30": 0.1416, "2013-06-30": -0.1169, "2013-03-31": "0.09990", "2012-12-31": -0.9355, "2012-09-30": -0.1169, "2012-06-30": -0.0987, "2012-03-31": "0.44410", "2011-12-31": 0.1196, "2011-09-30": -0.1044, "2011-06-30": 0.2939, "2011-03-31": "0.42660", "2010-12-31": -0.3829, "2010-09-30": 0.2146, "2010-06-30": 0.3052, "2010-03-31": "0.44420", "2009-12-31": 2.5146, "2009-09-30": 0.3936, "2009-06-30": 0.2293, "2009-03-31": "-0.09040", "2008-12-31": -0.1969, "2008-09-30": -0.6038, "2008-06-30": -0.6699, "2008-03-31": "-0.96420", "2007-12-31": -1.3946, "2007-09-30": -0.9983, "2007-06-30": -2.5684, "2007-03-31": "-1.74740", "2006-12-31": -0.6753, "2006-09-30": -1.3316, "2006-06-30": -0.3246, "2006-03-31": "-0.69860", "2005-12-31": -0.7754, "2005-09-30": -0.8012, "2005-06-30": 0.296, "2005-03-31": "-0.58690"}}, "revenue": {"Regency Centers Annual Revenue (Millions of US $)": {"2019": "$1,133", "2018": "$1,121", "2017": "$984", "2016": "$614", "2015": "$570", "2014": "$538", "2013": "$489", "2012": "$474", "2011": "$470", "2010": "$468", "2009": "$479", "2008": "$495", "2007": "$436", "2006": "$404", "2005": "$384"}, "Regency Centers Quarterly Revenue (Millions of US $)": {"2020-09-30": "$243", "2020-06-30": "$231", "2020-03-31": "$284", "2019-12-31": "$289", "2019-09-30": "$282", "2019-06-30": "$276", "2019-03-31": "$286", "2018-12-31": "$285", "2018-09-30": "$278", "2018-06-30": "$281", "2018-03-31": "$277", "2017-12-31": "$265", "2017-09-30": "$262", "2017-06-30": "$261", "2017-03-31": "$196", "2016-12-31": "$160", "2016-09-30": "$153", "2016-06-30": "$152", "2016-03-31": "$150", "2015-12-31": "$146", "2015-09-30": "$142", "2015-06-30": "$141", "2015-03-31": "$140", "2014-12-31": "$136", "2014-09-30": "$134", "2014-06-30": "$135", "2014-03-31": "$133", "2013-12-31": "$126", "2013-09-30": "$120", "2013-06-30": "$122", "2013-03-31": "$120", "2012-12-31": "$105", "2012-09-30": "$116", "2012-06-30": "$127", "2012-03-31": "$126", "2011-12-31": "$98", "2011-09-30": "$123", "2011-06-30": "$125", "2011-03-31": "$124", "2010-12-31": "$102", "2010-09-30": "$121", "2010-06-30": "$121", "2010-03-31": "$124", "2009-12-31": "$111", "2009-09-30": "$132", "2009-06-30": "$115", "2009-03-31": "$120", "2008-12-31": "$137", "2008-09-30": "$121", "2008-06-30": "$121", "2008-03-31": "$116", "2007-12-31": "$107", "2007-09-30": "$115", "2007-06-30": "$108", "2007-03-31": "$106", "2006-12-31": "$96", "2006-09-30": "$103", "2006-06-30": "$105", "2006-03-31": "$100", "2005-12-31": "$90", "2005-09-30": "$90", "2005-06-30": "$108", "2005-03-31": "$96"}}, "gross-profit": {"Regency Centers Annual Gross Profit (Millions of US $)": {"2019": "$827", "2018": "$815", "2017": "$731", "2016": "$453", "2015": "$425", "2014": "$401", "2013": "$364", "2012": "$354", "2011": "$350", "2010": "$348", "2009": "$362", "2008": "$387", "2007": "$338", "2006": "$315", "2005": "$296"}, "Regency Centers Quarterly Gross Profit (Millions of US $)": {"2020-09-30": "$166", "2020-06-30": "$154", "2020-03-31": "$205", "2019-12-31": "$209", "2019-09-30": "$207", "2019-06-30": "$200", "2019-03-31": "$211", "2018-12-31": "$201", "2018-09-30": "$203", "2018-06-30": "$208", "2018-03-31": "$204", "2017-12-31": "$195", "2017-09-30": "$195", "2017-06-30": "$196", "2017-03-31": "$145", "2016-12-31": "$118", "2016-09-30": "$112", "2016-06-30": "$112", "2016-03-31": "$111", "2015-12-31": "$109", "2015-09-30": "$106", "2015-06-30": "$105", "2015-03-31": "$104", "2014-12-31": "$102", "2014-09-30": "$101", "2014-06-30": "$100", "2014-03-31": "$98", "2013-12-31": "$93", "2013-09-30": "$90", "2013-06-30": "$91", "2013-03-31": "$90", "2012-12-31": "$79", "2012-09-30": "$87", "2012-06-30": "$96", "2012-03-31": "$93", "2011-12-31": "$73", "2011-09-30": "$92", "2011-06-30": "$94", "2011-03-31": "$91", "2010-12-31": "$77", "2010-09-30": "$90", "2010-06-30": "$90", "2010-03-31": "$92", "2009-12-31": "$85", "2009-09-30": "$102", "2009-06-30": "$86", "2009-03-31": "$90", "2008-12-31": "$111", "2008-09-30": "$94", "2008-06-30": "$94", "2008-03-31": "$89", "2007-12-31": "$83", "2007-09-30": "$90", "2007-06-30": "$83", "2007-03-31": "$82", "2006-12-31": "$74", "2006-09-30": "$80", "2006-06-30": "$82", "2006-03-31": "$78", "2005-12-31": "$69", "2005-09-30": "$68", "2005-06-30": "$85", "2005-03-31": "$73"}}, "operating-income": {"Regency Centers Annual Operating Income (Millions of US $)": {"2019": "$370", "2018": "$380", "2017": "$240", "2016": "$211", "2015": "$205", "2014": "$185", "2013": "$164", "2012": "$166", "2011": "$166", "2010": "$162", "2009": "$178", "2008": "$218", "2007": "$188", "2006": "$172", "2005": "$178"}, "Regency Centers Quarterly Operating Income (Millions of US $)": {"2020-09-30": "$60", "2020-06-30": "$46", "2020-03-31": "$-31", "2019-12-31": "$96", "2019-09-30": "$97", "2019-06-30": "$86", "2019-03-31": "$92", "2018-12-31": "$91", "2018-09-30": "$94", "2018-06-30": "$99", "2018-03-31": "$96", "2017-12-31": "$78", "2017-09-30": "$85", "2017-06-30": "$80", "2017-03-31": "$-4", "2016-12-31": "$50", "2016-09-30": "$55", "2016-06-30": "$53", "2016-03-31": "$54", "2015-12-31": "$49", "2015-09-30": "$53", "2015-06-30": "$52", "2015-03-31": "$51", "2014-12-31": "$46", "2014-09-30": "$48", "2014-06-30": "$47", "2014-03-31": "$44", "2013-12-31": "$40", "2013-09-30": "$42", "2013-06-30": "$43", "2013-03-31": "$39", "2012-12-31": "$34", "2012-09-30": "$42", "2012-06-30": "$49", "2012-03-31": "$43", "2011-12-31": "$36", "2011-09-30": "$46", "2011-06-30": "$45", "2011-03-31": "$40", "2010-12-31": "$36", "2010-09-30": "$39", "2010-06-30": "$44", "2010-03-31": "$42", "2009-12-31": "$37", "2009-09-30": "$54", "2009-06-30": "$41", "2009-03-31": "$45", "2008-12-31": "$63", "2008-09-30": "$52", "2008-06-30": "$54", "2008-03-31": "$49", "2007-12-31": "$41", "2007-09-30": "$52", "2007-06-30": "$47", "2007-03-31": "$48", "2006-12-31": "$31", "2006-09-30": "$48", "2006-06-30": "$49", "2006-03-31": "$43", "2005-12-31": "$41", "2005-09-30": "$39", "2005-06-30": "$55", "2005-03-31": "$44"}}, "ebitda": {"Regency Centers Annual EBITDA (Millions of US $)": {"2019": "$711", "2018": "$717", "2017": "$560", "2016": "$379", "2015": "$360", "2014": "$340", "2013": "$309", "2012": "$306", "2011": "$313", "2010": "$295", "2009": "$302", "2008": "$330", "2007": "$285", "2006": "$264", "2005": "$266"}, "Regency Centers Quarterly EBITDA (Millions of US $)": {"2020-09-30": "$140", "2020-06-30": "$123", "2020-03-31": "$181", "2019-12-31": "$176", "2019-09-30": "$180", "2019-06-30": "$176", "2019-03-31": "$179", "2018-12-31": "$179", "2018-09-30": "$179", "2018-06-30": "$180", "2018-03-31": "$179", "2017-12-31": "$167", "2017-09-30": "$172", "2017-06-30": "$167", "2017-03-31": "$55", "2016-12-31": "$94", "2016-09-30": "$97", "2016-06-30": "$95", "2016-03-31": "$94", "2015-12-31": "$89", "2015-09-30": "$92", "2015-06-30": "$91", "2015-03-31": "$88", "2014-12-31": "$85", "2014-09-30": "$86", "2014-06-30": "$85", "2014-03-31": "$84", "2013-12-31": "$76", "2013-09-30": "$79", "2013-06-30": "$78", "2013-03-31": "$75", "2012-12-31": "$67", "2012-09-30": "$75", "2012-06-30": "$85", "2012-03-31": "$79", "2011-12-31": "$72", "2011-09-30": "$83", "2011-06-30": "$80", "2011-03-31": "$78", "2010-12-31": "$70", "2010-09-30": "$73", "2010-06-30": "$77", "2010-03-31": "$75", "2009-12-31": "$69", "2009-09-30": "$87", "2009-06-30": "$71", "2009-03-31": "$74", "2008-12-31": "$92", "2008-09-30": "$80", "2008-06-30": "$82", "2008-03-31": "$76", "2007-12-31": "$67", "2007-09-30": "$78", "2007-06-30": "$70", "2007-03-31": "$70", "2006-12-31": "$55", "2006-09-30": "$72", "2006-06-30": "$72", "2006-03-31": "$65", "2005-12-31": "$62", "2005-09-30": "$60", "2005-06-30": "$77", "2005-03-31": "$67"}}, "net-income": {"Regency Centers Annual Net Income (Millions of US $)": {"2019": "$239", "2018": "$249", "2017": "$160", "2016": "$144", "2015": "$129", "2014": "$166", "2013": "$129", "2012": "$-7", "2011": "$32", "2010": "$-11", "2009": "$-53", "2008": "$117", "2007": "$184", "2006": "$199", "2005": "$146"}, "Regency Centers Quarterly Net Income (Millions of US $)": {"2020-09-30": "$13", "2020-06-30": "$19", "2020-03-31": "$-25", "2019-12-31": "$40", "2019-09-30": "$57", "2019-06-30": "$52", "2019-03-31": "$90", "2018-12-31": "$79", "2018-09-30": "$70", "2018-06-30": "$48", "2018-03-31": "$53", "2017-12-31": "$85", "2017-09-30": "$60", "2017-06-30": "$48", "2017-03-31": "$-33", "2016-12-31": "$56", "2016-09-30": "$5", "2016-06-30": "$35", "2016-03-31": "$48", "2015-12-31": "$18", "2015-09-30": "$54", "2015-06-30": "$32", "2015-03-31": "$25", "2014-12-31": "$74", "2014-09-30": "$48", "2014-06-30": "$25", "2014-03-31": "$19", "2013-12-31": "$46", "2013-09-30": "$35", "2013-06-30": "$32", "2013-03-31": "$16", "2012-12-31": "$-37", "2012-09-30": "$12", "2012-06-30": "$6", "2012-03-31": "$13", "2011-12-31": "$8", "2011-09-30": "$9", "2011-06-30": "$13", "2011-03-31": "$2", "2010-12-31": "$-38", "2010-09-30": "$8", "2010-06-30": "$8", "2010-03-31": "$11", "2009-12-31": "$29", "2009-09-30": "$-84", "2009-06-30": "$-17", "2009-03-31": "$20", "2008-12-31": "$14", "2008-09-30": "$44", "2008-06-30": "$32", "2008-03-31": "$27", "2007-12-31": "$51", "2007-09-30": "$37", "2007-06-30": "$44", "2007-03-31": "$52", "2006-12-31": "$61", "2006-09-30": "$39", "2006-06-30": "$32", "2006-03-31": "$66", "2005-12-31": "$43", "2005-09-30": "$28", "2005-06-30": "$40", "2005-03-31": "$35"}}, "eps-earnings-per-share-diluted": {"Regency Centers Annual EPS": {"2019": "$1.43", "2018": "$1.46", "2017": "$1.00", "2016": "$1.42", "2015": "$1.36", "2014": "$1.80", "2013": "$1.40", "2012": "$-0.08", "2011": "$0.35", "2010": "$-0.14", "2009": "$-0.70", "2008": "$1.66", "2007": "$2.65", "2006": "$2.89", "2005": "$2.23"}, "Regency Centers Quarterly EPS": {"2020-09-30": "$0.07", "2020-06-30": "$0.11", "2020-03-31": "$-0.15", "2019-12-31": "$0.24", "2019-09-30": "$0.34", "2019-06-30": "$0.31", "2019-03-31": "$0.54", "2018-12-31": "$0.46", "2018-09-30": "$0.41", "2018-06-30": "$0.28", "2018-03-31": "$0.31", "2017-12-31": "$0.63", "2017-09-30": "$0.35", "2017-06-30": "$0.28", "2017-03-31": "$-0.26", "2016-12-31": "$0.53", "2016-09-30": "$0.05", "2016-06-30": "$0.35", "2016-03-31": "$0.49", "2015-12-31": "$0.18", "2015-09-30": "$0.57", "2015-06-30": "$0.34", "2015-03-31": "$0.27", "2014-12-31": "$0.79", "2014-09-30": "$0.52", "2014-06-30": "$0.28", "2014-03-31": "$0.21", "2013-12-31": "$0.50", "2013-09-30": "$0.38", "2013-06-30": "$0.35", "2013-03-31": "$0.17", "2012-12-31": "$-0.41", "2012-09-30": "$0.13", "2012-06-30": "$0.06", "2012-03-31": "$0.14", "2011-12-31": "$0.10", "2011-09-30": "$0.09", "2011-06-30": "$0.14", "2011-03-31": "$0.02", "2010-12-31": "$-0.46", "2010-09-30": "$0.09", "2010-06-30": "$0.09", "2010-03-31": "$0.14", "2009-12-31": "$0.30", "2009-09-30": "$-1.05", "2009-06-30": "$-0.23", "2009-03-31": "$0.28", "2008-12-31": "$0.20", "2008-09-30": "$0.63", "2008-06-30": "$0.45", "2008-03-31": "$0.38", "2007-12-31": "$0.73", "2007-09-30": "$0.53", "2007-06-30": "$0.64", "2007-03-31": "$0.75", "2006-12-31": "$0.88", "2006-09-30": "$0.57", "2006-06-30": "$0.47", "2006-03-31": "$0.97", "2005-12-31": "$0.64", "2005-09-30": "$0.41", "2005-06-30": "$0.63", "2005-03-31": "$0.55"}}, "shares-outstanding": {"Regency Centers Annual Shares Outstanding (Millions of Shares)": {"2019": "168", "2018": "170", "2017": "160", "2016": "101", "2015": "95", "2014": "92", "2013": "91", "2012": "90", "2011": "88", "2010": "83", "2009": "77", "2008": "70", "2007": "69", "2006": "68", "2005": "65"}, "Regency Centers Quarterly Shares Outstanding (Millions of Shares)": {"2020-09-30": "170", "2020-06-30": "170", "2020-03-31": "168", "2019-12-31": "168", "2019-09-30": "168", "2019-06-30": "168", "2019-03-31": "168", "2018-12-31": "170", "2018-09-30": "170", "2018-06-30": "170", "2018-03-31": "171", "2017-12-31": "160", "2017-09-30": "170", "2017-06-30": "170", "2017-03-31": "127", "2016-12-31": "101", "2016-09-30": "104", "2016-06-30": "98", "2016-03-31": "98", "2015-12-31": "95", "2015-09-30": "95", "2015-06-30": "95", "2015-03-31": "94", "2014-12-31": "92", "2014-09-30": "92", "2014-06-30": "92", "2014-03-31": "92", "2013-12-31": "91", "2013-09-30": "92", "2013-06-30": "91", "2013-03-31": "90", "2012-12-31": "90", "2012-09-30": "90", "2012-06-30": "90", "2012-03-31": "90", "2011-12-31": "88", "2011-09-30": "90", "2011-06-30": "89", "2011-03-31": "85", "2010-12-31": "83", "2010-09-30": "83", "2010-06-30": "83", "2010-03-31": "82", "2009-12-31": "77", "2009-09-30": "80", "2009-06-30": "77", "2009-03-31": "70", "2008-12-31": "70", "2008-09-30": "70", "2008-06-30": "70", "2008-03-31": "69", "2007-12-31": "69", "2007-09-30": "69", "2007-06-30": "69", "2007-03-31": "69", "2006-12-31": "68", "2006-09-30": "69", "2006-06-30": "68", "2006-03-31": "68", "2005-12-31": "65", "2005-09-30": "66", "2005-06-30": "64", "2005-03-31": "63"}}, "total-assets": {"Regency Centers Annual Total Assets (Millions of US $)": {"2019": "$11,132", "2018": "$10,945", "2017": "$11,146", "2016": "$4,489", "2015": "$4,183", "2014": "$4,197", "2013": "$3,914", "2012": "$3,853", "2011": "$3,987", "2010": "$3,995", "2009": "$3,974", "2008": "$4,142", "2007": "$4,115", "2006": "$3,672", "2005": "$3,616"}, "Regency Centers Quarterly Total Assets (Millions of US $)": {"2020-09-30": "$10,987", "2020-06-30": "$11,386", "2020-03-31": "$11,568", "2019-12-31": "$11,132", "2019-09-30": "$11,173", "2019-06-30": "$10,947", "2019-03-31": "$11,018", "2018-12-31": "$10,945", "2018-09-30": "$11,057", "2018-06-30": "$11,182", "2018-03-31": "$11,234", "2017-12-31": "$11,146", "2017-09-30": "$11,119", "2017-06-30": "$11,192", "2017-03-31": "$11,136", "2016-12-31": "$4,489", "2016-09-30": "$4,458", "2016-06-30": "$4,437", "2016-03-31": "$4,147", "2015-12-31": "$4,183", "2015-09-30": "$4,171", "2015-06-30": "$4,098", "2015-03-31": "$4,118", "2014-12-31": "$4,197", "2014-09-30": "$4,128", "2014-06-30": "$4,044", "2014-03-31": "$4,036", "2013-12-31": "$3,914", "2013-09-30": "$3,897", "2013-06-30": "$3,900", "2013-03-31": "$3,861", "2012-12-31": "$3,853", "2012-09-30": "$3,798", "2012-06-30": "$4,026", "2012-03-31": "$4,005", "2011-12-31": "$3,987", "2011-09-30": "$4,096", "2011-06-30": "$4,020", "2011-03-31": "$3,991", "2010-12-31": "$3,995", "2010-09-30": "$3,994", "2010-06-30": "$4,023", "2010-03-31": "$3,933", "2009-12-31": "$3,974", "2009-09-30": "$4,171", "2009-06-30": "$4,256", "2009-03-31": "$4,208", "2008-12-31": "$4,142", "2008-09-30": "$4,221", "2008-06-30": "$4,276", "2008-03-31": "$4,196", "2007-12-31": "$4,115", "2007-09-30": "$4,093", "2007-06-30": "$3,990", "2007-03-31": "$3,777", "2006-12-31": "$3,672", "2006-09-30": "$3,704", "2006-06-30": "$3,660", "2006-03-31": "$3,571", "2005-12-31": "$3,616", "2005-09-30": "$3,558", "2005-06-30": "$3,526", "2005-03-31": "$3,196"}}, "cash-on-hand": {"Regency Centers Annual Cash on Hand (Millions of US $)": {"2019": "$116", "2018": "$45", "2017": "$49", "2016": "$18", "2015": "$41", "2014": "$122", "2013": "$90", "2012": "$29", "2011": "$17", "2010": "$22", "2009": "$99", "2008": "$22", "2007": "$19", "2006": "$34", "2005": "$42"}, "Regency Centers Quarterly Cash on Hand (Millions of US $)": {"2020-09-30": "$281", "2020-06-30": "$587", "2020-03-31": "$737", "2019-12-31": "$116", "2019-09-30": "$47", "2019-06-30": "$37", "2019-03-31": "$43", "2018-12-31": "$45", "2018-09-30": "$44", "2018-06-30": "$43", "2018-03-31": "$94", "2017-12-31": "$49", "2017-09-30": "$31", "2017-06-30": "$105", "2017-03-31": "$45", "2016-12-31": "$18", "2016-09-30": "$45", "2016-06-30": "$28", "2016-03-31": "$31", "2015-12-31": "$41", "2015-09-30": "$29", "2015-06-30": "$34", "2015-03-31": "$43", "2014-12-31": "$122", "2014-09-30": "$110", "2014-06-30": "$46", "2014-03-31": "$44", "2013-12-31": "$90", "2013-09-30": "$68", "2013-06-30": "$64", "2013-03-31": "$28", "2012-12-31": "$29", "2012-09-30": "$27", "2012-06-30": "$29", "2012-03-31": "$34", "2011-12-31": "$17", "2011-09-30": "$21", "2011-06-30": "$18", "2011-03-31": "$66", "2010-12-31": "$22", "2010-09-30": "$39", "2010-06-30": "$106", "2010-03-31": "$120", "2009-12-31": "$99", "2009-09-30": "$174", "2009-06-30": "$127", "2009-03-31": "$25", "2008-12-31": "$22", "2008-09-30": "$26", "2008-06-30": "$42", "2008-03-31": "$29", "2007-12-31": "$19", "2007-09-30": "$34", "2007-06-30": "$55", "2007-03-31": "$29", "2006-12-31": "$34", "2006-09-30": "$38", "2006-06-30": "$37", "2006-03-31": "$88", "2005-12-31": "$42", "2005-09-30": "$31", "2005-06-30": "$26", "2005-03-31": "$54"}}, "long-term-debt": {"Regency Centers Annual Long Term Debt (Millions of US $)": {"2019": "$3,920", "2018": "$3,715", "2017": "$3,595", "2016": "$1,642", "2015": "$1,864", "2014": "$2,021", "2013": "$1,855", "2012": "$1,942", "2011": "$1,982", "2010": "$2,094", "2009": "$1,886", "2008": "$2,136", "2007": "$2,008", "2006": "$1,575", "2005": "$1,614"}, "Regency Centers Quarterly Long Term Debt (Millions of US $)": {"2020-09-30": "$3,989", "2020-06-30": "$4,293", "2020-03-31": "$4,415", "2019-12-31": "$3,920", "2019-09-30": "$3,887", "2019-06-30": "$3,678", "2019-03-31": "$3,684", "2018-12-31": "$3,715", "2018-09-30": "$3,717", "2018-06-30": "$3,832", "2018-03-31": "$3,840", "2017-12-31": "$3,595", "2017-09-30": "$3,522", "2017-06-30": "$3,508", "2017-03-31": "$3,407", "2016-12-31": "$1,642", "2016-09-30": "$1,628", "2016-06-30": "$1,984", "2016-03-31": "$1,835", "2015-12-31": "$1,864", "2015-09-30": "$2,024", "2015-06-30": "$1,989", "2015-03-31": "$1,995", "2014-12-31": "$2,021", "2014-09-30": "$2,023", "2014-06-30": "$2,031", "2014-03-31": "$2,001", "2013-12-31": "$1,855", "2013-09-30": "$1,864", "2013-06-30": "$1,892", "2013-03-31": "$1,930", "2012-12-31": "$1,942", "2012-09-30": "$1,821", "2012-06-30": "$2,063", "2012-03-31": "$2,023", "2011-12-31": "$1,982", "2011-09-30": "$2,050", "2011-06-30": "$1,970", "2011-03-31": "$1,922", "2010-12-31": "$2,094", "2010-09-30": "$2,003", "2010-06-30": "$2,015", "2010-03-31": "$1,887", "2009-12-31": "$1,886", "2009-09-30": "$2,108", "2009-06-30": "$2,069", "2009-03-31": "$2,260", "2008-12-31": "$2,136", "2008-09-30": "$2,137", "2008-06-30": "$2,195", "2008-03-31": "$2,109", "2007-12-31": "$2,008", "2007-09-30": "$1,952", "2007-06-30": "$1,841", "2007-03-31": "$1,675", "2006-12-31": "$1,575", "2006-09-30": "$1,629", "2006-06-30": "$1,580", "2006-03-31": "$1,547", "2005-12-31": "$1,614", "2005-09-30": "$1,585", "2005-06-30": "$1,763", "2005-03-31": "$1,466"}}, "total-liabilities": {"Regency Centers Annual Total Liabilities (Millions of US $)": {"2019": "$4,842", "2018": "$4,494", "2017": "$4,413", "2016": "$1,864", "2015": "$2,100", "2014": "$2,261", "2013": "$2,052", "2012": "$2,108", "2011": "$2,117", "2010": "$2,250", "2009": "$2,030", "2008": "$2,380", "2007": "$2,272", "2006": "$1,818", "2005": "$1,827"}, "Regency Centers Quarterly Total Liabilities (Millions of US $)": {"2020-09-30": "$4,874", "2020-06-30": "$5,189", "2020-03-31": "$5,293", "2019-12-31": "$4,842", "2019-09-30": "$4,833", "2019-06-30": "$4,594", "2019-03-31": "$4,615", "2018-12-31": "$4,494", "2018-09-30": "$4,505", "2018-06-30": "$4,613", "2018-03-31": "$4,628", "2017-12-31": "$4,413", "2017-09-30": "$4,482", "2017-06-30": "$4,458", "2017-03-31": "$4,371", "2016-12-31": "$1,864", "2016-09-30": "$1,858", "2016-06-30": "$2,235", "2016-03-31": "$2,065", "2015-12-31": "$2,100", "2015-09-30": "$2,263", "2015-06-30": "$2,188", "2015-03-31": "$2,220", "2014-12-31": "$2,261", "2014-09-30": "$2,254", "2014-06-30": "$2,225", "2014-03-31": "$2,194", "2013-12-31": "$2,052", "2013-09-30": "$2,059", "2013-06-30": "$2,064", "2013-03-31": "$2,086", "2012-12-31": "$2,108", "2012-09-30": "$1,984", "2012-06-30": "$2,208", "2012-03-31": "$2,160", "2011-12-31": "$2,117", "2011-09-30": "$2,198", "2011-06-30": "$2,112", "2011-03-31": "$2,061", "2010-12-31": "$2,250", "2010-09-30": "$2,163", "2010-06-30": "$2,158", "2010-03-31": "$2,021", "2009-12-31": "$2,030", "2009-09-30": "$2,270", "2009-06-30": "$2,294", "2009-03-31": "$2,520", "2008-12-31": "$2,380", "2008-09-30": "$2,382", "2008-06-30": "$2,439", "2008-03-31": "$2,355", "2007-12-31": "$2,272", "2007-09-30": "$2,234", "2007-06-30": "$2,111", "2007-03-31": "$1,917", "2006-12-31": "$1,818", "2006-09-30": "$1,879", "2006-06-30": "$1,830", "2006-03-31": "$1,752", "2005-12-31": "$1,827", "2005-09-30": "$1,781", "2005-06-30": "$2,022", "2005-03-31": "$1,694"}}, "total-share-holder-equity": {"Regency Centers Annual Share Holder Equity (Millions of US $)": {"2019": "$6,290", "2018": "$6,450", "2017": "$6,733", "2016": "$2,625", "2015": "$2,083", "2014": "$1,936", "2013": "$1,861", "2012": "$1,746", "2011": "$1,870", "2010": "$1,744", "2009": "$1,943", "2008": "$1,762", "2007": "$1,843", "2006": "$1,853", "2005": "$1,789"}, "Regency Centers Quarterly Share Holder Equity (Millions of US $)": {"2020-09-30": "$6,113", "2020-06-30": "$6,197", "2020-03-31": "$6,275", "2019-12-31": "$6,290", "2019-09-30": "$6,340", "2019-06-30": "$6,353", "2019-03-31": "$6,403", "2018-12-31": "$6,450", "2018-09-30": "$6,552", "2018-06-30": "$6,569", "2018-03-31": "$6,605", "2017-12-31": "$6,733", "2017-09-30": "$6,637", "2017-06-30": "$6,734", "2017-03-31": "$6,765", "2016-12-31": "$2,625", "2016-09-30": "$2,600", "2016-06-30": "$2,202", "2016-03-31": "$2,082", "2015-12-31": "$2,083", "2015-09-30": "$1,908", "2015-06-30": "$1,910", "2015-03-31": "$1,899", "2014-12-31": "$1,936", "2014-09-30": "$1,874", "2014-06-30": "$1,818", "2014-03-31": "$1,841", "2013-12-31": "$1,861", "2013-09-30": "$1,837", "2013-06-30": "$1,836", "2013-03-31": "$1,776", "2012-12-31": "$1,746", "2012-09-30": "$1,814", "2012-06-30": "$1,818", "2012-03-31": "$1,845", "2011-12-31": "$1,870", "2011-09-30": "$1,897", "2011-06-30": "$1,909", "2011-03-31": "$1,930", "2010-12-31": "$1,744", "2010-09-30": "$1,830", "2010-06-30": "$1,865", "2010-03-31": "$1,912", "2009-12-31": "$1,943", "2009-09-30": "$1,901", "2009-06-30": "$1,962", "2009-03-31": "$1,689", "2008-12-31": "$1,762", "2008-09-30": "$1,839", "2008-06-30": "$1,837", "2008-03-31": "$1,840", "2007-12-31": "$1,843", "2007-09-30": "$1,859", "2007-06-30": "$1,879", "2007-03-31": "$1,860", "2006-12-31": "$1,853", "2006-09-30": "$1,825", "2006-06-30": "$1,829", "2006-03-31": "$1,819", "2005-12-31": "$1,789", "2005-09-30": "$1,777", "2005-06-30": "$1,504", "2005-03-31": "$1,502"}}, "profit-margins": {"current": "4.51%"}, "gross margin": {"2020-09-30": "70.11%", "2020-06-30": "71.36%", "2020-03-31": "72.59%", "2019-12-31": "72.99%", "2019-09-30": "72.54%", "2019-06-30": "72.44%", "2019-03-31": "72.83%", "2018-12-31": "72.79%", "2018-09-30": "73.57%", "2018-06-30": "73.92%", "2018-03-31": "74.18%", "2017-12-31": "74.29%", "2017-09-30": "74.40%", "2017-06-30": "74.16%", "2017-03-31": "73.68%", "2016-12-31": "73.66%", "2016-09-30": "73.88%", "2016-06-30": "74.24%", "2016-03-31": "74.44%", "2015-12-31": "74.52%", "2015-09-30": "74.60%", "2015-06-30": "74.77%", "2015-03-31": "74.68%", "2014-12-31": "74.54%", "2014-09-30": "74.24%", "2014-06-30": "74.12%", "2014-03-31": "74.25%", "2013-12-31": "74.59%", "2013-09-30": "74.95%", "2013-06-30": "74.95%", "2013-03-31": "75.21%", "2012-12-31": "74.89%", "2012-09-30": "74.73%", "2012-06-30": "74.68%", "2012-03-31": "74.58%", "2011-12-31": "74.47%", "2011-09-30": "74.68%", "2011-06-30": "74.58%", "2011-03-31": "74.36%", "2010-12-31": "74.57%", "2010-09-30": "74.84%", "2010-06-30": "75.61%", "2010-03-31": "75.73%", "2009-12-31": "75.94%", "2009-09-30": "77.18%", "2009-06-30": "77.28%", "2009-03-31": "77.96%", "2008-12-31": "78.38%", "2008-09-30": "77.42%", "2008-06-30": "77.56%", "2008-03-31": "77.35%", "2007-12-31": "77.52%", "2007-09-30": "77.41%", "2007-06-30": "77.24%", "2007-03-31": "77.56%", "2006-12-31": "77.72%", "2006-09-30": "77.64%", "2006-06-30": "77.14%", "2006-03-31": "77.32%", "2005-12-31": "76.82%"}, "operating margin": {"2020-09-30": "16.33%", "2020-06-30": "19.15%", "2020-03-31": "21.93%", "2019-12-31": "32.74%", "2019-09-30": "32.42%", "2019-06-30": "32.27%", "2019-03-31": "33.27%", "2018-12-31": "33.90%", "2018-09-30": "33.33%", "2018-06-30": "33.00%", "2018-03-31": "31.83%", "2017-12-31": "24.29%", "2017-09-30": "24.00%", "2017-06-30": "23.51%", "2017-03-31": "23.30%", "2016-12-31": "34.47%", "2016-09-30": "35.11%", "2016-06-30": "35.42%", "2016-03-31": "35.92%", "2015-12-31": "36.03%", "2015-09-30": "36.14%", "2015-06-30": "35.75%", "2015-03-31": "35.23%", "2014-12-31": "34.39%", "2014-09-30": "33.90%", "2014-06-30": "33.66%", "2014-03-31": "33.73%", "2013-12-31": "33.61%", "2013-09-30": "33.83%", "2013-06-30": "34.13%", "2013-03-31": "35.04%", "2012-12-31": "35.44%", "2012-09-30": "36.40%", "2012-06-30": "36.71%", "2012-03-31": "36.02%", "2011-12-31": "35.53%", "2011-09-30": "35.23%", "2011-06-30": "33.90%", "2011-03-31": "33.97%", "2010-12-31": "34.40%", "2010-09-30": "33.96%", "2010-06-30": "36.27%", "2010-03-31": "36.10%", "2009-12-31": "37.03%", "2009-09-30": "40.28%", "2009-06-30": "40.77%", "2009-03-31": "42.89%", "2008-12-31": "44.04%", "2008-09-30": "42.15%", "2008-06-30": "42.70%", "2008-03-31": "42.38%", "2007-12-31": "43.12%", "2007-09-30": "41.88%", "2007-06-30": "42.13%", "2007-03-31": "42.93%", "2006-12-31": "42.33%", "2006-09-30": "45.48%", "2006-06-30": "44.68%", "2006-03-31": "45.88%", "2005-12-31": "46.61%"}, "ebitda margin": {"2020-09-30": "59.22%", "2020-06-30": "60.77%", "2020-03-31": "63.04%", "2019-12-31": "62.75%", "2019-09-30": "63.24%", "2019-06-30": "63.38%", "2019-03-31": "63.45%", "2018-12-31": "63.96%", "2018-09-30": "64.03%", "2018-06-30": "64.33%", "2018-03-31": "64.32%", "2017-12-31": "57.01%", "2017-09-30": "55.52%", "2017-06-30": "53.64%", "2017-03-31": "51.59%", "2016-12-31": "61.79%", "2016-09-30": "62.40%", "2016-06-30": "62.71%", "2016-03-31": "63.21%", "2015-12-31": "63.27%", "2015-09-30": "63.69%", "2015-06-30": "63.52%", "2015-03-31": "63.12%", "2014-12-31": "63.20%", "2014-09-30": "62.69%", "2014-06-30": "63.04%", "2014-03-31": "63.27%", "2013-12-31": "63.11%", "2013-09-30": "64.03%", "2013-06-30": "63.71%", "2013-03-31": "64.53%", "2012-12-31": "64.56%", "2012-09-30": "66.60%", "2012-06-30": "67.30%", "2012-03-31": "66.53%", "2011-12-31": "66.60%", "2011-09-30": "65.61%", "2011-06-30": "63.77%", "2011-03-31": "63.68%", "2010-12-31": "63.03%", "2010-09-30": "61.64%", "2010-06-30": "63.11%", "2010-03-31": "62.66%", "2009-12-31": "62.97%", "2009-09-30": "64.29%", "2009-06-30": "64.30%", "2009-03-31": "65.73%", "2008-12-31": "66.67%", "2008-09-30": "65.59%", "2008-06-30": "66.01%", "2008-03-31": "65.25%", "2007-12-31": "65.37%", "2007-09-30": "64.24%", "2007-06-30": "64.65%", "2007-03-31": "65.61%", "2006-12-31": "65.35%", "2006-09-30": "68.09%", "2006-06-30": "67.27%", "2006-03-31": "68.04%", "2005-12-31": "69.27%"}, "pre tax profit margin": {"2020-09-30": "-2.01%", "2020-06-30": "3.13%", "2020-03-31": "5.66%", "2019-12-31": "16.06%", "2019-09-30": "18.69%", "2019-06-30": "18.76%", "2019-03-31": "18.58%", "2018-12-31": "18.64%", "2018-09-30": "19.07%", "2018-06-30": "18.80%", "2018-03-31": "18.78%", "2017-12-31": "12.91%", "2017-09-30": "14.79%", "2017-06-30": "7.53%", "2017-03-31": "8.02%", "2016-12-31": "18.05%", "2016-09-30": "8.99%", "2016-06-30": "17.12%", "2016-03-31": "16.93%", "2015-12-31": "16.70%", "2015-09-30": "21.65%", "2015-06-30": "20.87%", "2015-03-31": "20.18%", "2014-12-31": "18.96%", "2014-09-30": "13.83%", "2014-06-30": "12.26%", "2014-03-31": "11.58%", "2013-12-31": "11.07%", "2013-09-30": "9.64%", "2013-06-30": "10.37%", "2013-03-31": "7.05%", "2012-12-31": "7.38%", "2012-09-30": "6.21%", "2012-06-30": "4.64%", "2012-03-31": "7.63%", "2011-12-31": "6.60%", "2011-09-30": "1.69%", "2011-06-30": "2.75%", "2011-03-31": "2.14%", "2010-12-31": "2.99%", "2010-09-30": "13.42%", "2010-06-30": "-3.69%", "2010-03-31": "-3.53%", "2009-12-31": "-2.51%", "2009-09-30": "-5.36%", "2009-06-30": "17.65%", "2009-03-31": "21.04%", "2008-12-31": "23.23%", "2008-09-30": "29.89%", "2008-06-30": "28.98%", "2008-03-31": "29.60%", "2007-12-31": "36.01%", "2007-09-30": "36.94%", "2007-06-30": "39.71%", "2007-03-31": "42.20%", "2006-12-31": "39.36%", "2006-09-30": "36.93%", "2006-06-30": "31.95%", "2006-03-31": "31.19%", "2005-12-31": "28.91%"}, "net profit margin": {"2020-09-30": "4.49%", "2020-06-30": "8.38%", "2020-03-31": "10.96%", "2019-12-31": "21.09%", "2019-09-30": "24.62%", "2019-06-30": "25.87%", "2019-03-31": "25.40%", "2018-12-31": "22.30%", "2018-09-30": "23.25%", "2018-06-30": "22.67%", "2018-03-31": "23.10%", "2017-12-31": "16.26%", "2017-09-30": "14.90%", "2017-06-30": "9.87%", "2017-03-31": "9.53%", "2016-12-31": "23.41%", "2016-09-30": "17.64%", "2016-06-30": "26.27%", "2016-03-31": "26.25%", "2015-12-31": "22.67%", "2015-09-30": "33.09%", "2015-06-30": "32.49%", "2015-03-31": "31.56%", "2014-12-31": "30.86%", "2014-09-30": "26.14%", "2014-06-30": "24.32%", "2014-03-31": "26.35%", "2013-12-31": "26.43%", "2013-09-30": "9.85%", "2013-06-30": "4.97%", "2013-03-31": "-0.64%", "2012-12-31": "-1.27%", "2012-09-30": "8.35%", "2012-06-30": "7.59%", "2012-03-31": "9.11%", "2011-12-31": "6.81%", "2011-09-30": "-2.95%", "2011-06-30": "-3.18%", "2011-03-31": "-4.27%", "2010-12-31": "-2.35%", "2010-09-30": "11.74%", "2010-06-30": "-7.38%", "2010-03-31": "-12.66%", "2009-12-31": "-10.88%", "2009-09-30": "-13.29%", "2009-06-30": "12.37%", "2009-03-31": "22.04%", "2008-12-31": "23.64%", "2008-09-30": "33.12%", "2008-06-30": "32.03%", "2008-03-31": "35.65%", "2007-12-31": "42.20%", "2007-09-30": "45.65%", "2007-06-30": "47.46%", "2007-03-31": "44.88%", "2006-12-31": "49.01%", "2006-09-30": "45.23%", "2006-06-30": "43.90%", "2006-03-31": "45.62%", "2005-12-31": "38.02%"}, "pe ratio": {"current": "15.10", "2021-02-11": "189.81", "2020-09-30": "139.09", "2020-06-30": "82.78", "2020-03-31": "49.78", "2019-12-31": "41.90", "2019-09-30": "39.64", "2019-06-30": "36.19", "2019-03-31": "36.92", "2018-12-31": "36.83", "2018-09-30": "39.17", "2018-06-30": "38.83", "2018-03-31": "36.53", "2017-12-31": "70.25", "2017-09-30": "60.42", "2017-06-30": "90.78", "2017-03-31": "85.41", "2016-12-31": "41.55", "2016-09-30": "61.53", "2016-06-30": "44.47", "2016-03-31": "39.75", "2015-12-31": "41.73", "2015-09-30": "26.09", "2015-06-30": "25.21", "2015-03-31": "29.80", "2014-12-31": "28.66", "2014-09-30": "28.61", "2014-06-30": "32.35", "2014-03-31": "27.97", "2013-12-31": "25.85", "2013-09-30": "76.39", "2013-06-30": "162.44", "2013-03-31": "0.00", "2012-12-31": "0.00", "2012-09-30": "86.66", "2012-06-30": "92.61", "2012-03-31": "70.83", "2011-12-31": "80.19", "2011-09-30": "0.00", "2011-06-30": "0.00", "2011-03-31": "0.00", "2010-12-31": "0.00", "2010-09-30": "40.98", "2010-06-30": "0.00", "2010-03-31": "0.00", "2009-12-31": "0.00", "2009-09-30": "0.00", "2009-06-30": "21.11", "2009-03-31": "9.65", "2008-12-31": "15.66", "2008-09-30": "17.25", "2008-06-30": "16.93", "2008-03-31": "16.81", "2007-12-31": "14.22", "2007-09-30": "15.75", "2007-06-30": "14.12", "2007-03-31": "17.65", "2006-12-31": "15.15"}, "price sales": {"2021-02-11": "8.27", "2020-09-30": "6.06", "2020-06-30": "6.93", "2020-03-31": "5.47", "2019-12-31": "8.88", "2019-09-30": "9.76", "2019-06-30": "9.35", "2019-03-31": "9.35", "2018-12-31": "8.16", "2018-09-30": "8.94", "2018-06-30": "8.64", "2018-03-31": "8.29", "2017-12-31": "9.74", "2017-09-30": "8.78", "2017-06-30": "8.90", "2017-03-31": "9.32", "2016-12-31": "9.64", "2016-09-30": "10.82", "2016-06-30": "11.55", "2016-03-31": "10.36", "2015-12-31": "9.41", "2015-09-30": "8.62", "2015-06-30": "8.19", "2015-03-31": "9.43", "2014-12-31": "8.85", "2014-09-30": "7.53", "2014-06-30": "7.92", "2014-03-31": "7.37", "2013-12-31": "6.76", "2013-09-30": "7.27", "2013-06-30": "7.59", "2013-03-31": "7.73", "2012-12-31": "6.72", "2012-09-30": "6.96", "2012-06-30": "6.62", "2012-03-31": "6.15", "2011-12-31": "5.09", "2011-09-30": "4.62", "2011-06-30": "5.59", "2011-03-31": "5.41", "2010-12-31": "5.16", "2010-09-30": "4.59", "2010-06-30": "3.83", "2010-03-31": "4.10", "2009-12-31": "3.66", "2009-09-30": "3.52", "2009-06-30": "3.23", "2009-03-31": "2.34", "2008-12-31": "4.05", "2008-09-30": "6.01", "2008-06-30": "5.33", "2008-03-31": "5.94", "2007-12-31": "5.96", "2007-09-30": "7.18", "2007-06-30": "6.71", "2007-03-31": "7.90", "2006-12-31": "7.43"}, "price book": {"current": "1.38", "2021-02-11": "1.42", "2020-09-30": "1.04", "2020-06-30": "1.22", "2020-03-31": "0.99", "2019-12-31": "1.59", "2019-09-30": "1.72", "2019-06-30": "1.64", "2019-03-31": "1.63", "2018-12-31": "1.40", "2018-09-30": "1.52", "2018-06-30": "1.44", "2018-03-31": "1.35", "2017-12-31": "1.55", "2017-09-30": "1.39", "2017-06-30": "1.37", "2017-03-31": "1.44", "2016-12-31": "2.34", "2016-09-30": "2.64", "2016-06-30": "3.19", "2016-03-31": "2.93", "2015-12-31": "2.64", "2015-09-30": "2.53", "2015-06-30": "2.38", "2015-03-31": "2.74", "2014-12-31": "2.50", "2014-09-30": "2.14", "2014-06-30": "2.24", "2014-03-31": "2.01", "2013-12-31": "1.79", "2013-09-30": "1.87", "2013-06-30": "1.95", "2013-03-31": "2.07", "2012-12-31": "1.83", "2012-09-30": "1.81", "2012-06-30": "1.73", "2012-03-31": "1.58", "2011-12-31": "1.31", "2011-09-30": "1.19", "2011-06-30": "1.46", "2011-03-31": "1.41", "2010-12-31": "1.37", "2010-09-30": "1.21", "2010-06-30": "1.02", "2010-03-31": "1.07", "2009-12-31": "0.97", "2009-09-30": "1.02", "2009-06-30": "0.91", "2009-03-31": "0.70", "2008-12-31": "1.14", "2008-09-30": "1.53", "2008-06-30": "1.34", "2008-03-31": "1.45", "2007-12-31": "1.42", "2007-09-30": "1.79", "2007-06-30": "1.61", "2007-03-31": "1.90", "2006-12-31": "1.64", "2006-09-30": "1.45", "2006-06-30": "1.29", "2006-03-31": "1.38"}, "price fcf": {"2021-02-11": "", "2020-09-30": "$1.71", "2020-06-30": "$0.66", "2020-03-31": "$1.05", "2019-12-31": "$1.18", "2019-09-30": "$1.26", "2019-06-30": "$2.28", "2019-03-31": "$1.75", "2018-12-31": "$1.76", "2018-09-30": "$0.56", "2018-06-30": "$0.41", "2018-03-31": "$0.65", "2017-12-31": "$-0.04", "2017-09-30": "$0.36", "2017-06-30": "$-0.30", "2017-03-31": "$-3.14", "2016-12-31": "$-2.67", "2016-09-30": "$-2.28", "2016-06-30": "$-2.05", "2016-03-31": "$0.61", "2015-12-31": "$0.37", "2015-09-30": "$-0.13", "2015-06-30": "$-0.06", "2015-03-31": "$-0.00", "2014-12-31": "$-0.79", "2014-09-30": "$-1.34", "2014-06-30": "$-1.34", "2014-03-31": "$-1.66", "2013-12-31": "$-0.77", "2013-09-30": "$-0.81", "2013-06-30": "$-1.07", "2013-03-31": "$-1.05", "2012-12-31": "$-0.71", "2012-09-30": "$0.35", "2012-06-30": "$0.36", "2012-03-31": "$0.75", "2011-12-31": "$0.74", "2011-09-30": "$0.23", "2011-06-30": "$0.55", "2011-03-31": "$0.56", "2010-12-31": "$0.58", "2010-09-30": "$3.48", "2010-06-30": "$3.66", "2010-03-31": "$3.58", "2009-12-31": "$3.05", "2009-09-30": "$0.34", "2009-06-30": "$-0.66", "2009-03-31": "$-1.56", "2008-12-31": "$-2.43", "2008-09-30": "$-3.63", "2008-06-30": "$-4.03", "2008-03-31": "$-5.93", "2007-12-31": "$-6.71", "2007-09-30": "$-5.99", "2007-06-30": "$-6.32", "2007-03-31": "$-4.08", "2006-12-31": "$-3.03"}, "net worth": {"value": "$8.41B"}, "current ratio": {"2020-09-30": "1.98", "2020-06-30": "3.45", "2020-03-31": "4.54", "2019-12-31": "1.33", "2019-09-30": "0.95", "2019-06-30": "1.04", "2019-03-31": "1.11", "2018-12-31": "0.97", "2018-09-30": "0.87", "2018-06-30": "0.92", "2018-03-31": "1.19", "2017-12-31": "0.94", "2017-09-30": "0.63", "2017-06-30": "0.93", "2017-03-31": "0.68", "2016-12-31": "0.93", "2016-09-30": "1.02", "2016-06-30": "0.80", "2016-03-31": "0.84", "2015-12-31": "0.89", "2015-09-30": "0.74", "2015-06-30": "0.92", "2015-03-31": "0.84", "2014-12-31": "1.22", "2014-09-30": "1.17", "2014-06-30": "1.03", "2014-03-31": "1.03", "2013-12-31": "1.22", "2013-09-30": "1.14", "2013-06-30": "1.18", "2013-03-31": "1.03", "2012-12-31": "1.02", "2012-09-30": "0.99", "2012-06-30": "1.26", "2012-03-31": "1.43", "2011-12-31": "1.37", "2011-09-30": "1.17", "2011-06-30": "1.06", "2011-03-31": "1.45", "2010-12-31": "1.02", "2010-09-30": "1.08", "2010-06-30": "2.19", "2010-03-31": "2.70", "2009-12-31": "2.19", "2009-09-30": "2.62", "2009-06-30": "1.98", "2009-03-31": "1.39", "2008-12-31": "1.11", "2008-09-30": "0.99", "2008-06-30": "0.86", "2008-03-31": "0.88", "2007-12-31": "0.90", "2007-09-30": "0.65", "2007-06-30": "0.78", "2007-03-31": "0.75", "2006-12-31": "0.86", "2006-09-30": "0.78", "2006-06-30": "0.94", "2006-03-31": "1.68", "2005-12-31": "1.32", "2005-09-30": "1.08", "2005-06-30": "0.95", "2005-03-31": "1.59"}, "quick ratio": {"2020-09-30": "0.00", "2020-06-30": "0.00", "2020-03-31": "0.00", "2019-12-31": "0.00", "2019-09-30": "0.00", "2019-06-30": "0.00", "2019-03-31": "0.00", "2018-12-31": "0.00", "2018-09-30": "0.00", "2018-06-30": "0.00", "2018-03-31": "0.00", "2017-12-31": "0.00", "2017-09-30": "0.00", "2017-06-30": "0.00", "2017-03-31": "0.00", "2016-12-31": "0.00", "2016-09-30": "0.00", "2016-06-30": "0.00", "2016-03-31": "0.00", "2015-12-31": "0.00", "2015-09-30": "0.00", "2015-06-30": "0.00", "2015-03-31": "0.00", "2014-12-31": "0.00", "2014-09-30": "0.00", "2014-06-30": "0.00", "2014-03-31": "0.00", "2013-12-31": "0.00", "2013-09-30": "0.00", "2013-06-30": "0.00", "2013-03-31": "0.00", "2012-12-31": "0.00", "2012-09-30": "0.00", "2012-06-30": "0.00", "2012-03-31": "0.00", "2011-12-31": "0.00", "2011-09-30": "0.00", "2011-06-30": "0.00", "2011-03-31": "0.00", "2010-12-31": "0.00", "2010-09-30": "0.00", "2010-06-30": "0.00", "2010-03-31": "0.00", "2009-12-31": "0.00", "2009-09-30": "0.00", "2009-06-30": "0.00", "2009-03-31": "0.00", "2008-12-31": "0.00", "2008-09-30": "0.00", "2008-06-30": "0.00", "2008-03-31": "0.00", "2007-12-31": "0.00", "2007-09-30": "0.00", "2007-06-30": "0.00", "2007-03-31": "0.00", "2006-12-31": "0.00", "2006-09-30": "0.00", "2006-06-30": "0.00", "2006-03-31": "0.00", "2005-12-31": "0.00", "2005-09-30": "0.00", "2005-06-30": "0.00", "2005-03-31": "0.00"}, "debt equity ratio": {"current": "0.65", "2020-09-30": "0.80", "2020-06-30": "0.84", "2020-03-31": "0.84", "2019-12-31": "0.77", "2019-09-30": "0.76", "2019-06-30": "0.72", "2019-03-31": "0.72", "2018-12-31": "0.70", "2018-09-30": "0.69", "2018-06-30": "0.70", "2018-03-31": "0.70", "2017-12-31": "0.66", "2017-09-30": "0.68", "2017-06-30": "0.66", "2017-03-31": "0.65", "2016-12-31": "0.71", "2016-09-30": "0.72", "2016-06-30": "1.02", "2016-03-31": "0.99", "2015-12-31": "1.01", "2015-09-30": "1.19", "2015-06-30": "1.15", "2015-03-31": "1.17", "2014-12-31": "1.17", "2014-09-30": "1.20", "2014-06-30": "1.22", "2014-03-31": "1.19", "2013-12-31": "1.10", "2013-09-30": "1.12", "2013-06-30": "1.12", "2013-03-31": "1.18", "2012-12-31": "1.21", "2012-09-30": "1.09", "2012-06-30": "1.22", "2012-03-31": "1.17", "2011-12-31": "1.13", "2011-09-30": "1.16", "2011-06-30": "1.11", "2011-03-31": "1.07", "2010-12-31": "1.29", "2010-09-30": "1.18", "2010-06-30": "1.16", "2010-03-31": "1.06", "2009-12-31": "1.05", "2009-09-30": "1.19", "2009-06-30": "1.17", "2009-03-31": "1.49", "2008-12-31": "1.35", "2008-09-30": "1.30", "2008-06-30": "1.33", "2008-03-31": "1.28", "2007-12-31": "1.23", "2007-09-30": "1.20", "2007-06-30": "1.12", "2007-03-31": "1.03", "2006-12-31": "0.98", "2006-09-30": "1.03", "2006-06-30": "1.00", "2006-03-31": "0.96", "2005-12-31": "1.02", "2005-09-30": "1.00", "2005-06-30": "1.34", "2005-03-31": "1.13"}, "return on equity": {"2020-09-30": "0.76%", "2020-06-30": "1.45%", "2020-03-31": "1.96%", "2019-12-31": "3.77%", "2019-09-30": "4.35%", "2019-06-30": "4.52%", "2019-03-31": "4.42%", "2018-12-31": "3.82%", "2018-09-30": "3.87%", "2018-06-30": "3.71%", "2018-03-31": "3.68%", "2017-12-31": "2.38%", "2017-09-30": "2.30%", "2017-06-30": "1.62%", "2017-03-31": "1.78%", "2016-12-31": "6.06%", "2016-09-30": "4.73%", "2016-06-30": "7.49%", "2016-03-31": "7.62%", "2015-12-31": "6.62%", "2015-09-30": "9.67%", "2015-06-30": "9.40%", "2015-03-31": "9.14%", "2014-12-31": "8.89%", "2014-09-30": "7.47%", "2014-06-30": "6.80%", "2014-03-31": "7.16%", "2013-12-31": "7.06%", "2013-09-30": "2.56%", "2013-06-30": "1.28%", "2013-03-31": "-0.17%", "2012-12-31": "-0.33%", "2012-09-30": "2.12%", "2012-06-30": "1.94%", "2012-03-31": "2.29%", "2011-12-31": "1.68%", "2011-09-30": "-0.75%", "2011-06-30": "-0.81%", "2011-03-31": "-1.09%", "2010-12-31": "-0.60%", "2010-09-30": "2.97%", "2010-06-30": "-1.89%", "2010-03-31": "-3.16%", "2009-12-31": "-2.78%", "2009-09-30": "-3.66%", "2009-06-30": "3.36%", "2009-03-31": "6.17%", "2008-12-31": "6.43%", "2008-09-30": "8.37%", "2008-06-30": "7.97%", "2008-03-31": "8.57%", "2007-12-31": "9.89%", "2007-09-30": "10.41%", "2007-06-30": "10.57%", "2007-03-31": "9.99%", "2006-12-31": "10.81%", "2006-09-30": "9.91%", "2006-06-30": "9.37%", "2006-03-31": "10.28%", "2005-12-31": "8.89%"}, "return on assets": {"2020-09-30": "0.42%", "2020-06-30": "0.80%", "2020-03-31": "1.11%", "2019-12-31": "2.16%", "2019-09-30": "2.52%", "2019-06-30": "2.65%", "2019-03-31": "2.60%", "2018-12-31": "2.25%", "2018-09-30": "2.29%", "2018-06-30": "2.20%", "2018-03-31": "2.20%", "2017-12-31": "1.44%", "2017-09-30": "1.38%", "2017-06-30": "0.97%", "2017-03-31": "1.03%", "2016-12-31": "3.29%", "2016-09-30": "2.46%", "2016-06-30": "3.66%", "2016-03-31": "3.66%", "2015-12-31": "3.11%", "2015-09-30": "4.46%", "2015-06-30": "4.33%", "2015-03-31": "4.17%", "2014-12-31": "4.05%", "2014-09-30": "3.42%", "2014-06-30": "3.15%", "2014-03-31": "3.35%", "2013-12-31": "3.31%", "2013-09-30": "1.19%", "2013-06-30": "0.60%", "2013-03-31": "-0.08%", "2012-12-31": "-0.15%", "2012-09-30": "0.99%", "2012-06-30": "0.89%", "2012-03-31": "1.07%", "2011-12-31": "0.80%", "2011-09-30": "-0.35%", "2011-06-30": "-0.38%", "2011-03-31": "-0.50%", "2010-12-31": "-0.28%", "2010-09-30": "1.41%", "2010-06-30": "-0.89%", "2010-03-31": "-1.49%", "2009-12-31": "-1.25%", "2009-09-30": "-1.60%", "2009-06-30": "1.45%", "2009-03-31": "2.61%", "2008-12-31": "2.78%", "2008-09-30": "3.66%", "2008-06-30": "3.53%", "2008-03-31": "3.88%", "2007-12-31": "4.61%", "2007-09-30": "5.00%", "2007-06-30": "5.18%", "2007-03-31": "4.97%", "2006-12-31": "5.42%", "2006-09-30": "4.95%", "2006-06-30": "4.69%", "2006-03-31": "4.96%", "2005-12-31": "4.20%"}, "return on investments": {"2020-09-30": "1.65%", "2020-06-30": "2.00%", "2020-03-31": "2.41%", "2019-12-31": "3.66%", "2019-09-30": "3.61%", "2019-06-30": "3.58%", "2019-03-31": "3.68%", "2018-12-31": "3.68%", "2018-09-30": "3.54%", "2018-06-30": "3.46%", "2018-03-31": "3.29%", "2017-12-31": "2.34%", "2017-09-30": "2.42%", "2017-06-30": "2.50%", "2017-03-31": "2.70%", "2016-12-31": "5.11%", "2016-09-30": "5.18%", "2016-06-30": "5.23%", "2016-03-31": "5.30%", "2015-12-31": "5.23%", "2015-09-30": "5.15%", "2015-06-30": "5.04%", "2015-03-31": "4.92%", "2014-12-31": "4.76%", "2014-09-30": "4.68%", "2014-06-30": "4.58%", "2014-03-31": "4.51%", "2013-12-31": "4.42%", "2013-09-30": "4.26%", "2013-06-30": "4.28%", "2013-03-31": "4.40%", "2012-12-31": "4.46%", "2012-09-30": "4.46%", "2012-06-30": "4.48%", "2012-03-31": "4.37%", "2011-12-31": "4.30%", "2011-09-30": "4.30%", "2011-06-30": "4.15%", "2011-03-31": "4.13%", "2010-12-31": "4.20%", "2010-09-30": "4.22%", "2010-06-30": "4.56%", "2010-03-31": "4.44%", "2009-12-31": "4.48%", "2009-09-30": "5.11%", "2009-06-30": "5.07%", "2009-03-31": "5.40%", "2008-12-31": "5.50%", "2008-09-30": "4.96%", "2008-06-30": "5.01%", "2008-03-31": "4.93%", "2007-12-31": "5.04%", "2007-09-30": "4.91%", "2007-06-30": "4.92%", "2007-03-31": "5.09%", "2006-12-31": "5.01%", "2006-09-30": "5.31%", "2006-06-30": "5.08%", "2006-03-31": "5.31%", "2005-12-31": "5.51%"}, "return on tangible equity": {"2020-09-30": "0.78%", "2020-06-30": "1.51%", "2020-03-31": "2.04%", "2019-12-31": "3.93%", "2019-09-30": "4.57%", "2019-06-30": "4.77%", "2019-03-31": "4.69%", "2018-12-31": "4.08%", "2018-09-30": "4.15%", "2018-06-30": "3.99%", "2018-03-31": "3.98%", "2017-12-31": "2.59%", "2017-09-30": "2.50%", "2017-06-30": "1.75%", "2017-03-31": "1.91%", "2016-12-31": "6.38%", "2016-09-30": "4.99%", "2016-06-30": "7.92%", "2016-03-31": "7.99%", "2015-12-31": "6.89%", "2015-09-30": "10.00%", "2015-06-30": "9.65%", "2015-03-31": "9.40%", "2014-12-31": "9.15%", "2014-09-30": "7.68%", "2014-06-30": "6.98%", "2014-03-31": "7.34%", "2013-12-31": "7.22%", "2013-09-30": "2.62%", "2013-06-30": "1.31%", "2013-03-31": "-0.17%", "2012-12-31": "-0.34%", "2012-09-30": "2.16%", "2012-06-30": "1.97%", "2012-03-31": "2.32%", "2011-12-31": "1.70%", "2011-09-30": "-0.76%", "2011-06-30": "-0.82%", "2011-03-31": "-1.09%", "2010-12-31": "-0.60%", "2010-09-30": "2.98%", "2010-06-30": "-1.90%", "2010-03-31": "-3.18%", "2009-12-31": "-2.79%", "2009-09-30": "-3.69%", "2009-06-30": "3.39%", "2009-03-31": "6.22%", "2008-12-31": "6.48%", "2008-09-30": "8.44%", "2008-06-30": "8.04%", "2008-03-31": "8.65%", "2007-12-31": "9.97%", "2007-09-30": "10.49%", "2007-06-30": "10.64%", "2007-03-31": "10.06%", "2006-12-31": "10.89%", "2006-09-30": "9.98%", "2006-06-30": "9.43%", "2006-03-31": "10.34%", "2005-12-31": "8.95%"}, "dividend yield history": {"last payout": "$2.38", "last yield": "4.80%"}}