{"ticker": "RBC", "price": {"title": "Regal Beloit Historical Annual Stock Price Data", "value": 131.38, "historical": {"2021": {"Average Stock Price": "132.2875", "Year Open": "122.6100", "Year High": "142.1900", "Year Low": "122.6100", "Year Close": "131.3800", "Annual % Change": "6.98%"}, "2020": {"Average Stock Price": "89.8036", "Year Open": "86.5900", "Year High": "123.4900", "Year Low": "53.1300", "Year Close": "122.8100", "Annual % Change": "43.45%"}, "2019": {"Average Stock Price": "78.5429", "Year Open": "70.7600", "Year High": "87.2600", "Year Low": "68.1600", "Year Close": "85.6100", "Annual % Change": "22.21%"}, "2018": {"Average Stock Price": "77.8491", "Year Open": "77.3500", "Year High": "86.1000", "Year Low": "66.9300", "Year Close": "70.0500", "Annual % Change": "-8.55%"}, "2017": {"Average Stock Price": "77.6100", "Year Open": "70.7500", "Year High": "86.7500", "Year Low": "69.4500", "Year Close": "76.6000", "Annual % Change": "10.61%"}, "2016": {"Average Stock Price": "60.6402", "Year Open": "57.8200", "Year High": "75.1000", "Year Low": "49.3800", "Year Close": "69.2500", "Annual % Change": "18.34%"}, "2015": {"Average Stock Price": "70.0103", "Year Open": "75.3700", "Year High": "80.9500", "Year Low": "55.4600", "Year Close": "58.5200", "Annual % Change": "-22.18%"}, "2014": {"Average Stock Price": "72.9524", "Year Open": "73.2800", "Year High": "80.0200", "Year Low": "63.1300", "Year Close": "75.2000", "Annual % Change": "2.01%"}, "2013": {"Average Stock Price": "71.4865", "Year Open": "72.0000", "Year High": "84.6700", "Year Low": "62.3500", "Year Close": "73.7200", "Annual % Change": "4.61%"}, "2012": {"Average Stock Price": "65.3456", "Year Open": "52.3800", "Year High": "75.0000", "Year Low": "52.0500", "Year Close": "70.4700", "Annual % Change": "38.26%"}, "2011": {"Average Stock Price": "62.0866", "Year Open": "68.3700", "Year High": "76.0400", "Year Low": "42.9700", "Year Close": "50.9700", "Annual % Change": "-23.65%"}, "2010": {"Average Stock Price": "59.0398", "Year Open": "52.4200", "Year High": "69.5400", "Year Low": "47.4000", "Year Close": "66.7600", "Annual % Change": "28.53%"}, "2009": {"Average Stock Price": "41.6016", "Year Open": "38.8300", "Year High": "53.7600", "Year Low": "25.8100", "Year Close": "51.9400", "Annual % Change": "36.72%"}, "2008": {"Average Stock Price": "39.3005", "Year Open": "44.4600", "Year High": "49.3700", "Year Low": "26.0700", "Year Close": "37.9900", "Annual % Change": "-15.48%"}, "2007": {"Average Stock Price": "48.1036", "Year Open": "51.2500", "Year High": "56.9300", "Year Low": "43.5100", "Year Close": "44.9500", "Annual % Change": "-14.40%"}, "2006": {"Average Stock Price": "44.3712", "Year Open": "35.4900", "Year High": "54.1800", "Year Low": "35.4900", "Year Close": "52.5100", "Annual % Change": "48.33%"}, "2005": {"Average Stock Price": "30.5269", "Year Open": "29.0000", "Year High": "36.4500", "Year Low": "25.3000", "Year Close": "35.4000", "Annual % Change": "23.78%"}, "2004": {"Average Stock Price": "22.4914", "Year Open": "21.9000", "Year High": "29.1800", "Year Low": "19.3000", "Year Close": "28.6000", "Annual % Change": "30.00%"}, "2003": {"Average Stock Price": "19.5138", "Year Open": "21.2100", "Year High": "23.6500", "Year Low": "15.1300", "Year Close": "22.0000", "Annual % Change": "6.28%"}, "2002": {"Average Stock Price": "21.6905", "Year Open": "21.9500", "Year High": "29.2500", "Year Low": "15.9600", "Year Close": "20.7000", "Annual % Change": "-5.05%"}, "2001": {"Average Stock Price": "19.5102", "Year Open": "17.0100", "Year High": "22.7000", "Year Low": "16.3400", "Year Close": "21.8000", "Annual % Change": "27.78%"}, "2000": {"Average Stock Price": "17.6500", "Year Open": "21.0000", "Year High": "21.5600", "Year Low": "15.0000", "Year Close": "17.0600", "Annual % Change": "-17.30%"}, "1999": {"Average Stock Price": "21.4664", "Year Open": "23.0000", "Year High": "25.5000", "Year Low": "16.0000", "Year Close": "20.6300", "Annual % Change": "-10.30%"}, "1998": {"Average Stock Price": "26.6219", "Year Open": "29.7500", "Year High": "32.8800", "Year Low": "18.3800", "Year Close": "23.0000", "Annual % Change": "-22.19%"}, "1997": {"Average Stock Price": "26.1026", "Year Open": "19.2500", "Year High": "32.6300", "Year Low": "18.2500", "Year Close": "29.5600", "Annual % Change": "50.66%"}, "1996": {"Average Stock Price": "18.9970", "Year Open": "21.0000", "Year High": "22.0000", "Year Low": "15.5000", "Year Close": "19.6200", "Annual % Change": "-9.79%"}, "1995": {"Average Stock Price": "16.9176", "Year Open": "13.2500", "Year High": "22.8800", "Year Low": "12.2500", "Year Close": "21.7500", "Annual % Change": "59.69%"}, "1994": {"Average Stock Price": "13.5372", "Year Open": "13.1900", "Year High": "15.2500", "Year Low": "11.7500", "Year Close": "13.6200", "Annual % Change": "3.26%"}, "1993": {"Average Stock Price": "10.7594", "Year Open": "10.7500", "Year High": "13.1900", "Year Low": "9.2500", "Year Close": "13.1900", "Annual % Change": "23.39%"}, "1992": {"Average Stock Price": "8.3636", "Year Open": "6.8100", "Year High": "10.6900", "Year Low": "6.5000", "Year Close": "10.6900", "Annual % Change": "58.37%"}, "1991": {"Average Stock Price": "6.5773", "Year Open": "6.6900", "Year High": "7.3750", "Year Low": "5.4400", "Year Close": "6.7500", "Annual % Change": "-1.82%"}, "1990": {"Average Stock Price": "6.9053", "Year Open": "8.2500", "Year High": "8.3100", "Year Low": "4.7500", "Year Close": "6.8750", "Annual % Change": "-16.06%"}, "1989": {"Average Stock Price": "8.0762", "Year Open": "8.3750", "Year High": "9.3750", "Year Low": "6.5000", "Year Close": "8.1900", "Annual % Change": "-2.96%"}, "1988": {"Average Stock Price": "8.4101", "Year Open": "6.9567", "Year High": "10.0000", "Year Low": "5.8333", "Year Close": "8.4400", "Annual % Change": "22.02%"}, "1987": {"Average Stock Price": "5.6568", "Year Open": "3.9444", "Year High": "8.2067", "Year Low": "3.9444", "Year Close": "6.9167", "Annual % Change": "77.86%"}, "1986": {"Average Stock Price": "3.7520", "Year Open": "3.6400", "Year High": "4.3600", "Year Low": "3.4444", "Year Close": "3.8889", "Annual % Change": "7.69%"}, "1985": {"Average Stock Price": "3.0060", "Year Open": "2.6400", "Year High": "3.6667", "Year Low": "2.5556", "Year Close": "3.6111", "Annual % Change": "39.73%"}, "1984": {"Average Stock Price": "2.9485", "Year Open": "2.7222", "Year High": "3.8067", "Year Low": "2.3067", "Year Close": "2.5844", "Annual % Change": "-6.06%"}}}, "market cap": {"value": "$5.33B"}, "income statement": {"Revenue": {"2019-12-31": "3238.00000", "2018-12-31": "3645.60000", "2017-12-31": "3360.30000", "2016-12-31": "3224.50000", "2015-12-31": "3509.70000", "2014-12-31": "3257.10000", "2013-12-31": "3095.70000", "2012-12-31": "3166.90000", "2011-12-31": "2808.30000", "2010-12-31": "2238.00000", "2009-12-31": "1826.27700", "2008-12-31": "2246.24900", "2007-12-31": "1802.49700", "2006-12-31": "1619.54500", "2005-12-31": "1428.70700"}, "Cost Of Goods Sold": {"2019-12-31": "2377.30000", "2018-12-31": "2681.00000", "2017-12-31": "2476.70000", "2016-12-31": "2359.50000", "2015-12-31": "2576.50000", "2014-12-31": "2459.80000", "2013-12-31": "2312.50000", "2012-12-31": "2395.90000", "2011-12-31": "2142.30000", "2010-12-31": "1688.60000", "2009-12-31": "1402.05300", "2008-12-31": "1745.56900", "2007-12-31": "1389.14400", "2006-12-31": "1230.17400", "2005-12-31": "1117.94300"}, "Gross Profit": {"2019-12-31": "860.70000", "2018-12-31": "964.60010", "2017-12-31": "883.60010", "2016-12-31": "865.00000", "2015-12-31": "933.20000", "2014-12-31": "797.30000", "2013-12-31": "783.20000", "2012-12-31": "771.00000", "2011-12-31": "666.00000", "2010-12-31": "549.40000", "2009-12-31": "424.22400", "2008-12-31": "500.68010", "2007-12-31": "413.35290", "2006-12-31": "389.37110", "2005-12-31": "310.76400"}, "Research And Development Expenses": {"2019-12-31": "", "2018-12-31": "", "2017-12-31": "", "2016-12-31": "", "2015-12-31": "", "2014-12-31": "", "2013-12-31": "", "2012-12-31": "", "2011-12-31": "", "2010-12-31": "", "2009-12-31": "", "2008-12-31": "", "2007-12-31": "", "2006-12-31": "", "2005-12-31": ""}, "SG&A Expenses": {"2019-12-31": "544.30000", "2018-12-31": "599.40000", "2017-12-31": "552.60000", "2016-12-31": "542.50000", "2015-12-31": "600.50000", "2014-12-31": "516.30000", "2013-12-31": "494.20000", "2012-12-31": "458.20000", "2011-12-31": "410.30000", "2010-12-31": "311.60000", "2009-12-31": "264.70400", "2008-12-31": "270.24900", "2007-12-31": "207.29300", "2006-12-31": "195.35400", "2005-12-31": "176.19200"}, "Other Operating Income Or Expenses": {"2019-12-31": "34.70000", "2018-12-31": "-8.70000", "2017-12-31": "0.10000", "2016-12-31": "", "2015-12-31": "", "2014-12-31": "-40.00000", "2013-12-31": "-4.70000", "2012-12-31": "", "2011-12-31": "", "2010-12-31": "", "2009-12-31": "", "2008-12-31": "", "2007-12-31": "", "2006-12-31": "", "2005-12-31": ""}, "Operating Expenses": {"2019-12-31": "2886.90000", "2018-12-31": "3298.60000", "2017-12-31": "3029.20000", "2016-12-31": "2902.00000", "2015-12-31": "3256.90000", "2014-12-31": "3135.60000", "2013-12-31": "2887.70000", "2012-12-31": "2854.10000", "2011-12-31": "2552.60000", "2010-12-31": "2000.20000", "2009-12-31": "1666.75700", "2008-12-31": "2015.81800", "2007-12-31": "1596.43700", "2006-12-31": "1425.52800", "2005-12-31": "1294.13500"}, "Operating Income": {"2019-12-31": "351.09990", "2018-12-31": "347.00020", "2017-12-31": "331.10030", "2016-12-31": "322.50000", "2015-12-31": "252.80000", "2014-12-31": "121.50000", "2013-12-31": "208.00000", "2012-12-31": "312.80000", "2011-12-31": "255.70000", "2010-12-31": "237.80000", "2009-12-31": "159.52000", "2008-12-31": "230.43100", "2007-12-31": "206.05990", "2006-12-31": "194.01710", "2005-12-31": "134.57200"}, "Total Non-Operating Income/Expense": {"2019-12-31": "-47.30000", "2018-12-31": "-54.80000", "2017-12-31": "-53.90000", "2016-12-31": "-56.10000", "2015-12-31": "-55.90000", "2014-12-31": "-31.20000", "2013-12-31": "-37.50000", "2012-12-31": "-42.90000", "2011-12-31": "-29.40000", "2010-12-31": "-17.10000", "2009-12-31": "-21.56500", "2008-12-31": "-31.16800", "2007-12-31": "-25.71700", "2006-12-31": "-19.17500", "2005-12-31": "-21.64800"}, "Pre-Tax Income": {"2019-12-31": "303.80000", "2018-12-31": "292.20000", "2017-12-31": "277.20000", "2016-12-31": "266.40000", "2015-12-31": "196.90000", "2014-12-31": "90.30000", "2013-12-31": "170.50000", "2012-12-31": "269.90000", "2011-12-31": "226.30000", "2010-12-31": "220.70000", "2009-12-31": "137.95500", "2008-12-31": "199.26300", "2007-12-31": "180.34300", "2006-12-31": "174.84200", "2005-12-31": "112.92400"}, "Income Taxes": {"2019-12-31": "61.20000", "2018-12-31": "56.40000", "2017-12-31": "59.10000", "2016-12-31": "57.10000", "2015-12-31": "48.40000", "2014-12-31": "54.20000", "2013-12-31": "44.50000", "2012-12-31": "69.60000", "2011-12-31": "68.30000", "2010-12-31": "66.00000", "2009-12-31": "39.27600", "2008-12-31": "70.34900", "2007-12-31": "61.93700", "2006-12-31": "62.05100", "2005-12-31": "39.82900"}, "Income After Taxes": {"2019-12-31": "242.60000", "2018-12-31": "235.80000", "2017-12-31": "218.10000", "2016-12-31": "209.30000", "2015-12-31": "148.50000", "2014-12-31": "36.10000", "2013-12-31": "126.00000", "2012-12-31": "200.30000", "2011-12-31": "158.00000", "2010-12-31": "154.70000", "2009-12-31": "98.67900", "2008-12-31": "128.91400", "2007-12-31": "118.40600", "2006-12-31": "112.79100", "2005-12-31": "73.09500"}, "Other Income": {"2019-12-31": "", "2018-12-31": "", "2017-12-31": "", "2016-12-31": "", "2015-12-31": "", "2014-12-31": "", "2013-12-31": "", "2012-12-31": "", "2011-12-31": "", "2010-12-31": "", "2009-12-31": "", "2008-12-31": "", "2007-12-31": "", "2006-12-31": "", "2005-12-31": ""}, "Income From Continuous Operations": {"2019-12-31": "242.60000", "2018-12-31": "235.80000", "2017-12-31": "218.10000", "2016-12-31": "209.30000", "2015-12-31": "148.50000", "2014-12-31": "36.10000", "2013-12-31": "126.00000", "2012-12-31": "200.30000", "2011-12-31": "158.00000", "2010-12-31": "154.70000", "2009-12-31": "98.67900", "2008-12-31": "128.91400", "2007-12-31": "118.40600", "2006-12-31": "109.80600", "2005-12-31": "69.55700"}, "Income From Discontinued Operations": {"2019-12-31": "", "2018-12-31": "", "2017-12-31": "", "2016-12-31": "", "2015-12-31": "", "2014-12-31": "", "2013-12-31": "", "2012-12-31": "", "2011-12-31": "", "2010-12-31": "", "2009-12-31": "", "2008-12-31": "", "2007-12-31": "", "2006-12-31": "", "2005-12-31": ""}, "Net Income": {"2019-12-31": "238.90000", "2018-12-31": "231.20000", "2017-12-31": "213.00000", "2016-12-31": "203.40000", "2015-12-31": "143.30000", "2014-12-31": "31.00000", "2013-12-31": "120.00000", "2012-12-31": "195.60000", "2011-12-31": "152.30000", "2010-12-31": "149.40000", "2009-12-31": "95.04800", "2008-12-31": "125.52500", "2007-12-31": "115.49900", "2006-12-31": "109.80600", "2005-12-31": "69.55700"}, "EBITDA": {"2019-12-31": "485.59990", "2018-12-31": "489.40020", "2017-12-31": "468.30040", "2016-12-31": "477.90000", "2015-12-31": "412.20000", "2014-12-31": "260.20000", "2013-12-31": "336.50000", "2012-12-31": "438.80000", "2011-12-31": "353.90000", "2010-12-31": "310.70000", "2009-12-31": "228.66400", "2008-12-31": "292.03200", "2007-12-31": "252.67890", "2006-12-31": "231.69910", "2005-12-31": "172.19900"}, "EBIT": {"2019-12-31": "351.09990", "2018-12-31": "347.00020", "2017-12-31": "331.10030", "2016-12-31": "322.50000", "2015-12-31": "252.80000", "2014-12-31": "121.50000", "2013-12-31": "208.00000", "2012-12-31": "312.80000", "2011-12-31": "255.70000", "2010-12-31": "237.80000", "2009-12-31": "159.52000", "2008-12-31": "230.43100", "2007-12-31": "206.05990", "2006-12-31": "194.01710", "2005-12-31": "134.57200"}, "Basic Shares Outstanding": {"2019-12-31": "42.00000", "2018-12-31": "43.60000", "2017-12-31": "44.60000", "2016-12-31": "44.70000", "2015-12-31": "44.70000", "2014-12-31": "45.00000", "2013-12-31": "45.00000", "2012-12-31": "41.80000", "2011-12-31": "39.70000", "2010-12-31": "38.20000", "2009-12-31": "34.49900", "2008-12-31": "31.34300", "2007-12-31": "31.25200", "2006-12-31": "30.84700", "2005-12-31": "29.67500"}, "Shares Outstanding": {"2019-12-31": "42.20000", "2018-12-31": "43.90000", "2017-12-31": "44.90000", "2016-12-31": "45.00000", "2015-12-31": "45.10000", "2014-12-31": "45.30000", "2013-12-31": "45.40000", "2012-12-31": "42.10000", "2011-12-31": "40.10000", "2010-12-31": "38.90000", "2009-12-31": "36.13200", "2008-12-31": "33.25100", "2007-12-31": "33.92100", "2006-12-31": "33.50400", "2005-12-31": "30.87900"}, "Basic EPS": {"2019-12-31": "5.69000", "2018-12-31": "5.30000", "2017-12-31": "4.78000", "2016-12-31": "4.55000", "2015-12-31": "3.21000", "2014-12-31": "0.69000", "2013-12-31": "2.66000", "2012-12-31": "4.68000", "2011-12-31": "3.84000", "2010-12-31": "3.91000", "2009-12-31": "2.76000", "2008-12-31": "4.00000", "2007-12-31": "3.70000", "2006-12-31": "3.56000", "2005-12-31": "2.34000"}, "EPS - Earnings Per Share": {"2019-12-31": "5.66000", "2018-12-31": "5.26000", "2017-12-31": "4.74000", "2016-12-31": "4.52000", "2015-12-31": "3.18000", "2014-12-31": "0.69000", "2013-12-31": "2.64000", "2012-12-31": "4.64000", "2011-12-31": "3.79000", "2010-12-31": "3.84000", "2009-12-31": "2.63000", "2008-12-31": "3.78000", "2007-12-31": "3.40000", "2006-12-31": "3.28000", "2005-12-31": "2.25000"}}, "income statement, quarterly": {"Revenue": {"2020-09-30": "758.20000", "2020-06-30": "634.10000", "2020-03-31": "734.20000", "2019-12-31": "738.20000", "2019-09-30": "772.30000", "2019-06-30": "873.70000", "2019-03-31": "853.80000", "2018-12-31": "881.70030", "2018-09-30": "925.40000", "2018-06-30": "959.70000", "2018-03-31": "878.80000", "2017-12-31": "820.70000", "2017-09-30": "856.90000", "2017-06-30": "869.20000", "2017-03-31": "813.50000", "2016-12-31": "758.09990", "2016-09-30": "809.60000", "2016-06-30": "838.60000", "2016-03-31": "818.20000", "2015-12-31": "773.49990", "2015-09-30": "882.30000", "2015-06-30": "942.20000", "2015-03-31": "911.70000", "2014-12-31": "775.70000", "2014-09-30": "829.80000", "2014-06-30": "850.40000", "2014-03-31": "801.20000", "2013-12-31": "727.30000", "2013-09-30": "768.20000", "2013-06-30": "822.00000", "2013-03-31": "778.20000", "2012-12-31": "715.59990", "2012-09-30": "779.50000", "2012-06-30": "863.90000", "2012-03-31": "807.90000", "2011-12-31": "726.89980", "2011-09-30": "736.90000", "2011-06-30": "681.80000", "2011-03-31": "662.70000", "2010-12-31": "555.70000", "2010-09-30": "590.80100", "2010-06-30": "584.18100", "2010-03-31": "507.31800", "2009-12-31": "463.26100", "2009-09-30": "465.19200", "2009-06-30": "454.55000", "2009-03-31": "443.27400", "2008-12-31": "482.98310", "2008-09-30": "620.60700", "2008-06-30": "606.31600", "2008-03-31": "536.34300", "2007-12-31": "474.68190", "2007-09-30": "449.37400", "2007-06-30": "459.79500", "2007-03-31": "418.64600", "2006-12-31": "366.64900", "2006-09-30": "419.30100", "2006-06-30": "435.26900", "2006-03-31": "398.32600", "2005-12-31": "376.22300", "2005-09-30": "345.89400", "2005-06-30": "368.76800", "2005-03-31": "337.82200"}, "Cost Of Goods Sold": {"2020-09-30": "536.60000", "2020-06-30": "463.80000", "2020-03-31": "530.90000", "2019-12-31": "547.99990", "2019-09-30": "570.40000", "2019-06-30": "639.70000", "2019-03-31": "619.20000", "2018-12-31": "641.99990", "2018-09-30": "682.80000", "2018-06-30": "712.30000", "2018-03-31": "643.90000", "2017-12-31": "602.29990", "2017-09-30": "630.00000", "2017-06-30": "646.40000", "2017-03-31": "598.00000", "2016-12-31": "565.09990", "2016-09-30": "577.90000", "2016-06-30": "615.70000", "2016-03-31": "600.80000", "2015-12-31": "553.70000", "2015-09-30": "641.20000", "2015-06-30": "690.80000", "2015-03-31": "690.80000", "2014-12-31": "587.60000", "2014-09-30": "626.00000", "2014-06-30": "639.40000", "2014-03-31": "606.80000", "2013-12-31": "549.30000", "2013-09-30": "571.70000", "2013-06-30": "612.80000", "2013-03-31": "578.70000", "2012-12-31": "554.90000", "2012-09-30": "586.90000", "2012-06-30": "643.80000", "2012-03-31": "610.30000", "2011-12-31": "556.00000", "2011-09-30": "557.30000", "2011-06-30": "531.10000", "2011-03-31": "497.90000", "2010-12-31": "425.38300", "2010-09-30": "446.13700", "2010-06-30": "440.67700", "2010-03-31": "376.40300", "2009-12-31": "338.09800", "2009-09-30": "351.32300", "2009-06-30": "359.92800", "2009-03-31": "352.70400", "2008-12-31": "368.37600", "2008-09-30": "487.81000", "2008-06-30": "475.13900", "2008-03-31": "414.24400", "2007-12-31": "369.14600", "2007-09-30": "342.66000", "2007-06-30": "355.91900", "2007-03-31": "321.41900", "2006-12-31": "277.65300", "2006-09-30": "316.23100", "2006-06-30": "331.24400", "2006-03-31": "305.04600", "2005-12-31": "290.31900", "2005-09-30": "269.29600", "2005-06-30": "288.95000", "2005-03-31": "269.37800"}, "Gross Profit": {"2020-09-30": "221.60000", "2020-06-30": "170.30000", "2020-03-31": "203.30000", "2019-12-31": "190.20010", "2019-09-30": "201.90000", "2019-06-30": "234.00000", "2019-03-31": "234.60000", "2018-12-31": "239.70040", "2018-09-30": "242.60000", "2018-06-30": "247.40000", "2018-03-31": "234.90000", "2017-12-31": "218.40000", "2017-09-30": "226.90000", "2017-06-30": "222.80000", "2017-03-31": "215.50000", "2016-12-31": "193.00000", "2016-09-30": "231.70000", "2016-06-30": "222.90000", "2016-03-31": "217.40000", "2015-12-31": "219.79990", "2015-09-30": "241.10000", "2015-06-30": "251.40000", "2015-03-31": "220.90000", "2014-12-31": "188.10000", "2014-09-30": "203.80000", "2014-06-30": "211.00000", "2014-03-31": "194.40000", "2013-12-31": "178.00000", "2013-09-30": "196.50000", "2013-06-30": "209.20000", "2013-03-31": "199.50000", "2012-12-31": "160.69990", "2012-09-30": "192.60000", "2012-06-30": "220.10000", "2012-03-31": "197.60000", "2011-12-31": "170.89980", "2011-09-30": "179.60000", "2011-06-30": "150.70000", "2011-03-31": "164.80000", "2010-12-31": "130.31700", "2010-09-30": "144.66400", "2010-06-30": "143.50400", "2010-03-31": "130.91500", "2009-12-31": "125.16300", "2009-09-30": "113.86900", "2009-06-30": "94.62200", "2009-03-31": "90.57000", "2008-12-31": "114.60710", "2008-09-30": "132.79700", "2008-06-30": "131.17700", "2008-03-31": "122.09900", "2007-12-31": "105.53590", "2007-09-30": "106.71400", "2007-06-30": "103.87600", "2007-03-31": "97.22700", "2006-12-31": "88.99600", "2006-09-30": "103.07000", "2006-06-30": "104.02500", "2006-03-31": "93.28000", "2005-12-31": "85.90400", "2005-09-30": "76.59800", "2005-06-30": "79.81800", "2005-03-31": "68.44400"}, "Research And Development Expenses": {"2020-09-30": "", "2020-06-30": "", "2020-03-31": "", "2019-12-31": "", "2019-09-30": "", "2019-06-30": "", "2019-03-31": "", "2018-12-31": "", "2018-09-30": "", "2018-06-30": "", "2018-03-31": "", "2017-12-31": "", "2017-09-30": "", "2017-06-30": "", "2017-03-31": "", "2016-12-31": "", "2016-09-30": "", "2016-06-30": "", "2016-03-31": "", "2015-12-31": "", "2015-09-30": "", "2015-06-30": "", "2015-03-31": "", "2014-12-31": "", "2014-09-30": "", "2014-06-30": "", "2014-03-31": "", "2013-12-31": "", "2013-09-30": "", "2013-06-30": "", "2013-03-31": "", "2012-12-31": "", "2012-09-30": "", "2012-06-30": "", "2012-03-31": "", "2011-12-31": "", "2011-09-30": "", "2011-06-30": "", "2011-03-31": "", "2010-12-31": "", "2010-09-30": "", "2010-06-30": "", "2010-03-31": "", "2009-12-31": "", "2009-09-30": "", "2009-06-30": "", "2009-03-31": "", "2008-12-31": "", "2008-09-30": "", "2008-06-30": "", "2008-03-31": "", "2007-12-31": "", "2007-09-30": "", "2007-06-30": "", "2007-03-31": "", "2006-12-31": "", "2006-09-30": "", "2006-06-30": "", "2006-03-31": "", "2005-12-31": "", "2005-09-30": "", "2005-06-30": "", "2005-03-31": ""}, "SG&A Expenses": {"2020-09-30": "131.60000", "2020-06-30": "121.60000", "2020-03-31": "131.90000", "2019-12-31": "128.00000", "2019-09-30": "128.90000", "2019-06-30": "142.20000", "2019-03-31": "145.20000", "2018-12-31": "149.90000", "2018-09-30": "155.00000", "2018-06-30": "147.80000", "2018-03-31": "146.70000", "2017-12-31": "139.90000", "2017-09-30": "132.60000", "2017-06-30": "139.60000", "2017-03-31": "140.50000", "2016-12-31": "121.00000", "2016-09-30": "141.90000", "2016-06-30": "131.50000", "2016-03-31": "148.10000", "2015-12-31": "154.00000", "2015-09-30": "141.00000", "2015-06-30": "148.20000", "2015-03-31": "157.30000", "2014-12-31": "140.20000", "2014-09-30": "129.10000", "2014-06-30": "122.30000", "2014-03-31": "124.70000", "2013-12-31": "124.80000", "2013-09-30": "117.70000", "2013-06-30": "128.10000", "2013-03-31": "123.60000", "2012-12-31": "113.60000", "2012-09-30": "109.30000", "2012-06-30": "116.80000", "2012-03-31": "118.50000", "2011-12-31": "112.20000", "2011-09-30": "101.50000", "2011-06-30": "95.90000", "2011-03-31": "100.70000", "2010-12-31": "91.96400", "2010-09-30": "74.78100", "2010-06-30": "76.70500", "2010-03-31": "68.15000", "2009-12-31": "71.62000", "2009-09-30": "65.55100", "2009-06-30": "65.15500", "2009-03-31": "62.37800", "2008-12-31": "75.01600", "2008-09-30": "67.06300", "2008-06-30": "63.68300", "2008-03-31": "64.48700", "2007-12-31": "60.23700", "2007-09-30": "53.33900", "2007-06-30": "43.82100", "2007-03-31": "49.89600", "2006-12-31": "49.51200", "2006-09-30": "50.02100", "2006-06-30": "46.15900", "2006-03-31": "49.66200", "2005-12-31": "47.61600", "2005-09-30": "41.99000", "2005-06-30": "44.00700", "2005-03-31": "42.57900"}, "Other Operating Income Or Expenses": {"2020-09-30": "", "2020-06-30": "-2.80000", "2020-03-31": "-1.40000", "2019-12-31": "-0.50000", "2019-09-30": "-0.20000", "2019-06-30": "4.20000", "2019-03-31": "31.20000", "2018-12-31": "", "2018-09-30": "-8.70000", "2018-06-30": "", "2018-03-31": "", "2017-12-31": "", "2017-09-30": "", "2017-06-30": "", "2017-03-31": "", "2016-12-31": "", "2016-09-30": "", "2016-06-30": "", "2016-03-31": "", "2015-12-31": "", "2015-09-30": "", "2015-06-30": "", "2015-03-31": "", "2014-12-31": "", "2014-09-30": "", "2014-06-30": "", "2014-03-31": "", "2013-12-31": "", "2013-09-30": "", "2013-06-30": "", "2013-03-31": "", "2012-12-31": "", "2012-09-30": "", "2012-06-30": "", "2012-03-31": "", "2011-12-31": "", "2011-09-30": "", "2011-06-30": "", "2011-03-31": "", "2010-12-31": "", "2010-09-30": "", "2010-06-30": "", "2010-03-31": "", "2009-12-31": "", "2009-09-30": "", "2009-06-30": "", "2009-03-31": "", "2008-12-31": "", "2008-09-30": "", "2008-06-30": "", "2008-03-31": "", "2007-12-31": "", "2007-09-30": "", "2007-06-30": "", "2007-03-31": "", "2006-12-31": "", "2006-09-30": "", "2006-06-30": "", "2006-03-31": "", "2005-12-31": "", "2005-09-30": "", "2005-06-30": "", "2005-03-31": ""}, "Operating Expenses": {"2020-09-30": "668.20000", "2020-06-30": "588.20000", "2020-03-31": "664.20010", "2019-12-31": "676.50020", "2019-09-30": "699.50010", "2019-06-30": "777.70000", "2019-03-31": "733.20000", "2018-12-31": "791.89980", "2018-09-30": "856.00000", "2018-06-30": "860.10000", "2018-03-31": "790.60000", "2017-12-31": "742.09960", "2017-09-30": "762.60000", "2017-06-30": "786.00000", "2017-03-31": "738.50000", "2016-12-31": "686.10000", "2016-09-30": "719.80000", "2016-06-30": "747.20000", "2016-03-31": "748.90000", "2015-12-31": "787.60000", "2015-09-30": "782.20000", "2015-06-30": "839.00000", "2015-03-31": "848.10000", "2014-12-31": "886.30000", "2014-09-30": "755.10000", "2014-06-30": "762.70000", "2014-03-31": "731.50000", "2013-12-31": "755.09980", "2013-09-30": "689.40000", "2013-06-30": "740.90000", "2013-03-31": "702.30000", "2012-12-31": "668.49990", "2012-09-30": "696.20000", "2012-06-30": "760.60000", "2012-03-31": "728.80000", "2011-12-31": "668.20010", "2011-09-30": "658.80000", "2011-06-30": "627.00000", "2011-03-31": "598.60000", "2010-12-31": "517.34690", "2010-09-30": "520.91800", "2010-06-30": "517.38200", "2010-03-31": "444.55300", "2009-12-31": "409.71790", "2009-09-30": "416.87400", "2009-06-30": "425.08300", "2009-03-31": "415.08200", "2008-12-31": "443.39210", "2008-09-30": "554.87300", "2008-06-30": "538.82200", "2008-03-31": "478.73100", "2007-12-31": "429.38300", "2007-09-30": "395.99900", "2007-06-30": "399.74000", "2007-03-31": "371.31500", "2006-12-31": "327.16510", "2006-09-30": "366.25200", "2006-06-30": "377.40300", "2006-03-31": "354.70800", "2005-12-31": "337.93500", "2005-09-30": "311.28600", "2005-06-30": "332.95700", "2005-03-31": "311.95700"}, "Operating Income": {"2020-09-30": "90.00010", "2020-06-30": "45.90000", "2020-03-31": "69.99990", "2019-12-31": "61.69980", "2019-09-30": "72.79990", "2019-06-30": "96.00000", "2019-03-31": "120.60000", "2018-12-31": "89.80040", "2018-09-30": "69.40000", "2018-06-30": "99.60000", "2018-03-31": "88.20000", "2017-12-31": "78.60030", "2017-09-30": "94.30010", "2017-06-30": "83.20000", "2017-03-31": "75.00000", "2016-12-31": "71.99990", "2016-09-30": "89.79990", "2016-06-30": "91.40000", "2016-03-31": "69.30000", "2015-12-31": "-14.10000", "2015-09-30": "100.10000", "2015-06-30": "103.20000", "2015-03-31": "63.60000", "2014-12-31": "-110.60000", "2014-09-30": "74.70000", "2014-06-30": "87.70000", "2014-03-31": "69.70000", "2013-12-31": "-27.79980", "2013-09-30": "78.80000", "2013-06-30": "81.10000", "2013-03-31": "75.90000", "2012-12-31": "47.09990", "2012-09-30": "83.30000", "2012-06-30": "103.30000", "2012-03-31": "79.10000", "2011-12-31": "58.69980", "2011-09-30": "78.10000", "2011-06-30": "54.80000", "2011-03-31": "64.10000", "2010-12-31": "38.35300", "2010-09-30": "69.88310", "2010-06-30": "66.79900", "2010-03-31": "62.76500", "2009-12-31": "53.54310", "2009-09-30": "48.31800", "2009-06-30": "29.46700", "2009-03-31": "28.19200", "2008-12-31": "39.59100", "2008-09-30": "65.73400", "2008-06-30": "67.49400", "2008-03-31": "57.61200", "2007-12-31": "45.29890", "2007-09-30": "53.37500", "2007-06-30": "60.05500", "2007-03-31": "47.33100", "2006-12-31": "39.48390", "2006-09-30": "53.04900", "2006-06-30": "57.86600", "2006-03-31": "43.61800", "2005-12-31": "38.28800", "2005-09-30": "34.60800", "2005-06-30": "35.81100", "2005-03-31": "25.86500"}, "Total Non-Operating Income/Expense": {"2020-09-30": "-6.60000", "2020-06-30": "-8.10000", "2020-03-31": "-9.40000", "2019-12-31": "-10.40000", "2019-09-30": "-12.10000", "2019-06-30": "-12.20000", "2019-03-31": "-12.60000", "2018-12-31": "-14.50000", "2018-09-30": "-13.10000", "2018-06-30": "-14.00000", "2018-03-31": "-13.20000", "2017-12-31": "-13.30000", "2017-09-30": "-13.10000", "2017-06-30": "-13.90000", "2017-03-31": "-13.60000", "2016-12-31": "-15.30000", "2016-09-30": "-13.30000", "2016-06-30": "-13.60000", "2016-03-31": "-13.90000", "2015-12-31": "-13.90000", "2015-09-30": "-14.10000", "2015-06-30": "-15.50000", "2015-03-31": "-12.40000", "2014-12-31": "-6.10000", "2014-09-30": "-7.80000", "2014-06-30": "-8.60000", "2014-03-31": "-8.70000", "2013-12-31": "-8.70000", "2013-09-30": "-9.30000", "2013-06-30": "-9.60000", "2013-03-31": "-9.90000", "2012-12-31": "-10.50000", "2012-09-30": "-10.20000", "2012-06-30": "-10.80000", "2012-03-31": "-11.40000", "2011-12-31": "-10.20000", "2011-09-30": "-10.00000", "2011-06-30": "-4.40000", "2011-03-31": "-4.80000", "2010-12-31": "-4.54200", "2010-09-30": "-4.17200", "2010-06-30": "-3.96600", "2010-03-31": "-4.42000", "2009-12-31": "-4.45400", "2009-09-30": "-5.00100", "2009-06-30": "-5.12400", "2009-03-31": "-6.98600", "2008-12-31": "-7.39000", "2008-09-30": "-7.92300", "2008-06-30": "-7.82600", "2008-03-31": "-8.02900", "2007-12-31": "-11.80500", "2007-09-30": "-4.75100", "2007-06-30": "-4.18400", "2007-03-31": "-4.97700", "2006-12-31": "-4.31800", "2006-09-30": "-4.86800", "2006-06-30": "-5.31400", "2006-03-31": "-4.67500", "2005-12-31": "-4.97900", "2005-09-30": "-5.39700", "2005-06-30": "-5.86600", "2005-03-31": "-5.40600"}, "Pre-Tax Income": {"2020-09-30": "83.40000", "2020-06-30": "37.80000", "2020-03-31": "60.60000", "2019-12-31": "51.30000", "2019-09-30": "60.70000", "2019-06-30": "83.80000", "2019-03-31": "108.00000", "2018-12-31": "75.30000", "2018-09-30": "56.30000", "2018-06-30": "85.60000", "2018-03-31": "75.00000", "2017-12-31": "65.30000", "2017-09-30": "81.20000", "2017-06-30": "69.30000", "2017-03-31": "61.40000", "2016-12-31": "56.70000", "2016-09-30": "76.50000", "2016-06-30": "77.80000", "2016-03-31": "55.40000", "2015-12-31": "-28.00000", "2015-09-30": "86.00000", "2015-06-30": "87.70000", "2015-03-31": "51.20000", "2014-12-31": "-116.70000", "2014-09-30": "66.90000", "2014-06-30": "79.10000", "2014-03-31": "61.00000", "2013-12-31": "-36.50000", "2013-09-30": "69.50000", "2013-06-30": "71.50000", "2013-03-31": "66.00000", "2012-12-31": "36.60000", "2012-09-30": "73.10000", "2012-06-30": "92.50000", "2012-03-31": "67.70000", "2011-12-31": "48.50000", "2011-09-30": "68.10000", "2011-06-30": "50.40000", "2011-03-31": "59.30000", "2010-12-31": "33.81100", "2010-09-30": "65.71100", "2010-06-30": "62.83300", "2010-03-31": "58.34500", "2009-12-31": "49.08900", "2009-09-30": "43.31700", "2009-06-30": "24.34300", "2009-03-31": "21.20600", "2008-12-31": "32.20100", "2008-09-30": "57.81100", "2008-06-30": "59.66800", "2008-03-31": "49.58300", "2007-12-31": "33.49400", "2007-09-30": "48.62400", "2007-06-30": "55.87100", "2007-03-31": "42.35400", "2006-12-31": "35.16600", "2006-09-30": "48.18100", "2006-06-30": "52.55200", "2006-03-31": "38.94300", "2005-12-31": "33.30900", "2005-09-30": "29.21100", "2005-06-30": "29.94500", "2005-03-31": "20.45900"}, "Income Taxes": {"2020-09-30": "17.10000", "2020-06-30": "8.50000", "2020-03-31": "13.90000", "2019-12-31": "13.70000", "2019-09-30": "9.90000", "2019-06-30": "16.40000", "2019-03-31": "21.20000", "2018-12-31": "18.80000", "2018-09-30": "3.60000", "2018-06-30": "18.30000", "2018-03-31": "15.70000", "2017-12-31": "12.70000", "2017-09-30": "17.60000", "2017-06-30": "15.00000", "2017-03-31": "13.80000", "2016-12-31": "9.60000", "2016-09-30": "15.40000", "2016-06-30": "19.40000", "2016-03-31": "12.70000", "2015-12-31": "-9.40000", "2015-09-30": "21.70000", "2015-06-30": "22.80000", "2015-03-31": "13.30000", "2014-12-31": "-0.90000", "2014-09-30": "18.10000", "2014-06-30": "21.00000", "2014-03-31": "16.00000", "2013-12-31": "-3.70000", "2013-09-30": "15.00000", "2013-06-30": "17.90000", "2013-03-31": "15.30000", "2012-12-31": "5.70000", "2012-09-30": "17.90000", "2012-06-30": "28.20000", "2012-03-31": "17.80000", "2011-12-31": "14.80000", "2011-09-30": "20.60000", "2011-06-30": "14.40000", "2011-03-31": "18.50000", "2010-12-31": "7.63400", "2010-09-30": "19.83100", "2010-06-30": "20.05800", "2010-03-31": "18.47700", "2009-12-31": "13.57900", "2009-09-30": "11.64500", "2009-06-30": "6.82200", "2009-03-31": "7.23000", "2008-12-31": "10.91500", "2008-09-30": "20.79000", "2008-06-30": "21.08600", "2008-03-31": "17.55800", "2007-12-31": "11.63600", "2007-09-30": "16.63800", "2007-06-30": "18.97300", "2007-03-31": "14.69000", "2006-12-31": "11.23900", "2006-09-30": "17.62300", "2006-06-30": "18.84700", "2006-03-31": "14.34200", "2005-12-31": "11.42000", "2005-09-30": "9.77100", "2005-06-30": "10.99600", "2005-03-31": "7.64200"}, "Income After Taxes": {"2020-09-30": "66.30000", "2020-06-30": "29.30000", "2020-03-31": "46.70000", "2019-12-31": "37.60000", "2019-09-30": "50.80000", "2019-06-30": "67.40000", "2019-03-31": "86.80000", "2018-12-31": "56.50000", "2018-09-30": "52.70000", "2018-06-30": "67.30000", "2018-03-31": "59.30000", "2017-12-31": "52.60000", "2017-09-30": "63.60000", "2017-06-30": "54.30000", "2017-03-31": "47.60000", "2016-12-31": "47.10000", "2016-09-30": "61.10000", "2016-06-30": "58.40000", "2016-03-31": "42.70000", "2015-12-31": "-18.60000", "2015-09-30": "64.30000", "2015-06-30": "64.90000", "2015-03-31": "37.90000", "2014-12-31": "-115.80000", "2014-09-30": "48.80000", "2014-06-30": "58.10000", "2014-03-31": "45.00000", "2013-12-31": "-32.80000", "2013-09-30": "54.50000", "2013-06-30": "53.60000", "2013-03-31": "50.70000", "2012-12-31": "30.90000", "2012-09-30": "55.20000", "2012-06-30": "64.30000", "2012-03-31": "49.90000", "2011-12-31": "33.70000", "2011-09-30": "47.50000", "2011-06-30": "36.00000", "2011-03-31": "40.80000", "2010-12-31": "26.17700", "2010-09-30": "45.88000", "2010-06-30": "42.77500", "2010-03-31": "39.86800", "2009-12-31": "35.51000", "2009-09-30": "31.67200", "2009-06-30": "17.52100", "2009-03-31": "13.97600", "2008-12-31": "21.28600", "2008-09-30": "37.02100", "2008-06-30": "38.58200", "2008-03-31": "32.02500", "2007-12-31": "21.85800", "2007-09-30": "31.98600", "2007-06-30": "36.89800", "2007-03-31": "27.66400", "2006-12-31": "23.92700", "2006-09-30": "30.55800", "2006-06-30": "33.70500", "2006-03-31": "24.60100", "2005-12-31": "21.88900", "2005-09-30": "19.44000", "2005-06-30": "18.94900", "2005-03-31": "12.81700"}, "Other Income": {"2020-09-30": "", "2020-06-30": "", "2020-03-31": "", "2019-12-31": "", "2019-09-30": "", "2019-06-30": "", "2019-03-31": "", "2018-12-31": "", "2018-09-30": "", "2018-06-30": "", "2018-03-31": "", "2017-12-31": "", "2017-09-30": "", "2017-06-30": "", "2017-03-31": "", "2016-12-31": "", "2016-09-30": "", "2016-06-30": "", "2016-03-31": "", "2015-12-31": "", "2015-09-30": "", "2015-06-30": "", "2015-03-31": "", "2014-12-31": "", "2014-09-30": "", "2014-06-30": "", "2014-03-31": "", "2013-12-31": "", "2013-09-30": "", "2013-06-30": "", "2013-03-31": "", "2012-12-31": "", "2012-09-30": "", "2012-06-30": "", "2012-03-31": "", "2011-12-31": "", "2011-09-30": "", "2011-06-30": "", "2011-03-31": "", "2010-12-31": "", "2010-09-30": "", "2010-06-30": "", "2010-03-31": "", "2009-12-31": "", "2009-09-30": "", "2009-06-30": "", "2009-03-31": "", "2008-12-31": "", "2008-09-30": "", "2008-06-30": "", "2008-03-31": "", "2007-12-31": "", "2007-09-30": "", "2007-06-30": "", "2007-03-31": "", "2006-12-31": "", "2006-09-30": "", "2006-06-30": "", "2006-03-31": "", "2005-12-31": "", "2005-09-30": "", "2005-06-30": "", "2005-03-31": ""}, "Income From Continuous Operations": {"2020-09-30": "66.30000", "2020-06-30": "29.30000", "2020-03-31": "46.70000", "2019-12-31": "37.60000", "2019-09-30": "50.80000", "2019-06-30": "67.40000", "2019-03-31": "86.80000", "2018-12-31": "56.50000", "2018-09-30": "52.70000", "2018-06-30": "67.30000", "2018-03-31": "59.30000", "2017-12-31": "52.60000", "2017-09-30": "63.60000", "2017-06-30": "54.30000", "2017-03-31": "47.60000", "2016-12-31": "47.10000", "2016-09-30": "61.10000", "2016-06-30": "58.40000", "2016-03-31": "42.70000", "2015-12-31": "-18.60000", "2015-09-30": "64.30000", "2015-06-30": "64.90000", "2015-03-31": "37.90000", "2014-12-31": "-115.80000", "2014-09-30": "48.80000", "2014-06-30": "58.10000", "2014-03-31": "45.00000", "2013-12-31": "-32.80000", "2013-09-30": "54.50000", "2013-06-30": "53.60000", "2013-03-31": "50.70000", "2012-12-31": "30.90000", "2012-09-30": "55.20000", "2012-06-30": "64.30000", "2012-03-31": "49.90000", "2011-12-31": "33.70000", "2011-09-30": "47.50000", "2011-06-30": "36.00000", "2011-03-31": "40.80000", "2010-12-31": "26.17700", "2010-09-30": "45.88000", "2010-06-30": "42.77500", "2010-03-31": "39.86800", "2009-12-31": "35.51000", "2009-09-30": "31.67200", "2009-06-30": "17.52100", "2009-03-31": "13.97600", "2008-12-31": "21.28600", "2008-09-30": "37.02100", "2008-06-30": "38.58200", "2008-03-31": "32.02500", "2007-12-31": "24.10100", "2007-09-30": "31.23900", "2007-06-30": "36.25300", "2007-03-31": "26.81300", "2006-12-31": "22.96900", "2006-09-30": "29.74000", "2006-06-30": "33.30900", "2006-03-31": "23.78800", "2005-12-31": "20.30900", "2005-09-30": "18.51700", "2005-06-30": "18.44500", "2005-03-31": "12.28600"}, "Income From Discontinued Operations": {"2020-09-30": "", "2020-06-30": "", "2020-03-31": "", "2019-12-31": "", "2019-09-30": "", "2019-06-30": "", "2019-03-31": "", "2018-12-31": "", "2018-09-30": "", "2018-06-30": "", "2018-03-31": "", "2017-12-31": "", "2017-09-30": "", "2017-06-30": "", "2017-03-31": "", "2016-12-31": "", "2016-09-30": "", "2016-06-30": "", "2016-03-31": "", "2015-12-31": "", "2015-09-30": "", "2015-06-30": "", "2015-03-31": "", "2014-12-31": "", "2014-09-30": "", "2014-06-30": "", "2014-03-31": "", "2013-12-31": "", "2013-09-30": "", "2013-06-30": "", "2013-03-31": "", "2012-12-31": "", "2012-09-30": "", "2012-06-30": "", "2012-03-31": "", "2011-12-31": "", "2011-09-30": "", "2011-06-30": "", "2011-03-31": "", "2010-12-31": "", "2010-09-30": "", "2010-06-30": "", "2010-03-31": "", "2009-12-31": "", "2009-09-30": "", "2009-06-30": "", "2009-03-31": "", "2008-12-31": "", "2008-09-30": "", "2008-06-30": "", "2008-03-31": "", "2007-12-31": "", "2007-09-30": "", "2007-06-30": "", "2007-03-31": "", "2006-12-31": "", "2006-09-30": "", "2006-06-30": "", "2006-03-31": "", "2005-12-31": "", "2005-09-30": "", "2005-06-30": "", "2005-03-31": ""}, "Net Income": {"2020-09-30": "65.00000", "2020-06-30": "28.10000", "2020-03-31": "45.80000", "2019-12-31": "36.70000", "2019-09-30": "49.70000", "2019-06-30": "66.60000", "2019-03-31": "85.90000", "2018-12-31": "55.60000", "2018-09-30": "51.30000", "2018-06-30": "65.90000", "2018-03-31": "58.40000", "2017-12-31": "51.50000", "2017-09-30": "62.20000", "2017-06-30": "53.00000", "2017-03-31": "46.30000", "2016-12-31": "45.60000", "2016-09-30": "59.60000", "2016-06-30": "56.60000", "2016-03-31": "41.60000", "2015-12-31": "-19.30000", "2015-09-30": "63.40000", "2015-06-30": "62.80000", "2015-03-31": "36.40000", "2014-12-31": "-116.50000", "2014-09-30": "47.50000", "2014-06-30": "56.20000", "2014-03-31": "43.80000", "2013-12-31": "-33.20000", "2013-09-30": "52.60000", "2013-06-30": "51.10000", "2013-03-31": "49.50000", "2012-12-31": "29.90000", "2012-09-30": "54.30000", "2012-06-30": "62.70000", "2012-03-31": "48.70000", "2011-12-31": "33.50000", "2011-09-30": "45.70000", "2011-06-30": "34.30000", "2011-03-31": "38.80000", "2010-12-31": "25.26400", "2010-09-30": "44.65400", "2010-06-30": "41.72000", "2010-03-31": "37.76200", "2009-12-31": "34.65900", "2009-09-30": "31.15000", "2009-06-30": "16.45200", "2009-03-31": "12.78700", "2008-12-31": "20.64600", "2008-09-30": "36.13900", "2008-06-30": "37.31300", "2008-03-31": "31.42700", "2007-12-31": "21.19400", "2007-09-30": "31.23900", "2007-06-30": "36.25300", "2007-03-31": "26.81300", "2006-12-31": "22.96900", "2006-09-30": "29.74000", "2006-06-30": "33.30900", "2006-03-31": "23.78800", "2005-12-31": "20.30900", "2005-09-30": "18.51700", "2005-06-30": "18.44500", "2005-03-31": "12.28600"}, "EBITDA": {"2020-09-30": "122.90010", "2020-06-30": "79.20000", "2020-03-31": "102.59990", "2019-12-31": "95.79980", "2019-09-30": "106.69990", "2019-06-30": "128.20000", "2019-03-31": "154.90000", "2018-12-31": "125.90040", "2018-09-30": "104.70000", "2018-06-30": "135.80000", "2018-03-31": "123.00000", "2017-12-31": "112.70030", "2017-09-30": "128.60000", "2017-06-30": "117.60000", "2017-03-31": "109.40000", "2016-12-31": "110.79990", "2016-09-30": "127.39990", "2016-06-30": "130.30000", "2016-03-31": "109.40000", "2015-12-31": "25.20000", "2015-09-30": "142.10000", "2015-06-30": "145.40000", "2015-03-31": "99.50000", "2014-12-31": "-75.50000", "2014-09-30": "110.30000", "2014-06-30": "122.90000", "2014-03-31": "102.50000", "2013-12-31": "5.60020", "2013-09-30": "110.50000", "2013-06-30": "112.90000", "2013-03-31": "107.50000", "2012-12-31": "78.09990", "2012-09-30": "115.20000", "2012-06-30": "135.50000", "2012-03-31": "110.00000", "2011-12-31": "87.19980", "2011-09-30": "104.20000", "2011-06-30": "76.80000", "2011-03-31": "85.70000", "2010-12-31": "56.96400", "2010-09-30": "88.27310", "2010-06-30": "85.67300", "2010-03-31": "79.79000", "2009-12-31": "72.11410", "2009-09-30": "65.09800", "2009-06-30": "47.98300", "2009-03-31": "43.46900", "2008-12-31": "56.06400", "2008-09-30": "80.65100", "2008-06-30": "83.55300", "2008-03-31": "71.76400", "2007-12-31": "61.57290", "2007-09-30": "63.35300", "2007-06-30": "70.53900", "2007-03-31": "57.21400", "2006-12-31": "51.33090", "2006-09-30": "62.05800", "2006-06-30": "66.57700", "2006-03-31": "51.73300", "2005-12-31": "48.09200", "2005-09-30": "43.58600", "2005-06-30": "45.65700", "2005-03-31": "34.86400"}, "EBIT": {"2020-09-30": "90.00010", "2020-06-30": "45.90000", "2020-03-31": "69.99990", "2019-12-31": "61.70000", "2019-09-30": "72.79990", "2019-06-30": "96.00000", "2019-03-31": "120.60000", "2018-12-31": "89.80020", "2018-09-30": "69.40000", "2018-06-30": "99.60000", "2018-03-31": "88.20000", "2017-12-31": "78.60030", "2017-09-30": "94.30010", "2017-06-30": "83.20000", "2017-03-31": "75.00000", "2016-12-31": "72.00010", "2016-09-30": "89.79990", "2016-06-30": "91.40000", "2016-03-31": "69.30000", "2015-12-31": "-14.10000", "2015-09-30": "100.10000", "2015-06-30": "103.20000", "2015-03-31": "63.60000", "2014-12-31": "-110.60000", "2014-09-30": "74.70000", "2014-06-30": "87.70000", "2014-03-31": "69.70000", "2013-12-31": "-27.80000", "2013-09-30": "78.80000", "2013-06-30": "81.10000", "2013-03-31": "75.90000", "2012-12-31": "47.10000", "2012-09-30": "83.30000", "2012-06-30": "103.30000", "2012-03-31": "79.10000", "2011-12-31": "58.69990", "2011-09-30": "78.10000", "2011-06-30": "54.80000", "2011-03-31": "64.10000", "2010-12-31": "38.35300", "2010-09-30": "69.88310", "2010-06-30": "66.79900", "2010-03-31": "62.76500", "2009-12-31": "53.54310", "2009-09-30": "48.31800", "2009-06-30": "29.46700", "2009-03-31": "28.19200", "2008-12-31": "39.59100", "2008-09-30": "65.73400", "2008-06-30": "67.49400", "2008-03-31": "57.61200", "2007-12-31": "45.29890", "2007-09-30": "53.37500", "2007-06-30": "60.05500", "2007-03-31": "47.33100", "2006-12-31": "39.48400", "2006-09-30": "53.04900", "2006-06-30": "57.86600", "2006-03-31": "43.61800", "2005-12-31": "38.28800", "2005-09-30": "34.60800", "2005-06-30": "35.81100", "2005-03-31": "25.86500"}, "Basic Shares Outstanding": {"2020-09-30": "40.60000", "2020-06-30": "40.50000", "2020-03-31": "40.60000", "2019-12-31": "42.00000", "2019-09-30": "41.50000", "2019-06-30": "42.60000", "2019-03-31": "42.80000", "2018-12-31": "43.60000", "2018-09-30": "43.40000", "2018-06-30": "43.80000", "2018-03-31": "44.20000", "2017-12-31": "44.60000", "2017-09-30": "44.40000", "2017-06-30": "44.70000", "2017-03-31": "44.80000", "2016-12-31": "44.70000", "2016-09-30": "44.80000", "2016-06-30": "44.70000", "2016-03-31": "44.70000", "2015-12-31": "44.70000", "2015-09-30": "44.80000", "2015-06-30": "44.80000", "2015-03-31": "44.70000", "2014-12-31": "45.00000", "2014-09-30": "44.90000", "2014-06-30": "45.20000", "2014-03-31": "45.10000", "2013-12-31": "45.00000", "2013-09-30": "45.10000", "2013-06-30": "45.00000", "2013-03-31": "45.00000", "2012-12-31": "41.80000", "2012-09-30": "41.70000", "2012-06-30": "41.70000", "2012-03-31": "41.60000", "2011-12-31": "39.70000", "2011-09-30": "39.90000", "2011-06-30": "38.70000", "2011-03-31": "38.60000", "2010-12-31": "38.20000", "2010-09-30": "38.58100", "2010-06-30": "38.31000", "2010-03-31": "37.44600", "2009-12-31": "34.49900", "2009-09-30": "36.05600", "2009-06-30": "33.25600", "2009-03-31": "31.45700", "2008-12-31": "31.34300", "2008-09-30": "31.35700", "2008-06-30": "31.30600", "2008-03-31": "31.31700", "2007-12-31": "31.25200", "2007-09-30": "31.32100", "2007-06-30": "31.54700", "2007-03-31": "30.81400", "2006-12-31": "30.84700", "2006-09-30": "30.88800", "2006-06-30": "30.81600", "2006-03-31": "30.70100", "2005-12-31": "29.67500", "2005-09-30": "29.91300", "2005-06-30": "29.06500", "2005-03-31": "29.03400"}, "Shares Outstanding": {"2020-09-30": "40.80000", "2020-06-30": "40.70000", "2020-03-31": "40.80000", "2019-12-31": "42.20000", "2019-09-30": "41.70000", "2019-06-30": "43.00000", "2019-03-31": "43.10000", "2018-12-31": "43.90000", "2018-09-30": "43.80000", "2018-06-30": "44.10000", "2018-03-31": "44.50000", "2017-12-31": "44.90000", "2017-09-30": "44.80000", "2017-06-30": "45.10000", "2017-03-31": "45.10000", "2016-12-31": "45.00000", "2016-09-30": "45.00000", "2016-06-30": "45.00000", "2016-03-31": "45.00000", "2015-12-31": "45.10000", "2015-09-30": "45.10000", "2015-06-30": "45.20000", "2015-03-31": "45.10000", "2014-12-31": "45.30000", "2014-09-30": "45.20000", "2014-06-30": "45.50000", "2014-03-31": "45.40000", "2013-12-31": "45.40000", "2013-09-30": "45.40000", "2013-06-30": "45.30000", "2013-03-31": "45.30000", "2012-12-31": "42.10000", "2012-09-30": "42.00000", "2012-06-30": "42.00000", "2012-03-31": "42.00000", "2011-12-31": "40.10000", "2011-09-30": "40.40000", "2011-06-30": "39.20000", "2011-03-31": "39.10000", "2010-12-31": "38.90000", "2010-09-30": "39.02300", "2010-06-30": "38.95400", "2010-03-31": "38.62200", "2009-12-31": "36.13200", "2009-09-30": "38.18300", "2009-06-30": "35.10500", "2009-03-31": "32.59500", "2008-12-31": "33.25100", "2008-09-30": "33.71600", "2008-06-30": "33.52600", "2008-03-31": "33.11700", "2007-12-31": "33.92100", "2007-09-30": "34.10400", "2007-06-30": "34.17800", "2007-03-31": "33.54800", "2006-12-31": "33.50400", "2006-09-30": "33.44000", "2006-06-30": "33.64500", "2006-03-31": "32.95700", "2005-12-31": "30.87900", "2005-09-30": "31.23400", "2005-06-30": "29.72000", "2005-03-31": "30.24400"}, "Basic EPS": {"2020-09-30": "1.60000", "2020-06-30": "0.69000", "2020-03-31": "1.13000", "2019-12-31": "0.92000", "2019-09-30": "1.20000", "2019-06-30": "1.56000", "2019-03-31": "2.01000", "2018-12-31": "1.29000", "2018-09-30": "1.18000", "2018-06-30": "1.51000", "2018-03-31": "1.32000", "2017-12-31": "1.16000", "2017-09-30": "1.40000", "2017-06-30": "1.19000", "2017-03-31": "1.03000", "2016-12-31": "1.02000", "2016-09-30": "1.33000", "2016-06-30": "1.27000", "2016-03-31": "0.93000", "2015-12-31": "-0.42000", "2015-09-30": "1.42000", "2015-06-30": "1.40000", "2015-03-31": "0.81000", "2014-12-31": "-2.58000", "2014-09-30": "1.06000", "2014-06-30": "1.24000", "2014-03-31": "0.97000", "2013-12-31": "-0.75000", "2013-09-30": "1.17000", "2013-06-30": "1.14000", "2013-03-31": "1.10000", "2012-12-31": "0.71000", "2012-09-30": "1.30000", "2012-06-30": "1.50000", "2012-03-31": "1.17000", "2011-12-31": "0.80000", "2011-09-30": "1.14000", "2011-06-30": "0.89000", "2011-03-31": "1.01000", "2010-12-31": "0.65000", "2010-09-30": "1.16000", "2010-06-30": "1.09000", "2010-03-31": "1.01000", "2009-12-31": "1.00000", "2009-09-30": "0.86000", "2009-06-30": "0.49000", "2009-03-31": "0.41000", "2008-12-31": "0.66000", "2008-09-30": "1.15000", "2008-06-30": "1.19000", "2008-03-31": "1.00000", "2007-12-31": "0.68000", "2007-09-30": "1.00000", "2007-06-30": "1.15000", "2007-03-31": "0.87000", "2006-12-31": "0.75000", "2006-09-30": "0.96000", "2006-06-30": "1.08000", "2006-03-31": "0.77000", "2005-12-31": "0.67000", "2005-09-30": "0.62000", "2005-06-30": "0.63000", "2005-03-31": "0.42000"}, "EPS - Earnings Per Share": {"2020-09-30": "1.60000", "2020-06-30": "0.69000", "2020-03-31": "1.12000", "2019-12-31": "0.93000", "2019-09-30": "1.19000", "2019-06-30": "1.55000", "2019-03-31": "1.99000", "2018-12-31": "1.28000", "2018-09-30": "1.17000", "2018-06-30": "1.50000", "2018-03-31": "1.31000", "2017-12-31": "1.15000", "2017-09-30": "1.39000", "2017-06-30": "1.18000", "2017-03-31": "1.02000", "2016-12-31": "1.01000", "2016-09-30": "1.32000", "2016-06-30": "1.26000", "2016-03-31": "0.93000", "2015-12-31": "-0.43000", "2015-09-30": "1.41000", "2015-06-30": "1.39000", "2015-03-31": "0.81000", "2014-12-31": "-2.56000", "2014-09-30": "1.05000", "2014-06-30": "1.24000", "2014-03-31": "0.96000", "2013-12-31": "-0.74000", "2013-09-30": "1.16000", "2013-06-30": "1.13000", "2013-03-31": "1.09000", "2012-12-31": "0.70000", "2012-09-30": "1.29000", "2012-06-30": "1.49000", "2012-03-31": "1.16000", "2011-12-31": "0.79000", "2011-09-30": "1.13000", "2011-06-30": "0.88000", "2011-03-31": "0.99000", "2010-12-31": "0.65000", "2010-09-30": "1.14000", "2010-06-30": "1.07000", "2010-03-31": "0.98000", "2009-12-31": "0.95000", "2009-09-30": "0.82000", "2009-06-30": "0.47000", "2009-03-31": "0.39000", "2008-12-31": "0.65000", "2008-09-30": "1.07000", "2008-06-30": "1.11000", "2008-03-31": "0.95000", "2007-12-31": "0.62000", "2007-09-30": "0.92000", "2007-06-30": "1.06000", "2007-03-31": "0.80000", "2006-12-31": "0.68000", "2006-09-30": "0.89000", "2006-06-30": "0.99000", "2006-03-31": "0.72000", "2005-12-31": "0.63000", "2005-09-30": "0.59000", "2005-06-30": "0.62000", "2005-03-31": "0.41000"}}, "balance sheet": {"Cash On Hand": {"2019-12-31": "331.40000", "2018-12-31": "248.60000", "2017-12-31": "139.60000", "2016-12-31": "284.50000", "2015-12-31": "252.90000", "2014-12-31": "334.10000", "2013-12-31": "466.00000", "2012-12-31": "375.30000", "2011-12-31": "142.60000", "2010-12-31": "230.85800", "2009-12-31": "379.97500", "2008-12-31": "65.25000", "2007-12-31": "42.57400", "2006-12-31": "36.52000", "2005-12-31": "32.74700"}, "Receivables": {"2019-12-31": "461.40000", "2018-12-31": "551.90000", "2017-12-31": "506.30000", "2016-12-31": "462.20000", "2015-12-31": "462.00000", "2014-12-31": "447.50000", "2013-12-31": "463.80000", "2012-12-31": "446.00000", "2011-12-31": "424.20000", "2010-12-31": "331.01700", "2009-12-31": "240.72100", "2008-12-31": "294.32600", "2007-12-31": "297.56900", "2006-12-31": "218.03600", "2005-12-31": "197.11800"}, "Inventory": {"2019-12-31": "678.40000", "2018-12-31": "767.20000", "2017-12-31": "757.10000", "2016-12-31": "660.80000", "2015-12-31": "775.00000", "2014-12-31": "691.70000", "2013-12-31": "618.70000", "2012-12-31": "557.00000", "2011-12-31": "575.80000", "2010-12-31": "390.58700", "2009-12-31": "268.83900", "2008-12-31": "359.91800", "2007-12-31": "318.20000", "2006-12-31": "275.13800", "2005-12-31": "224.31600"}, "Pre-Paid Expenses": {"2019-12-31": "133.70000", "2018-12-31": "157.90000", "2017-12-31": "171.40000", "2016-12-31": "124.50000", "2015-12-31": "145.30000", "2014-12-31": "111.20000", "2013-12-31": "130.60000", "2012-12-31": "112.90000", "2011-12-31": "99.90000", "2010-12-31": "110.66500", "2009-12-31": "59.16800", "2008-12-31": "66.59400", "2007-12-31": "35.62600", "2006-12-31": "22.55700", "2005-12-31": "16.12100"}, "Other Current Assets": {"2019-12-31": "2.80000", "2018-12-31": "92.10000", "2017-12-31": "", "2016-12-31": "", "2015-12-31": "", "2014-12-31": "", "2013-12-31": "", "2012-12-31": "", "2011-12-31": "", "2010-12-31": "", "2009-12-31": "", "2008-12-31": "", "2007-12-31": "", "2006-12-31": "", "2005-12-31": ""}, "Total Current Assets": {"2019-12-31": "1607.70000", "2018-12-31": "1817.70000", "2017-12-31": "1574.40000", "2016-12-31": "1532.00000", "2015-12-31": "1635.20000", "2014-12-31": "1584.50000", "2013-12-31": "1725.90000", "2012-12-31": "1539.90000", "2011-12-31": "1291.10000", "2010-12-31": "1088.05100", "2009-12-31": "979.37600", "2008-12-31": "861.26200", "2007-12-31": "728.49100", "2006-12-31": "575.12800", "2005-12-31": "487.28000"}, "Property, Plant, And Equipment": {"2019-12-31": "605.00000", "2018-12-31": "615.50000", "2017-12-31": "623.00000", "2016-12-31": "627.50000", "2015-12-31": "678.50000", "2014-12-31": "531.50000", "2013-12-31": "573.40000", "2012-12-31": "573.10000", "2011-12-31": "534.00000", "2010-12-31": "396.37600", "2009-12-31": "343.07100", "2008-12-31": "358.37200", "2007-12-31": "339.34300", "2006-12-31": "268.88000", "2005-12-31": "244.32900"}, "Long-Term Investments": {"2019-12-31": "", "2018-12-31": "", "2017-12-31": "", "2016-12-31": "", "2015-12-31": "", "2014-12-31": "", "2013-12-31": "", "2012-12-31": "", "2011-12-31": "", "2010-12-31": "", "2009-12-31": "", "2008-12-31": "", "2007-12-31": "", "2006-12-31": "", "2005-12-31": ""}, "Goodwill And Intangible Assets": {"2019-12-31": "2068.50000", "2018-12-31": "2134.70000", "2017-12-31": "2147.60000", "2016-12-31": "2164.90000", "2015-12-31": "2243.40000", "2014-12-31": "1206.30000", "2013-12-31": "1326.10000", "2012-12-31": "1444.20000", "2011-12-31": "1433.90000", "2010-12-31": "950.86100", "2009-12-31": "780.34600", "2008-12-31": "793.25900", "2007-12-31": "783.73400", "2006-12-31": "589.40900", "2005-12-31": "591.84200"}, "Other Long-Term Assets": {"2019-12-31": "20.10000", "2018-12-31": "21.70000", "2017-12-31": "14.70000", "2016-12-31": "11.70000", "2015-12-31": "16.00000", "2014-12-31": "17.00000", "2013-12-31": "18.10000", "2012-12-31": "11.90000", "2011-12-31": "7.50000", "2010-12-31": "13.84800", "2009-12-31": "9.44400", "2008-12-31": "10.60300", "2007-12-31": "10.67900", "2006-12-31": "10.10200", "2005-12-31": "19.10300"}, "Total Long-Term Assets": {"2019-12-31": "2823.00000", "2018-12-31": "2806.10000", "2017-12-31": "2813.80000", "2016-12-31": "2826.50000", "2015-12-31": "2956.50000", "2014-12-31": "1772.70000", "2013-12-31": "1917.60000", "2012-12-31": "2029.20000", "2011-12-31": "1975.40000", "2010-12-31": "1361.08500", "2009-12-31": "1132.86100", "2008-12-31": "1162.23400", "2007-12-31": "1133.75600", "2006-12-31": "868.39100", "2005-12-31": "855.27400"}, "Total Assets": {"2019-12-31": "4430.70000", "2018-12-31": "4623.80000", "2017-12-31": "4388.20000", "2016-12-31": "4358.50000", "2015-12-31": "4591.70000", "2014-12-31": "3357.20000", "2013-12-31": "3643.50000", "2012-12-31": "3569.10000", "2011-12-31": "3266.50000", "2010-12-31": "2449.13600", "2009-12-31": "2112.23700", "2008-12-31": "2023.49600", "2007-12-31": "1862.24700", "2006-12-31": "1443.51900", "2005-12-31": "1342.55400"}, "Total Current Liabilities": {"2019-12-31": "560.50000", "2018-12-31": "683.50000", "2017-12-31": "712.00000", "2016-12-31": "701.60000", "2015-12-31": "612.80000", "2014-12-31": "560.70000", "2013-12-31": "700.90000", "2012-12-31": "533.90000", "2011-12-31": "524.50000", "2010-12-31": "399.34200", "2009-12-31": "309.06600", "2008-12-31": "431.00200", "2007-12-31": "311.92000", "2006-12-31": "258.54100", "2005-12-31": "218.79100"}, "Long Term Debt": {"2019-12-31": "1136.90000", "2018-12-31": "1306.60000", "2017-12-31": "1039.90000", "2016-12-31": "1310.90000", "2015-12-31": "1715.60000", "2014-12-31": "624.70000", "2013-12-31": "609.00000", "2012-12-31": "754.70000", "2011-12-31": "909.20000", "2010-12-31": "428.25600", "2009-12-31": "468.06500", "2008-12-31": "560.12700", "2007-12-31": "558.91800", "2006-12-31": "323.94600", "2005-12-31": "386.33200"}, "Other Non-Current Liabilities": {"2019-12-31": "49.20000", "2018-12-31": "50.70000", "2017-12-31": "45.30000", "2016-12-31": "63.60000", "2015-12-31": "73.70000", "2014-12-31": "60.60000", "2013-12-31": "51.20000", "2012-12-31": "82.80000", "2011-12-31": "95.70000", "2010-12-31": "80.39100", "2009-12-31": "43.31400", "2008-12-31": "78.83900", "2007-12-31": "27.04100", "2006-12-31": "12.30200", "2005-12-31": "18.39400"}, "Total Long Term Liabilities": {"2019-12-31": "1489.80000", "2018-12-31": "1601.80000", "2017-12-31": "1321.50000", "2016-12-31": "1578.70000", "2015-12-31": "1996.10000", "2014-12-31": "817.20000", "2013-12-31": "840.20000", "2012-12-31": "1038.70000", "2011-12-31": "1165.60000", "2010-12-31": "652.63200", "2009-12-31": "623.10300", "2008-12-31": "754.85300", "2007-12-31": "692.29800", "2006-12-31": "435.00300", "2005-12-31": "475.76700"}, "Total Liabilities": {"2019-12-31": "2050.30000", "2018-12-31": "2285.30000", "2017-12-31": "2033.50000", "2016-12-31": "2280.30000", "2015-12-31": "2608.90000", "2014-12-31": "1377.90000", "2013-12-31": "1541.10000", "2012-12-31": "1572.60000", "2011-12-31": "1690.10000", "2010-12-31": "1051.97400", "2009-12-31": "932.16900", "2008-12-31": "1185.85500", "2007-12-31": "1004.21800", "2006-12-31": "693.54400", "2005-12-31": "694.55800"}, "Common Stock Net": {"2019-12-31": "0.40000", "2018-12-31": "0.40000", "2017-12-31": "0.40000", "2016-12-31": "0.40000", "2015-12-31": "0.40000", "2014-12-31": "0.40000", "2013-12-31": "0.50000", "2012-12-31": "0.40000", "2011-12-31": "0.40000", "2010-12-31": "0.38600", "2009-12-31": "0.37400", "2008-12-31": "0.32300", "2007-12-31": "0.32100", "2006-12-31": "0.31800", "2005-12-31": "0.31500"}, "Retained Earnings (Accumulated Deficit)": {"2019-12-31": "1886.70000", "2018-12-31": "1777.90000", "2017-12-31": "1611.60000", "2016-12-31": "1452.00000", "2015-12-31": "1291.10000", "2014-12-31": "1188.90000", "2013-12-31": "1199.40000", "2012-12-31": "1115.00000", "2011-12-31": "951.30000", "2010-12-31": "827.46700", "2009-12-31": "703.76500", "2008-12-31": "631.28100", "2007-12-31": "535.30400", "2006-12-31": "435.97100", "2005-12-31": "343.16100"}, "Comprehensive Income": {"2019-12-31": "-237.80000", "2018-12-31": "-251.40000", "2017-12-31": "-164.00000", "2016-12-31": "-318.10000", "2015-12-31": "-255.00000", "2014-12-31": "-151.00000", "2013-12-31": "-59.80000", "2012-12-31": "-65.30000", "2011-12-31": "-105.20000", "2010-12-31": "-1.70000", "2009-12-31": "-48.59700", "2008-12-31": "-142.42900", "2007-12-31": "2.18000", "2006-12-31": "-0.22800", "2005-12-31": "3.97900"}, "Other Share Holders Equity": {"2019-12-31": "", "2018-12-31": "", "2017-12-31": "", "2016-12-31": "", "2015-12-31": "", "2014-12-31": "", "2013-12-31": "", "2012-12-31": "", "2011-12-31": "", "2010-12-31": "", "2009-12-31": "", "2008-12-31": "", "2007-12-31": "", "2006-12-31": "", "2005-12-31": ""}, "Share Holder Equity": {"2019-12-31": "2380.40000", "2018-12-31": "2338.50000", "2017-12-31": "2354.70000", "2016-12-31": "2078.20000", "2015-12-31": "1982.80000", "2014-12-31": "1979.30000", "2013-12-31": "2102.40000", "2012-12-31": "1996.50000", "2011-12-31": "1576.40000", "2010-12-31": "1397.16200", "2009-12-31": "1180.06800", "2008-12-31": "837.64100", "2007-12-31": "858.02900", "2006-12-31": "749.97500", "2005-12-31": "647.99600"}, "Total Liabilities And Share Holders Equity": {"2019-12-31": "4430.70000", "2018-12-31": "4623.80000", "2017-12-31": "4388.20000", "2016-12-31": "4358.50000", "2015-12-31": "4591.70000", "2014-12-31": "3357.20000", "2013-12-31": "3643.50000", "2012-12-31": "3569.10000", "2011-12-31": "3266.50000", "2010-12-31": "2449.13600", "2009-12-31": "2112.23700", "2008-12-31": "2023.49600", "2007-12-31": "1862.24700", "2006-12-31": "1443.51900", "2005-12-31": "1342.55400"}}, "balance sheet, quarterly": {"Cash On Hand": {"2020-09-30": "487.50000", "2020-06-30": "432.20000", "2020-03-31": "604.50000", "2019-12-31": "331.40000", "2019-09-30": "293.00000", "2019-06-30": "291.30000", "2019-03-31": "264.30000", "2018-12-31": "248.60000", "2018-09-30": "184.40000", "2018-06-30": "175.60000", "2018-03-31": "169.90000", "2017-12-31": "139.60000", "2017-09-30": "186.60000", "2017-06-30": "243.70000", "2017-03-31": "262.30000", "2016-12-31": "284.50000", "2016-09-30": "281.60000", "2016-06-30": "271.50000", "2016-03-31": "249.10000", "2015-12-31": "252.90000", "2015-09-30": "254.60000", "2015-06-30": "247.60000", "2015-03-31": "229.70000", "2014-12-31": "334.10000", "2014-09-30": "327.30000", "2014-06-30": "445.30000", "2014-03-31": "406.40000", "2013-12-31": "466.00000", "2013-09-30": "462.70000", "2013-06-30": "414.40000", "2013-03-31": "411.90000", "2012-12-31": "375.30000", "2012-09-30": "185.80000", "2012-06-30": "190.90000", "2012-03-31": "164.20000", "2011-12-31": "142.60000", "2011-09-30": "124.41400", "2011-06-30": "275.34800", "2011-03-31": "259.45700", "2010-12-31": "230.85800", "2010-09-30": "328.18500", "2010-06-30": "327.07900", "2010-03-31": "405.19500", "2009-12-31": "379.97500", "2009-09-30": "354.31100", "2009-06-30": "290.54900", "2009-03-31": "82.07800", "2008-12-31": "65.25000", "2008-09-30": "113.72200", "2008-06-30": "87.71000", "2008-03-31": "50.53100", "2007-12-31": "42.57400", "2007-09-30": "55.56400", "2007-06-30": "53.13600", "2007-03-31": "43.08600", "2006-12-31": "36.52000", "2006-09-30": "40.18600", "2006-06-30": "24.57000", "2006-03-31": "29.72000", "2005-12-31": "32.74700", "2005-09-30": "27.87200", "2005-06-30": "29.06600", "2005-03-31": "28.88200"}, "Receivables": {"2020-09-30": "472.50000", "2020-06-30": "427.20000", "2020-03-31": "464.00000", "2019-12-31": "461.40000", "2019-09-30": "491.70000", "2019-06-30": "547.80000", "2019-03-31": "545.90000", "2018-12-31": "551.90000", "2018-09-30": "582.90000", "2018-06-30": "607.70000", "2018-03-31": "562.80000", "2017-12-31": "506.30000", "2017-09-30": "527.30000", "2017-06-30": "544.50000", "2017-03-31": "509.00000", "2016-12-31": "462.20000", "2016-09-30": "501.00000", "2016-06-30": "522.50000", "2016-03-31": "498.10000", "2015-12-31": "462.00000", "2015-09-30": "551.00000", "2015-06-30": "580.30000", "2015-03-31": "582.50000", "2014-12-31": "447.50000", "2014-09-30": "545.70000", "2014-06-30": "565.20000", "2014-03-31": "543.80000", "2013-12-31": "463.80000", "2013-09-30": "481.90000", "2013-06-30": "512.30000", "2013-03-31": "509.30000", "2012-12-31": "446.00000", "2012-09-30": "466.50000", "2012-06-30": "525.00000", "2012-03-31": "508.70000", "2011-12-31": "424.20000", "2011-09-30": "498.74500", "2011-06-30": "410.56500", "2011-03-31": "393.37400", "2010-12-31": "331.01700", "2010-09-30": "353.21200", "2010-06-30": "337.08400", "2010-03-31": "290.81200", "2009-12-31": "240.72100", "2009-09-30": "276.95400", "2009-06-30": "285.89100", "2009-03-31": "272.66100", "2008-12-31": "294.32600", "2008-09-30": "394.02200", "2008-06-30": "394.30800", "2008-03-31": "345.38800", "2007-12-31": "297.56900", "2007-09-30": "297.15900", "2007-06-30": "272.02200", "2007-03-31": "261.32200", "2006-12-31": "218.03600", "2006-09-30": "267.38100", "2006-06-30": "257.42900", "2006-03-31": "240.62300", "2005-12-31": "197.11800", "2005-09-30": "182.28000", "2005-06-30": "200.17800", "2005-03-31": "201.33200"}, "Inventory": {"2020-09-30": "677.20000", "2020-06-30": "679.70000", "2020-03-31": "655.30000", "2019-12-31": "678.40000", "2019-09-30": "725.70000", "2019-06-30": "765.30000", "2019-03-31": "803.80000", "2018-12-31": "767.20000", "2018-09-30": "791.00000", "2018-06-30": "785.30000", "2018-03-31": "778.30000", "2017-12-31": "757.10000", "2017-09-30": "734.90000", "2017-06-30": "698.20000", "2017-03-31": "687.90000", "2016-12-31": "660.80000", "2016-09-30": "685.60000", "2016-06-30": "711.40000", "2016-03-31": "756.80000", "2015-12-31": "775.00000", "2015-09-30": "745.80000", "2015-06-30": "768.60000", "2015-03-31": "784.10000", "2014-12-31": "691.70000", "2014-09-30": "681.70000", "2014-06-30": "659.40000", "2014-03-31": "646.00000", "2013-12-31": "618.70000", "2013-09-30": "606.10000", "2013-06-30": "581.70000", "2013-03-31": "573.10000", "2012-12-31": "557.00000", "2012-09-30": "594.90000", "2012-06-30": "583.90000", "2012-03-31": "590.60000", "2011-12-31": "575.80000", "2011-09-30": "626.85700", "2011-06-30": "436.37500", "2011-03-31": "401.23400", "2010-12-31": "390.58700", "2010-09-30": "340.60900", "2010-06-30": "308.32400", "2010-03-31": "274.11000", "2009-12-31": "268.83900", "2009-09-30": "259.86300", "2009-06-30": "269.21600", "2009-03-31": "327.32400", "2008-12-31": "359.91800", "2008-09-30": "330.34600", "2008-06-30": "308.46200", "2008-03-31": "307.26100", "2007-12-31": "318.20000", "2007-09-30": "285.83900", "2007-06-30": "235.84800", "2007-03-31": "269.48800", "2006-12-31": "275.13800", "2006-09-30": "241.36600", "2006-06-30": "231.94200", "2006-03-31": "231.73100", "2005-12-31": "224.31600", "2005-09-30": "229.09000", "2005-06-30": "234.64200", "2005-03-31": "245.59400"}, "Pre-Paid Expenses": {"2020-09-30": "110.40000", "2020-06-30": "131.30000", "2020-03-31": "104.00000", "2019-12-31": "133.70000", "2019-09-30": "154.70000", "2019-06-30": "163.10000", "2019-03-31": "172.00000", "2018-12-31": "157.90000", "2018-09-30": "171.60000", "2018-06-30": "155.70000", "2018-03-31": "175.10000", "2017-12-31": "171.40000", "2017-09-30": "181.40000", "2017-06-30": "156.70000", "2017-03-31": "156.20000", "2016-12-31": "124.50000", "2016-09-30": "129.70000", "2016-06-30": "131.40000", "2016-03-31": "145.50000", "2015-12-31": "145.30000", "2015-09-30": "135.60000", "2015-06-30": "134.00000", "2015-03-31": "128.10000", "2014-12-31": "111.20000", "2014-09-30": "116.50000", "2014-06-30": "126.70000", "2014-03-31": "112.10000", "2013-12-31": "130.60000", "2013-09-30": "118.50000", "2013-06-30": "113.50000", "2013-03-31": "113.40000", "2012-12-31": "112.90000", "2012-09-30": "108.50000", "2012-06-30": "86.50000", "2012-03-31": "115.20000", "2011-12-31": "99.90000", "2011-09-30": "77.17600", "2011-06-30": "87.81800", "2011-03-31": "86.14400", "2010-12-31": "110.66500", "2010-09-30": "72.66700", "2010-06-30": "56.16100", "2010-03-31": "52.45200", "2009-12-31": "59.16800", "2009-09-30": "82.42300", "2009-06-30": "75.73300", "2009-03-31": "79.64300", "2008-12-31": "66.59400", "2008-09-30": "30.23300", "2008-06-30": "50.34600", "2008-03-31": "47.67600", "2007-12-31": "35.62600", "2007-09-30": "31.64500", "2007-06-30": "29.16000", "2007-03-31": "17.04300", "2006-12-31": "22.55700", "2006-09-30": "25.62200", "2006-06-30": "28.31000", "2006-03-31": "17.86700", "2005-12-31": "16.12100", "2005-09-30": "20.83200", "2005-06-30": "30.54900", "2005-03-31": "17.70800"}, "Other Current Assets": {"2020-09-30": "5.00000", "2020-06-30": "5.30000", "2020-03-31": "6.60000", "2019-12-31": "2.80000", "2019-09-30": "2.80000", "2019-06-30": "35.40000", "2019-03-31": "50.50000", "2018-12-31": "92.10000", "2018-09-30": "", "2018-06-30": "", "2018-03-31": "", "2017-12-31": "", "2017-09-30": "", "2017-06-30": "", "2017-03-31": "", "2016-12-31": "", "2016-09-30": "", "2016-06-30": "", "2016-03-31": "", "2015-12-31": "", "2015-09-30": "", "2015-06-30": "", "2015-03-31": "", "2014-12-31": "", "2014-09-30": "", "2014-06-30": "", "2014-03-31": "", "2013-12-31": "", "2013-09-30": "", "2013-06-30": "", "2013-03-31": "", "2012-12-31": "", "2012-09-30": "", "2012-06-30": "", "2012-03-31": "", "2011-12-31": "", "2011-09-30": "", "2011-06-30": "", "2011-03-31": "", "2010-12-31": "", "2010-09-30": "", "2010-06-30": "", "2010-03-31": "", "2009-12-31": "", "2009-09-30": "", "2009-06-30": "", "2009-03-31": "", "2008-12-31": "", "2008-09-30": "", "2008-06-30": "", "2008-03-31": "", "2007-12-31": "", "2007-09-30": "", "2007-06-30": "", "2007-03-31": "", "2006-12-31": "", "2006-09-30": "", "2006-06-30": "", "2006-03-31": "", "2005-12-31": "", "2005-09-30": "", "2005-06-30": "", "2005-03-31": ""}, "Total Current Assets": {"2020-09-30": "1752.60000", "2020-06-30": "1675.70000", "2020-03-31": "1834.40000", "2019-12-31": "1607.70000", "2019-09-30": "1667.90000", "2019-06-30": "1802.90000", "2019-03-31": "1836.50000", "2018-12-31": "1817.70000", "2018-09-30": "1729.90000", "2018-06-30": "1724.30000", "2018-03-31": "1686.10000", "2017-12-31": "1574.40000", "2017-09-30": "1630.20000", "2017-06-30": "1643.10000", "2017-03-31": "1615.40000", "2016-12-31": "1532.00000", "2016-09-30": "1597.90000", "2016-06-30": "1636.80000", "2016-03-31": "1649.50000", "2015-12-31": "1635.20000", "2015-09-30": "1785.30000", "2015-06-30": "1820.70000", "2015-03-31": "1800.60000", "2014-12-31": "1584.50000", "2014-09-30": "1718.70000", "2014-06-30": "1841.60000", "2014-03-31": "1758.30000", "2013-12-31": "1725.90000", "2013-09-30": "1717.50000", "2013-06-30": "1675.40000", "2013-03-31": "1652.70000", "2012-12-31": "1539.90000", "2012-09-30": "1398.60000", "2012-06-30": "1437.30000", "2012-03-31": "1409.30000", "2011-12-31": "1291.10000", "2011-09-30": "1386.60400", "2011-06-30": "1239.71400", "2011-03-31": "1167.39700", "2010-12-31": "1088.05100", "2010-09-30": "1121.48800", "2010-06-30": "1064.41200", "2010-03-31": "1047.41300", "2009-12-31": "979.37600", "2009-09-30": "1014.41600", "2009-06-30": "967.79400", "2009-03-31": "819.58900", "2008-12-31": "861.26200", "2008-09-30": "905.64000", "2008-06-30": "866.18600", "2008-03-31": "769.52000", "2007-12-31": "728.49100", "2007-09-30": "696.65900", "2007-06-30": "614.81700", "2007-03-31": "615.72200", "2006-12-31": "575.12800", "2006-09-30": "591.08400", "2006-06-30": "557.38400", "2006-03-31": "537.20200", "2005-12-31": "487.28000", "2005-09-30": "475.98900", "2005-06-30": "498.58300", "2005-03-31": "499.84100"}, "Property, Plant, And Equipment": {"2020-09-30": "549.40000", "2020-06-30": "556.70000", "2020-03-31": "570.30000", "2019-12-31": "605.00000", "2019-09-30": "609.00000", "2019-06-30": "622.30000", "2019-03-31": "608.50000", "2018-12-31": "615.50000", "2018-09-30": "644.50000", "2018-06-30": "650.20000", "2018-03-31": "629.80000", "2017-12-31": "623.00000", "2017-09-30": "633.70000", "2017-06-30": "637.30000", "2017-03-31": "633.20000", "2016-12-31": "627.50000", "2016-09-30": "645.00000", "2016-06-30": "654.30000", "2016-03-31": "673.40000", "2015-12-31": "678.50000", "2015-09-30": "694.80000", "2015-06-30": "710.00000", "2015-03-31": "714.80000", "2014-12-31": "531.50000", "2014-09-30": "572.00000", "2014-06-30": "580.00000", "2014-03-31": "582.70000", "2013-12-31": "573.40000", "2013-09-30": "572.60000", "2013-06-30": "568.30000", "2013-03-31": "577.80000", "2012-12-31": "573.10000", "2012-09-30": "566.80000", "2012-06-30": "565.10000", "2012-03-31": "572.10000", "2011-12-31": "534.00000", "2011-09-30": "543.72100", "2011-06-30": "412.13600", "2011-03-31": "413.54500", "2010-12-31": "396.37600", "2010-09-30": "361.01400", "2010-06-30": "352.98100", "2010-03-31": "343.45600", "2009-12-31": "343.07100", "2009-09-30": "345.15600", "2009-06-30": "351.24700", "2009-03-31": "352.68500", "2008-12-31": "358.37200", "2008-09-30": "371.62900", "2008-06-30": "376.14500", "2008-03-31": "358.52800", "2007-12-31": "339.34300", "2007-09-30": "326.63700", "2007-06-30": "274.07800", "2007-03-31": "273.02400", "2006-12-31": "268.88000", "2006-09-30": "263.72200", "2006-06-30": "251.48600", "2006-03-31": "244.62500", "2005-12-31": "244.32900", "2005-09-30": "248.23200", "2005-06-30": "249.87100", "2005-03-31": "256.39700"}, "Long-Term Investments": {"2020-09-30": "", "2020-06-30": "", "2020-03-31": "", "2019-12-31": "", "2019-09-30": "", "2019-06-30": "", "2019-03-31": "", "2018-12-31": "", "2018-09-30": "", "2018-06-30": "", "2018-03-31": "", "2017-12-31": "", "2017-09-30": "", "2017-06-30": "", "2017-03-31": "", "2016-12-31": "", "2016-09-30": "", "2016-06-30": "", "2016-03-31": "", "2015-12-31": "", "2015-09-30": "", "2015-06-30": "", "2015-03-31": "", "2014-12-31": "", "2014-09-30": "", "2014-06-30": "", "2014-03-31": "", "2013-12-31": "", "2013-09-30": "", "2013-06-30": "", "2013-03-31": "", "2012-12-31": "", "2012-09-30": "", "2012-06-30": "", "2012-03-31": "", "2011-12-31": "", "2011-09-30": "", "2011-06-30": "", "2011-03-31": "", "2010-12-31": "", "2010-09-30": "", "2010-06-30": "", "2010-03-31": "", "2009-12-31": "", "2009-09-30": "", "2009-06-30": "", "2009-03-31": "", "2008-12-31": "", "2008-09-30": "", "2008-06-30": "", "2008-03-31": "", "2007-12-31": "", "2007-09-30": "", "2007-06-30": "", "2007-03-31": "", "2006-12-31": "", "2006-09-30": "", "2006-06-30": "", "2006-03-31": "", "2005-12-31": "", "2005-09-30": "", "2005-06-30": "", "2005-03-31": ""}, "Goodwill And Intangible Assets": {"2020-09-30": "2043.80000", "2020-06-30": "2041.20000", "2020-03-31": "2046.80000", "2019-12-31": "2068.50000", "2019-09-30": "2073.90000", "2019-06-30": "2101.40000", "2019-03-31": "2113.50000", "2018-12-31": "2134.70000", "2018-09-30": "2177.50000", "2018-06-30": "2211.70000", "2018-03-31": "2144.40000", "2017-12-31": "2147.60000", "2017-09-30": "2157.60000", "2017-06-30": "2161.30000", "2017-03-31": "2156.90000", "2016-12-31": "2164.90000", "2016-09-30": "2200.10000", "2016-06-30": "2215.10000", "2016-03-31": "2240.40000", "2015-12-31": "2243.40000", "2015-09-30": "2368.90000", "2015-06-30": "2391.70000", "2015-03-31": "2417.60000", "2014-12-31": "1206.30000", "2014-09-30": "1361.20000", "2014-06-30": "1355.10000", "2014-03-31": "1365.60000", "2013-12-31": "1326.10000", "2013-09-30": "1403.50000", "2013-06-30": "1412.00000", "2013-03-31": "1435.40000", "2012-12-31": "1444.20000", "2012-09-30": "1447.40000", "2012-06-30": "1451.30000", "2012-03-31": "1470.50000", "2011-12-31": "1433.90000", "2011-09-30": "1430.89800", "2011-06-30": "979.54900", "2011-03-31": "947.84900", "2010-12-31": "950.86100", "2010-09-30": "850.23500", "2010-06-30": "802.57200", "2010-03-31": "779.64100", "2009-12-31": "780.34600", "2009-09-30": "791.11600", "2009-06-30": "793.94100", "2009-03-31": "786.71500", "2008-12-31": "793.25900", "2008-09-30": "767.06600", "2008-06-30": "762.16700", "2008-03-31": "764.19500", "2007-12-31": "783.73400", "2007-09-30": "739.06600", "2007-06-30": "586.40700", "2007-03-31": "587.99000", "2006-12-31": "589.40900", "2006-09-30": "590.93700", "2006-06-30": "592.71100", "2006-03-31": "590.24700", "2005-12-31": "591.84200", "2005-09-30": "608.97000", "2005-06-30": "602.90410", "2005-03-31": "603.52600"}, "Other Long-Term Assets": {"2020-09-30": "15.00000", "2020-06-30": "11.70000", "2020-03-31": "21.20000", "2019-12-31": "20.10000", "2019-09-30": "19.90000", "2019-06-30": "22.50000", "2019-03-31": "23.00000", "2018-12-31": "21.70000", "2018-09-30": "21.70000", "2018-06-30": "21.10000", "2018-03-31": "15.60000", "2017-12-31": "14.70000", "2017-09-30": "13.80000", "2017-06-30": "13.80000", "2017-03-31": "14.60000", "2016-12-31": "11.70000", "2016-09-30": "13.50000", "2016-06-30": "13.20000", "2016-03-31": "15.40000", "2015-12-31": "16.00000", "2015-09-30": "29.40000", "2015-06-30": "42.60000", "2015-03-31": "34.50000", "2014-12-31": "17.00000", "2014-09-30": "19.50000", "2014-06-30": "22.70000", "2014-03-31": "19.90000", "2013-12-31": "18.10000", "2013-09-30": "15.70000", "2013-06-30": "12.40000", "2013-03-31": "12.50000", "2012-12-31": "11.90000", "2012-09-30": "10.90000", "2012-06-30": "9.80000", "2012-03-31": "15.60000", "2011-12-31": "7.50000", "2011-09-30": "11.44200", "2011-06-30": "15.14400", "2011-03-31": "15.34600", "2010-12-31": "13.84800", "2010-09-30": "14.86400", "2010-06-30": "6.42300", "2010-03-31": "11.86700", "2009-12-31": "9.44400", "2009-09-30": "10.33800", "2009-06-30": "11.59500", "2009-03-31": "10.89200", "2008-12-31": "10.60300", "2008-09-30": "8.15800", "2008-06-30": "13.81900", "2008-03-31": "15.46500", "2007-12-31": "10.67900", "2007-09-30": "14.45800", "2007-06-30": "10.73400", "2007-03-31": "9.10700", "2006-12-31": "10.10200", "2006-09-30": "21.30700", "2006-06-30": "19.66900", "2006-03-31": "18.96400", "2005-12-31": "19.10300", "2005-09-30": "22.86800", "2005-06-30": "23.92500", "2005-03-31": "25.51000"}, "Total Long-Term Assets": {"2020-09-30": "2726.80000", "2020-06-30": "2732.40000", "2020-03-31": "2751.50000", "2019-12-31": "2823.00000", "2019-09-30": "2810.40000", "2019-06-30": "2857.40000", "2019-03-31": "2869.40000", "2018-12-31": "2806.10000", "2018-09-30": "2871.40000", "2018-06-30": "2910.40000", "2018-03-31": "2821.10000", "2017-12-31": "2813.80000", "2017-09-30": "2833.80000", "2017-06-30": "2839.90000", "2017-03-31": "2829.00000", "2016-12-31": "2826.50000", "2016-09-30": "2879.20000", "2016-06-30": "2903.80000", "2016-03-31": "2950.70000", "2015-12-31": "2956.50000", "2015-09-30": "3093.10000", "2015-06-30": "3144.30000", "2015-03-31": "3166.90000", "2014-12-31": "1772.70000", "2014-09-30": "1952.70000", "2014-06-30": "1957.80000", "2014-03-31": "1968.20000", "2013-12-31": "1917.60000", "2013-09-30": "1991.80000", "2013-06-30": "1992.70000", "2013-03-31": "2025.70000", "2012-12-31": "2029.20000", "2012-09-30": "2025.10000", "2012-06-30": "2026.20000", "2012-03-31": "2058.20000", "2011-12-31": "1975.40000", "2011-09-30": "1986.06100", "2011-06-30": "1406.82900", "2011-03-31": "1376.74000", "2010-12-31": "1361.08500", "2010-09-30": "1226.11300", "2010-06-30": "1161.97600", "2010-03-31": "1134.96400", "2009-12-31": "1132.86100", "2009-09-30": "1146.61000", "2009-06-30": "1156.78300", "2009-03-31": "1150.29200", "2008-12-31": "1162.23400", "2008-09-30": "1146.85300", "2008-06-30": "1152.13100", "2008-03-31": "1138.18800", "2007-12-31": "1133.75600", "2007-09-30": "1080.16100", "2007-06-30": "871.21900", "2007-03-31": "870.12100", "2006-12-31": "868.39100", "2006-09-30": "875.96600", "2006-06-30": "863.86600", "2006-03-31": "853.83600", "2005-12-31": "855.27400", "2005-09-30": "880.07000", "2005-06-30": "876.70000", "2005-03-31": "885.43300"}, "Total Assets": {"2020-09-30": "4479.40000", "2020-06-30": "4408.10000", "2020-03-31": "4585.90000", "2019-12-31": "4430.70000", "2019-09-30": "4478.30000", "2019-06-30": "4660.30000", "2019-03-31": "4705.90000", "2018-12-31": "4623.80000", "2018-09-30": "4601.30000", "2018-06-30": "4634.70000", "2018-03-31": "4507.20000", "2017-12-31": "4388.20000", "2017-09-30": "4464.00000", "2017-06-30": "4483.00000", "2017-03-31": "4444.40000", "2016-12-31": "4358.50000", "2016-09-30": "4477.10000", "2016-06-30": "4540.60000", "2016-03-31": "4600.20000", "2015-12-31": "4591.70000", "2015-09-30": "4878.40000", "2015-06-30": "4965.00000", "2015-03-31": "4967.50000", "2014-12-31": "3357.20000", "2014-09-30": "3671.40000", "2014-06-30": "3799.40000", "2014-03-31": "3726.50000", "2013-12-31": "3643.50000", "2013-09-30": "3709.30000", "2013-06-30": "3668.10000", "2013-03-31": "3678.40000", "2012-12-31": "3569.10000", "2012-09-30": "3423.70000", "2012-06-30": "3463.50000", "2012-03-31": "3467.50000", "2011-12-31": "3266.50000", "2011-09-30": "3372.66500", "2011-06-30": "2646.54300", "2011-03-31": "2544.13700", "2010-12-31": "2449.13600", "2010-09-30": "2347.60100", "2010-06-30": "2226.38800", "2010-03-31": "2182.37700", "2009-12-31": "2112.23700", "2009-09-30": "2161.02600", "2009-06-30": "2124.57700", "2009-03-31": "1969.88100", "2008-12-31": "2023.49600", "2008-09-30": "2052.49300", "2008-06-30": "2018.31700", "2008-03-31": "1907.70800", "2007-12-31": "1862.24700", "2007-09-30": "1776.82000", "2007-06-30": "1486.03600", "2007-03-31": "1485.84300", "2006-12-31": "1443.51900", "2006-09-30": "1467.05000", "2006-06-30": "1421.25000", "2006-03-31": "1391.03800", "2005-12-31": "1342.55400", "2005-09-30": "1356.05900", "2005-06-30": "1375.28300", "2005-03-31": "1385.27400"}, "Total Current Liabilities": {"2020-09-30": "830.80000", "2020-06-30": "578.40000", "2020-03-31": "580.30000", "2019-12-31": "560.50000", "2019-09-30": "589.20000", "2019-06-30": "645.30000", "2019-03-31": "676.50000", "2018-12-31": "683.50000", "2018-09-30": "661.70000", "2018-06-30": "768.10000", "2018-03-31": "713.20000", "2017-12-31": "712.00000", "2017-09-30": "734.90000", "2017-06-30": "732.80000", "2017-03-31": "714.00000", "2016-12-31": "701.60000", "2016-09-30": "699.90000", "2016-06-30": "599.80000", "2016-03-31": "581.90000", "2015-12-31": "612.80000", "2015-09-30": "680.40000", "2015-06-30": "712.70000", "2015-03-31": "721.30000", "2014-12-31": "560.70000", "2014-09-30": "592.60000", "2014-06-30": "761.90000", "2014-03-31": "754.40000", "2013-12-31": "700.90000", "2013-09-30": "720.10000", "2013-06-30": "581.50000", "2013-03-31": "601.40000", "2012-12-31": "533.90000", "2012-09-30": "602.90000", "2012-06-30": "616.80000", "2012-03-31": "552.30000", "2011-12-31": "524.50000", "2011-09-30": "595.91300", "2011-06-30": "490.47700", "2011-03-31": "453.40900", "2010-12-31": "399.34200", "2010-09-30": "396.14900", "2010-06-30": "382.27500", "2010-03-31": "368.01300", "2009-12-31": "309.06600", "2009-09-30": "390.41800", "2009-06-30": "318.13900", "2009-03-31": "333.45400", "2008-12-31": "431.00200", "2008-09-30": "428.18000", "2008-06-30": "394.54000", "2008-03-31": "319.08700", "2007-12-31": "311.92000", "2007-09-30": "310.95400", "2007-06-30": "261.51100", "2007-03-31": "274.97200", "2006-12-31": "258.54100", "2006-09-30": "274.54500", "2006-06-30": "274.00200", "2006-03-31": "240.07400", "2005-12-31": "218.79100", "2005-09-30": "187.96900", "2005-06-30": "199.44700", "2005-03-31": "199.06300"}, "Long Term Debt": {"2020-09-30": "840.20000", "2020-06-30": "1125.10000", "2020-03-31": "1364.30000", "2019-12-31": "1136.90000", "2019-09-30": "1200.30000", "2019-06-30": "1222.70000", "2019-03-31": "1213.20000", "2018-12-31": "1306.60000", "2018-09-30": "1278.30000", "2018-06-30": "1235.10000", "2018-03-31": "1081.50000", "2017-12-31": "1039.90000", "2017-09-30": "1113.80000", "2017-06-30": "1199.50000", "2017-03-31": "1269.10000", "2016-12-31": "1310.90000", "2016-09-30": "1409.70000", "2016-06-30": "1610.50000", "2016-03-31": "1699.30000", "2015-12-31": "1715.60000", "2015-09-30": "1764.70000", "2015-06-30": "1817.40000", "2015-03-31": "1875.60000", "2014-12-31": "624.70000", "2014-09-30": "668.60000", "2014-06-30": "608.80000", "2014-03-31": "608.90000", "2013-12-31": "609.00000", "2013-09-30": "609.10000", "2013-06-30": "757.50000", "2013-03-31": "754.50000", "2012-12-31": "754.70000", "2012-09-30": "781.70000", "2012-06-30": "899.80000", "2012-03-31": "971.00000", "2011-12-31": "909.20000", "2011-09-30": "955.14700", "2011-06-30": "428.04400", "2011-03-31": "430.78000", "2010-12-31": "428.25600", "2010-09-30": "425.89800", "2010-06-30": "426.57800", "2010-03-31": "425.97500", "2009-12-31": "468.06500", "2009-09-30": "473.27000", "2009-06-30": "548.11500", "2009-03-31": "580.28300", "2008-12-31": "560.12700", "2008-09-30": "554.08700", "2008-06-30": "541.13100", "2008-03-31": "550.69400", "2007-12-31": "558.91800", "2007-09-30": "497.26200", "2007-06-30": "292.10300", "2007-03-31": "323.54200", "2006-12-31": "323.94600", "2006-09-30": "362.17600", "2006-06-30": "346.90600", "2006-03-31": "389.03800", "2005-12-31": "386.33200", "2005-09-30": "448.85800", "2005-06-30": "536.89500", "2005-03-31": "563.57200"}, "Other Non-Current Liabilities": {"2020-09-30": "49.30000", "2020-06-30": "48.40000", "2020-03-31": "50.10000", "2019-12-31": "49.20000", "2019-09-30": "51.60000", "2019-06-30": "52.00000", "2019-03-31": "54.70000", "2018-12-31": "50.70000", "2018-09-30": "54.40000", "2018-06-30": "51.20000", "2018-03-31": "47.40000", "2017-12-31": "45.30000", "2017-09-30": "51.50000", "2017-06-30": "52.10000", "2017-03-31": "53.10000", "2016-12-31": "63.60000", "2016-09-30": "62.20000", "2016-06-30": "68.40000", "2016-03-31": "70.30000", "2015-12-31": "73.70000", "2015-09-30": "70.00000", "2015-06-30": "64.70000", "2015-03-31": "67.70000", "2014-12-31": "60.60000", "2014-09-30": "48.60000", "2014-06-30": "48.10000", "2014-03-31": "48.40000", "2013-12-31": "51.20000", "2013-09-30": "72.50000", "2013-06-30": "74.20000", "2013-03-31": "80.90000", "2012-12-31": "82.80000", "2012-09-30": "78.60000", "2012-06-30": "83.80000", "2012-03-31": "81.30000", "2011-12-31": "95.70000", "2011-09-30": "105.82600", "2011-06-30": "93.32600", "2011-03-31": "69.57700", "2010-12-31": "80.39100", "2010-09-30": "65.44200", "2010-06-30": "57.38900", "2010-03-31": "46.81100", "2009-12-31": "43.31400", "2009-09-30": "45.76200", "2009-06-30": "48.19200", "2009-03-31": "67.44900", "2008-12-31": "78.83900", "2008-09-30": "33.67900", "2008-06-30": "41.47400", "2008-03-31": "40.14000", "2007-12-31": "27.04100", "2007-09-30": "10.96700", "2007-06-30": "10.56700", "2007-03-31": "10.95900", "2006-12-31": "12.30200", "2006-09-30": "25.87600", "2006-06-30": "25.00800", "2006-03-31": "21.63600", "2005-12-31": "18.39400", "2005-09-30": "23.10800", "2005-06-30": "19.90100", "2005-03-31": "20.61700"}, "Total Long Term Liabilities": {"2020-09-30": "1196.70000", "2020-06-30": "1482.70000", "2020-03-31": "1705.50000", "2019-12-31": "1489.80000", "2019-09-30": "1560.00000", "2019-06-30": "1584.60000", "2019-03-31": "1585.40000", "2018-12-31": "1601.80000", "2018-09-30": "1580.10000", "2018-06-30": "1525.90000", "2018-03-31": "1373.80000", "2017-12-31": "1321.50000", "2017-09-30": "1426.70000", "2017-06-30": "1501.40000", "2017-03-31": "1556.60000", "2016-12-31": "1578.70000", "2016-09-30": "1674.90000", "2016-06-30": "1890.90000", "2016-03-31": "1982.10000", "2015-12-31": "1996.10000", "2015-09-30": "2167.50000", "2015-06-30": "2214.50000", "2015-03-31": "2256.40000", "2014-12-31": "817.20000", "2014-09-30": "902.10000", "2014-06-30": "843.10000", "2014-03-31": "840.60000", "2013-12-31": "840.20000", "2013-09-30": "872.99990", "2013-06-30": "1032.50000", "2013-03-31": "1034.10000", "2012-12-31": "1038.70000", "2012-09-30": "1043.90000", "2012-06-30": "1155.90000", "2012-03-31": "1229.60000", "2011-12-31": "1165.60000", "2011-09-30": "1219.23900", "2011-06-30": "675.50100", "2011-03-31": "646.33000", "2010-12-31": "652.63200", "2010-09-30": "603.19900", "2010-06-30": "591.46000", "2010-03-31": "583.81600", "2009-12-31": "623.10300", "2009-09-30": "644.62600", "2009-06-30": "726.00700", "2009-03-31": "763.27100", "2008-12-31": "754.85300", "2008-09-30": "704.72890", "2008-06-30": "698.81900", "2008-03-31": "693.69000", "2007-12-31": "692.29800", "2007-09-30": "619.74690", "2007-06-30": "409.47300", "2007-03-31": "436.04100", "2006-12-31": "435.00300", "2006-09-30": "458.97100", "2006-06-30": "441.59800", "2006-03-31": "481.75000", "2005-12-31": "475.76700", "2005-09-30": "537.64100", "2005-06-30": "610.56400", "2005-03-31": "638.47300"}, "Total Liabilities": {"2020-09-30": "2027.50000", "2020-06-30": "2061.10000", "2020-03-31": "2285.80000", "2019-12-31": "2050.30000", "2019-09-30": "2149.20000", "2019-06-30": "2229.90000", "2019-03-31": "2261.90000", "2018-12-31": "2285.30000", "2018-09-30": "2241.80000", "2018-06-30": "2294.00000", "2018-03-31": "2087.00000", "2017-12-31": "2033.50000", "2017-09-30": "2161.60000", "2017-06-30": "2234.20000", "2017-03-31": "2270.60000", "2016-12-31": "2280.30000", "2016-09-30": "2374.80000", "2016-06-30": "2490.70000", "2016-03-31": "2564.00000", "2015-12-31": "2608.90000", "2015-09-30": "2847.90000", "2015-06-30": "2927.20000", "2015-03-31": "2977.70000", "2014-12-31": "1377.90000", "2014-09-30": "1494.70000", "2014-06-30": "1605.00000", "2014-03-31": "1595.00000", "2013-12-31": "1541.10000", "2013-09-30": "1593.10000", "2013-06-30": "1614.00000", "2013-03-31": "1635.50000", "2012-12-31": "1572.60000", "2012-09-30": "1646.80000", "2012-06-30": "1772.70000", "2012-03-31": "1781.90000", "2011-12-31": "1690.10000", "2011-09-30": "1815.15200", "2011-06-30": "1165.97800", "2011-03-31": "1099.73900", "2010-12-31": "1051.97400", "2010-09-30": "999.34800", "2010-06-30": "973.73500", "2010-03-31": "951.82900", "2009-12-31": "932.16900", "2009-09-30": "1035.04400", "2009-06-30": "1044.14600", "2009-03-31": "1096.72500", "2008-12-31": "1185.85500", "2008-09-30": "1132.90900", "2008-06-30": "1093.35900", "2008-03-31": "1012.77700", "2007-12-31": "1004.21800", "2007-09-30": "930.70100", "2007-06-30": "670.98400", "2007-03-31": "711.01300", "2006-12-31": "693.54400", "2006-09-30": "733.51600", "2006-06-30": "715.60000", "2006-03-31": "721.82400", "2005-12-31": "694.55800", "2005-09-30": "725.61000", "2005-06-30": "810.01100", "2005-03-31": "837.53600"}, "Common Stock Net": {"2020-09-30": "0.40000", "2020-06-30": "0.40000", "2020-03-31": "0.40000", "2019-12-31": "0.40000", "2019-09-30": "0.40000", "2019-06-30": "0.40000", "2019-03-31": "0.40000", "2018-12-31": "0.40000", "2018-09-30": "0.40000", "2018-06-30": "0.40000", "2018-03-31": "0.40000", "2017-12-31": "0.40000", "2017-09-30": "0.40000", "2017-06-30": "0.40000", "2017-03-31": "0.40000", "2016-12-31": "0.40000", "2016-09-30": "0.40000", "2016-06-30": "0.40000", "2016-03-31": "0.40000", "2015-12-31": "0.40000", "2015-09-30": "0.40000", "2015-06-30": "0.40000", "2015-03-31": "0.40000", "2014-12-31": "0.40000", "2014-09-30": "0.40000", "2014-06-30": "0.50000", "2014-03-31": "0.50000", "2013-12-31": "0.50000", "2013-09-30": "0.50000", "2013-06-30": "0.40000", "2013-03-31": "0.40000", "2012-12-31": "0.40000", "2012-09-30": "0.40000", "2012-06-30": "0.40000", "2012-03-31": "0.40000", "2011-12-31": "0.40000", "2011-09-30": "0.41500", "2011-06-30": "0.38700", "2011-03-31": "0.38600", "2010-12-31": "0.38600", "2010-09-30": "0.38600", "2010-06-30": "0.38600", "2010-03-31": "0.37500", "2009-12-31": "0.37400", "2009-09-30": "0.36700", "2009-06-30": "0.36700", "2009-03-31": "0.32400", "2008-12-31": "0.32300", "2008-09-30": "0.32200", "2008-06-30": "0.32200", "2008-03-31": "0.32200", "2007-12-31": "0.32100", "2007-09-30": "0.32100", "2007-06-30": "0.32100", "2007-03-31": "0.31900", "2006-12-31": "0.31800", "2006-09-30": "0.31700", "2006-06-30": "0.31600", "2006-03-31": "0.31500", "2005-12-31": "0.31500", "2005-09-30": "0.31400", "2005-06-30": "0.29900", "2005-03-31": "0.29800"}, "Retained Earnings (Accumulated Deficit)": {"2020-09-30": "1972.50000", "2020-06-30": "1919.70000", "2020-03-31": "1903.80000", "2019-12-31": "1886.70000", "2019-09-30": "1870.90000", "2019-06-30": "1882.70000", "2019-03-31": "1851.80000", "2018-12-31": "1777.90000", "2018-09-30": "1742.30000", "2018-06-30": "1704.40000", "2018-03-31": "1655.10000", "2017-12-31": "1611.60000", "2017-09-30": "1571.50000", "2017-06-30": "1525.00000", "2017-03-31": "1487.50000", "2016-12-31": "1452.00000", "2016-09-30": "1417.20000", "2016-06-30": "1368.40000", "2016-03-31": "1322.50000", "2015-12-31": "1291.10000", "2015-09-30": "1320.70000", "2015-06-30": "1267.90000", "2015-03-31": "1215.50000", "2014-12-31": "1188.90000", "2014-09-30": "1318.10000", "2014-06-30": "1280.40000", "2014-03-31": "1234.20000", "2013-12-31": "1199.40000", "2013-09-30": "1241.60000", "2013-06-30": "1198.00000", "2013-03-31": "1156.00000", "2012-12-31": "1115.00000", "2012-09-30": "1093.70000", "2012-06-30": "1047.20000", "2012-03-31": "992.50000", "2011-12-31": "951.30000", "2011-09-30": "925.30100", "2011-06-30": "887.10400", "2011-03-31": "859.73700", "2010-12-31": "827.46700", "2010-09-30": "808.78600", "2010-06-30": "770.69400", "2010-03-31": "735.53000", "2009-12-31": "703.76500", "2009-09-30": "675.08700", "2009-06-30": "649.75100", "2009-03-31": "639.02900", "2008-12-31": "631.28100", "2008-09-30": "627.72700", "2008-06-30": "595.55900", "2008-03-31": "562.38400", "2007-12-31": "535.30400", "2007-09-30": "515.97000", "2007-06-30": "489.42900", "2007-03-31": "457.86000", "2006-12-31": "435.97100", "2006-09-30": "417.34800", "2006-06-30": "391.94700", "2006-03-31": "362.95400", "2005-12-31": "343.16100", "2005-09-30": "326.84200", "2005-06-30": "312.30200", "2005-03-31": "297.64000"}, "Comprehensive Income": {"2020-09-30": "-246.90000", "2020-06-30": "-295.00000", "2020-03-31": "-326.10000", "2019-12-31": "-237.80000", "2019-09-30": "-277.80000", "2019-06-30": "-232.80000", "2019-03-31": "-223.70000", "2018-12-31": "-251.40000", "2018-09-30": "-228.90000", "2018-06-30": "-215.60000", "2018-03-31": "-123.90000", "2017-12-31": "-164.00000", "2017-09-30": "-177.30000", "2017-06-30": "-210.40000", "2017-03-31": "-262.10000", "2016-12-31": "-318.10000", "2016-09-30": "-256.40000", "2016-06-30": "-255.80000", "2016-03-31": "-221.30000", "2015-12-31": "-255.00000", "2015-09-30": "-233.20000", "2015-06-30": "-181.40000", "2015-03-31": "-172.10000", "2014-12-31": "-151.00000", "2014-09-30": "-77.30000", "2014-06-30": "-57.40000", "2014-03-31": "-69.80000", "2013-12-31": "-59.80000", "2013-09-30": "-84.70000", "2013-06-30": "-100.20000", "2013-03-31": "-64.70000", "2012-12-31": "-65.30000", "2012-09-30": "-56.60000", "2012-06-30": "-94.80000", "2012-03-31": "-42.40000", "2011-12-31": "-105.20000", "2011-09-30": "-96.32100", "2011-06-30": "11.34000", "2011-03-31": "9.30300", "2010-12-31": "-1.70000", "2010-09-30": "-16.79900", "2010-06-30": "-66.35000", "2010-03-31": "-35.24100", "2009-12-31": "-48.59700", "2009-09-30": "-60.14200", "2009-06-30": "-74.94900", "2009-03-31": "-118.53500", "2008-12-31": "-142.42900", "2008-09-30": "-30.42100", "2008-06-30": "9.19700", "2008-03-31": "13.93500", "2007-12-31": "2.18000", "2007-09-30": "10.78000", "2007-06-30": "7.55100", "2007-03-31": "0.73900", "2006-12-31": "-0.22800", "2006-09-30": "5.72100", "2006-06-30": "5.18200", "2006-03-31": "2.77300", "2005-12-31": "3.97900", "2005-09-30": "3.76400", "2005-06-30": "2.91700", "2005-03-31": "1.05100"}, "Other Share Holders Equity": {"2020-09-30": "", "2020-06-30": "", "2020-03-31": "", "2019-12-31": "", "2019-09-30": "", "2019-06-30": "", "2019-03-31": "", "2018-12-31": "", "2018-09-30": "", "2018-06-30": "", "2018-03-31": "", "2017-12-31": "", "2017-09-30": "", "2017-06-30": "", "2017-03-31": "", "2016-12-31": "", "2016-09-30": "", "2016-06-30": "", "2016-03-31": "", "2015-12-31": "", "2015-09-30": "", "2015-06-30": "", "2015-03-31": "", "2014-12-31": "", "2014-09-30": "", "2014-06-30": "", "2014-03-31": "", "2013-12-31": "", "2013-09-30": "", "2013-06-30": "", "2013-03-31": "", "2012-12-31": "", "2012-09-30": "", "2012-06-30": "", "2012-03-31": "", "2011-12-31": "", "2011-09-30": "", "2011-06-30": "", "2011-03-31": "", "2010-12-31": "", "2010-09-30": "", "2010-06-30": "", "2010-03-31": "", "2009-12-31": "", "2009-09-30": "", "2009-06-30": "", "2009-03-31": "", "2008-12-31": "", "2008-09-30": "", "2008-06-30": "", "2008-03-31": "", "2007-12-31": "", "2007-09-30": "", "2007-06-30": "", "2007-03-31": "", "2006-12-31": "", "2006-09-30": "", "2006-06-30": "", "2006-03-31": "", "2005-12-31": "", "2005-09-30": "", "2005-06-30": "", "2005-03-31": ""}, "Share Holder Equity": {"2020-09-30": "2451.90000", "2020-06-30": "2347.00000", "2020-03-31": "2300.10000", "2019-12-31": "2380.40000", "2019-09-30": "2329.10000", "2019-06-30": "2430.40000", "2019-03-31": "2444.00000", "2018-12-31": "2338.50000", "2018-09-30": "2359.50000", "2018-06-30": "2340.70000", "2018-03-31": "2420.20000", "2017-12-31": "2354.70000", "2017-09-30": "2302.40000", "2017-06-30": "2248.80000", "2017-03-31": "2173.80000", "2016-12-31": "2078.20000", "2016-09-30": "2102.30000", "2016-06-30": "2049.90000", "2016-03-31": "2036.20000", "2015-12-31": "1982.80000", "2015-09-30": "2030.50000", "2015-06-30": "2037.80000", "2015-03-31": "1989.80000", "2014-12-31": "1979.30000", "2014-09-30": "2176.70000", "2014-06-30": "2194.40000", "2014-03-31": "2131.50000", "2013-12-31": "2102.40000", "2013-09-30": "2116.20000", "2013-06-30": "2054.10000", "2013-03-31": "2042.90000", "2012-12-31": "1996.50000", "2012-09-30": "1776.90000", "2012-06-30": "1690.80000", "2012-03-31": "1685.60000", "2011-12-31": "1576.40000", "2011-09-30": "1557.51300", "2011-06-30": "1480.56500", "2011-03-31": "1444.39800", "2010-12-31": "1397.16200", "2010-09-30": "1348.25300", "2010-06-30": "1252.65300", "2010-03-31": "1230.54800", "2009-12-31": "1180.06800", "2009-09-30": "1125.98200", "2009-06-30": "1080.43100", "2009-03-31": "873.15600", "2008-12-31": "837.64100", "2008-09-30": "919.58400", "2008-06-30": "924.95800", "2008-03-31": "894.93100", "2007-12-31": "858.02900", "2007-09-30": "846.11900", "2007-06-30": "815.05200", "2007-03-31": "774.83000", "2006-12-31": "749.97500", "2006-09-30": "733.53400", "2006-06-30": "705.65000", "2006-03-31": "669.21400", "2005-12-31": "647.99600", "2005-09-30": "630.44900", "2005-06-30": "565.27200", "2005-03-31": "547.73800"}, "Total Liabilities And Share Holders Equity": {"2020-09-30": "4479.40000", "2020-06-30": "4408.10000", "2020-03-31": "4585.90000", "2019-12-31": "4430.70000", "2019-09-30": "4478.30000", "2019-06-30": "4660.30000", "2019-03-31": "4705.90000", "2018-12-31": "4623.80000", "2018-09-30": "4601.30000", "2018-06-30": "4634.70000", "2018-03-31": "4507.20000", "2017-12-31": "4388.20000", "2017-09-30": "4464.00000", "2017-06-30": "4483.00000", "2017-03-31": "4444.40000", "2016-12-31": "4358.50000", "2016-09-30": "4477.10000", "2016-06-30": "4540.60000", "2016-03-31": "4600.20000", "2015-12-31": "4591.70000", "2015-09-30": "4878.40000", "2015-06-30": "4965.00000", "2015-03-31": "4967.50000", "2014-12-31": "3357.20000", "2014-09-30": "3671.40000", "2014-06-30": "3799.40000", "2014-03-31": "3726.50000", "2013-12-31": "3643.50000", "2013-09-30": "3709.30000", "2013-06-30": "3668.10000", "2013-03-31": "3678.40000", "2012-12-31": "3569.10000", "2012-09-30": "3423.70000", "2012-06-30": "3463.50000", "2012-03-31": "3467.50000", "2011-12-31": "3266.50000", "2011-09-30": "3372.66500", "2011-06-30": "2646.54300", "2011-03-31": "2544.13700", "2010-12-31": "2449.13600", "2010-09-30": "2347.60100", "2010-06-30": "2226.38800", "2010-03-31": "2182.37700", "2009-12-31": "2112.23700", "2009-09-30": "2161.02600", "2009-06-30": "2124.57700", "2009-03-31": "1969.88100", "2008-12-31": "2023.49600", "2008-09-30": "2052.49300", "2008-06-30": "2018.31700", "2008-03-31": "1907.70800", "2007-12-31": "1862.24700", "2007-09-30": "1776.82000", "2007-06-30": "1486.03600", "2007-03-31": "1485.84300", "2006-12-31": "1443.51900", "2006-09-30": "1467.05000", "2006-06-30": "1421.25000", "2006-03-31": "1391.03800", "2005-12-31": "1342.55400", "2005-09-30": "1356.05900", "2005-06-30": "1375.28300", "2005-03-31": "1385.27400"}}, "cash flow statement": {"Net Income/Loss": {"2019-12-31": "242.60000", "2018-12-31": "235.80000", "2017-12-31": "218.10000", "2016-12-31": "209.30000", "2015-12-31": "148.50000", "2014-12-31": "36.10000", "2013-12-31": "126.00000", "2012-12-31": "200.30000", "2011-12-31": "158.00000", "2010-12-31": "154.70000", "2009-12-31": "98.67900", "2008-12-31": "128.91400", "2007-12-31": "118.40600", "2006-12-31": "109.80600", "2005-12-31": "69.55700"}, "Total Depreciation And Amortization - Cash Flow": {"2019-12-31": "134.50000", "2018-12-31": "142.40000", "2017-12-31": "137.20000", "2016-12-31": "155.40000", "2015-12-31": "159.40000", "2014-12-31": "138.70000", "2013-12-31": "128.50000", "2012-12-31": "126.00000", "2011-12-31": "98.20000", "2010-12-31": "72.90000", "2009-12-31": "69.14400", "2008-12-31": "61.60100", "2007-12-31": "46.61900", "2006-12-31": "37.68200", "2005-12-31": "37.62700"}, "Other Non-Cash Items": {"2019-12-31": "34.60000", "2018-12-31": "69.10000", "2017-12-31": "6.50000", "2016-12-31": "2.80000", "2015-12-31": "99.50000", "2014-12-31": "163.40000", "2013-12-31": "94.40000", "2012-12-31": "9.60000", "2011-12-31": "9.30000", "2010-12-31": "10.40000", "2009-12-31": "15.89700", "2008-12-31": "13.20600", "2007-12-31": "7.63200", "2006-12-31": "6.09500", "2005-12-31": "2.22000"}, "Total Non-Cash Items": {"2019-12-31": "169.10000", "2018-12-31": "211.50000", "2017-12-31": "143.70000", "2016-12-31": "158.20000", "2015-12-31": "258.90000", "2014-12-31": "302.10000", "2013-12-31": "222.90000", "2012-12-31": "135.60000", "2011-12-31": "107.50000", "2010-12-31": "83.30000", "2009-12-31": "85.04100", "2008-12-31": "74.80700", "2007-12-31": "54.25100", "2006-12-31": "43.77700", "2005-12-31": "39.84700"}, "Change In Accounts Receivable": {"2019-12-31": "70.30000", "2018-12-31": "-56.50000", "2017-12-31": "-31.00000", "2016-12-31": "-10.40000", "2015-12-31": "28.60000", "2014-12-31": "-3.40000", "2013-12-31": "-19.60000", "2012-12-31": "-13.60000", "2011-12-31": "32.60000", "2010-12-31": "-30.40000", "2009-12-31": "48.90500", "2008-12-31": "32.42000", "2007-12-31": "5.62100", "2006-12-31": "-17.93500", "2005-12-31": "-19.22200"}, "Change In Inventories": {"2019-12-31": "68.60000", "2018-12-31": "-42.70000", "2017-12-31": "-83.00000", "2016-12-31": "100.40000", "2015-12-31": "11.10000", "2014-12-31": "-55.40000", "2013-12-31": "-52.70000", "2012-12-31": "40.90000", "2011-12-31": "21.00000", "2010-12-31": "-56.40000", "2009-12-31": "86.59300", "2008-12-31": "-8.88200", "2007-12-31": "18.00200", "2006-12-31": "-47.14600", "2005-12-31": "28.35500"}, "Change In Accounts Payable": {"2019-12-31": "-80.30000", "2018-12-31": "41.10000", "2017-12-31": "37.70000", "2016-12-31": "7.60000", "2015-12-31": "-22.30000", "2014-12-31": "6.90000", "2013-12-31": "44.50000", "2012-12-31": "-5.30000", "2011-12-31": "-41.30000", "2010-12-31": "24.40000", "2009-12-31": "-39.32700", "2008-12-31": "-22.55300", "2007-12-31": "20.31600", "2006-12-31": "16.96900", "2005-12-31": "-23.46700"}, "Change In Assets/Liabilities": {"2019-12-31": "-61.80000", "2018-12-31": "-26.50000", "2017-12-31": "6.40000", "2016-12-31": "-22.80000", "2015-12-31": "-40.50000", "2014-12-31": "11.90000", "2013-12-31": "-16.10000", "2012-12-31": "-6.20000", "2011-12-31": "-12.50000", "2010-12-31": "-0.20000", "2009-12-31": "35.02800", "2008-12-31": "-50.50700", "2007-12-31": "-15.97000", "2006-12-31": "-11.92300", "2005-12-31": "17.14100"}, "Total Change In Assets/Liabilities": {"2019-12-31": "-3.20000", "2018-12-31": "-84.60000", "2017-12-31": "-69.90000", "2016-12-31": "74.80000", "2015-12-31": "-23.10000", "2014-12-31": "-40.00000", "2013-12-31": "-43.90000", "2012-12-31": "15.80000", "2011-12-31": "-0.20000", "2010-12-31": "-62.60000", "2009-12-31": "131.19900", "2008-12-31": "-49.52200", "2007-12-31": "27.96900", "2006-12-31": "-60.03500", "2005-12-31": "2.80700"}, "Cash Flow From Operating Activities": {"2019-12-31": "408.50000", "2018-12-31": "362.70000", "2017-12-31": "291.90000", "2016-12-31": "442.30000", "2015-12-31": "384.30000", "2014-12-31": "298.20000", "2013-12-31": "305.00000", "2012-12-31": "351.70000", "2011-12-31": "265.30000", "2010-12-31": "175.40000", "2009-12-31": "314.91900", "2008-12-31": "154.19900", "2007-12-31": "200.62600", "2006-12-31": "93.54800", "2005-12-31": "112.21100"}, "Net Change In Property, Plant, And Equipment": {"2019-12-31": "-83.60000", "2018-12-31": "-67.60000", "2017-12-31": "-58.90000", "2016-12-31": "-63.10000", "2015-12-31": "-76.40000", "2014-12-31": "-75.70000", "2013-12-31": "-89.30000", "2012-12-31": "-87.60000", "2011-12-31": "-42.20000", "2010-12-31": "-43.50000", "2009-12-31": "-32.57100", "2008-12-31": "-49.97100", "2007-12-31": "-35.99100", "2006-12-31": "-32.35600", "2005-12-31": "-18.35400"}, "Net Change In Intangible Assets": {"2019-12-31": "", "2018-12-31": "", "2017-12-31": "", "2016-12-31": "", "2015-12-31": "", "2014-12-31": "", "2013-12-31": "", "2012-12-31": "", "2011-12-31": "", "2010-12-31": "", "2009-12-31": "", "2008-12-31": "", "2007-12-31": "", "2006-12-31": "", "2005-12-31": ""}, "Net Acquisitions/Divestitures": {"2019-12-31": "157.90000", "2018-12-31": "-160.80000", "2017-12-31": "1.10000", "2016-12-31": "24.60000", "2015-12-31": "-1401.40000", "2014-12-31": "-128.20000", "2013-12-31": "-38.40000", "2012-12-31": "-110.40000", "2011-12-31": "-765.90000", "2010-12-31": "-211.90000", "2009-12-31": "-1.50000", "2008-12-31": "-49.70200", "2007-12-31": "-337.64300", "2006-12-31": "-10.96200", "2005-12-31": "6.56100"}, "Net Change In Short-term Investments": {"2019-12-31": "", "2018-12-31": "", "2017-12-31": "", "2016-12-31": "", "2015-12-31": "", "2014-12-31": "", "2013-12-31": "", "2012-12-31": "", "2011-12-31": "", "2010-12-31": "", "2009-12-31": "", "2008-12-31": "", "2007-12-31": "", "2006-12-31": "", "2005-12-31": ""}, "Net Change In Long-Term Investments": {"2019-12-31": "", "2018-12-31": "0.50000", "2017-12-31": "", "2016-12-31": "18.90000", "2015-12-31": "-9.80000", "2014-12-31": "-1.00000", "2013-12-31": "0.70000", "2012-12-31": "-8.30000", "2011-12-31": "56.00000", "2010-12-31": "60.70000", "2009-12-31": "-117.55300", "2008-12-31": "", "2007-12-31": "", "2006-12-31": "", "2005-12-31": ""}, "Net Change In Investments - Total": {"2019-12-31": "", "2018-12-31": "0.50000", "2017-12-31": "", "2016-12-31": "18.90000", "2015-12-31": "-9.80000", "2014-12-31": "-1.00000", "2013-12-31": "0.70000", "2012-12-31": "-8.30000", "2011-12-31": "56.00000", "2010-12-31": "60.70000", "2009-12-31": "-117.55300", "2008-12-31": "", "2007-12-31": "", "2006-12-31": "", "2005-12-31": ""}, "Investing Activities - Other": {"2019-12-31": "", "2018-12-31": "", "2017-12-31": "", "2016-12-31": "", "2015-12-31": "", "2014-12-31": "", "2013-12-31": "1.60000", "2012-12-31": "8.70000", "2011-12-31": "", "2010-12-31": "", "2009-12-31": "", "2008-12-31": "", "2007-12-31": "", "2006-12-31": "", "2005-12-31": ""}, "Cash Flow From Investing Activities": {"2019-12-31": "74.30000", "2018-12-31": "-227.90000", "2017-12-31": "-57.80000", "2016-12-31": "-19.60000", "2015-12-31": "-1487.60000", "2014-12-31": "-204.90000", "2013-12-31": "-125.40000", "2012-12-31": "-197.60000", "2011-12-31": "-752.10000", "2010-12-31": "-194.70000", "2009-12-31": "-151.62400", "2008-12-31": "-99.67300", "2007-12-31": "-373.63400", "2006-12-31": "-43.31800", "2005-12-31": "-11.79300"}, "Net Long-Term Debt": {"2019-12-31": "-90.30000", "2018-12-31": "88.80000", "2017-12-31": "-277.00000", "2016-12-31": "-323.60000", "2015-12-31": "1117.70000", "2014-12-31": "-150.40000", "2013-12-31": "-55.90000", "2012-12-31": "-90.30000", "2011-12-31": "471.90000", "2010-12-31": "-39.20000", "2009-12-31": "-76.01700", "2008-12-31": "164.87600", "2007-12-31": "249.61800", "2006-12-31": "7.20600", "2005-12-31": "-1.28500"}, "Net Current Debt": {"2019-12-31": "-80.70010", "2018-12-31": "77.90000", "2017-12-31": "2.30000", "2016-12-31": "8.30000", "2015-12-31": "-14.60000", "2014-12-31": "17.20000", "2013-12-31": "-0.50000", "2012-12-31": "-8.70000", "2011-12-31": "10.90000", "2010-12-31": "-11.50000", "2009-12-31": "126.43800", "2008-12-31": "-174.52000", "2007-12-31": "-58.50000", "2006-12-31": "-45.90000", "2005-12-31": "-134.40000"}, "Debt Issuance/Retirement Net - Total": {"2019-12-31": "-171.00010", "2018-12-31": "166.70000", "2017-12-31": "-274.70000", "2016-12-31": "-315.30000", "2015-12-31": "1103.10000", "2014-12-31": "-133.20000", "2013-12-31": "-56.40000", "2012-12-31": "-99.00000", "2011-12-31": "482.80000", "2010-12-31": "-50.70000", "2009-12-31": "50.42100", "2008-12-31": "-9.64400", "2007-12-31": "191.11800", "2006-12-31": "-38.69400", "2005-12-31": "-135.68500"}, "Net Common Equity Issued/Repurchased": {"2019-12-31": "-164.80000", "2018-12-31": "-128.60000", "2017-12-31": "-44.70000", "2016-12-31": "-19.10000", "2015-12-31": "-9.30000", "2014-12-31": "-34.10000", "2013-12-31": "-0.20000", "2012-12-31": "207.10000", "2011-12-31": "1.90000", "2010-12-31": "3.80000", "2009-12-31": "5.76700", "2008-12-31": "-1.31100", "2007-12-31": "2.19000", "2006-12-31": "6.94200", "2005-12-31": "54.98200"}, "Net Total Equity Issued/Repurchased": {"2019-12-31": "-164.80000", "2018-12-31": "-128.60000", "2017-12-31": "-44.70000", "2016-12-31": "-19.10000", "2015-12-31": "-9.30000", "2014-12-31": "-34.10000", "2013-12-31": "-0.20000", "2012-12-31": "207.10000", "2011-12-31": "1.90000", "2010-12-31": "3.80000", "2009-12-31": "5.76700", "2008-12-31": "-1.31100", "2007-12-31": "2.19000", "2006-12-31": "6.94200", "2005-12-31": "54.98200"}, "Total Common And Preferred Stock Dividends Paid": {"2019-12-31": "-48.90000", "2018-12-31": "-47.20000", "2017-12-31": "-44.50000", "2016-12-31": "-42.10000", "2015-12-31": "-40.20000", "2014-12-31": "-37.80000", "2013-12-31": "-35.10000", "2012-12-31": "-30.80000", "2011-12-31": "-27.60000", "2010-12-31": "-25.10000", "2009-12-31": "-21.60700", "2008-12-31": "-19.42600", "2007-12-31": "-18.09900", "2006-12-31": "-16.62700", "2005-12-31": "-14.73000"}, "Financial Activities - Other": {"2019-12-31": "-12.70000", "2018-12-31": "-8.60000", "2017-12-31": "-26.70000", "2016-12-31": "-3.00000", "2015-12-31": "-20.20000", "2014-12-31": "-12.90000", "2013-12-31": "0.80000", "2012-12-31": "-0.20000", "2011-12-31": "-1.40000", "2010-12-31": "1.70000", "2009-12-31": "-1.66000", "2008-12-31": "-1.03500", "2007-12-31": "2.26500", "2006-12-31": "1.41100", "2005-12-31": "-2.68900"}, "Cash Flow From Financial Activities": {"2019-12-31": "-397.40000", "2018-12-31": "-17.70000", "2017-12-31": "-390.60000", "2016-12-31": "-379.50000", "2015-12-31": "1033.40000", "2014-12-31": "-218.00000", "2013-12-31": "-90.90000", "2012-12-31": "77.10000", "2011-12-31": "455.70000", "2010-12-31": "-70.30000", "2009-12-31": "32.92100", "2008-12-31": "-31.41600", "2007-12-31": "177.47400", "2006-12-31": "-46.96800", "2005-12-31": "-98.12200"}, "Net Cash Flow": {"2019-12-31": "82.80000", "2018-12-31": "109.00000", "2017-12-31": "-144.90000", "2016-12-31": "31.60000", "2015-12-31": "-81.20000", "2014-12-31": "-131.90000", "2013-12-31": "90.70000", "2012-12-31": "232.70000", "2011-12-31": "-31.90000", "2010-12-31": "-87.90000", "2009-12-31": "197.17200", "2008-12-31": "22.67600", "2007-12-31": "6.05400", "2006-12-31": "3.77300", "2005-12-31": "1.47200"}, "Stock-Based Compensation": {"2019-12-31": "13.00000", "2018-12-31": "16.90000", "2017-12-31": "13.60000", "2016-12-31": "13.30000", "2015-12-31": "13.90000", "2014-12-31": "11.90000", "2013-12-31": "11.40000", "2012-12-31": "9.00000", "2011-12-31": "14.30000", "2010-12-31": "6.70000", "2009-12-31": "4.75200", "2008-12-31": "4.58000", "2007-12-31": "3.84100", "2006-12-31": "3.57200", "2005-12-31": ""}, "Common Stock Dividends Paid": {"2019-12-31": "-48.90000", "2018-12-31": "-47.20000", "2017-12-31": "-44.50000", "2016-12-31": "-42.10000", "2015-12-31": "-40.20000", "2014-12-31": "-37.80000", "2013-12-31": "-35.10000", "2012-12-31": "-30.80000", "2011-12-31": "-27.60000", "2010-12-31": "-25.10000", "2009-12-31": "-21.60700", "2008-12-31": "-19.42600", "2007-12-31": "-18.09900", "2006-12-31": "-16.62700", "2005-12-31": "-14.73000"}}, "cash flow statement, quarterly": {"Net Income/Loss": {"2020-09-30": 66.3, "2020-06-30": 29.3, "2020-03-31": "46.70000", "2019-12-31": 37.6, "2019-09-30": 50.8, "2019-06-30": 67.4, "2019-03-31": "86.80000", "2018-12-31": 56.5, "2018-09-30": 52.7, "2018-06-30": 67.3, "2018-03-31": "59.30000", "2017-12-31": 52.6, "2017-09-30": 63.6, "2017-06-30": 54.3, "2017-03-31": "47.60000", "2016-12-31": 47.1, "2016-09-30": 61.1, "2016-06-30": 58.4, "2016-03-31": "42.70000", "2015-12-31": -18.6, "2015-09-30": 64.3, "2015-06-30": 64.9, "2015-03-31": "37.90000", "2014-12-31": -115.8, "2014-09-30": 48.8, "2014-06-30": 58.1, "2014-03-31": "45.00000", "2013-12-31": -32.8, "2013-09-30": 54.5, "2013-06-30": 53.6, "2013-03-31": "50.70000", "2012-12-31": 30.9, "2012-09-30": 55.2, "2012-06-30": 64.3, "2012-03-31": "49.90000", "2011-12-31": 33.7, "2011-09-30": 47.5, "2011-06-30": 36, "2011-03-31": "40.80000", "2010-12-31": 26.177, "2010-09-30": 45.88, "2010-06-30": 42.775, "2010-03-31": "39.86800", "2009-12-31": 35.51, "2009-09-30": 31.672, "2009-06-30": 17.521, "2009-03-31": "13.97600", "2008-12-31": 21.286, "2008-09-30": 37.021, "2008-06-30": 38.582, "2008-03-31": "32.02500", "2007-12-31": 24.101, "2007-09-30": 31.239, "2007-06-30": 36.253, "2007-03-31": "26.81300", "2006-12-31": 22.969, "2006-09-30": 29.74, "2006-06-30": 33.309, "2006-03-31": "23.78800", "2005-12-31": 20.309, "2005-09-30": 18.517, "2005-06-30": 18.445, "2005-03-31": "12.28600"}, "Total Depreciation And Amortization - Cash Flow": {"2020-09-30": 32.9, "2020-06-30": 33.3, "2020-03-31": "32.60000", "2019-12-31": 34.1, "2019-09-30": 33.9, "2019-06-30": 32.2, "2019-03-31": "34.30000", "2018-12-31": 36.1, "2018-09-30": 35.3, "2018-06-30": 36.2, "2018-03-31": "34.80000", "2017-12-31": 34.1, "2017-09-30": 34.3, "2017-06-30": 34.4, "2017-03-31": "34.40000", "2016-12-31": 38.8, "2016-09-30": 37.6, "2016-06-30": 38.9, "2016-03-31": "40.10000", "2015-12-31": 39.3, "2015-09-30": 42, "2015-06-30": 42.2, "2015-03-31": "35.90000", "2014-12-31": 35.1, "2014-09-30": 35.6, "2014-06-30": 35.2, "2014-03-31": "32.80000", "2013-12-31": 33.4, "2013-09-30": 31.7, "2013-06-30": 31.8, "2013-03-31": "31.60000", "2012-12-31": 31, "2012-09-30": 31.9, "2012-06-30": 32.2, "2012-03-31": "30.90000", "2011-12-31": 28.5, "2011-09-30": 26.1, "2011-06-30": 22, "2011-03-31": "21.60000", "2010-12-31": 18.611, "2010-09-30": 18.39, "2010-06-30": 18.874, "2010-03-31": "17.02500", "2009-12-31": 18.571, "2009-09-30": 16.78, "2009-06-30": 18.516, "2009-03-31": "15.27700", "2008-12-31": 16.473, "2008-09-30": 14.917, "2008-06-30": 16.059, "2008-03-31": "14.15200", "2007-12-31": 16.274, "2007-09-30": 9.978, "2007-06-30": 10.484, "2007-03-31": "9.88300", "2006-12-31": 11.847, "2006-09-30": 9.009, "2006-06-30": 8.711, "2006-03-31": "8.11500", "2005-12-31": 9.804, "2005-09-30": 8.978, "2005-06-30": 9.846, "2005-03-31": "8.99900"}, "Other Non-Cash Items": {"2020-09-30": 7.5, "2020-06-30": 13.5, "2020-03-31": "12.40000", "2019-12-31": 37.6, "2019-09-30": 10.3, "2019-06-30": 9.6, "2019-03-31": "-22.90000", "2018-12-31": 20.2, "2018-09-30": 39.3, "2018-06-30": 6, "2018-03-31": "3.60000", "2017-12-31": -5.6, "2017-09-30": 1.5, "2017-06-30": 7.8, "2017-03-31": "2.80000", "2016-12-31": 3.4, "2016-09-30": 2.9, "2016-06-30": -7.4, "2016-03-31": "3.90000", "2015-12-31": 86.9, "2015-09-30": 4.5, "2015-06-30": 4.2, "2015-03-31": "3.90000", "2014-12-31": 152.8, "2014-09-30": 4.3, "2014-06-30": 4.5, "2014-03-31": "1.80000", "2013-12-31": 86.7, "2013-09-30": 2.7, "2013-06-30": 3.3, "2013-03-31": "1.70000", "2012-12-31": 6.3, "2012-09-30": 1.1, "2012-06-30": 2, "2012-03-31": "0.20000", "2011-12-31": 5.8, "2011-09-30": -2.2, "2011-06-30": 4.1, "2011-03-31": "1.60000", "2010-12-31": 2.562, "2010-09-30": 4.816, "2010-06-30": 2.335, "2010-03-31": "0.68700", "2009-12-31": 13.195, "2009-09-30": 1.538, "2009-06-30": 1.094, "2009-03-31": "0.07000", "2008-12-31": 8.527, "2008-09-30": 1.557, "2008-06-30": 1.428, "2008-03-31": "1.69400", "2007-12-31": 9.302, "2007-09-30": 1.502, "2007-06-30": -1.586, "2007-03-31": "-1.58600", "2006-12-31": 5.244, "2006-09-30": 1.517, "2006-06-30": -1.888, "2006-03-31": "1.22200", "2005-12-31": 1.897, "2005-09-30": 0.008, "2005-06-30": 0.195, "2005-03-31": "0.12000"}, "Total Non-Cash Items": {"2020-09-30": 40.4, "2020-06-30": 46.8, "2020-03-31": "45.00000", "2019-12-31": 71.7, "2019-09-30": 44.2, "2019-06-30": 41.8, "2019-03-31": "11.40000", "2018-12-31": 56.3, "2018-09-30": 74.6, "2018-06-30": 42.2, "2018-03-31": "38.40000", "2017-12-31": 28.5, "2017-09-30": 35.8, "2017-06-30": 42.2, "2017-03-31": "37.20000", "2016-12-31": 42.2, "2016-09-30": 40.5, "2016-06-30": 31.5, "2016-03-31": "44.00000", "2015-12-31": 126.2, "2015-09-30": 46.5, "2015-06-30": 46.4, "2015-03-31": "39.80000", "2014-12-31": 187.9, "2014-09-30": 39.9, "2014-06-30": 39.7, "2014-03-31": "34.60000", "2013-12-31": 120.1, "2013-09-30": 34.4, "2013-06-30": 35.1, "2013-03-31": "33.30000", "2012-12-31": 37.3, "2012-09-30": 33, "2012-06-30": 34.2, "2012-03-31": "31.10000", "2011-12-31": 34.3, "2011-09-30": 23.9, "2011-06-30": 26.1, "2011-03-31": "23.20000", "2010-12-31": 21.173, "2010-09-30": 23.206, "2010-06-30": 21.209, "2010-03-31": "17.71200", "2009-12-31": 31.766, "2009-09-30": 18.318, "2009-06-30": 19.61, "2009-03-31": "15.34700", "2008-12-31": 25, "2008-09-30": 16.474, "2008-06-30": 17.487, "2008-03-31": "15.84600", "2007-12-31": 25.576, "2007-09-30": 11.48, "2007-06-30": 8.898, "2007-03-31": "8.29700", "2006-12-31": 17.091, "2006-09-30": 10.526, "2006-06-30": 6.823, "2006-03-31": "9.33700", "2005-12-31": 11.701, "2005-09-30": 8.986, "2005-06-30": 10.041, "2005-03-31": "9.11900"}, "Change In Accounts Receivable": {"2020-09-30": 0, "2020-06-30": 0, "2020-03-31": "", "2019-12-31": 70.3, "2019-09-30": 0, "2019-06-30": 0, "2019-03-31": "", "2018-12-31": -56.5, "2018-09-30": 0, "2018-06-30": 0, "2018-03-31": "", "2017-12-31": -31, "2017-09-30": 0, "2017-06-30": 0, "2017-03-31": "", "2016-12-31": -10.4, "2016-09-30": 0, "2016-06-30": 0, "2016-03-31": "", "2015-12-31": 28.6, "2015-09-30": 0, "2015-06-30": 0, "2015-03-31": "", "2014-12-31": -3.4, "2014-09-30": 0, "2014-06-30": 0, "2014-03-31": "", "2013-12-31": -19.6, "2013-09-30": 0, "2013-06-30": 0, "2013-03-31": "", "2012-12-31": -13.6, "2012-09-30": 0, "2012-06-30": 0, "2012-03-31": "", "2011-12-31": 32.6, "2011-09-30": 0, "2011-06-30": 0, "2011-03-31": "", "2010-12-31": -30.4, "2010-09-30": 0, "2010-06-30": 0, "2010-03-31": "", "2009-12-31": 48.905, "2009-09-30": 0, "2009-06-30": 0, "2009-03-31": "", "2008-12-31": 32.42, "2008-09-30": 0, "2008-06-30": 0, "2008-03-31": "", "2007-12-31": 5.621, "2007-09-30": 0, "2007-06-30": 0, "2007-03-31": "", "2006-12-31": -17.935, "2006-09-30": 0, "2006-06-30": 0, "2006-03-31": "", "2005-12-31": -19.222, "2005-09-30": 0, "2005-06-30": 0, "2005-03-31": ""}, "Change In Inventories": {"2020-09-30": 0, "2020-06-30": 0, "2020-03-31": "", "2019-12-31": 68.6, "2019-09-30": 0, "2019-06-30": 0, "2019-03-31": "", "2018-12-31": -42.7, "2018-09-30": 0, "2018-06-30": 0, "2018-03-31": "", "2017-12-31": -83, "2017-09-30": 0, "2017-06-30": 0, "2017-03-31": "", "2016-12-31": 100.4, "2016-09-30": 0, "2016-06-30": 0, "2016-03-31": "", "2015-12-31": 11.1, "2015-09-30": 0, "2015-06-30": 0, "2015-03-31": "", "2014-12-31": -55.4, "2014-09-30": 0, "2014-06-30": 0, "2014-03-31": "", "2013-12-31": -52.7, "2013-09-30": 0, "2013-06-30": 0, "2013-03-31": "", "2012-12-31": 40.9, "2012-09-30": 0, "2012-06-30": 0, "2012-03-31": "", "2011-12-31": 21, "2011-09-30": 0, "2011-06-30": 0, "2011-03-31": "", "2010-12-31": -56.4, "2010-09-30": 0, "2010-06-30": 0, "2010-03-31": "", "2009-12-31": 86.593, "2009-09-30": 0, "2009-06-30": 0, "2009-03-31": "", "2008-12-31": -8.882, "2008-09-30": 0, "2008-06-30": 0, "2008-03-31": "", "2007-12-31": 18.002, "2007-09-30": 0, "2007-06-30": 0, "2007-03-31": "", "2006-12-31": -47.146, "2006-09-30": 0, "2006-06-30": 0, "2006-03-31": "", "2005-12-31": 28.355, "2005-09-30": 0, "2005-06-30": 0, "2005-03-31": ""}, "Change In Accounts Payable": {"2020-09-30": 0, "2020-06-30": 0, "2020-03-31": "", "2019-12-31": -80.3, "2019-09-30": 0, "2019-06-30": 0, "2019-03-31": "", "2018-12-31": 41.1, "2018-09-30": 0, "2018-06-30": 0, "2018-03-31": "", "2017-12-31": 37.7, "2017-09-30": 0, "2017-06-30": 0, "2017-03-31": "", "2016-12-31": 7.6, "2016-09-30": 0, "2016-06-30": 0, "2016-03-31": "", "2015-12-31": -22.3, "2015-09-30": 0, "2015-06-30": 0, "2015-03-31": "", "2014-12-31": 6.9, "2014-09-30": 0, "2014-06-30": 0, "2014-03-31": "", "2013-12-31": 44.5, "2013-09-30": 0, "2013-06-30": 0, "2013-03-31": "", "2012-12-31": -5.3, "2012-09-30": 0, "2012-06-30": 0, "2012-03-31": "", "2011-12-31": -41.3, "2011-09-30": 0, "2011-06-30": 0, "2011-03-31": "", "2010-12-31": 24.4, "2010-09-30": 0, "2010-06-30": 0, "2010-03-31": "", "2009-12-31": -39.327, "2009-09-30": 0, "2009-06-30": 0, "2009-03-31": "", "2008-12-31": -22.553, "2008-09-30": 0, "2008-06-30": 0, "2008-03-31": "", "2007-12-31": 20.316, "2007-09-30": 0, "2007-06-30": 0, "2007-03-31": "", "2006-12-31": 16.969, "2006-09-30": 0, "2006-06-30": 0, "2006-03-31": "", "2005-12-31": -23.467, "2005-09-30": 0, "2005-06-30": 0, "2005-03-31": ""}, "Change In Assets/Liabilities": {"2020-09-30": 13.6, "2020-06-30": 10.8, "2020-03-31": "11.00000", "2019-12-31": -30.6, "2019-09-30": 45.6, "2019-06-30": 3.1, "2019-03-31": "-79.90000", "2018-12-31": 57.7, "2018-09-30": -21.3, "2018-06-30": -7.7, "2018-03-31": "-55.20000", "2017-12-31": 52.1, "2017-09-30": -13.3, "2017-06-30": 1.9, "2017-03-31": "-34.30000", "2016-12-31": -75, "2016-09-30": 52.7, "2016-06-30": 27.6, "2016-03-31": "-28.10000", "2015-12-31": -7.9, "2015-09-30": 20.7, "2015-06-30": 6.9, "2015-03-31": "-60.20000", "2014-12-31": 50.9, "2014-09-30": -6.9, "2014-06-30": 1.7, "2014-03-31": "-33.80000", "2013-12-31": 7, "2013-09-30": -7.7, "2013-06-30": 2.6, "2013-03-31": "-18.00000", "2012-12-31": -14.7, "2012-09-30": -16.4, "2012-06-30": 37.4, "2012-03-31": "-12.50000", "2011-12-31": 8.8, "2011-09-30": -4.8, "2011-06-30": -8.7, "2011-03-31": "-7.80000", "2010-12-31": 41.863, "2010-09-30": -20.226, "2010-06-30": -8.622, "2010-03-31": "-13.21500", "2009-12-31": -84.096, "2009-09-30": 60.093, "2009-06-30": 69.756, "2009-03-31": "-10.72500", "2008-12-31": -51.655, "2008-09-30": -11.197, "2008-06-30": 25.35, "2008-03-31": "-13.00500", "2007-12-31": -61.307, "2007-09-30": 25.488, "2007-06-30": 44.552, "2007-03-31": "-24.70300", "2006-12-31": 48.79, "2006-09-30": -23.686, "2006-06-30": -1.65, "2006-03-31": "-35.37700", "2005-12-31": 29.459, "2005-09-30": 3.979, "2005-06-30": 5.947, "2005-03-31": "-22.24400"}, "Total Change In Assets/Liabilities": {"2020-09-30": 13.6, "2020-06-30": 10.8, "2020-03-31": "11.00000", "2019-12-31": 28, "2019-09-30": 45.6, "2019-06-30": 3.1, "2019-03-31": "-79.90000", "2018-12-31": -0.4, "2018-09-30": -21.3, "2018-06-30": -7.7, "2018-03-31": "-55.20000", "2017-12-31": -24.2, "2017-09-30": -13.3, "2017-06-30": 1.9, "2017-03-31": "-34.30000", "2016-12-31": 22.6, "2016-09-30": 52.7, "2016-06-30": 27.6, "2016-03-31": "-28.10000", "2015-12-31": 9.5, "2015-09-30": 20.7, "2015-06-30": 6.9, "2015-03-31": "-60.20000", "2014-12-31": -1, "2014-09-30": -6.9, "2014-06-30": 1.7, "2014-03-31": "-33.80000", "2013-12-31": -20.8, "2013-09-30": -7.7, "2013-06-30": 2.6, "2013-03-31": "-18.00000", "2012-12-31": 7.3, "2012-09-30": -16.4, "2012-06-30": 37.4, "2012-03-31": "-12.50000", "2011-12-31": 21.1, "2011-09-30": -4.8, "2011-06-30": -8.7, "2011-03-31": "-7.80000", "2010-12-31": -20.537, "2010-09-30": -20.226, "2010-06-30": -8.622, "2010-03-31": "-13.21500", "2009-12-31": 12.075, "2009-09-30": 60.093, "2009-06-30": 69.756, "2009-03-31": "-10.72500", "2008-12-31": -50.67, "2008-09-30": -11.197, "2008-06-30": 25.35, "2008-03-31": "-13.00500", "2007-12-31": -17.368, "2007-09-30": 25.488, "2007-06-30": 44.552, "2007-03-31": "-24.70300", "2006-12-31": 0.678, "2006-09-30": -23.686, "2006-06-30": -1.65, "2006-03-31": "-35.37700", "2005-12-31": 15.125, "2005-09-30": 3.979, "2005-06-30": 5.947, "2005-03-31": "-22.24400"}, "Cash Flow From Operating Activities": {"2020-09-30": 120.3, "2020-06-30": 86.9, "2020-03-31": "102.70000", "2019-12-31": 137.3, "2019-09-30": 140.6, "2019-06-30": 112.3, "2019-03-31": "18.30000", "2018-12-31": 112.4, "2018-09-30": 106, "2018-06-30": 101.8, "2018-03-31": "42.50000", "2017-12-31": 56.9, "2017-09-30": 86.1, "2017-06-30": 98.4, "2017-03-31": "50.50000", "2016-12-31": 111.9, "2016-09-30": 154.3, "2016-06-30": 117.5, "2016-03-31": "58.60000", "2015-12-31": 117.1, "2015-09-30": 131.5, "2015-06-30": 118.2, "2015-03-31": "17.50000", "2014-12-31": 71.1, "2014-09-30": 81.8, "2014-06-30": 99.5, "2014-03-31": "45.80000", "2013-12-31": 66.5, "2013-09-30": 81.2, "2013-06-30": 91.3, "2013-03-31": "66.00000", "2012-12-31": 75.5, "2012-09-30": 71.8, "2012-06-30": 135.9, "2012-03-31": "68.50000", "2011-12-31": 89.1, "2011-09-30": 66.6, "2011-06-30": 53.4, "2011-03-31": "56.20000", "2010-12-31": 26.813, "2010-09-30": 48.86, "2010-06-30": 55.362, "2010-03-31": "44.36500", "2009-12-31": 79.351, "2009-09-30": 110.083, "2009-06-30": 106.887, "2009-03-31": "18.59800", "2008-12-31": -4.384, "2008-09-30": 42.298, "2008-06-30": 81.419, "2008-03-31": "34.86600", "2007-12-31": 32.309, "2007-09-30": 68.207, "2007-06-30": 89.703, "2007-03-31": "10.40700", "2006-12-31": 40.738, "2006-09-30": 16.58, "2006-06-30": 38.482, "2006-03-31": "-2.25200", "2005-12-31": 47.135, "2005-09-30": 31.482, "2005-06-30": 34.433, "2005-03-31": "-0.83900"}, "Net Change In Property, Plant, And Equipment": {"2020-09-30": -7, "2020-06-30": -6.9, "2020-03-31": "-8.20000", "2019-12-31": -8, "2019-09-30": -21.1, "2019-06-30": -34.3, "2019-03-31": "-20.20000", "2018-12-31": -12.8, "2018-09-30": -14.7, "2018-06-30": -21.1, "2018-03-31": "-19.00000", "2017-12-31": -15.8, "2017-09-30": -10.7, "2017-06-30": -16.4, "2017-03-31": "-16.00000", "2016-12-31": -18.6, "2016-09-30": -12.9, "2016-06-30": -16.7, "2016-03-31": "-14.90000", "2015-12-31": -18.8, "2015-09-30": -20.7, "2015-06-30": -17, "2015-03-31": "-19.90000", "2014-12-31": -10.8, "2014-09-30": -18.9, "2014-06-30": -22.1, "2014-03-31": "-23.90000", "2013-12-31": -22, "2013-09-30": -20.1, "2013-06-30": -26.6, "2013-03-31": "-20.60000", "2012-12-31": -24.2, "2012-09-30": -21.3, "2012-06-30": -24.6, "2012-03-31": "-17.50000", "2011-12-31": -13, "2011-09-30": 9.1, "2011-06-30": -10.6, "2011-03-31": "-27.70000", "2010-12-31": -13.619, "2010-09-30": -11.716, "2010-06-30": -6.924, "2010-03-31": "-11.24100", "2009-12-31": -7.048, "2009-09-30": -7.215, "2009-06-30": -10.471, "2009-03-31": "-7.83700", "2008-12-31": -8.182, "2008-09-30": -14.804, "2008-06-30": -14.488, "2008-03-31": "-12.49700", "2007-12-31": -12.333, "2007-09-30": -5.795, "2007-06-30": -5.7, "2007-03-31": "-12.16300", "2006-12-31": -10.222, "2006-09-30": -19.802, "2006-06-30": -0.282, "2006-03-31": "-2.05000", "2005-12-31": -0.866, "2005-09-30": -6.095, "2005-06-30": -4.681, "2005-03-31": "-6.71200"}, "Net Change In Intangible Assets": {"2020-09-30": 0, "2020-06-30": 0, "2020-03-31": "", "2019-12-31": 0, "2019-09-30": 0, "2019-06-30": 0, "2019-03-31": "", "2018-12-31": 0, "2018-09-30": 0, "2018-06-30": 0, "2018-03-31": "", "2017-12-31": 0, "2017-09-30": 0, "2017-06-30": 0, "2017-03-31": "", "2016-12-31": 0, "2016-09-30": 0, "2016-06-30": 0, "2016-03-31": "", "2015-12-31": 0, "2015-09-30": 0, "2015-06-30": 0, "2015-03-31": "", "2014-12-31": 0, "2014-09-30": 0, "2014-06-30": 0, "2014-03-31": "", "2013-12-31": 0, "2013-09-30": 0, "2013-06-30": 0, "2013-03-31": "", "2012-12-31": 0, "2012-09-30": 0, "2012-06-30": 0, "2012-03-31": "", "2011-12-31": 0, "2011-09-30": 0, "2011-06-30": 0, "2011-03-31": "", "2010-12-31": 0, "2010-09-30": 0, "2010-06-30": 0, "2010-03-31": "", "2009-12-31": 0, "2009-09-30": 0, "2009-06-30": 0, "2009-03-31": "", "2008-12-31": 0, "2008-09-30": 0, "2008-06-30": 0, "2008-03-31": "", "2007-12-31": 0, "2007-09-30": 0, "2007-06-30": 0, "2007-03-31": "", "2006-12-31": 0, "2006-09-30": 0, "2006-06-30": 0, "2006-03-31": "", "2005-12-31": 0, "2005-09-30": 0, "2005-06-30": 0, "2005-03-31": ""}, "Net Acquisitions/Divestitures": {"2020-09-30": 0, "2020-06-30": 0, "2020-03-31": "0.30000", "2019-12-31": -1.7, "2019-09-30": 21.4, "2019-06-30": 18.8, "2019-03-31": "119.40000", "2018-12-31": 0.7, "2018-09-30": 0, "2018-06-30": -161.5, "2018-03-31": "", "2017-12-31": 0, "2017-09-30": 0.6, "2017-06-30": 0, "2017-03-31": "0.50000", "2016-12-31": -0.9, "2016-09-30": 0.5, "2016-06-30": 25, "2016-03-31": "", "2015-12-31": -0.7, "2015-09-30": -0.2, "2015-06-30": -8, "2015-03-31": "-1392.50000", "2014-12-31": 0, "2014-09-30": -50.6, "2014-06-30": -0.3, "2014-03-31": "-77.30000", "2013-12-31": -32.3, "2013-09-30": -0.1, "2013-06-30": 0, "2013-03-31": "-6.00000", "2012-12-31": -7.4, "2012-09-30": -7.7, "2012-06-30": -2.3, "2012-03-31": "-93.00000", "2011-12-31": -1, "2011-09-30": -742.8, "2011-06-30": -13.5, "2011-03-31": "-8.60000", "2010-12-31": -104.642, "2010-09-30": -31.395, "2010-06-30": -75.863, "2010-03-31": "", "2009-12-31": 0, "2009-09-30": 0, "2009-06-30": 0, "2009-03-31": "-1.50000", "2008-12-31": -33.897, "2008-09-30": 0, "2008-06-30": -16.179, "2008-03-31": "0.37400", "2007-12-31": -84.402, "2007-09-30": -250.816, "2007-06-30": -1.86, "2007-03-31": "-0.56500", "2006-12-31": 0, "2006-09-30": 0, "2006-06-30": -10.397, "2006-03-31": "-0.56500", "2005-12-31": -0.051, "2005-09-30": 12.102, "2005-06-30": 0.707, "2005-03-31": "-6.19700"}, "Net Change In Short-term Investments": {"2020-09-30": 0, "2020-06-30": 0, "2020-03-31": "", "2019-12-31": 0, "2019-09-30": 0, "2019-06-30": 0, "2019-03-31": "", "2018-12-31": 0, "2018-09-30": 0, "2018-06-30": 0, "2018-03-31": "", "2017-12-31": 0, "2017-09-30": 0, "2017-06-30": 0, "2017-03-31": "", "2016-12-31": 0, "2016-09-30": 0, "2016-06-30": 0, "2016-03-31": "", "2015-12-31": 0, "2015-09-30": 0, "2015-06-30": 0, "2015-03-31": "", "2014-12-31": 0, "2014-09-30": 0, "2014-06-30": 0, "2014-03-31": "", "2013-12-31": 0, "2013-09-30": 0, "2013-06-30": 0, "2013-03-31": "", "2012-12-31": 0, "2012-09-30": 0, "2012-06-30": 0, "2012-03-31": "", "2011-12-31": 0, "2011-09-30": 0, "2011-06-30": 0, "2011-03-31": "", "2010-12-31": 0, "2010-09-30": 187.877, "2010-06-30": -187.877, "2010-03-31": "", "2009-12-31": 10.696, "2009-09-30": -10.696, "2009-06-30": 0, "2009-03-31": "", "2008-12-31": 0, "2008-09-30": 0, "2008-06-30": 0, "2008-03-31": "", "2007-12-31": 0, "2007-09-30": 0, "2007-06-30": 0, "2007-03-31": "", "2006-12-31": 5.853, "2006-09-30": 4.41, "2006-06-30": -6.038, "2006-03-31": "-4.22500", "2005-12-31": 0, "2005-09-30": 0, "2005-06-30": 0, "2005-03-31": ""}, "Net Change In Long-Term Investments": {"2020-09-30": 0, "2020-06-30": 0, "2020-03-31": "", "2019-12-31": 0, "2019-09-30": 0, "2019-06-30": 0, "2019-03-31": "", "2018-12-31": 0, "2018-09-30": 0, "2018-06-30": 0, "2018-03-31": "0.50000", "2017-12-31": 0, "2017-09-30": 0, "2017-06-30": 0, "2017-03-31": "", "2016-12-31": 29.4, "2016-09-30": -15, "2016-06-30": 6.2, "2016-03-31": "-1.70000", "2015-12-31": -4.1, "2015-09-30": 2.1, "2015-06-30": -12.1, "2015-03-31": "4.30000", "2014-12-31": 8.2, "2014-09-30": 4.3, "2014-06-30": -20, "2014-03-31": "6.50000", "2013-12-31": 1, "2013-09-30": -0.1, "2013-06-30": 0, "2013-03-31": "-0.20000", "2012-12-31": -5.1, "2012-09-30": -3.2, "2012-06-30": 0, "2012-03-31": "", "2011-12-31": 0, "2011-09-30": 0, "2011-06-30": 0, "2011-03-31": "56.00000", "2010-12-31": 137.117, "2010-09-30": -207.946, "2010-06-30": 160.593, "2010-03-31": "-29.06400", "2009-12-31": -117.553, "2009-09-30": 0, "2009-06-30": 0, "2009-03-31": "", "2008-12-31": 0, "2008-09-30": 0, "2008-06-30": 0, "2008-03-31": "", "2007-12-31": 0, "2007-09-30": 0, "2007-06-30": 0, "2007-03-31": "", "2006-12-31": 0, "2006-09-30": 0, "2006-06-30": 0, "2006-03-31": "", "2005-12-31": 0, "2005-09-30": 0, "2005-06-30": 0, "2005-03-31": ""}, "Net Change In Investments - Total": {"2020-09-30": 0, "2020-06-30": 0, "2020-03-31": "", "2019-12-31": 0, "2019-09-30": 0, "2019-06-30": 0, "2019-03-31": "", "2018-12-31": 0, "2018-09-30": 0, "2018-06-30": 0, "2018-03-31": "0.50000", "2017-12-31": 0, "2017-09-30": 0, "2017-06-30": 0, "2017-03-31": "", "2016-12-31": 29.4, "2016-09-30": -15, "2016-06-30": 6.2, "2016-03-31": "-1.70000", "2015-12-31": -4.1, "2015-09-30": 2.1, "2015-06-30": -12.1, "2015-03-31": "4.30000", "2014-12-31": 8.2, "2014-09-30": 4.3, "2014-06-30": -20, "2014-03-31": "6.50000", "2013-12-31": 1, "2013-09-30": -0.1, "2013-06-30": 0, "2013-03-31": "-0.20000", "2012-12-31": -5.1, "2012-09-30": -3.2, "2012-06-30": 0, "2012-03-31": "", "2011-12-31": 0, "2011-09-30": 0, "2011-06-30": 0, "2011-03-31": "56.00000", "2010-12-31": 137.117, "2010-09-30": -20.069, "2010-06-30": -27.284, "2010-03-31": "-29.06400", "2009-12-31": -106.857, "2009-09-30": -10.696, "2009-06-30": 0, "2009-03-31": "", "2008-12-31": 0, "2008-09-30": 0, "2008-06-30": 0, "2008-03-31": "", "2007-12-31": 0, "2007-09-30": 0, "2007-06-30": 0, "2007-03-31": "", "2006-12-31": 5.853, "2006-09-30": 4.41, "2006-06-30": -6.038, "2006-03-31": "-4.22500", "2005-12-31": 0, "2005-09-30": 0, "2005-06-30": 0, "2005-03-31": ""}, "Investing Activities - Other": {"2020-09-30": 0, "2020-06-30": 0, "2020-03-31": "", "2019-12-31": 0, "2019-09-30": 0, "2019-06-30": 0, "2019-03-31": "", "2018-12-31": 0, "2018-09-30": 0, "2018-06-30": 0, "2018-03-31": "", "2017-12-31": 0, "2017-09-30": 0, "2017-06-30": 0, "2017-03-31": "", "2016-12-31": 0, "2016-09-30": 0, "2016-06-30": 0, "2016-03-31": "", "2015-12-31": 0, "2015-09-30": 0, "2015-06-30": 0, "2015-03-31": "", "2014-12-31": 0, "2014-09-30": 0, "2014-06-30": 0, "2014-03-31": "", "2013-12-31": 0, "2013-09-30": 1.6, "2013-06-30": 0, "2013-03-31": "", "2012-12-31": 1.6, "2012-09-30": 4.7, "2012-06-30": 2.4, "2012-03-31": "", "2011-12-31": 0, "2011-09-30": 0, "2011-06-30": 0, "2011-03-31": "", "2010-12-31": 0, "2010-09-30": 0, "2010-06-30": 0, "2010-03-31": "", "2009-12-31": 0, "2009-09-30": 0, "2009-06-30": 0, "2009-03-31": "", "2008-12-31": 0, "2008-09-30": 0, "2008-06-30": 0, "2008-03-31": "", "2007-12-31": 0, "2007-09-30": 0, "2007-06-30": 0, "2007-03-31": "", "2006-12-31": 0, "2006-09-30": 0, "2006-06-30": 0, "2006-03-31": "", "2005-12-31": 0.343, "2005-09-30": 0.001, "2005-06-30": -0.092, "2005-03-31": "-0.25200"}, "Cash Flow From Investing Activities": {"2020-09-30": -7, "2020-06-30": -6.9, "2020-03-31": "-7.90000", "2019-12-31": -9.7, "2019-09-30": 0.3, "2019-06-30": -15.5, "2019-03-31": "99.20000", "2018-12-31": -12.1, "2018-09-30": -14.7, "2018-06-30": -182.6, "2018-03-31": "-18.50000", "2017-12-31": -15.8, "2017-09-30": -10.1, "2017-06-30": -16.4, "2017-03-31": "-15.50000", "2016-12-31": 9.9, "2016-09-30": -27.4, "2016-06-30": 14.5, "2016-03-31": "-16.60000", "2015-12-31": -23.6, "2015-09-30": -18.8, "2015-06-30": -37.1, "2015-03-31": "-1408.10000", "2014-12-31": -2.6, "2014-09-30": -65.2, "2014-06-30": -42.4, "2014-03-31": "-94.70000", "2013-12-31": -53.3, "2013-09-30": -18.7, "2013-06-30": -26.6, "2013-03-31": "-26.80000", "2012-12-31": -35.1, "2012-09-30": -27.5, "2012-06-30": -24.5, "2012-03-31": "-110.50000", "2011-12-31": -14, "2011-09-30": -733.7, "2011-06-30": -24.1, "2011-03-31": "19.70000", "2010-12-31": 18.856, "2010-09-30": -63.18, "2010-06-30": -110.071, "2010-03-31": "-40.30500", "2009-12-31": -113.905, "2009-09-30": -17.911, "2009-06-30": -10.471, "2009-03-31": "-9.33700", "2008-12-31": -42.079, "2008-09-30": -14.804, "2008-06-30": -30.667, "2008-03-31": "-12.12300", "2007-12-31": -96.735, "2007-09-30": -256.611, "2007-06-30": -7.56, "2007-03-31": "-12.72800", "2006-12-31": -4.369, "2006-09-30": -15.392, "2006-06-30": -16.717, "2006-03-31": "-6.84000", "2005-12-31": -0.574, "2005-09-30": 6.008, "2005-06-30": -4.066, "2005-03-31": "-13.16100"}, "Net Long-Term Debt": {"2020-09-30": -50, "2020-06-30": 0, "2020-03-31": "-0.10000", "2019-12-31": -66.1, "2019-09-30": 0, "2019-06-30": -0.1, "2019-03-31": "-24.10000", "2018-12-31": -25.1, "2018-09-30": 113.8, "2018-06-30": 0.1, "2018-03-31": "", "2017-12-31": -65.1, "2017-09-30": -100.1, "2017-06-30": -61.7, "2017-03-31": "-50.10000", "2016-12-31": -105.5, "2016-09-30": -92.9, "2016-06-30": -75.1, "2016-03-31": "-50.10000", "2015-12-31": -60.1, "2015-09-30": -40.8, "2015-06-30": -15.7, "2015-03-31": "1234.30000", "2014-12-31": -0.3, "2014-09-30": -150, "2014-06-30": 0, "2014-03-31": "-0.10000", "2013-12-31": -0.1, "2013-09-30": -0.6, "2013-06-30": -55.1, "2013-03-31": "-0.10000", "2012-12-31": -15.1, "2012-09-30": -75.1, "2012-06-30": 0, "2012-03-31": "-0.10000", "2011-12-31": -28, "2011-09-30": 500, "2011-06-30": 0, "2011-03-31": "-0.10000", "2010-12-31": 0.136, "2010-09-30": -0.505, "2010-06-30": -38.785, "2010-03-31": "-0.04600", "2009-12-31": -48.256, "2009-09-30": -27.653, "2009-06-30": -0.052, "2009-03-31": "-0.05600", "2008-12-31": 0.169, "2008-09-30": -0.06, "2008-06-30": 164.88, "2008-03-31": "-0.11300", "2007-12-31": -0.049, "2007-09-30": 249.945, "2007-06-30": -0.053, "2007-03-31": "-0.22500", "2006-12-31": 7.539, "2006-09-30": -0.092, "2006-06-30": -0.044, "2006-03-31": "-0.19700", "2005-12-31": 97.908, "2005-09-30": -88.175, "2005-06-30": -26.816, "2005-03-31": "15.79800"}, "Net Current Debt": {"2020-09-30": -5.3, "2020-06-30": -239.5, "2020-03-31": "227.10000", "2019-12-31": 2.3999, "2019-09-30": -22.7, "2019-06-30": 7.6, "2019-03-31": "-68.00000", "2018-12-31": 52.9, "2018-09-30": -168.2, "2018-06-30": 152.7, "2018-03-31": "40.50000", "2017-12-31": -9.2, "2017-09-30": 13.5, "2017-06-30": -8.6, "2017-03-31": "6.60000", "2016-12-31": 5.1, "2016-09-30": -12.1, "2016-06-30": -17.5, "2016-03-31": "32.80000", "2015-12-31": -17.1, "2015-09-30": -38.3, "2015-06-30": -38, "2015-03-31": "78.80000", "2014-12-31": -42.5, "2014-09-30": 60, "2014-06-30": -0.7, "2014-03-31": "0.40000", "2013-12-31": -1.5, "2013-09-30": -4.3, "2013-06-30": 1.5, "2013-03-31": "3.80000", "2012-12-31": -30.2, "2012-09-30": 29.7, "2012-06-30": -75.3, "2012-03-31": "67.10000", "2011-12-31": -21.3, "2011-09-30": 27.1, "2011-06-30": -7.7, "2011-03-31": "12.80000", "2010-12-31": 0.502, "2010-09-30": -0.406, "2010-06-30": -7.072, "2010-03-31": "-4.52400", "2009-12-31": 145.125, "2009-09-30": 4.815, "2009-06-30": -34.387, "2009-03-31": "10.88500", "2008-12-31": 5.21, "2008-09-30": 3.062, "2008-06-30": -174.592, "2008-03-31": "-8.20000", "2007-12-31": 58.5, "2007-09-30": -54.25, "2007-06-30": -71.875, "2007-03-31": "9.12500", "2006-12-31": -45.037, "2006-09-30": 17.737, "2006-06-30": -27.1, "2006-03-31": "8.50000", "2005-12-31": -134.4, "2005-09-30": 0, "2005-06-30": 0, "2005-03-31": ""}, "Debt Issuance/Retirement Net - Total": {"2020-09-30": -55.3, "2020-06-30": -239.5, "2020-03-31": "227.00000", "2019-12-31": -63.7001, "2019-09-30": -22.7, "2019-06-30": 7.5, "2019-03-31": "-92.10000", "2018-12-31": 27.8, "2018-09-30": -54.4, "2018-06-30": 152.8, "2018-03-31": "40.50000", "2017-12-31": -74.3, "2017-09-30": -86.6, "2017-06-30": -70.3, "2017-03-31": "-43.50000", "2016-12-31": -100.4, "2016-09-30": -105, "2016-06-30": -92.6, "2016-03-31": "-17.30000", "2015-12-31": -77.2, "2015-09-30": -79.1, "2015-06-30": -53.7, "2015-03-31": "1313.10000", "2014-12-31": -42.8, "2014-09-30": -90, "2014-06-30": -0.7, "2014-03-31": "0.30000", "2013-12-31": -1.6, "2013-09-30": -4.9, "2013-06-30": -53.6, "2013-03-31": "3.70000", "2012-12-31": -45.3, "2012-09-30": -45.4, "2012-06-30": -75.3, "2012-03-31": "67.00000", "2011-12-31": -49.3, "2011-09-30": 527.1, "2011-06-30": -7.7, "2011-03-31": "12.70000", "2010-12-31": 0.638, "2010-09-30": -0.911, "2010-06-30": -45.857, "2010-03-31": "-4.57000", "2009-12-31": 96.869, "2009-09-30": -22.838, "2009-06-30": -34.439, "2009-03-31": "10.82900", "2008-12-31": 5.379, "2008-09-30": 3.002, "2008-06-30": -9.712, "2008-03-31": "-8.31300", "2007-12-31": 58.451, "2007-09-30": 195.695, "2007-06-30": -71.928, "2007-03-31": "8.90000", "2006-12-31": -37.498, "2006-09-30": 17.645, "2006-06-30": -27.144, "2006-03-31": "8.30300", "2005-12-31": -36.492, "2005-09-30": -88.175, "2005-06-30": -26.816, "2005-03-31": "15.79800"}, "Net Common Equity Issued/Repurchased": {"2020-09-30": 0, "2020-06-30": 0.2, "2020-03-31": "-25.00000", "2019-12-31": -14.7, "2019-09-30": -94.2, "2019-06-30": -55.9, "2019-03-31": "", "2018-12-31": -49.5, "2018-09-30": -8, "2018-06-30": -45.1, "2018-03-31": "-26.00000", "2017-12-31": 0, "2017-09-30": -24.1, "2017-06-30": -21, "2017-03-31": "0.40000", "2016-12-31": 0, "2016-09-30": 0, "2016-06-30": 0, "2016-03-31": "-19.10000", "2015-12-31": 0.3, "2015-09-30": -12.1, "2015-06-30": 0.3, "2015-03-31": "2.20000", "2014-12-31": 0.1, "2014-09-30": -35, "2014-06-30": 0.2, "2014-03-31": "0.60000", "2013-12-31": -0.8, "2013-09-30": -1.6, "2013-06-30": 1, "2013-03-31": "1.20000", "2012-12-31": 203.6, "2012-09-30": 1.4, "2012-06-30": 0.4, "2012-03-31": "1.70000", "2011-12-31": 0, "2011-09-30": 0.1, "2011-06-30": 1.2, "2011-03-31": "0.60000", "2010-12-31": 0.255, "2010-09-30": 0.556, "2010-06-30": 1.766, "2010-03-31": "1.22300", "2009-12-31": -145.356, "2009-09-30": -0.058, "2009-06-30": 150.669, "2009-03-31": "0.51200", "2008-12-31": 0.14, "2008-09-30": 1.001, "2008-06-30": 0.375, "2008-03-31": "-2.82700", "2007-12-31": 0.506, "2007-09-30": 0.281, "2007-06-30": 0.656, "2007-03-31": "0.74700", "2006-12-31": 1.81, "2006-09-30": 0.893, "2006-06-30": 2.876, "2006-03-31": "1.36300", "2005-12-31": 0.521, "2005-09-30": 53.315, "2005-06-30": 0.878, "2005-03-31": "0.26800"}, "Net Total Equity Issued/Repurchased": {"2020-09-30": 0, "2020-06-30": 0.2, "2020-03-31": "-25.00000", "2019-12-31": -14.7, "2019-09-30": -94.2, "2019-06-30": -55.9, "2019-03-31": "", "2018-12-31": -49.5, "2018-09-30": -8, "2018-06-30": -45.1, "2018-03-31": "-26.00000", "2017-12-31": 0, "2017-09-30": -24.1, "2017-06-30": -21, "2017-03-31": "0.40000", "2016-12-31": 0, "2016-09-30": 0, "2016-06-30": 0, "2016-03-31": "-19.10000", "2015-12-31": 0.3, "2015-09-30": -12.1, "2015-06-30": 0.3, "2015-03-31": "2.20000", "2014-12-31": 0.1, "2014-09-30": -35, "2014-06-30": 0.2, "2014-03-31": "0.60000", "2013-12-31": -0.8, "2013-09-30": -1.6, "2013-06-30": 1, "2013-03-31": "1.20000", "2012-12-31": 203.6, "2012-09-30": 1.4, "2012-06-30": 0.4, "2012-03-31": "1.70000", "2011-12-31": 0, "2011-09-30": 0.1, "2011-06-30": 1.2, "2011-03-31": "0.60000", "2010-12-31": 0.255, "2010-09-30": 0.556, "2010-06-30": 1.766, "2010-03-31": "1.22300", "2009-12-31": -145.356, "2009-09-30": -0.058, "2009-06-30": 150.669, "2009-03-31": "0.51200", "2008-12-31": 0.14, "2008-09-30": 1.001, "2008-06-30": 0.375, "2008-03-31": "-2.82700", "2007-12-31": 0.506, "2007-09-30": 0.281, "2007-06-30": 0.656, "2007-03-31": "0.74700", "2006-12-31": 1.81, "2006-09-30": 0.893, "2006-06-30": 2.876, "2006-03-31": "1.36300", "2005-12-31": 0.521, "2005-09-30": 53.315, "2005-06-30": 0.878, "2005-03-31": "0.26800"}, "Total Common And Preferred Stock Dividends Paid": {"2020-09-30": -12.2, "2020-06-30": -12.1, "2020-03-31": "-12.20000", "2019-12-31": -12.3, "2019-09-30": -12.6, "2019-06-30": -12, "2019-03-31": "-12.00000", "2018-12-31": -12.1, "2018-09-30": -12.2, "2018-06-30": -11.4, "2018-03-31": "-11.50000", "2017-12-31": -11.4, "2017-09-30": -11.7, "2017-06-30": -10.6, "2017-03-31": "-10.80000", "2016-12-31": -10.8, "2016-09-30": -10.8, "2016-06-30": -10.3, "2016-03-31": "-10.20000", "2015-12-31": -10.3, "2015-09-30": -10.2, "2015-06-30": -9.6, "2015-03-31": "-10.10000", "2014-12-31": -9.8, "2014-09-30": -9.9, "2014-06-30": -9.1, "2014-03-31": "-9.00000", "2013-12-31": -9, "2013-09-30": -9.1, "2013-06-30": -8.5, "2013-03-31": "-8.50000", "2012-12-31": -7.9, "2012-09-30": -7.9, "2012-06-30": -7.5, "2012-03-31": "-7.50000", "2011-12-31": -7.5, "2011-09-30": -7, "2011-06-30": -6.6, "2011-03-31": "-6.50000", "2010-12-31": -6.566, "2010-09-30": -6.556, "2010-06-30": -5.997, "2010-03-31": "-5.98100", "2009-12-31": -5.813, "2009-09-30": -5.731, "2009-06-30": -5.039, "2009-03-31": "-5.02400", "2008-12-31": -5.022, "2008-09-30": -5.012, "2008-06-30": -4.692, "2008-03-31": "-4.70000", "2007-12-31": -4.705, "2007-09-30": -4.685, "2007-06-30": -4.364, "2007-03-31": "-4.34500", "2006-12-31": -4.326, "2006-09-30": -4.321, "2006-06-30": -3.995, "2006-03-31": "-3.98500", "2005-12-31": -3.981, "2005-09-30": -3.781, "2005-06-30": -3.485, "2005-03-31": "-3.48300"}, "Financial Activities - Other": {"2020-09-30": -0.9, "2020-06-30": -4.1, "2020-03-31": "-1.10000", "2019-12-31": -2.9, "2019-09-30": -2, "2019-06-30": -5.9, "2019-03-31": "-1.90000", "2018-12-31": -0.1, "2018-09-30": -5.6, "2018-06-30": -2, "2018-03-31": "-0.90000", "2017-12-31": -6, "2017-09-30": -12, "2017-06-30": -2.3, "2017-03-31": "-6.40000", "2016-12-31": -0.5, "2016-09-30": -0.3, "2016-06-30": -1.8, "2016-03-31": "-0.40000", "2015-12-31": -3.4, "2015-09-30": 0.1, "2015-06-30": 0.2, "2015-03-31": "-17.10000", "2014-12-31": -5.2, "2014-09-30": -0.3, "2014-06-30": -8.4, "2014-03-31": "1.00000", "2013-12-31": 0.4, "2013-09-30": -0.3, "2013-06-30": 0.1, "2013-03-31": "0.60000", "2012-12-31": -1.9, "2012-09-30": 0.8, "2012-06-30": 0.3, "2012-03-31": "0.60000", "2011-12-31": 0.4, "2011-09-30": -0.9, "2011-06-30": -1.3, "2011-03-31": "0.40000", "2010-12-31": 0.119, "2010-09-30": 0.17, "2010-06-30": 0.741, "2010-03-31": "0.67000", "2009-12-31": -3.522, "2009-09-30": 0.095, "2009-06-30": 0.092, "2009-03-31": "1.67500", "2008-12-31": -3.044, "2008-09-30": 1.094, "2008-06-30": 0.463, "2008-03-31": "0.45200", "2007-12-31": -2.913, "2007-09-30": -0.755, "2007-06-30": 2.623, "2007-03-31": "3.31000", "2006-12-31": -0.549, "2006-09-30": 0.21, "2006-06-30": 1.3, "2006-03-31": "0.45000", "2005-12-31": -1.567, "2005-09-30": 0.03, "2005-06-30": -0.04, "2005-03-31": "-1.11200"}, "Cash Flow From Financial Activities": {"2020-09-30": -68.4, "2020-06-30": -255.5, "2020-03-31": "188.70000", "2019-12-31": -93.6, "2019-09-30": -131.5, "2019-06-30": -66.3, "2019-03-31": "-106.00000", "2018-12-31": -33.9, "2018-09-30": -80.2, "2018-06-30": 94.3, "2018-03-31": "2.10000", "2017-12-31": -91.7, "2017-09-30": -134.4, "2017-06-30": -104.2, "2017-03-31": "-60.30000", "2016-12-31": -111.7, "2016-09-30": -116.1, "2016-06-30": -104.7, "2016-03-31": "-47.00000", "2015-12-31": -90.6, "2015-09-30": -101.3, "2015-06-30": -62.8, "2015-03-31": "1288.10000", "2014-12-31": -57.7, "2014-09-30": -135.2, "2014-06-30": -18, "2014-03-31": "-7.10000", "2013-12-31": -11, "2013-09-30": -15.9, "2013-06-30": -61, "2013-03-31": "-3.00000", "2012-12-31": 148.5, "2012-09-30": -51.1, "2012-06-30": -82.1, "2012-03-31": "61.80000", "2011-12-31": -56.4, "2011-09-30": 519.3, "2011-06-30": -14.4, "2011-03-31": "7.20000", "2010-12-31": -5.554, "2010-09-30": -6.741, "2010-06-30": -49.347, "2010-03-31": "-8.65800", "2009-12-31": -57.822, "2009-09-30": -28.532, "2009-06-30": 111.283, "2009-03-31": "7.99200", "2008-12-31": -2.547, "2008-09-30": 0.085, "2008-06-30": -13.566, "2008-03-31": "-15.38800", "2007-12-31": 51.339, "2007-09-30": 190.536, "2007-06-30": -73.013, "2007-03-31": "8.61200", "2006-12-31": -40.563, "2006-09-30": 14.427, "2006-06-30": -26.963, "2006-03-31": "6.13100", "2005-12-31": -41.519, "2005-09-30": -38.611, "2005-06-30": -29.463, "2005-03-31": "11.47100"}, "Net Cash Flow": {"2020-09-30": 55.3, "2020-06-30": -172.3, "2020-03-31": "273.10000", "2019-12-31": 38.4, "2019-09-30": 1.7, "2019-06-30": 27, "2019-03-31": "15.70000", "2018-12-31": 64.2, "2018-09-30": 8.8, "2018-06-30": 5.7, "2018-03-31": "30.30000", "2017-12-31": -47, "2017-09-30": -57.1, "2017-06-30": -18.6, "2017-03-31": "-22.20000", "2016-12-31": 2.9, "2016-09-30": 10.1, "2016-06-30": 22.4, "2016-03-31": "-3.80000", "2015-12-31": -1.7, "2015-09-30": 7, "2015-06-30": 17.9, "2015-03-31": "-104.40000", "2014-12-31": 6.8, "2014-09-30": -118, "2014-06-30": 38.9, "2014-03-31": "-59.60000", "2013-12-31": 3.3, "2013-09-30": 48.3, "2013-06-30": 2.5, "2013-03-31": "36.60000", "2012-12-31": 189.5, "2012-09-30": -5.1, "2012-06-30": 26.7, "2012-03-31": "21.60000", "2011-12-31": 18.2, "2011-09-30": -150.9, "2011-06-30": 15.9, "2011-03-31": "84.90000", "2010-12-31": 40.442, "2010-09-30": -18.422, "2010-06-30": -105.64, "2010-03-31": "-4.28000", "2009-12-31": -91.889, "2009-09-30": 63.762, "2009-06-30": 208.471, "2009-03-31": "16.82800", "2008-12-31": -48.472, "2008-09-30": 26.012, "2008-06-30": 37.179, "2008-03-31": "7.95700", "2007-12-31": -12.99, "2007-09-30": 2.428, "2007-06-30": 10.05, "2007-03-31": "6.56600", "2006-12-31": -3.666, "2006-09-30": 15.616, "2006-06-30": -5.15, "2006-03-31": "-3.02700", "2005-12-31": 4.875, "2005-09-30": -1.194, "2005-06-30": 0.184, "2005-03-31": "-2.39300"}, "Stock-Based Compensation": {"2020-09-30": 2.7, "2020-06-30": 2.8, "2020-03-31": "2.70000", "2019-12-31": 3, "2019-09-30": 2.6, "2019-06-30": 3.1, "2019-03-31": "4.30000", "2018-12-31": 6.4, "2018-09-30": 3.3, "2018-06-30": 3.8, "2018-03-31": "3.40000", "2017-12-31": 3.3, "2017-09-30": 3.2, "2017-06-30": 4.1, "2017-03-31": "3.00000", "2016-12-31": 3.2, "2016-09-30": 3, "2016-06-30": 3.8, "2016-03-31": "3.30000", "2015-12-31": 3.3, "2015-09-30": 3.5, "2015-06-30": 4.1, "2015-03-31": "3.00000", "2014-12-31": 3.4, "2014-09-30": 2.2, "2014-06-30": 3.6, "2014-03-31": "2.70000", "2013-12-31": 3.1, "2013-09-30": 2.9, "2013-06-30": 3.1, "2013-03-31": "2.30000", "2012-12-31": 2.3, "2012-09-30": 2.2, "2012-06-30": 2.4, "2012-03-31": "2.10000", "2011-12-31": 4.2, "2011-09-30": 3.9, "2011-06-30": 4.4, "2011-03-31": "1.80000", "2010-12-31": 1.732, "2010-09-30": 1.903, "2010-06-30": 1.708, "2010-03-31": "1.35700", "2009-12-31": 1.494, "2009-09-30": 1.299, "2009-06-30": 1.186, "2009-03-31": "0.77300", "2008-12-31": 1.224, "2008-09-30": 1.395, "2008-06-30": 1.079, "2008-03-31": "0.88200", "2007-12-31": 1.039, "2007-09-30": 0.931, "2007-06-30": 1.006, "2007-03-31": "0.86500", "2006-12-31": 0.907, "2006-09-30": 0.94, "2006-06-30": 0.858, "2006-03-31": "0.86700", "2005-12-31": -0.407, "2005-09-30": -0.009, "2005-06-30": 0.161, "2005-03-31": "0.25500"}, "Common Stock Dividends Paid": {"2020-09-30": -12.2, "2020-06-30": -12.1, "2020-03-31": "-12.20000", "2019-12-31": -12.3, "2019-09-30": -12.6, "2019-06-30": -12, "2019-03-31": "-12.00000", "2018-12-31": -12.1, "2018-09-30": -12.2, "2018-06-30": -11.4, "2018-03-31": "-11.50000", "2017-12-31": -11.4, "2017-09-30": -11.7, "2017-06-30": -10.6, "2017-03-31": "-10.80000", "2016-12-31": -10.8, "2016-09-30": -10.8, "2016-06-30": -10.3, "2016-03-31": "-10.20000", "2015-12-31": -10.3, "2015-09-30": -10.2, "2015-06-30": -9.6, "2015-03-31": "-10.10000", "2014-12-31": -9.8, "2014-09-30": -9.9, "2014-06-30": -9.1, "2014-03-31": "-9.00000", "2013-12-31": -9, "2013-09-30": -9.1, "2013-06-30": -8.5, "2013-03-31": "-8.50000", "2012-12-31": -7.9, "2012-09-30": -7.9, "2012-06-30": -7.5, "2012-03-31": "-7.50000", "2011-12-31": -7.5, "2011-09-30": -7, "2011-06-30": -6.6, "2011-03-31": "-6.50000", "2010-12-31": -6.566, "2010-09-30": -6.556, "2010-06-30": -5.997, "2010-03-31": "-5.98100", "2009-12-31": -5.813, "2009-09-30": -5.731, "2009-06-30": -5.039, "2009-03-31": "-5.02400", "2008-12-31": -5.022, "2008-09-30": -5.012, "2008-06-30": -4.692, "2008-03-31": "-4.70000", "2007-12-31": -4.705, "2007-09-30": -4.685, "2007-06-30": -4.364, "2007-03-31": "-4.34500", "2006-12-31": -4.326, "2006-09-30": -4.321, "2006-06-30": -3.995, "2006-03-31": "-3.98500", "2005-12-31": -3.981, "2005-09-30": -3.781, "2005-06-30": -3.485, "2005-03-31": "-3.48300"}}, "financial ratios": {"Current Ratio": {"2019-12-31": "2.86830", "2018-12-31": "2.65940", "2017-12-31": "2.21120", "2016-12-31": "2.18360", "2015-12-31": "2.66840", "2014-12-31": "2.82590", "2013-12-31": "2.46240", "2012-12-31": "2.88420", "2011-12-31": "2.46160", "2010-12-31": "2.72460", "2009-12-31": "3.16880", "2008-12-31": "1.99830", "2007-12-31": "2.33550", "2006-12-31": "2.22450", "2005-12-31": "2.22710"}, "Long-term Debt / Capital": {"2019-12-31": "0.32320", "2018-12-31": "0.35850", "2017-12-31": "0.30630", "2016-12-31": "0.38680", "2015-12-31": "0.46390", "2014-12-31": "0.23990", "2013-12-31": "0.22460", "2012-12-31": "0.27430", "2011-12-31": "0.36580", "2010-12-31": "0.23460", "2009-12-31": "0.28400", "2008-12-31": "0.40070", "2007-12-31": "0.39450", "2006-12-31": "0.30160", "2005-12-31": "0.37350"}, "Debt/Equity Ratio": {"2019-12-31": "0.47790", "2018-12-31": "0.55890", "2017-12-31": "0.48460", "2016-12-31": "0.67920", "2015-12-31": "0.86840", "2014-12-31": "0.31960", "2013-12-31": "0.36500", "2012-12-31": "0.41000", "2011-12-31": "0.58310", "2010-12-31": "0.31270", "2009-12-31": "0.40370", "2008-12-31": "0.68690", "2007-12-31": "0.65760", "2006-12-31": "0.49780", "2005-12-31": "0.63580"}, "Gross Margin": {"2019-12-31": "26.58120", "2018-12-31": "26.45930", "2017-12-31": "26.29530", "2016-12-31": "26.82590", "2015-12-31": "26.58920", "2014-12-31": "24.47880", "2013-12-31": "25.29960", "2012-12-31": "24.34560", "2011-12-31": "23.71540", "2010-12-31": "24.54870", "2009-12-31": "23.22890", "2008-12-31": "22.28960", "2007-12-31": "22.93220", "2006-12-31": "24.04200", "2005-12-31": "21.75140"}, "Operating Margin": {"2019-12-31": "10.84310", "2018-12-31": "9.51830", "2017-12-31": "9.85330", "2016-12-31": "10.00160", "2015-12-31": "7.20290", "2014-12-31": "3.73030", "2013-12-31": "6.71900", "2012-12-31": "9.87720", "2011-12-31": "9.10520", "2010-12-31": "10.62560", "2009-12-31": "8.73470", "2008-12-31": "10.25850", "2007-12-31": "11.43190", "2006-12-31": "11.97970", "2005-12-31": "9.41910"}, "EBIT Margin": {"2019-12-31": "10.84310", "2018-12-31": "9.51830", "2017-12-31": "9.85330", "2016-12-31": "10.00160", "2015-12-31": "7.20290", "2014-12-31": "3.73030", "2013-12-31": "6.71900", "2012-12-31": "9.87720", "2011-12-31": "9.10520", "2010-12-31": "10.62560", "2009-12-31": "8.73470", "2008-12-31": "10.25850", "2007-12-31": "11.43190", "2006-12-31": "11.97970", "2005-12-31": "9.41910"}, "EBITDA Margin": {"2019-12-31": "14.99690", "2018-12-31": "13.42440", "2017-12-31": "13.93630", "2016-12-31": "14.82090", "2015-12-31": "11.74460", "2014-12-31": "7.98870", "2013-12-31": "10.86990", "2012-12-31": "13.85580", "2011-12-31": "12.60190", "2010-12-31": "13.88290", "2009-12-31": "12.52080", "2008-12-31": "13.00090", "2007-12-31": "14.01830", "2006-12-31": "14.30640", "2005-12-31": "12.05280"}, "Pre-Tax Profit Margin": {"2019-12-31": "9.38230", "2018-12-31": "8.01510", "2017-12-31": "8.24930", "2016-12-31": "8.26170", "2015-12-31": "5.61020", "2014-12-31": "2.77240", "2013-12-31": "5.50760", "2012-12-31": "8.52250", "2011-12-31": "8.05830", "2010-12-31": "9.86150", "2009-12-31": "7.55390", "2008-12-31": "8.87090", "2007-12-31": "10.00520", "2006-12-31": "10.79580", "2005-12-31": "7.90390"}, "Net Profit Margin": {"2019-12-31": "7.37800", "2018-12-31": "6.34190", "2017-12-31": "6.33870", "2016-12-31": "6.30800", "2015-12-31": "4.08300", "2014-12-31": "0.95180", "2013-12-31": "3.87630", "2012-12-31": "6.17640", "2011-12-31": "5.42320", "2010-12-31": "6.67560", "2009-12-31": "5.20450", "2008-12-31": "5.58820", "2007-12-31": "6.40770", "2006-12-31": "6.78010", "2005-12-31": "4.86850"}, "Asset Turnover": {"2019-12-31": "0.73080", "2018-12-31": "0.78840", "2017-12-31": "0.76580", "2016-12-31": "0.73980", "2015-12-31": "0.76440", "2014-12-31": "0.97020", "2013-12-31": "0.84970", "2012-12-31": "0.88730", "2011-12-31": "0.85970", "2010-12-31": "0.91380", "2009-12-31": "0.86460", "2008-12-31": "1.11010", "2007-12-31": "0.96790", "2006-12-31": "1.12190", "2005-12-31": "1.06420"}, "Inventory Turnover Ratio": {"2019-12-31": "3.50430", "2018-12-31": "3.49450", "2017-12-31": "3.27130", "2016-12-31": "3.57070", "2015-12-31": "3.32450", "2014-12-31": "3.55620", "2013-12-31": "3.73770", "2012-12-31": "4.30140", "2011-12-31": "3.72060", "2010-12-31": "4.32320", "2009-12-31": "5.21520", "2008-12-31": "4.84990", "2007-12-31": "4.36560", "2006-12-31": "4.47110", "2005-12-31": "4.98380"}, "Receiveable Turnover": {"2019-12-31": "7.01780", "2018-12-31": "6.60550", "2017-12-31": "6.63700", "2016-12-31": "6.97640", "2015-12-31": "7.59680", "2014-12-31": "7.27840", "2013-12-31": "6.67460", "2012-12-31": "7.10070", "2011-12-31": "6.62020", "2010-12-31": "6.76100", "2009-12-31": "7.58670", "2008-12-31": "7.63180", "2007-12-31": "6.05740", "2006-12-31": "7.42790", "2005-12-31": "7.24800"}, "Days Sales In Receivables": {"2019-12-31": "52.01080", "2018-12-31": "55.25660", "2017-12-31": "54.99490", "2016-12-31": "52.31910", "2015-12-31": "48.04680", "2014-12-31": "50.14810", "2013-12-31": "54.68460", "2012-12-31": "51.40360", "2011-12-31": "55.13410", "2010-12-31": "53.98620", "2009-12-31": "48.11050", "2008-12-31": "47.82600", "2007-12-31": "60.25680", "2006-12-31": "49.13920", "2005-12-31": "50.35890"}, "ROE - Return On Equity": {"2019-12-31": "10.19160", "2018-12-31": "10.08340", "2017-12-31": "9.26230", "2016-12-31": "10.07120", "2015-12-31": "7.48940", "2014-12-31": "1.82390", "2013-12-31": "5.99320", "2012-12-31": "10.03260", "2011-12-31": "10.02280", "2010-12-31": "11.07250", "2009-12-31": "8.36210", "2008-12-31": "15.39010", "2007-12-31": "13.79980", "2006-12-31": "14.64130", "2005-12-31": "10.73420"}, "Return On Tangible Equity": {"2019-12-31": "77.78130", "2018-12-31": "115.70180", "2017-12-31": "105.31140", "2016-12-31": "-241.40730", "2015-12-31": "-56.98400", "2014-12-31": "4.67010", "2013-12-31": "16.23080", "2012-12-31": "36.26650", "2011-12-31": "110.87710", "2010-12-31": "34.66270", "2009-12-31": "24.68690", "2008-12-31": "290.46450", "2007-12-31": "159.37300", "2006-12-31": "68.38680", "2005-12-31": "123.86840"}, "ROA - Return On Assets": {"2019-12-31": "5.47540", "2018-12-31": "5.09970", "2017-12-31": "4.97010", "2016-12-31": "4.80210", "2015-12-31": "3.23410", "2014-12-31": "1.07530", "2013-12-31": "3.45820", "2012-12-31": "5.61210", "2011-12-31": "4.83700", "2010-12-31": "6.31650", "2009-12-31": "4.67180", "2008-12-31": "6.37090", "2007-12-31": "6.35820", "2006-12-31": "7.60680", "2005-12-31": "5.18090"}, "ROI - Return On Investment": {"2019-12-31": "6.89730", "2018-12-31": "6.46900", "2017-12-31": "6.42490", "2016-12-31": "6.17570", "2015-12-31": "4.01530", "2014-12-31": "1.38630", "2013-12-31": "4.64700", "2012-12-31": "7.28050", "2011-12-31": "6.35660", "2010-12-31": "8.47480", "2009-12-31": "5.98730", "2008-12-31": "9.22280", "2007-12-31": "8.35640", "2006-12-31": "10.22480", "2005-12-31": "6.72480"}, "Book Value Per Share": {"2019-12-31": "58.34310", "2018-12-31": "54.63790", "2017-12-31": "53.15350", "2016-12-31": "46.38840", "2015-12-31": "44.35790", "2014-12-31": "44.27960", "2013-12-31": "46.61640", "2012-12-31": "44.46550", "2011-12-31": "37.89420", "2010-12-31": "36.18180", "2009-12-31": "31.55350", "2008-12-31": "26.67820", "2007-12-31": "27.38510", "2006-12-31": "24.16310", "2005-12-31": "21.13770"}, "Operating Cash Flow Per Share": {"2019-12-31": 1.4181, "2018-12-31": 1.7609, "2017-12-31": -3.3278, "2016-12-31": 1.3078, "2015-12-31": 1.9383, "2014-12-31": -0.1353, "2013-12-31": -1.6358, "2012-12-31": 1.7379, "2011-12-31": 2.107, "2010-12-31": -4.2068, "2009-12-31": 4.0784, "2008-12-31": -1.2771, "2007-12-31": 3.1224, "2006-12-31": -0.8418, "2005-12-31": 3.6339}, "Free Cash Flow Per Share": {"2019-12-31": 0.977, "2018-12-31": 1.5328, "2017-12-31": -3.2374, "2016-12-31": 1.5996, "2015-12-31": 1.9154, "2014-12-31": 0.1606, "2013-12-31": -1.5221, "2012-12-31": 0.7096, "2011-12-31": 2.1729, "2010-12-31": -4.4236, "2009-12-31": 4.6797, "2008-12-31": -1.7189, "2007-12-31": 3.0271, "2006-12-31": -1.2131, "2005-12-31": 3.0395}}, "financial ratios, quarterly": {"Current Ratio": {"2020-09-30": "2.10950", "2020-06-30": "2.89710", "2020-03-31": "3.16110", "2019-12-31": "2.86830", "2019-09-30": "2.83080", "2019-06-30": "2.79390", "2019-03-31": "2.71470", "2018-12-31": "2.65940", "2018-09-30": "2.61430", "2018-06-30": "2.24490", "2018-03-31": "2.36410", "2017-12-31": "2.21120", "2017-09-30": "2.21830", "2017-06-30": "2.24220", "2017-03-31": "2.26250", "2016-12-31": "2.18360", "2016-09-30": "2.28300", "2016-06-30": "2.72890", "2016-03-31": "2.83470", "2015-12-31": "2.66840", "2015-09-30": "2.62390", "2015-06-30": "2.55470", "2015-03-31": "2.49630", "2014-12-31": "2.82590", "2014-09-30": "2.90030", "2014-06-30": "2.41710", "2014-03-31": "2.33070", "2013-12-31": "2.46240", "2013-09-30": "2.38510", "2013-06-30": "2.88120", "2013-03-31": "2.74810", "2012-12-31": "2.88420", "2012-09-30": "2.31980", "2012-06-30": "2.33030", "2012-03-31": "2.55170", "2011-12-31": "2.46160", "2011-09-30": "2.32690", "2011-06-30": "2.52760", "2011-03-31": "2.57470", "2010-12-31": "2.72460", "2010-09-30": "2.83100", "2010-06-30": "2.78440", "2010-03-31": "2.84610", "2009-12-31": "3.16880", "2009-09-30": "2.59830", "2009-06-30": "3.04200", "2009-03-31": "2.45790", "2008-12-31": "1.99830", "2008-09-30": "2.11510", "2008-06-30": "2.19540", "2008-03-31": "2.41160", "2007-12-31": "2.33550", "2007-09-30": "2.24040", "2007-06-30": "2.35100", "2007-03-31": "2.23920", "2006-12-31": "2.22450", "2006-09-30": "2.15300", "2006-06-30": "2.03420", "2006-03-31": "2.23770", "2005-12-31": "2.22710", "2005-09-30": "2.53230", "2005-06-30": "2.49980", "2005-03-31": "2.51100"}, "Long-term Debt / Capital": {"2020-09-30": "0.25520", "2020-06-30": "0.32400", "2020-03-31": "0.37230", "2019-12-31": "0.32320", "2019-09-30": "0.34010", "2019-06-30": "0.33470", "2019-03-31": "0.33170", "2018-12-31": "0.35850", "2018-09-30": "0.35140", "2018-06-30": "0.34540", "2018-03-31": "0.30890", "2017-12-31": "0.30630", "2017-09-30": "0.32600", "2017-06-30": "0.34790", "2017-03-31": "0.36860", "2016-12-31": "0.38680", "2016-09-30": "0.40140", "2016-06-30": "0.44000", "2016-03-31": "0.45490", "2015-12-31": "0.46390", "2015-09-30": "0.46500", "2015-06-30": "0.47140", "2015-03-31": "0.48520", "2014-12-31": "0.23990", "2014-09-30": "0.23500", "2014-06-30": "0.21720", "2014-03-31": "0.22220", "2013-12-31": "0.22460", "2013-09-30": "0.22350", "2013-06-30": "0.26940", "2013-03-31": "0.26970", "2012-12-31": "0.27430", "2012-09-30": "0.30550", "2012-06-30": "0.34730", "2012-03-31": "0.36550", "2011-12-31": "0.36580", "2011-09-30": "0.38010", "2011-06-30": "0.22430", "2011-03-31": "0.22970", "2010-12-31": "0.23460", "2010-09-30": "0.24010", "2010-06-30": "0.25400", "2010-03-31": "0.25720", "2009-12-31": "0.28400", "2009-09-30": "0.29590", "2009-06-30": "0.33660", "2009-03-31": "0.39920", "2008-12-31": "0.40070", "2008-09-30": "0.37600", "2008-06-30": "0.36910", "2008-03-31": "0.38090", "2007-12-31": "0.39450", "2007-09-30": "0.37020", "2007-06-30": "0.26380", "2007-03-31": "0.29460", "2006-12-31": "0.30160", "2006-09-30": "0.33050", "2006-06-30": "0.32960", "2006-03-31": "0.36760", "2005-12-31": "0.37350", "2005-09-30": "0.41590", "2005-06-30": "0.48710", "2005-03-31": "0.50710"}, "Debt/Equity Ratio": {"2020-09-30": "0.43670", "2020-06-30": "0.47960", "2020-03-31": "0.59340", "2019-12-31": "0.47790", "2019-09-30": "0.51560", "2019-06-30": "0.50330", "2019-03-31": "0.49730", "2018-12-31": "0.55890", "2018-09-30": "0.54200", "2018-06-30": "0.57060", "2018-03-31": "0.48850", "2017-12-31": "0.48460", "2017-09-30": "0.52740", "2017-06-30": "0.57820", "2017-03-31": "0.63000", "2016-12-31": "0.67920", "2016-09-30": "0.71850", "2016-06-30": "0.78740", "2016-03-31": "0.83750", "2015-12-31": "0.86840", "2015-09-30": "0.89320", "2015-06-30": "0.92890", "2015-03-31": "0.97840", "2014-12-31": "0.31960", "2014-09-30": "0.31100", "2014-06-30": "0.34950", "2014-03-31": "0.36020", "2013-12-31": "0.36500", "2013-09-30": "0.36320", "2013-06-30": "0.37420", "2013-03-31": "0.40250", "2012-12-31": "0.41000", "2012-09-30": "0.48710", "2012-06-30": "0.53870", "2012-03-31": "0.58510", "2011-12-31": "0.58310", "2011-09-30": "0.62180", "2011-06-30": "0.29880", "2011-03-31": "0.31150", "2010-12-31": "0.31270", "2010-09-30": "0.32110", "2010-06-30": "0.34170", "2010-03-31": "0.38350", "2009-12-31": "0.40370", "2009-09-30": "0.47120", "2009-06-30": "0.51190", "2009-03-31": "0.67260", "2008-12-31": "0.68690", "2008-09-30": "0.62120", "2008-06-30": "0.61430", "2008-03-31": "0.62120", "2007-12-31": "0.65760", "2007-09-30": "0.59780", "2007-06-30": "0.38070", "2007-03-31": "0.49330", "2006-12-31": "0.49780", "2006-09-30": "0.56010", "2006-06-30": "0.55720", "2006-03-31": "0.62810", "2005-12-31": "0.63580", "2005-09-30": "0.71310", "2005-06-30": "0.95060", "2005-03-31": "1.02940"}, "Gross Margin": {"2020-09-30": "29.22710", "2020-06-30": "26.85700", "2020-03-31": "27.69000", "2019-12-31": "25.76540", "2019-09-30": "26.14270", "2019-06-30": "26.78270", "2019-03-31": "27.47720", "2018-12-31": "27.18610", "2018-09-30": "26.21570", "2018-06-30": "25.77890", "2018-03-31": "26.72960", "2017-12-31": "26.61140", "2017-09-30": "26.47920", "2017-06-30": "25.63280", "2017-03-31": "26.49050", "2016-12-31": "25.45840", "2016-09-30": "28.61910", "2016-06-30": "26.58000", "2016-03-31": "26.57050", "2015-12-31": "28.41630", "2015-09-30": "27.32630", "2015-06-30": "26.68220", "2015-03-31": "24.22950", "2014-12-31": "24.24910", "2014-09-30": "24.56010", "2014-06-30": "24.81190", "2014-03-31": "24.26360", "2013-12-31": "24.47410", "2013-09-30": "25.57930", "2013-06-30": "25.45010", "2013-03-31": "25.63610", "2012-12-31": "22.45670", "2012-09-30": "24.70820", "2012-06-30": "25.47750", "2012-03-31": "24.45850", "2011-12-31": "23.51080", "2011-09-30": "24.37240", "2011-06-30": "22.10330", "2011-03-31": "24.86800", "2010-12-31": "23.45100", "2010-09-30": "24.48610", "2010-06-30": "24.56500", "2010-03-31": "25.80530", "2009-12-31": "27.01780", "2009-09-30": "24.47790", "2009-06-30": "20.81660", "2009-03-31": "20.43210", "2008-12-31": "23.72900", "2008-09-30": "21.39790", "2008-06-30": "21.63510", "2008-03-31": "22.76510", "2007-12-31": "22.23300", "2007-09-30": "23.74730", "2007-06-30": "22.59180", "2007-03-31": "23.22420", "2006-12-31": "24.27280", "2006-09-30": "24.58140", "2006-06-30": "23.89900", "2006-03-31": "23.41800", "2005-12-31": "22.83330", "2005-09-30": "22.14490", "2005-06-30": "21.64450", "2005-03-31": "20.26040"}, "Operating Margin": {"2020-09-30": "11.87020", "2020-06-30": "7.23860", "2020-03-31": "9.53420", "2019-12-31": "8.35810", "2019-09-30": "9.42640", "2019-06-30": "10.98780", "2019-03-31": "14.12510", "2018-12-31": "10.18490", "2018-09-30": "7.49950", "2018-06-30": "10.37830", "2018-03-31": "10.03640", "2017-12-31": "9.57720", "2017-09-30": "11.00480", "2017-06-30": "9.57200", "2017-03-31": "9.21940", "2016-12-31": "9.49740", "2016-09-30": "11.09190", "2016-06-30": "10.89910", "2016-03-31": "8.46980", "2015-12-31": "-1.82290", "2015-09-30": "11.34530", "2015-06-30": "10.95310", "2015-03-31": "6.97600", "2014-12-31": "-14.25810", "2014-09-30": "9.00220", "2014-06-30": "10.31280", "2014-03-31": "8.69950", "2013-12-31": "-3.82230", "2013-09-30": "10.25770", "2013-06-30": "9.86620", "2013-03-31": "9.75330", "2012-12-31": "6.58190", "2012-09-30": "10.68630", "2012-06-30": "11.95740", "2012-03-31": "9.79080", "2011-12-31": "8.07540", "2011-09-30": "10.59850", "2011-06-30": "8.03750", "2011-03-31": "9.67260", "2010-12-31": "6.90180", "2010-09-30": "11.82850", "2010-06-30": "11.43460", "2010-03-31": "12.37190", "2009-12-31": "11.55790", "2009-09-30": "10.38670", "2009-06-30": "6.48270", "2009-03-31": "6.35990", "2008-12-31": "8.19720", "2008-09-30": "10.59190", "2008-06-30": "11.13180", "2008-03-31": "10.74160", "2007-12-31": "9.54300", "2007-09-30": "11.87760", "2007-06-30": "13.06130", "2007-03-31": "11.30570", "2006-12-31": "10.76890", "2006-09-30": "12.65180", "2006-06-30": "13.29430", "2006-03-31": "10.95030", "2005-12-31": "10.17700", "2005-09-30": "10.00540", "2005-06-30": "9.71100", "2005-03-31": "7.65640"}, "EBIT Margin": {"2020-09-30": "11.87020", "2020-06-30": "7.23860", "2020-03-31": "9.53420", "2019-12-31": "8.35820", "2019-09-30": "9.42640", "2019-06-30": "10.98780", "2019-03-31": "14.12510", "2018-12-31": "10.18490", "2018-09-30": "7.49950", "2018-06-30": "10.37830", "2018-03-31": "10.03640", "2017-12-31": "9.57720", "2017-09-30": "11.00480", "2017-06-30": "9.57200", "2017-03-31": "9.21940", "2016-12-31": "9.49740", "2016-09-30": "11.09190", "2016-06-30": "10.89910", "2016-03-31": "8.46980", "2015-12-31": "-1.82290", "2015-09-30": "11.34530", "2015-06-30": "10.95310", "2015-03-31": "6.97600", "2014-12-31": "-14.25810", "2014-09-30": "9.00220", "2014-06-30": "10.31280", "2014-03-31": "8.69950", "2013-12-31": "-3.82240", "2013-09-30": "10.25770", "2013-06-30": "9.86620", "2013-03-31": "9.75330", "2012-12-31": "6.58190", "2012-09-30": "10.68630", "2012-06-30": "11.95740", "2012-03-31": "9.79080", "2011-12-31": "8.07540", "2011-09-30": "10.59850", "2011-06-30": "8.03750", "2011-03-31": "9.67260", "2010-12-31": "6.90170", "2010-09-30": "11.82850", "2010-06-30": "11.43460", "2010-03-31": "12.37190", "2009-12-31": "11.55790", "2009-09-30": "10.38670", "2009-06-30": "6.48270", "2009-03-31": "6.35990", "2008-12-31": "8.19720", "2008-09-30": "10.59190", "2008-06-30": "11.13180", "2008-03-31": "10.74160", "2007-12-31": "9.54300", "2007-09-30": "11.87760", "2007-06-30": "13.06130", "2007-03-31": "11.30570", "2006-12-31": "10.76890", "2006-09-30": "12.65180", "2006-06-30": "13.29430", "2006-03-31": "10.95030", "2005-12-31": "10.17690", "2005-09-30": "10.00540", "2005-06-30": "9.71100", "2005-03-31": "7.65640"}, "EBITDA Margin": {"2020-09-30": "", "2020-06-30": "", "2020-03-31": "", "2019-12-31": "", "2019-09-30": "", "2019-06-30": "", "2019-03-31": "", "2018-12-31": "", "2018-09-30": "", "2018-06-30": "", "2018-03-31": "", "2017-12-31": "", "2017-09-30": "", "2017-06-30": "", "2017-03-31": "", "2016-12-31": "", "2016-09-30": "", "2016-06-30": "", "2016-03-31": "", "2015-12-31": "", "2015-09-30": "", "2015-06-30": "", "2015-03-31": "", "2014-12-31": "", "2014-09-30": "", "2014-06-30": "", "2014-03-31": "", "2013-12-31": "", "2013-09-30": "", "2013-06-30": "", "2013-03-31": "", "2012-12-31": "", "2012-09-30": "", "2012-06-30": "", "2012-03-31": "", "2011-12-31": "", "2011-09-30": "", "2011-06-30": "", "2011-03-31": "", "2010-12-31": "", "2010-09-30": "", "2010-06-30": "", "2010-03-31": "", "2009-12-31": "", "2009-09-30": "", "2009-06-30": "", "2009-03-31": "", "2008-12-31": "", "2008-09-30": "", "2008-06-30": "", "2008-03-31": "", "2007-12-31": "", "2007-09-30": "", "2007-06-30": "", "2007-03-31": "", "2006-12-31": "", "2006-09-30": "", "2006-06-30": "", "2006-03-31": "", "2005-12-31": "", "2005-09-30": "", "2005-06-30": "", "2005-03-31": ""}, "Pre-Tax Profit Margin": {"2020-09-30": "10.99970", "2020-06-30": "5.96120", "2020-03-31": "8.25390", "2019-12-31": "6.94930", "2019-09-30": "7.85960", "2019-06-30": "9.59140", "2019-03-31": "12.64930", "2018-12-31": "8.54030", "2018-09-30": "6.08390", "2018-06-30": "8.91950", "2018-03-31": "8.53440", "2017-12-31": "7.95660", "2017-09-30": "9.47600", "2017-06-30": "7.97280", "2017-03-31": "7.54760", "2016-12-31": "7.47920", "2016-09-30": "9.44910", "2016-06-30": "9.27740", "2016-03-31": "6.77100", "2015-12-31": "-3.61990", "2015-09-30": "9.74730", "2015-06-30": "9.30800", "2015-03-31": "5.61590", "2014-12-31": "-15.04450", "2014-09-30": "8.06220", "2014-06-30": "9.30150", "2014-03-31": "7.61360", "2013-12-31": "-5.01860", "2013-09-30": "9.04710", "2013-06-30": "8.69830", "2013-03-31": "8.48110", "2012-12-31": "5.11460", "2012-09-30": "9.37780", "2012-06-30": "10.70730", "2012-03-31": "8.37970", "2011-12-31": "6.67220", "2011-09-30": "9.24140", "2011-06-30": "7.39220", "2011-03-31": "8.94820", "2010-12-31": "6.08440", "2010-09-30": "11.12240", "2010-06-30": "10.75570", "2010-03-31": "11.50070", "2009-12-31": "10.59640", "2009-09-30": "9.31160", "2009-06-30": "5.35540", "2009-03-31": "4.78390", "2008-12-31": "6.66710", "2008-09-30": "9.31520", "2008-06-30": "9.84110", "2008-03-31": "9.24460", "2007-12-31": "7.05610", "2007-09-30": "10.82040", "2007-06-30": "12.15130", "2007-03-31": "10.11690", "2006-12-31": "9.59120", "2006-09-30": "11.49080", "2006-06-30": "12.07350", "2006-03-31": "9.77670", "2005-12-31": "8.85350", "2005-09-30": "8.44510", "2005-06-30": "8.12030", "2005-03-31": "6.05610"}, "Net Profit Margin": {"2020-09-30": "8.57290", "2020-06-30": "4.43150", "2020-03-31": "6.23810", "2019-12-31": "4.97160", "2019-09-30": "6.43530", "2019-06-30": "7.62280", "2019-03-31": "10.06090", "2018-12-31": "6.30600", "2018-09-30": "5.54350", "2018-06-30": "6.86670", "2018-03-31": "6.64540", "2017-12-31": "6.27510", "2017-09-30": "7.25870", "2017-06-30": "6.09760", "2017-03-31": "5.69150", "2016-12-31": "6.01500", "2016-09-30": "7.36170", "2016-06-30": "6.74930", "2016-03-31": "5.08430", "2015-12-31": "-2.49520", "2015-09-30": "7.18580", "2015-06-30": "6.66530", "2015-03-31": "3.99250", "2014-12-31": "-15.01870", "2014-09-30": "5.72430", "2014-06-30": "6.60870", "2014-03-31": "5.46680", "2013-12-31": "-4.56480", "2013-09-30": "6.84720", "2013-06-30": "6.21650", "2013-03-31": "6.36080", "2012-12-31": "4.17830", "2012-09-30": "6.96600", "2012-06-30": "7.25780", "2012-03-31": "6.02800", "2011-12-31": "4.60860", "2011-09-30": "6.20170", "2011-06-30": "5.03080", "2011-03-31": "5.85480", "2010-12-31": "4.54630", "2010-09-30": "7.55820", "2010-06-30": "7.14160", "2010-03-31": "7.44350", "2009-12-31": "7.48150", "2009-09-30": "6.69620", "2009-06-30": "3.61940", "2009-03-31": "2.88470", "2008-12-31": "4.27470", "2008-09-30": "5.82320", "2008-06-30": "6.15410", "2008-03-31": "5.85950", "2007-12-31": "4.46490", "2007-09-30": "6.95170", "2007-06-30": "7.88460", "2007-03-31": "6.40470", "2006-12-31": "6.26460", "2006-09-30": "7.09280", "2006-06-30": "7.65250", "2006-03-31": "5.97200", "2005-12-31": "5.39810", "2005-09-30": "5.35340", "2005-06-30": "5.00180", "2005-03-31": "3.63680"}, "Asset Turnover": {"2020-09-30": "0.16930", "2020-06-30": "0.14380", "2020-03-31": "0.16010", "2019-12-31": "0.16660", "2019-09-30": "0.17250", "2019-06-30": "0.18750", "2019-03-31": "0.18140", "2018-12-31": "0.19070", "2018-09-30": "0.20110", "2018-06-30": "0.20710", "2018-03-31": "0.19500", "2017-12-31": "0.18700", "2017-09-30": "0.19200", "2017-06-30": "0.19390", "2017-03-31": "0.18300", "2016-12-31": "0.17390", "2016-09-30": "0.18080", "2016-06-30": "0.18470", "2016-03-31": "0.17790", "2015-12-31": "0.16850", "2015-09-30": "0.18090", "2015-06-30": "0.18980", "2015-03-31": "0.18350", "2014-12-31": "0.23110", "2014-09-30": "0.22600", "2014-06-30": "0.22380", "2014-03-31": "0.21500", "2013-12-31": "0.19960", "2013-09-30": "0.20710", "2013-06-30": "0.22410", "2013-03-31": "0.21160", "2012-12-31": "0.20050", "2012-09-30": "0.22770", "2012-06-30": "0.24940", "2012-03-31": "0.23300", "2011-12-31": "0.22250", "2011-09-30": "0.21850", "2011-06-30": "0.25760", "2011-03-31": "0.26050", "2010-12-31": "0.22690", "2010-09-30": "0.25170", "2010-06-30": "0.26240", "2010-03-31": "0.23250", "2009-12-31": "0.21930", "2009-09-30": "0.21530", "2009-06-30": "0.21390", "2009-03-31": "0.22500", "2008-12-31": "0.23870", "2008-09-30": "0.30240", "2008-06-30": "0.30040", "2008-03-31": "0.28110", "2007-12-31": "0.25490", "2007-09-30": "0.25290", "2007-06-30": "0.30940", "2007-03-31": "0.28180", "2006-12-31": "0.25400", "2006-09-30": "0.28580", "2006-06-30": "0.30630", "2006-03-31": "0.28640", "2005-12-31": "0.28020", "2005-09-30": "0.25510", "2005-06-30": "0.26810", "2005-03-31": "0.24390"}, "Inventory Turnover Ratio": {"2020-09-30": "0.79240", "2020-06-30": "0.68240", "2020-03-31": "0.81020", "2019-12-31": "0.80780", "2019-09-30": "0.78600", "2019-06-30": "0.83590", "2019-03-31": "0.77030", "2018-12-31": "0.83680", "2018-09-30": "0.86320", "2018-06-30": "0.90700", "2018-03-31": "0.82730", "2017-12-31": "0.79550", "2017-09-30": "0.85730", "2017-06-30": "0.92580", "2017-03-31": "0.86930", "2016-12-31": "0.85520", "2016-09-30": "0.84290", "2016-06-30": "0.86550", "2016-03-31": "0.79390", "2015-12-31": "0.71450", "2015-09-30": "0.85970", "2015-06-30": "0.89880", "2015-03-31": "0.88100", "2014-12-31": "0.84950", "2014-09-30": "0.91830", "2014-06-30": "0.96970", "2014-03-31": "0.93930", "2013-12-31": "0.88780", "2013-09-30": "0.94320", "2013-06-30": "1.05350", "2013-03-31": "1.00980", "2012-12-31": "0.99620", "2012-09-30": "0.98660", "2012-06-30": "1.10260", "2012-03-31": "1.03340", "2011-12-31": "0.96560", "2011-09-30": "0.88900", "2011-06-30": "1.21710", "2011-03-31": "1.24090", "2010-12-31": "1.08910", "2010-09-30": "1.30980", "2010-06-30": "1.42930", "2010-03-31": "1.37320", "2009-12-31": "1.25760", "2009-09-30": "1.35200", "2009-06-30": "1.33690", "2009-03-31": "1.07750", "2008-12-31": "1.02350", "2008-09-30": "1.47670", "2008-06-30": "1.54030", "2008-03-31": "1.34820", "2007-12-31": "1.16010", "2007-09-30": "1.19880", "2007-06-30": "1.50910", "2007-03-31": "1.19270", "2006-12-31": "1.00910", "2006-09-30": "1.31020", "2006-06-30": "1.42810", "2006-03-31": "1.31640", "2005-12-31": "1.29420", "2005-09-30": "1.17550", "2005-06-30": "1.23150", "2005-03-31": "1.09680"}, "Receiveable Turnover": {"2020-09-30": "1.60470", "2020-06-30": "1.48430", "2020-03-31": "1.58230", "2019-12-31": "1.59990", "2019-09-30": "1.57070", "2019-06-30": "1.59490", "2019-03-31": "1.56400", "2018-12-31": "1.59760", "2018-09-30": "1.58760", "2018-06-30": "1.57920", "2018-03-31": "1.56150", "2017-12-31": "1.62100", "2017-09-30": "1.62510", "2017-06-30": "1.59630", "2017-03-31": "1.59820", "2016-12-31": "1.64020", "2016-09-30": "1.61600", "2016-06-30": "1.60500", "2016-03-31": "1.64260", "2015-12-31": "1.67420", "2015-09-30": "1.60130", "2015-06-30": "1.62360", "2015-03-31": "1.56520", "2014-12-31": "1.73340", "2014-09-30": "1.52060", "2014-06-30": "1.50460", "2014-03-31": "1.47330", "2013-12-31": "1.56810", "2013-09-30": "1.59410", "2013-06-30": "1.60450", "2013-03-31": "1.52800", "2012-12-31": "1.60450", "2012-09-30": "1.67100", "2012-06-30": "1.64550", "2012-03-31": "1.58820", "2011-12-31": "1.71360", "2011-09-30": "1.47750", "2011-06-30": "1.66060", "2011-03-31": "1.68470", "2010-12-31": "1.67880", "2010-09-30": "1.67270", "2010-06-30": "1.73300", "2010-03-31": "1.74450", "2009-12-31": "1.92450", "2009-09-30": "1.67970", "2009-06-30": "1.58990", "2009-03-31": "1.62570", "2008-12-31": "1.64100", "2008-09-30": "1.57510", "2008-06-30": "1.53770", "2008-03-31": "1.55290", "2007-12-31": "1.59520", "2007-09-30": "1.51220", "2007-06-30": "1.69030", "2007-03-31": "1.60200", "2006-12-31": "1.68160", "2006-09-30": "1.56820", "2006-06-30": "1.69080", "2006-03-31": "1.65540", "2005-12-31": "1.90860", "2005-09-30": "1.89760", "2005-06-30": "1.84220", "2005-03-31": "1.67790"}, "Days Sales In Receivables": {"2020-09-30": "56.08680", "2020-06-30": "60.63400", "2020-03-31": "56.87820", "2019-12-31": "56.25310", "2019-09-30": "57.30030", "2019-06-30": "56.42900", "2019-03-31": "57.54390", "2018-12-31": "56.33550", "2018-09-30": "56.69010", "2018-06-30": "56.98970", "2018-03-31": "57.63770", "2017-12-31": "55.52210", "2017-09-30": "55.38220", "2017-06-30": "56.37940", "2017-03-31": "56.31220", "2016-12-31": "54.87140", "2016-09-30": "55.69420", "2016-06-30": "56.07560", "2016-03-31": "54.78980", "2015-12-31": "53.75570", "2015-09-30": "56.20540", "2015-06-30": "55.43090", "2015-03-31": "57.50250", "2014-12-31": "51.92090", "2014-09-30": "59.18660", "2014-06-30": "59.81660", "2014-03-31": "61.08590", "2013-12-31": "57.39310", "2013-09-30": "56.45800", "2013-06-30": "56.09120", "2013-03-31": "58.90130", "2012-12-31": "56.09280", "2012-09-30": "53.86150", "2012-06-30": "54.69380", "2012-03-31": "56.66910", "2011-12-31": "52.52170", "2011-09-30": "60.91340", "2011-06-30": "54.19600", "2011-03-31": "53.42340", "2010-12-31": "53.61080", "2010-09-30": "53.80680", "2010-06-30": "51.93180", "2010-03-31": "51.59110", "2009-12-31": "46.76610", "2009-09-30": "53.58190", "2009-06-30": "56.60590", "2009-03-31": "55.35970", "2008-12-31": "54.84530", "2008-09-30": "57.14080", "2008-06-30": "58.53010", "2008-03-31": "57.95720", "2007-12-31": "56.41930", "2007-09-30": "59.51460", "2007-06-30": "53.24540", "2007-03-31": "56.17870", "2006-12-31": "53.52050", "2006-09-30": "57.39150", "2006-06-30": "53.22830", "2006-03-31": "54.36770", "2005-12-31": "47.15450", "2005-09-30": "47.42840", "2005-06-30": "48.85460", "2005-03-31": "53.63740"}, "ROE - Return On Equity": {"2020-09-30": "2.70400", "2020-06-30": "1.24840", "2020-03-31": "2.03030", "2019-12-31": "1.57960", "2019-09-30": "2.18110", "2019-06-30": "2.77320", "2019-03-31": "3.55160", "2018-12-31": "2.41610", "2018-09-30": "2.23350", "2018-06-30": "2.87520", "2018-03-31": "2.45020", "2017-12-31": "2.23380", "2017-09-30": "2.76230", "2017-06-30": "2.41460", "2017-03-31": "2.18970", "2016-12-31": "2.26640", "2016-09-30": "2.90630", "2016-06-30": "2.84890", "2016-03-31": "2.09700", "2015-12-31": "-0.93810", "2015-09-30": "3.16670", "2015-06-30": "3.18480", "2015-03-31": "1.90470", "2014-12-31": "-5.85060", "2014-09-30": "2.24190", "2014-06-30": "2.64760", "2014-03-31": "2.11120", "2013-12-31": "-1.56010", "2013-09-30": "2.57540", "2013-06-30": "2.60940", "2013-03-31": "2.48180", "2012-12-31": "1.54770", "2012-09-30": "3.10650", "2012-06-30": "3.80290", "2012-03-31": "2.96040", "2011-12-31": "2.13780", "2011-09-30": "3.04970", "2011-06-30": "2.43150", "2011-03-31": "2.82470", "2010-12-31": "1.87360", "2010-09-30": "3.40290", "2010-06-30": "3.41480", "2010-03-31": "3.23990", "2009-12-31": "3.00910", "2009-09-30": "2.81280", "2009-06-30": "1.62170", "2009-03-31": "1.60060", "2008-12-31": "2.54120", "2008-09-30": "4.02580", "2008-06-30": "4.17120", "2008-03-31": "3.57850", "2007-12-31": "2.80890", "2007-09-30": "3.69200", "2007-06-30": "4.44790", "2007-03-31": "3.46050", "2006-12-31": "3.06260", "2006-09-30": "4.05430", "2006-06-30": "4.72030", "2006-03-31": "3.55460", "2005-12-31": "3.13410", "2005-09-30": "2.93710", "2005-06-30": "3.26300", "2005-03-31": "2.24300"}, "Return On Tangible Equity": {"2020-09-30": "16.24600", "2020-06-30": "9.58140", "2020-03-31": "18.43670", "2019-12-31": "12.05510", "2019-09-30": "19.90600", "2019-06-30": "20.48630", "2019-03-31": "26.26320", "2018-12-31": "27.72330", "2018-09-30": "28.95610", "2018-06-30": "52.17040", "2018-03-31": "21.50110", "2017-12-31": "25.39830", "2017-09-30": "43.92270", "2017-06-30": "62.05710", "2017-03-31": "281.65840", "2016-12-31": "-54.32530", "2016-09-30": "-62.47440", "2016-06-30": "-35.35110", "2016-03-31": "-20.91090", "2015-12-31": "7.13740", "2015-09-30": "-19.00120", "2015-06-30": "-18.33850", "2015-03-31": "-8.85930", "2014-12-31": "-14.98060", "2014-09-30": "5.98410", "2014-06-30": "6.92240", "2014-03-31": "5.87540", "2013-12-31": "-4.22520", "2013-09-30": "7.64700", "2013-06-30": "8.34760", "2013-03-31": "8.34570", "2012-12-31": "5.59480", "2012-09-30": "16.75270", "2012-06-30": "26.84760", "2012-03-31": "23.19850", "2011-12-31": "23.64910", "2011-09-30": "37.51530", "2011-06-30": "7.18540", "2011-03-31": "8.21670", "2010-12-31": "5.86530", "2010-09-30": "9.21250", "2010-06-30": "9.50380", "2010-03-31": "8.84170", "2009-12-31": "8.88370", "2009-09-30": "9.45810", "2009-06-30": "6.11570", "2009-03-31": "16.16830", "2008-12-31": "47.96090", "2008-09-30": "24.27320", "2008-06-30": "23.70030", "2008-03-31": "24.49590", "2007-12-31": "32.43960", "2007-09-30": "29.18090", "2007-06-30": "15.85560", "2007-03-31": "14.35080", "2006-12-31": "14.30500", "2006-09-30": "20.85600", "2006-06-30": "29.49290", "2006-03-31": "30.12400", "2005-12-31": "36.16670", "2005-09-30": "86.21000", "2005-06-30": "-49.01400", "2005-03-31": "-22.02270"}, "ROA - Return On Assets": {"2020-09-30": "1.48010", "2020-06-30": "0.66470", "2020-03-31": "1.01830", "2019-12-31": "0.84860", "2019-09-30": "1.13440", "2019-06-30": "1.44630", "2019-03-31": "1.84450", "2018-12-31": "1.22190", "2018-09-30": "1.14530", "2018-06-30": "1.45210", "2018-03-31": "1.31570", "2017-12-31": "1.19870", "2017-09-30": "1.42470", "2017-06-30": "1.21120", "2017-03-31": "1.07100", "2016-12-31": "1.08060", "2016-09-30": "1.36470", "2016-06-30": "1.28620", "2016-03-31": "0.92820", "2015-12-31": "-0.40510", "2015-09-30": "1.31810", "2015-06-30": "1.30720", "2015-03-31": "0.76300", "2014-12-31": "-3.44930", "2014-09-30": "1.32920", "2014-06-30": "1.52920", "2014-03-31": "1.20760", "2013-12-31": "-0.90020", "2013-09-30": "1.46930", "2013-06-30": "1.46120", "2013-03-31": "1.37830", "2012-12-31": "0.86580", "2012-09-30": "1.61230", "2012-06-30": "1.85650", "2012-03-31": "1.43910", "2011-12-31": "1.03170", "2011-09-30": "1.40840", "2011-06-30": "1.36030", "2011-03-31": "1.60370", "2010-12-31": "1.06880", "2010-09-30": "1.95430", "2010-06-30": "1.92130", "2010-03-31": "1.82680", "2009-12-31": "1.68120", "2009-09-30": "1.46560", "2009-06-30": "0.82470", "2009-03-31": "0.70950", "2008-12-31": "1.05190", "2008-09-30": "1.80370", "2008-06-30": "1.91160", "2008-03-31": "1.67870", "2007-12-31": "1.29420", "2007-09-30": "1.75810", "2007-06-30": "2.43960", "2007-03-31": "1.80460", "2006-12-31": "1.59120", "2006-09-30": "2.02720", "2006-06-30": "2.34360", "2006-03-31": "1.71010", "2005-12-31": "1.51270", "2005-09-30": "1.36550", "2005-06-30": "1.34120", "2005-03-31": "0.88690"}, "ROI - Return On Investment": {"2020-09-30": "2.01390", "2020-06-30": "0.84390", "2020-03-31": "1.27440", "2019-12-31": "1.06900", "2019-09-30": "1.43930", "2019-06-30": "1.84500", "2019-03-31": "2.37340", "2018-12-31": "1.55000", "2018-09-30": "1.44870", "2018-06-30": "1.88210", "2018-03-31": "1.69350", "2017-12-31": "1.54950", "2017-09-30": "1.86170", "2017-06-30": "1.57470", "2017-03-31": "1.38260", "2016-12-31": "1.38970", "2016-09-30": "1.73970", "2016-06-30": "1.59550", "2016-03-31": "1.14310", "2015-12-31": "-0.50290", "2015-09-30": "1.69420", "2015-06-30": "1.68340", "2015-03-31": "0.98050", "2014-12-31": "-4.44700", "2014-09-30": "1.71510", "2014-06-30": "2.07260", "2014-03-31": "1.64210", "2013-12-31": "-1.20970", "2013-09-30": "1.99980", "2013-06-30": "1.90640", "2013-03-31": "1.81240", "2012-12-31": "1.12310", "2012-09-30": "2.15740", "2012-06-30": "2.48210", "2012-03-31": "1.87830", "2011-12-31": "1.35580", "2011-09-30": "1.89040", "2011-06-30": "1.88620", "2011-03-31": "2.17580", "2010-12-31": "1.43400", "2010-09-30": "2.58600", "2010-06-30": "2.54730", "2010-03-31": "2.40670", "2009-12-31": "2.15460", "2009-09-30": "1.98040", "2009-06-30": "1.07590", "2009-03-31": "0.96160", "2008-12-31": "1.52290", "2008-09-30": "2.51220", "2008-06-30": "2.63160", "2008-03-31": "2.21530", "2007-12-31": "1.70090", "2007-09-30": "2.32540", "2007-06-30": "3.27440", "2007-03-31": "2.44120", "2006-12-31": "2.13880", "2006-09-30": "2.71420", "2006-06-30": "3.16460", "2006-03-31": "2.24790", "2005-12-31": "1.96350", "2005-09-30": "1.71560", "2005-06-30": "1.67350", "2005-03-31": "1.10550"}, "Book Value Per Share": {"2020-09-30": "60.39160", "2020-06-30": "57.80790", "2020-03-31": "56.79260", "2019-12-31": "58.34310", "2019-09-30": "56.94620", "2019-06-30": "57.59240", "2019-03-31": "57.10280", "2018-12-31": "54.63790", "2018-09-30": "54.36640", "2018-06-30": "53.80920", "2018-03-31": "55.00450", "2017-12-31": "53.15350", "2017-09-30": "51.97290", "2017-06-30": "50.42150", "2017-03-31": "48.52230", "2016-12-31": "46.38840", "2016-09-30": "46.92630", "2016-06-30": "45.75670", "2016-03-31": "45.55260", "2015-12-31": "44.35790", "2015-09-30": "45.32370", "2015-06-30": "45.48660", "2015-03-31": "44.41520", "2014-12-31": "44.27960", "2014-09-30": "48.69580", "2014-06-30": "48.65630", "2014-03-31": "47.26160", "2013-12-31": "46.61640", "2013-09-30": "47.02670", "2013-06-30": "45.64670", "2013-03-31": "45.39780", "2012-12-31": "44.46550", "2012-09-30": "42.61150", "2012-06-30": "40.54680", "2012-03-31": "40.51920", "2011-12-31": "37.89420", "2011-09-30": "37.51150", "2011-06-30": "38.27230", "2011-03-31": "37.38570", "2010-12-31": "36.18180", "2010-09-30": "34.92970", "2010-06-30": "32.48410", "2010-03-31": "32.82950", "2009-12-31": "31.55350", "2009-09-30": "30.99320", "2009-06-30": "30.16360", "2009-03-31": "27.72450", "2008-12-31": "26.67820", "2008-09-30": "29.29360", "2008-06-30": "29.52690", "2008-03-31": "28.61030", "2007-12-31": "27.38510", "2007-09-30": "27.01360", "2007-06-30": "26.03000", "2007-03-31": "24.85420", "2006-12-31": "24.16310", "2006-09-30": "23.73590", "2006-06-30": "22.86540", "2006-03-31": "21.77650", "2005-12-31": "21.13770", "2005-09-30": "20.58680", "2005-06-30": "19.43450", "2005-03-31": "18.86150"}, "Operating Cash Flow Per Share": {"2020-09-30": 2.9371, "2020-06-30": 2.1413, "2020-03-31": "2.51720", "2019-12-31": 3.1765, "2019-09-30": 3.4664, "2019-06-30": 2.6126, "2019-03-31": "0.42460", "2018-12-31": 2.5474, "2018-09-30": 2.4425, "2018-06-30": 2.317, "2018-03-31": "0.95510", "2017-12-31": 1.2556, "2017-09-30": 1.9439, "2017-06-30": 2.1819, "2017-03-31": "1.11970", "2016-12-31": 2.4867, "2016-09-30": 3.4289, "2016-06-30": 2.6111, "2016-03-31": "1.30220", "2015-12-31": 2.5965, "2015-09-30": 2.9224, "2015-06-30": 2.6142, "2015-03-31": "0.38800", "2014-12-31": 1.5585, "2014-09-30": 1.8309, "2014-06-30": 2.1846, "2014-03-31": "1.00880", "2013-12-31": 1.4648, "2013-09-30": 1.7809, "2013-06-30": 2.0154, "2013-03-31": "1.45700", "2012-12-31": 1.7777, "2012-09-30": 1.7095, "2012-06-30": 3.2357, "2012-03-31": "1.63100", "2011-12-31": 2.2546, "2011-09-30": 1.5655, "2011-06-30": 1.3586, "2011-03-31": "1.43730", "2010-12-31": 0.7013, "2010-09-30": 1.2476, "2010-06-30": 1.4114, "2010-03-31": "1.14870", "2009-12-31": 2.5464, "2009-09-30": 2.5948, "2009-06-30": 3.004, "2009-03-31": "0.57060", "2008-12-31": -0.0661, "2008-09-30": 1.235, "2008-06-30": 2.4157, "2008-03-31": "1.05280", "2007-12-31": 0.9791, "2007-09-30": 2.0063, "2007-06-30": 2.6189, "2007-03-31": "0.31020", "2006-12-31": 1.2129, "2006-09-30": 0.5024, "2006-06-30": 1.1451, "2006-03-31": "-0.06830", "2005-12-31": 1.5504, "2005-09-30": 0.9531, "2005-06-30": 1.1581, "2005-03-31": "-0.02770"}, "Free Cash Flow Per Share": {"2020-09-30": 2.7664, "2020-06-30": 1.9713, "2020-03-31": "2.31620", "2019-12-31": 3.0085, "2019-09-30": 2.9208, "2019-06-30": 1.8139, "2019-03-31": "-0.04410", "2018-12-31": 2.2586, "2018-09-30": 2.1007, "2018-06-30": 1.8347, "2018-03-31": "0.52810", "2017-12-31": 0.9058, "2017-09-30": 1.7004, "2017-06-30": 1.8181, "2017-03-31": "0.76500", "2016-12-31": 2.0734, "2016-09-30": 3.1422, "2016-06-30": 2.24, "2016-03-31": "0.97110", "2015-12-31": 2.1796, "2015-09-30": 2.4617, "2015-06-30": 2.239, "2015-03-31": "-0.05320", "2014-12-31": 1.3232, "2014-09-30": 1.4061, "2014-06-30": 1.7, "2014-03-31": "0.48240", "2013-12-31": 0.9802, "2013-09-30": 1.3404, "2013-06-30": 1.4283, "2013-03-31": "1.00220", "2012-12-31": 1.2065, "2012-09-30": 1.2024, "2012-06-30": 2.65, "2012-03-31": "1.21430", "2011-12-31": 1.925, "2011-09-30": 1.8197, "2011-06-30": 1.09, "2011-03-31": "0.72890", "2010-12-31": 0.3487, "2010-09-30": 0.9482, "2010-06-30": 1.2362, "2010-03-31": "0.85760", "2009-12-31": 2.3133, "2009-09-30": 2.448, "2009-06-30": 2.7229, "2009-03-31": "0.33010", "2008-12-31": -0.3295, "2008-09-30": 0.8005, "2008-06-30": 1.9881, "2008-03-31": "0.67550", "2007-12-31": 0.6118, "2007-09-30": 1.8353, "2007-06-30": 2.4587, "2007-03-31": "-0.05230", "2006-12-31": 0.9091, "2006-09-30": -0.0902, "2006-06-30": 1.138, "2006-03-31": "-0.13050", "2005-12-31": 1.5159, "2005-09-30": 0.7766, "2005-06-30": 0.9967, "2005-03-31": "-0.24970"}}, "revenue": {"Regal Beloit Annual Revenue (Millions of US $)": {"2019": "$3,238", "2018": "$3,646", "2017": "$3,360", "2016": "$3,225", "2015": "$3,510", "2014": "$3,257", "2013": "$3,096", "2012": "$3,167", "2011": "$2,808", "2010": "$2,238", "2009": "$1,826", "2008": "$2,246", "2007": "$1,802", "2006": "$1,620", "2005": "$1,429"}, "Regal Beloit Quarterly Revenue (Millions of US $)": {"2020-09-30": "$758", "2020-06-30": "$634", "2020-03-31": "$734", "2019-12-31": "$738", "2019-09-30": "$772", "2019-06-30": "$874", "2019-03-31": "$854", "2018-12-31": "$882", "2018-09-30": "$925", "2018-06-30": "$960", "2018-03-31": "$879", "2017-12-31": "$821", "2017-09-30": "$857", "2017-06-30": "$869", "2017-03-31": "$814", "2016-12-31": "$758", "2016-09-30": "$810", "2016-06-30": "$839", "2016-03-31": "$818", "2015-12-31": "$774", "2015-09-30": "$882", "2015-06-30": "$942", "2015-03-31": "$912", "2014-12-31": "$776", "2014-09-30": "$830", "2014-06-30": "$850", "2014-03-31": "$801", "2013-12-31": "$727", "2013-09-30": "$768", "2013-06-30": "$822", "2013-03-31": "$778", "2012-12-31": "$716", "2012-09-30": "$780", "2012-06-30": "$864", "2012-03-31": "$808", "2011-12-31": "$727", "2011-09-30": "$737", "2011-06-30": "$682", "2011-03-31": "$663", "2010-12-31": "$556", "2010-09-30": "$591", "2010-06-30": "$584", "2010-03-31": "$507", "2009-12-31": "$463", "2009-09-30": "$465", "2009-06-30": "$455", "2009-03-31": "$443", "2008-12-31": "$483", "2008-09-30": "$621", "2008-06-30": "$606", "2008-03-31": "$536", "2007-12-31": "$475", "2007-09-30": "$449", "2007-06-30": "$460", "2007-03-31": "$419", "2006-12-31": "$367", "2006-09-30": "$419", "2006-06-30": "$435", "2006-03-31": "$398", "2005-12-31": "$376", "2005-09-30": "$346", "2005-06-30": "$369", "2005-03-31": "$338"}}, "gross-profit": {"Regal Beloit Annual Gross Profit (Millions of US $)": {"2019": "$861", "2018": "$965", "2017": "$884", "2016": "$865", "2015": "$933", "2014": "$797", "2013": "$783", "2012": "$771", "2011": "$666", "2010": "$549", "2009": "$424", "2008": "$501", "2007": "$413", "2006": "$389", "2005": "$311"}, "Regal Beloit Quarterly Gross Profit (Millions of US $)": {"2020-09-30": "$222", "2020-06-30": "$170", "2020-03-31": "$203", "2019-12-31": "$190", "2019-09-30": "$202", "2019-06-30": "$234", "2019-03-31": "$235", "2018-12-31": "$240", "2018-09-30": "$243", "2018-06-30": "$247", "2018-03-31": "$235", "2017-12-31": "$218", "2017-09-30": "$227", "2017-06-30": "$223", "2017-03-31": "$216", "2016-12-31": "$193", "2016-09-30": "$232", "2016-06-30": "$223", "2016-03-31": "$217", "2015-12-31": "$220", "2015-09-30": "$241", "2015-06-30": "$251", "2015-03-31": "$221", "2014-12-31": "$188", "2014-09-30": "$204", "2014-06-30": "$211", "2014-03-31": "$194", "2013-12-31": "$178", "2013-09-30": "$197", "2013-06-30": "$209", "2013-03-31": "$200", "2012-12-31": "$161", "2012-09-30": "$193", "2012-06-30": "$220", "2012-03-31": "$198", "2011-12-31": "$171", "2011-09-30": "$180", "2011-06-30": "$151", "2011-03-31": "$165", "2010-12-31": "$130", "2010-09-30": "$145", "2010-06-30": "$144", "2010-03-31": "$131", "2009-12-31": "$125", "2009-09-30": "$114", "2009-06-30": "$95", "2009-03-31": "$91", "2008-12-31": "$115", "2008-09-30": "$133", "2008-06-30": "$131", "2008-03-31": "$122", "2007-12-31": "$106", "2007-09-30": "$107", "2007-06-30": "$104", "2007-03-31": "$97", "2006-12-31": "$89", "2006-09-30": "$103", "2006-06-30": "$104", "2006-03-31": "$93", "2005-12-31": "$86", "2005-09-30": "$77", "2005-06-30": "$80", "2005-03-31": "$68"}}, "operating-income": {"Regal Beloit Annual Operating Income (Millions of US $)": {"2019": "$351", "2018": "$347", "2017": "$331", "2016": "$323", "2015": "$253", "2014": "$122", "2013": "$208", "2012": "$313", "2011": "$256", "2010": "$238", "2009": "$160", "2008": "$230", "2007": "$206", "2006": "$194", "2005": "$135"}, "Regal Beloit Quarterly Operating Income (Millions of US $)": {"2020-09-30": "$90", "2020-06-30": "$46", "2020-03-31": "$70", "2019-12-31": "$62", "2019-09-30": "$73", "2019-06-30": "$96", "2019-03-31": "$121", "2018-12-31": "$90", "2018-09-30": "$69", "2018-06-30": "$100", "2018-03-31": "$88", "2017-12-31": "$79", "2017-09-30": "$94", "2017-06-30": "$83", "2017-03-31": "$75", "2016-12-31": "$72", "2016-09-30": "$90", "2016-06-30": "$91", "2016-03-31": "$69", "2015-12-31": "$-14", "2015-09-30": "$100", "2015-06-30": "$103", "2015-03-31": "$64", "2014-12-31": "$-111", "2014-09-30": "$75", "2014-06-30": "$88", "2014-03-31": "$70", "2013-12-31": "$-28", "2013-09-30": "$79", "2013-06-30": "$81", "2013-03-31": "$76", "2012-12-31": "$47", "2012-09-30": "$83", "2012-06-30": "$103", "2012-03-31": "$79", "2011-12-31": "$59", "2011-09-30": "$78", "2011-06-30": "$55", "2011-03-31": "$64", "2010-12-31": "$38", "2010-09-30": "$70", "2010-06-30": "$67", "2010-03-31": "$63", "2009-12-31": "$54", "2009-09-30": "$48", "2009-06-30": "$29", "2009-03-31": "$28", "2008-12-31": "$40", "2008-09-30": "$66", "2008-06-30": "$67", "2008-03-31": "$58", "2007-12-31": "$45", "2007-09-30": "$53", "2007-06-30": "$60", "2007-03-31": "$47", "2006-12-31": "$39", "2006-09-30": "$53", "2006-06-30": "$58", "2006-03-31": "$44", "2005-12-31": "$38", "2005-09-30": "$35", "2005-06-30": "$36", "2005-03-31": "$26"}}, "ebitda": {"Regal Beloit Annual EBITDA (Millions of US $)": {"2019": "$486", "2018": "$489", "2017": "$468", "2016": "$478", "2015": "$412", "2014": "$260", "2013": "$337", "2012": "$439", "2011": "$354", "2010": "$311", "2009": "$229", "2008": "$292", "2007": "$253", "2006": "$232", "2005": "$172"}, "Regal Beloit Quarterly EBITDA (Millions of US $)": {"2020-09-30": "$123", "2020-06-30": "$79", "2020-03-31": "$103", "2019-12-31": "$96", "2019-09-30": "$107", "2019-06-30": "$128", "2019-03-31": "$155", "2018-12-31": "$126", "2018-09-30": "$105", "2018-06-30": "$136", "2018-03-31": "$123", "2017-12-31": "$113", "2017-09-30": "$129", "2017-06-30": "$118", "2017-03-31": "$109", "2016-12-31": "$111", "2016-09-30": "$127", "2016-06-30": "$130", "2016-03-31": "$109", "2015-12-31": "$25", "2015-09-30": "$142", "2015-06-30": "$145", "2015-03-31": "$100", "2014-12-31": "$-76", "2014-09-30": "$110", "2014-06-30": "$123", "2014-03-31": "$103", "2013-12-31": "$6", "2013-09-30": "$111", "2013-06-30": "$113", "2013-03-31": "$108", "2012-12-31": "$78", "2012-09-30": "$115", "2012-06-30": "$136", "2012-03-31": "$110", "2011-12-31": "$87", "2011-09-30": "$104", "2011-06-30": "$77", "2011-03-31": "$86", "2010-12-31": "$57", "2010-09-30": "$88", "2010-06-30": "$86", "2010-03-31": "$80", "2009-12-31": "$72", "2009-09-30": "$65", "2009-06-30": "$48", "2009-03-31": "$43", "2008-12-31": "$56", "2008-09-30": "$81", "2008-06-30": "$84", "2008-03-31": "$72", "2007-12-31": "$62", "2007-09-30": "$63", "2007-06-30": "$71", "2007-03-31": "$57", "2006-12-31": "$51", "2006-09-30": "$62", "2006-06-30": "$67", "2006-03-31": "$52", "2005-12-31": "$48", "2005-09-30": "$44", "2005-06-30": "$46", "2005-03-31": "$35"}}, "net-income": {"Regal Beloit Annual Net Income (Millions of US $)": {"2019": "$239", "2018": "$231", "2017": "$213", "2016": "$203", "2015": "$143", "2014": "$31", "2013": "$120", "2012": "$196", "2011": "$152", "2010": "$149", "2009": "$95", "2008": "$126", "2007": "$115", "2006": "$110", "2005": "$70"}, "Regal Beloit Quarterly Net Income (Millions of US $)": {"2020-09-30": "$65", "2020-06-30": "$28", "2020-03-31": "$46", "2019-12-31": "$37", "2019-09-30": "$50", "2019-06-30": "$67", "2019-03-31": "$86", "2018-12-31": "$56", "2018-09-30": "$51", "2018-06-30": "$66", "2018-03-31": "$58", "2017-12-31": "$52", "2017-09-30": "$62", "2017-06-30": "$53", "2017-03-31": "$46", "2016-12-31": "$46", "2016-09-30": "$60", "2016-06-30": "$57", "2016-03-31": "$42", "2015-12-31": "$-19", "2015-09-30": "$63", "2015-06-30": "$63", "2015-03-31": "$36", "2014-12-31": "$-117", "2014-09-30": "$48", "2014-06-30": "$56", "2014-03-31": "$44", "2013-12-31": "$-33", "2013-09-30": "$53", "2013-06-30": "$51", "2013-03-31": "$50", "2012-12-31": "$30", "2012-09-30": "$54", "2012-06-30": "$63", "2012-03-31": "$49", "2011-12-31": "$34", "2011-09-30": "$46", "2011-06-30": "$34", "2011-03-31": "$39", "2010-12-31": "$25", "2010-09-30": "$45", "2010-06-30": "$42", "2010-03-31": "$38", "2009-12-31": "$35", "2009-09-30": "$31", "2009-06-30": "$16", "2009-03-31": "$13", "2008-12-31": "$21", "2008-09-30": "$36", "2008-06-30": "$37", "2008-03-31": "$31", "2007-12-31": "$21", "2007-09-30": "$31", "2007-06-30": "$36", "2007-03-31": "$27", "2006-12-31": "$23", "2006-09-30": "$30", "2006-06-30": "$33", "2006-03-31": "$24", "2005-12-31": "$20", "2005-09-30": "$19", "2005-06-30": "$18", "2005-03-31": "$12"}}, "eps-earnings-per-share-diluted": {"Regal Beloit Annual EPS": {"2019": "$5.66", "2018": "$5.26", "2017": "$4.74", "2016": "$4.52", "2015": "$3.18", "2014": "$0.69", "2013": "$2.64", "2012": "$4.64", "2011": "$3.79", "2010": "$3.84", "2009": "$2.63", "2008": "$3.78", "2007": "$3.40", "2006": "$3.28", "2005": "$2.25"}, "Regal Beloit Quarterly EPS": {"2020-09-30": "$1.60", "2020-06-30": "$0.69", "2020-03-31": "$1.12", "2019-12-31": "$0.93", "2019-09-30": "$1.19", "2019-06-30": "$1.55", "2019-03-31": "$1.99", "2018-12-31": "$1.28", "2018-09-30": "$1.17", "2018-06-30": "$1.50", "2018-03-31": "$1.31", "2017-12-31": "$1.15", "2017-09-30": "$1.39", "2017-06-30": "$1.18", "2017-03-31": "$1.02", "2016-12-31": "$1.01", "2016-09-30": "$1.32", "2016-06-30": "$1.26", "2016-03-31": "$0.93", "2015-12-31": "$-0.43", "2015-09-30": "$1.41", "2015-06-30": "$1.39", "2015-03-31": "$0.81", "2014-12-31": "$-2.56", "2014-09-30": "$1.05", "2014-06-30": "$1.24", "2014-03-31": "$0.96", "2013-12-31": "$-0.74", "2013-09-30": "$1.16", "2013-06-30": "$1.13", "2013-03-31": "$1.09", "2012-12-31": "$0.70", "2012-09-30": "$1.29", "2012-06-30": "$1.49", "2012-03-31": "$1.16", "2011-12-31": "$0.79", "2011-09-30": "$1.13", "2011-06-30": "$0.88", "2011-03-31": "$0.99", "2010-12-31": "$0.65", "2010-09-30": "$1.14", "2010-06-30": "$1.07", "2010-03-31": "$0.98", "2009-12-31": "$0.95", "2009-09-30": "$0.82", "2009-06-30": "$0.47", "2009-03-31": "$0.39", "2008-12-31": "$0.65", "2008-09-30": "$1.07", "2008-06-30": "$1.11", "2008-03-31": "$0.95", "2007-12-31": "$0.62", "2007-09-30": "$0.92", "2007-06-30": "$1.06", "2007-03-31": "$0.80", "2006-12-31": "$0.68", "2006-09-30": "$0.89", "2006-06-30": "$0.99", "2006-03-31": "$0.72", "2005-12-31": "$0.63", "2005-09-30": "$0.59", "2005-06-30": "$0.62", "2005-03-31": "$0.41"}}, "shares-outstanding": {"Regal Beloit Annual Shares Outstanding (Millions of Shares)": {"2019": "42", "2018": "44", "2017": "45", "2016": "45", "2015": "45", "2014": "45", "2013": "45", "2012": "42", "2011": "40", "2010": "39", "2009": "36", "2008": "33", "2007": "34", "2006": "34", "2005": "31"}, "Regal Beloit Quarterly Shares Outstanding (Millions of Shares)": {"2020-09-30": "41", "2020-06-30": "41", "2020-03-31": "41", "2019-12-31": "42", "2019-09-30": "42", "2019-06-30": "43", "2019-03-31": "43", "2018-12-31": "44", "2018-09-30": "44", "2018-06-30": "44", "2018-03-31": "45", "2017-12-31": "45", "2017-09-30": "45", "2017-06-30": "45", "2017-03-31": "45", "2016-12-31": "45", "2016-09-30": "45", "2016-06-30": "45", "2016-03-31": "45", "2015-12-31": "45", "2015-09-30": "45", "2015-06-30": "45", "2015-03-31": "45", "2014-12-31": "45", "2014-09-30": "45", "2014-06-30": "46", "2014-03-31": "45", "2013-12-31": "45", "2013-09-30": "45", "2013-06-30": "45", "2013-03-31": "45", "2012-12-31": "42", "2012-09-30": "42", "2012-06-30": "42", "2012-03-31": "42", "2011-12-31": "40", "2011-09-30": "40", "2011-06-30": "39", "2011-03-31": "39", "2010-12-31": "39", "2010-09-30": "39", "2010-06-30": "39", "2010-03-31": "39", "2009-12-31": "36", "2009-09-30": "38", "2009-06-30": "35", "2009-03-31": "33", "2008-12-31": "33", "2008-09-30": "34", "2008-06-30": "34", "2008-03-31": "33", "2007-12-31": "34", "2007-09-30": "34", "2007-06-30": "34", "2007-03-31": "34", "2006-12-31": "34", "2006-09-30": "33", "2006-06-30": "34", "2006-03-31": "33", "2005-12-31": "31", "2005-09-30": "31", "2005-06-30": "30", "2005-03-31": "30"}}, "total-assets": {"Regal Beloit Annual Total Assets (Millions of US $)": {"2019": "$4,431", "2018": "$4,624", "2017": "$4,388", "2016": "$4,359", "2015": "$4,592", "2014": "$3,357", "2013": "$3,644", "2012": "$3,569", "2011": "$3,267", "2010": "$2,449", "2009": "$2,112", "2008": "$2,023", "2007": "$1,862", "2006": "$1,444", "2005": "$1,343"}, "Regal Beloit Quarterly Total Assets (Millions of US $)": {"2020-09-30": "$4,479", "2020-06-30": "$4,408", "2020-03-31": "$4,586", "2019-12-31": "$4,431", "2019-09-30": "$4,478", "2019-06-30": "$4,660", "2019-03-31": "$4,706", "2018-12-31": "$4,624", "2018-09-30": "$4,601", "2018-06-30": "$4,635", "2018-03-31": "$4,507", "2017-12-31": "$4,388", "2017-09-30": "$4,464", "2017-06-30": "$4,483", "2017-03-31": "$4,444", "2016-12-31": "$4,359", "2016-09-30": "$4,477", "2016-06-30": "$4,541", "2016-03-31": "$4,600", "2015-12-31": "$4,592", "2015-09-30": "$4,878", "2015-06-30": "$4,965", "2015-03-31": "$4,968", "2014-12-31": "$3,357", "2014-09-30": "$3,671", "2014-06-30": "$3,799", "2014-03-31": "$3,727", "2013-12-31": "$3,644", "2013-09-30": "$3,709", "2013-06-30": "$3,668", "2013-03-31": "$3,678", "2012-12-31": "$3,569", "2012-09-30": "$3,424", "2012-06-30": "$3,464", "2012-03-31": "$3,468", "2011-12-31": "$3,267", "2011-09-30": "$3,373", "2011-06-30": "$2,647", "2011-03-31": "$2,544", "2010-12-31": "$2,449", "2010-09-30": "$2,348", "2010-06-30": "$2,226", "2010-03-31": "$2,182", "2009-12-31": "$2,112", "2009-09-30": "$2,161", "2009-06-30": "$2,125", "2009-03-31": "$1,970", "2008-12-31": "$2,023", "2008-09-30": "$2,052", "2008-06-30": "$2,018", "2008-03-31": "$1,908", "2007-12-31": "$1,862", "2007-09-30": "$1,777", "2007-06-30": "$1,486", "2007-03-31": "$1,486", "2006-12-31": "$1,444", "2006-09-30": "$1,467", "2006-06-30": "$1,421", "2006-03-31": "$1,391", "2005-12-31": "$1,343", "2005-09-30": "$1,356", "2005-06-30": "$1,375", "2005-03-31": "$1,385"}}, "cash-on-hand": {"Regal Beloit Annual Cash on Hand (Millions of US $)": {"2019": "$331", "2018": "$249", "2017": "$140", "2016": "$285", "2015": "$253", "2014": "$334", "2013": "$466", "2012": "$375", "2011": "$143", "2010": "$231", "2009": "$380", "2008": "$65", "2007": "$43", "2006": "$37", "2005": "$33"}, "Regal Beloit Quarterly Cash on Hand (Millions of US $)": {"2020-09-30": "$488", "2020-06-30": "$432", "2020-03-31": "$605", "2019-12-31": "$331", "2019-09-30": "$293", "2019-06-30": "$291", "2019-03-31": "$264", "2018-12-31": "$249", "2018-09-30": "$184", "2018-06-30": "$176", "2018-03-31": "$170", "2017-12-31": "$140", "2017-09-30": "$187", "2017-06-30": "$244", "2017-03-31": "$262", "2016-12-31": "$285", "2016-09-30": "$282", "2016-06-30": "$272", "2016-03-31": "$249", "2015-12-31": "$253", "2015-09-30": "$255", "2015-06-30": "$248", "2015-03-31": "$230", "2014-12-31": "$334", "2014-09-30": "$327", "2014-06-30": "$445", "2014-03-31": "$406", "2013-12-31": "$466", "2013-09-30": "$463", "2013-06-30": "$414", "2013-03-31": "$412", "2012-12-31": "$375", "2012-09-30": "$186", "2012-06-30": "$191", "2012-03-31": "$164", "2011-12-31": "$143", "2011-09-30": "$124", "2011-06-30": "$275", "2011-03-31": "$259", "2010-12-31": "$231", "2010-09-30": "$328", "2010-06-30": "$327", "2010-03-31": "$405", "2009-12-31": "$380", "2009-09-30": "$354", "2009-06-30": "$291", "2009-03-31": "$82", "2008-12-31": "$65", "2008-09-30": "$114", "2008-06-30": "$88", "2008-03-31": "$51", "2007-12-31": "$43", "2007-09-30": "$56", "2007-06-30": "$53", "2007-03-31": "$43", "2006-12-31": "$37", "2006-09-30": "$40", "2006-06-30": "$25", "2006-03-31": "$30", "2005-12-31": "$33", "2005-09-30": "$28", "2005-06-30": "$29", "2005-03-31": "$29"}}, "long-term-debt": {"Regal Beloit Annual Long Term Debt (Millions of US $)": {"2019": "$1,137", "2018": "$1,307", "2017": "$1,040", "2016": "$1,311", "2015": "$1,716", "2014": "$625", "2013": "$609", "2012": "$755", "2011": "$909", "2010": "$428", "2009": "$468", "2008": "$560", "2007": "$559", "2006": "$324", "2005": "$386"}, "Regal Beloit Quarterly Long Term Debt (Millions of US $)": {"2020-09-30": "$840", "2020-06-30": "$1,125", "2020-03-31": "$1,364", "2019-12-31": "$1,137", "2019-09-30": "$1,200", "2019-06-30": "$1,223", "2019-03-31": "$1,213", "2018-12-31": "$1,307", "2018-09-30": "$1,278", "2018-06-30": "$1,235", "2018-03-31": "$1,082", "2017-12-31": "$1,040", "2017-09-30": "$1,114", "2017-06-30": "$1,200", "2017-03-31": "$1,269", "2016-12-31": "$1,311", "2016-09-30": "$1,410", "2016-06-30": "$1,611", "2016-03-31": "$1,699", "2015-12-31": "$1,716", "2015-09-30": "$1,765", "2015-06-30": "$1,817", "2015-03-31": "$1,876", "2014-12-31": "$625", "2014-09-30": "$669", "2014-06-30": "$609", "2014-03-31": "$609", "2013-12-31": "$609", "2013-09-30": "$609", "2013-06-30": "$758", "2013-03-31": "$755", "2012-12-31": "$755", "2012-09-30": "$782", "2012-06-30": "$900", "2012-03-31": "$971", "2011-12-31": "$909", "2011-09-30": "$955", "2011-06-30": "$428", "2011-03-31": "$431", "2010-12-31": "$428", "2010-09-30": "$426", "2010-06-30": "$427", "2010-03-31": "$426", "2009-12-31": "$468", "2009-09-30": "$473", "2009-06-30": "$548", "2009-03-31": "$580", "2008-12-31": "$560", "2008-09-30": "$554", "2008-06-30": "$541", "2008-03-31": "$551", "2007-12-31": "$559", "2007-09-30": "$497", "2007-06-30": "$292", "2007-03-31": "$324", "2006-12-31": "$324", "2006-09-30": "$362", "2006-06-30": "$347", "2006-03-31": "$389", "2005-12-31": "$386", "2005-09-30": "$449", "2005-06-30": "$537", "2005-03-31": "$564"}}, "total-liabilities": {"Regal Beloit Annual Total Liabilities (Millions of US $)": {"2019": "$2,050", "2018": "$2,285", "2017": "$2,034", "2016": "$2,280", "2015": "$2,609", "2014": "$1,378", "2013": "$1,541", "2012": "$1,573", "2011": "$1,690", "2010": "$1,052", "2009": "$932", "2008": "$1,186", "2007": "$1,004", "2006": "$694", "2005": "$695"}, "Regal Beloit Quarterly Total Liabilities (Millions of US $)": {"2020-09-30": "$2,028", "2020-06-30": "$2,061", "2020-03-31": "$2,286", "2019-12-31": "$2,050", "2019-09-30": "$2,149", "2019-06-30": "$2,230", "2019-03-31": "$2,262", "2018-12-31": "$2,285", "2018-09-30": "$2,242", "2018-06-30": "$2,294", "2018-03-31": "$2,087", "2017-12-31": "$2,034", "2017-09-30": "$2,162", "2017-06-30": "$2,234", "2017-03-31": "$2,271", "2016-12-31": "$2,280", "2016-09-30": "$2,375", "2016-06-30": "$2,491", "2016-03-31": "$2,564", "2015-12-31": "$2,609", "2015-09-30": "$2,848", "2015-06-30": "$2,927", "2015-03-31": "$2,978", "2014-12-31": "$1,378", "2014-09-30": "$1,495", "2014-06-30": "$1,605", "2014-03-31": "$1,595", "2013-12-31": "$1,541", "2013-09-30": "$1,593", "2013-06-30": "$1,614", "2013-03-31": "$1,636", "2012-12-31": "$1,573", "2012-09-30": "$1,647", "2012-06-30": "$1,773", "2012-03-31": "$1,782", "2011-12-31": "$1,690", "2011-09-30": "$1,815", "2011-06-30": "$1,166", "2011-03-31": "$1,100", "2010-12-31": "$1,052", "2010-09-30": "$999", "2010-06-30": "$974", "2010-03-31": "$952", "2009-12-31": "$932", "2009-09-30": "$1,035", "2009-06-30": "$1,044", "2009-03-31": "$1,097", "2008-12-31": "$1,186", "2008-09-30": "$1,133", "2008-06-30": "$1,093", "2008-03-31": "$1,013", "2007-12-31": "$1,004", "2007-09-30": "$931", "2007-06-30": "$671", "2007-03-31": "$711", "2006-12-31": "$694", "2006-09-30": "$734", "2006-06-30": "$716", "2006-03-31": "$722", "2005-12-31": "$695", "2005-09-30": "$726", "2005-06-30": "$810", "2005-03-31": "$838"}}, "total-share-holder-equity": {"Regal Beloit Annual Share Holder Equity (Millions of US $)": {"2019": "$2,380", "2018": "$2,339", "2017": "$2,355", "2016": "$2,078", "2015": "$1,983", "2014": "$1,979", "2013": "$2,102", "2012": "$1,997", "2011": "$1,576", "2010": "$1,397", "2009": "$1,180", "2008": "$838", "2007": "$858", "2006": "$750", "2005": "$648"}, "Regal Beloit Quarterly Share Holder Equity (Millions of US $)": {"2020-09-30": "$2,452", "2020-06-30": "$2,347", "2020-03-31": "$2,300", "2019-12-31": "$2,380", "2019-09-30": "$2,329", "2019-06-30": "$2,430", "2019-03-31": "$2,444", "2018-12-31": "$2,339", "2018-09-30": "$2,360", "2018-06-30": "$2,341", "2018-03-31": "$2,420", "2017-12-31": "$2,355", "2017-09-30": "$2,302", "2017-06-30": "$2,249", "2017-03-31": "$2,174", "2016-12-31": "$2,078", "2016-09-30": "$2,102", "2016-06-30": "$2,050", "2016-03-31": "$2,036", "2015-12-31": "$1,983", "2015-09-30": "$2,031", "2015-06-30": "$2,038", "2015-03-31": "$1,990", "2014-12-31": "$1,979", "2014-09-30": "$2,177", "2014-06-30": "$2,194", "2014-03-31": "$2,132", "2013-12-31": "$2,102", "2013-09-30": "$2,116", "2013-06-30": "$2,054", "2013-03-31": "$2,043", "2012-12-31": "$1,997", "2012-09-30": "$1,777", "2012-06-30": "$1,691", "2012-03-31": "$1,686", "2011-12-31": "$1,576", "2011-09-30": "$1,558", "2011-06-30": "$1,481", "2011-03-31": "$1,444", "2010-12-31": "$1,397", "2010-09-30": "$1,348", "2010-06-30": "$1,253", "2010-03-31": "$1,231", "2009-12-31": "$1,180", "2009-09-30": "$1,126", "2009-06-30": "$1,080", "2009-03-31": "$873", "2008-12-31": "$838", "2008-09-30": "$920", "2008-06-30": "$925", "2008-03-31": "$895", "2007-12-31": "$858", "2007-09-30": "$846", "2007-06-30": "$815", "2007-03-31": "$775", "2006-12-31": "$750", "2006-09-30": "$734", "2006-06-30": "$706", "2006-03-31": "$669", "2005-12-31": "$648", "2005-09-30": "$630", "2005-06-30": "$565", "2005-03-31": "$548"}}, "profit-margins": {"current": "6.13%"}, "gross margin": {"2020-09-30": "27.41%", "2020-06-30": "26.58%", "2020-03-31": "26.59%", "2019-12-31": "26.59%", "2019-09-30": "26.94%", "2019-06-30": "26.93%", "2019-03-31": "26.65%", "2018-12-31": "26.47%", "2018-09-30": "26.30%", "2018-06-30": "26.36%", "2018-03-31": "26.36%", "2017-12-31": "26.30%", "2017-09-30": "26.05%", "2017-06-30": "26.58%", "2017-03-31": "26.82%", "2016-12-31": "26.82%", "2016-09-30": "27.53%", "2016-06-30": "27.20%", "2016-03-31": "27.20%", "2015-12-31": "26.59%", "2015-09-30": "25.65%", "2015-06-30": "24.97%", "2015-03-31": "24.47%", "2014-12-31": "24.47%", "2014-09-30": "24.53%", "2014-06-30": "24.79%", "2014-03-31": "24.95%", "2013-12-31": "25.33%", "2013-09-30": "24.87%", "2013-06-30": "24.64%", "2013-03-31": "24.67%", "2012-12-31": "24.37%", "2012-09-30": "24.60%", "2012-06-30": "24.52%", "2012-03-31": "23.70%", "2011-12-31": "23.75%", "2011-09-30": "23.73%", "2011-06-30": "23.72%", "2011-03-31": "24.39%", "2010-12-31": "24.58%", "2010-09-30": "25.41%", "2010-06-30": "25.46%", "2010-03-31": "24.60%", "2009-12-31": "23.27%", "2009-09-30": "22.48%", "2009-06-30": "21.68%", "2009-03-31": "21.83%", "2008-12-31": "22.31%", "2008-09-30": "21.98%", "2008-06-30": "22.56%", "2008-03-31": "22.86%", "2007-12-31": "22.96%", "2007-09-30": "23.42%", "2007-06-30": "23.60%", "2007-03-31": "23.96%", "2006-12-31": "24.03%", "2006-09-30": "23.71%", "2006-06-30": "23.15%", "2006-03-31": "22.57%", "2005-12-31": "21.76%"}, "operating margin": {"2020-09-30": "9.36%", "2020-06-30": "8.72%", "2020-03-31": "9.65%", "2019-12-31": "10.87%", "2019-09-30": "11.24%", "2019-06-30": "10.64%", "2019-03-31": "10.49%", "2018-12-31": "9.52%", "2018-09-30": "9.37%", "2018-06-30": "10.26%", "2018-03-31": "10.04%", "2017-12-31": "9.85%", "2017-09-30": "9.82%", "2017-06-30": "9.84%", "2017-03-31": "10.18%", "2016-12-31": "9.98%", "2016-09-30": "7.28%", "2016-06-30": "7.43%", "2016-03-31": "7.55%", "2015-12-31": "7.21%", "2015-09-30": "4.44%", "2015-06-30": "3.79%", "2015-03-31": "3.44%", "2014-12-31": "3.75%", "2014-09-30": "6.39%", "2014-06-30": "6.64%", "2014-03-31": "6.48%", "2013-12-31": "6.72%", "2013-09-30": "9.18%", "2013-06-30": "9.27%", "2013-03-31": "9.85%", "2012-12-31": "9.85%", "2012-09-30": "10.19%", "2012-06-30": "10.17%", "2012-03-31": "9.17%", "2011-12-31": "9.11%", "2011-09-30": "8.91%", "2011-06-30": "9.11%", "2011-03-31": "9.98%", "2010-12-31": "10.63%", "2010-09-30": "11.84%", "2010-06-30": "11.49%", "2010-03-31": "10.26%", "2009-12-31": "8.71%", "2009-09-30": "7.85%", "2009-06-30": "8.14%", "2009-03-31": "9.34%", "2008-12-31": "10.28%", "2008-09-30": "10.55%", "2008-06-30": "10.79%", "2008-03-31": "11.25%", "2007-12-31": "11.37%", "2007-09-30": "11.74%", "2007-06-30": "11.95%", "2007-03-31": "12.01%", "2006-12-31": "11.98%", "2006-09-30": "11.86%", "2006-06-30": "11.25%", "2006-03-31": "10.28%", "2005-12-31": "9.45%"}, "ebitda margin": {"2020-09-30": "14.00%", "2020-06-30": "13.38%", "2020-03-31": "13.92%", "2019-12-31": "15.01%", "2019-09-30": "15.26%", "2019-06-30": "14.54%", "2019-03-31": "14.42%", "2018-12-31": "13.44%", "2018-09-30": "13.31%", "2018-06-30": "14.25%", "2018-03-31": "14.10%", "2017-12-31": "13.95%", "2017-09-30": "14.16%", "2017-06-30": "14.30%", "2017-03-31": "14.81%", "2016-12-31": "14.79%", "2016-09-30": "12.07%", "2016-06-30": "12.26%", "2016-03-31": "12.33%", "2015-12-31": "11.74%", "2015-09-30": "8.86%", "2015-06-30": "8.06%", "2015-03-31": "7.63%", "2014-12-31": "7.98%", "2014-09-30": "10.66%", "2014-06-30": "10.90%", "2014-03-31": "10.68%", "2013-12-31": "10.92%", "2013-09-30": "13.29%", "2013-06-30": "13.37%", "2013-03-31": "13.93%", "2012-12-31": "13.86%", "2012-09-30": "14.09%", "2012-06-30": "13.93%", "2012-03-31": "12.80%", "2011-12-31": "12.60%", "2011-09-30": "12.28%", "2011-06-30": "12.36%", "2011-03-31": "13.24%", "2010-12-31": "13.90%", "2010-09-30": "15.20%", "2010-06-30": "15.01%", "2010-03-31": "14.02%", "2009-12-31": "12.49%", "2009-09-30": "11.48%", "2009-06-30": "11.39%", "2009-03-31": "12.26%", "2008-12-31": "13.05%", "2008-09-30": "13.36%", "2008-06-30": "13.60%", "2008-03-31": "13.96%", "2007-12-31": "14.03%", "2007-09-30": "14.28%", "2007-06-30": "14.47%", "2007-03-31": "14.45%", "2006-12-31": "14.33%", "2006-09-30": "14.07%", "2006-06-30": "13.57%", "2006-03-31": "12.76%", "2005-12-31": "12.11%"}, "pre tax profit margin": {"2020-09-30": "8.14%", "2020-06-30": "7.33%", "2020-03-31": "8.24%", "2019-12-31": "9.39%", "2019-09-30": "9.70%", "2019-06-30": "9.14%", "2019-03-31": "8.98%", "2018-12-31": "8.01%", "2018-09-30": "7.87%", "2018-06-30": "8.73%", "2018-03-31": "8.46%", "2017-12-31": "8.21%", "2017-09-30": "8.13%", "2017-06-30": "8.12%", "2017-03-31": "8.48%", "2016-12-31": "8.28%", "2016-09-30": "5.62%", "2016-06-30": "5.77%", "2016-03-31": "5.89%", "2015-12-31": "5.61%", "2015-09-30": "3.08%", "2015-06-30": "2.57%", "2015-03-31": "2.38%", "2014-12-31": "2.76%", "2014-09-30": "5.30%", "2014-06-30": "5.50%", "2014-03-31": "5.32%", "2013-12-31": "5.53%", "2013-09-30": "7.94%", "2013-06-30": "8.01%", "2013-03-31": "8.57%", "2012-12-31": "8.55%", "2012-09-30": "8.90%", "2012-06-30": "8.86%", "2012-03-31": "7.96%", "2011-12-31": "8.05%", "2011-09-30": "8.00%", "2011-06-30": "8.39%", "2011-03-31": "9.27%", "2010-12-31": "9.87%", "2010-09-30": "11.00%", "2010-06-30": "10.55%", "2010-03-31": "9.21%", "2009-12-31": "7.50%", "2009-09-30": "6.50%", "2009-06-30": "6.74%", "2009-03-31": "7.94%", "2008-12-31": "8.90%", "2008-09-30": "8.98%", "2008-06-30": "9.29%", "2008-03-31": "9.79%", "2007-12-31": "9.98%", "2007-09-30": "10.74%", "2007-06-30": "10.87%", "2007-03-31": "10.85%", "2006-12-31": "10.81%", "2006-09-30": "10.63%", "2006-06-30": "9.90%", "2006-03-31": "8.80%", "2005-12-31": "7.84%"}, "net profit margin": {"2020-09-30": "6.15%", "2020-06-30": "5.59%", "2020-03-31": "6.41%", "2019-12-31": "7.41%", "2019-09-30": "7.66%", "2019-06-30": "7.36%", "2019-03-31": "7.15%", "2018-12-31": "6.34%", "2018-09-30": "6.33%", "2018-06-30": "6.77%", "2018-03-31": "6.57%", "2017-12-31": "6.34%", "2017-09-30": "6.28%", "2017-06-30": "6.31%", "2017-03-31": "6.49%", "2016-12-31": "6.36%", "2016-09-30": "4.32%", "2016-06-30": "4.32%", "2016-03-31": "4.36%", "2015-12-31": "4.08%", "2015-09-30": "1.28%", "2015-06-30": "0.87%", "2015-03-31": "0.68%", "2014-12-31": "0.95%", "2014-09-30": "3.58%", "2014-06-30": "3.81%", "2014-03-31": "3.69%", "2013-12-31": "3.91%", "2013-09-30": "5.97%", "2013-06-30": "5.98%", "2013-03-31": "6.28%", "2012-12-31": "6.19%", "2012-09-30": "6.29%", "2012-06-30": "6.12%", "2012-03-31": "5.52%", "2011-12-31": "5.45%", "2011-09-30": "5.46%", "2011-06-30": "5.74%", "2011-03-31": "6.31%", "2010-12-31": "6.70%", "2010-09-30": "7.46%", "2010-06-30": "7.23%", "2010-03-31": "6.35%", "2009-12-31": "5.20%", "2009-09-30": "4.39%", "2009-06-30": "4.30%", "2009-03-31": "4.97%", "2008-12-31": "5.57%", "2008-09-30": "5.59%", "2008-06-30": "5.81%", "2008-03-31": "6.20%", "2007-12-31": "6.38%", "2007-09-30": "6.90%", "2007-06-30": "6.97%", "2007-03-31": "6.89%", "2006-12-31": "6.79%", "2006-09-30": "6.57%", "2006-06-30": "6.17%", "2006-03-31": "5.44%", "2005-12-31": "4.83%"}, "pe ratio": {"current": "25.07", "2021-02-05": "30.55", "2020-09-30": "21.78", "2020-06-30": "22.32", "2020-03-31": "13.13", "2019-12-31": "15.02", "2019-09-30": "11.91", "2019-06-30": "13.35", "2019-03-31": "13.44", "2018-12-31": "12.94", "2018-09-30": "15.55", "2018-06-30": "14.75", "2018-03-31": "14.02", "2017-12-31": "15.48", "2017-09-30": "16.39", "2017-06-30": "17.13", "2017-03-31": "15.56", "2016-12-31": "14.48", "2016-09-30": "18.19", "2016-06-30": "16.29", "2016-03-31": "17.85", "2015-12-31": "17.12", "2015-09-30": "52.32", "2015-06-30": "104.70", "2015-03-31": "150.09", "2014-12-31": "107.83", "2014-09-30": "23.42", "2014-06-30": "27.35", "2014-03-31": "26.34", "2013-12-31": "25.32", "2013-09-30": "15.06", "2013-06-30": "13.89", "2013-03-31": "16.04", "2012-12-31": "13.62", "2012-09-30": "13.30", "2012-06-30": "12.12", "2012-03-31": "14.68", "2011-12-31": "11.89", "2011-09-30": "10.99", "2011-06-30": "16.06", "2011-03-31": "16.83", "2010-12-31": "15.23", "2010-09-30": "12.54", "2010-06-30": "12.89", "2010-03-31": "16.28", "2009-12-31": "17.44", "2009-09-30": "16.80", "2009-06-30": "13.05", "2009-03-31": "7.98", "2008-12-31": "8.37", "2008-09-30": "9.23", "2008-06-30": "9.56", "2008-03-31": "8.44", "2007-12-31": "10.81", "2007-09-30": "11.58", "2007-06-30": "11.32", "2007-03-31": "11.48", "2006-12-31": "13.27"}, "price sales": {"2021-02-05": "1.89", "2020-09-30": "1.34", "2020-06-30": "1.25", "2020-03-31": "0.84", "2019-12-31": "1.11", "2019-09-30": "0.91", "2019-06-30": "0.98", "2019-03-31": "0.96", "2018-12-31": "0.82", "2018-09-30": "0.99", "2018-06-30": "1.00", "2018-03-31": "0.92", "2017-12-31": "0.98", "2017-09-30": "1.03", "2017-06-30": "1.08", "2017-03-31": "1.00", "2016-12-31": "0.91", "2016-09-30": "0.78", "2016-06-30": "0.70", "2016-03-31": "0.78", "2015-12-31": "0.70", "2015-09-30": "0.67", "2015-06-30": "0.88", "2015-03-31": "0.99", "2014-12-31": "0.96", "2014-09-30": "0.83", "2014-06-30": "1.03", "2014-03-31": "0.96", "2013-12-31": "0.98", "2013-09-30": "0.89", "2013-06-30": "0.82", "2013-03-31": "1.00", "2012-12-31": "0.84", "2012-09-30": "0.82", "2012-06-30": "0.73", "2012-03-31": "0.80", "2011-12-31": "0.64", "2011-09-30": "0.60", "2011-06-30": "0.92", "2011-03-31": "1.06", "2010-12-31": "1.02", "2010-09-30": "0.91", "2010-06-30": "0.91", "2010-03-31": "1.01", "2009-12-31": "0.87", "2009-09-30": "0.74", "2009-06-30": "0.57", "2009-03-31": "0.41", "2008-12-31": "0.48", "2008-09-30": "0.54", "2008-06-30": "0.58", "2008-03-31": "0.54", "2007-12-31": "0.71", "2007-09-30": "0.80", "2007-06-30": "0.79", "2007-03-31": "0.79", "2006-12-31": "0.90"}, "price book": {"current": "2.18", "2021-02-05": "2.18", "2020-09-30": "1.55", "2020-06-30": "1.50", "2020-03-31": "1.10", "2019-12-31": "1.45", "2019-09-30": "1.26", "2019-06-30": "1.39", "2019-03-31": "1.40", "2018-12-31": "1.25", "2018-09-30": "1.47", "2018-06-30": "1.47", "2018-03-31": "1.28", "2017-12-31": "1.38", "2017-09-30": "1.45", "2017-06-30": "1.54", "2017-03-31": "1.48", "2016-12-31": "1.41", "2016-09-30": "1.19", "2016-06-30": "1.13", "2016-03-31": "1.29", "2015-12-31": "1.23", "2015-09-30": "1.15", "2015-06-30": "1.47", "2015-03-31": "1.66", "2014-12-31": "1.56", "2014-09-30": "1.21", "2014-06-30": "1.47", "2014-03-31": "1.40", "2013-12-31": "1.43", "2013-09-30": "1.31", "2013-06-30": "1.28", "2013-03-31": "1.61", "2012-12-31": "1.42", "2012-09-30": "1.48", "2012-06-30": "1.37", "2012-03-31": "1.44", "2011-12-31": "1.19", "2011-09-30": "1.07", "2011-06-30": "1.54", "2011-03-31": "1.73", "2010-12-31": "1.62", "2010-09-30": "1.47", "2010-06-30": "1.50", "2010-03-31": "1.57", "2009-12-31": "1.43", "2009-09-30": "1.27", "2009-06-30": "1.13", "2009-03-31": "0.95", "2008-12-31": "1.21", "2008-09-30": "1.23", "2008-06-30": "1.21", "2008-03-31": "1.08", "2007-12-31": "1.38", "2007-09-30": "1.48", "2007-06-30": "1.49", "2007-03-31": "1.55", "2006-12-31": "1.80", "2006-09-30": "1.52", "2006-06-30": "1.59", "2006-03-31": "1.59"}, "price fcf": {"2021-02-05": "", "2020-09-30": "$10.06", "2020-06-30": "$10.22", "2020-03-31": "$10.06", "2019-12-31": "$7.70", "2019-09-30": "$6.95", "2019-06-30": "$6.13", "2019-03-31": "$6.15", "2018-12-31": "$6.72", "2018-09-30": "$5.37", "2018-06-30": "$4.97", "2018-03-31": "$4.95", "2017-12-31": "$5.19", "2017-09-30": "$6.36", "2017-06-30": "$7.80", "2017-03-31": "$8.22", "2016-12-31": "$8.43", "2016-09-30": "$8.53", "2016-06-30": "$7.85", "2016-03-31": "$7.85", "2015-12-31": "$6.83", "2015-09-30": "$5.97", "2015-06-30": "$4.92", "2015-03-31": "$4.38", "2014-12-31": "$4.91", "2014-09-30": "$4.57", "2014-06-30": "$4.50", "2014-03-31": "$4.23", "2013-12-31": "$4.75", "2013-09-30": "$4.98", "2013-06-30": "$4.84", "2013-03-31": "$6.06", "2012-12-31": "$6.27", "2012-09-30": "$6.99", "2012-06-30": "$7.61", "2012-03-31": "$6.05", "2011-12-31": "$5.56", "2011-09-30": "$3.99", "2011-06-30": "$3.12", "2011-03-31": "$3.26", "2010-12-31": "$3.39", "2010-09-30": "$5.36", "2010-06-30": "$6.86", "2010-03-31": "$8.34", "2009-12-31": "$7.81", "2009-09-30": "$5.17", "2009-06-30": "$3.52", "2009-03-31": "$2.79", "2008-12-31": "$3.13", "2008-09-30": "$4.08", "2008-06-30": "$5.11", "2008-03-31": "$5.58", "2007-12-31": "$4.85", "2007-09-30": "$5.15", "2007-06-30": "$3.23", "2007-03-31": "$1.90", "2006-12-31": "$1.83"}, "net worth": {"value": "$5.33B"}, "current ratio": {"current": "2.11", "2020-09-30": "2.11", "2020-06-30": "2.90", "2020-03-31": "3.16", "2019-12-31": "2.87", "2019-09-30": "2.83", "2019-06-30": "2.79", "2019-03-31": "2.72", "2018-12-31": "2.66", "2018-09-30": "2.61", "2018-06-30": "2.25", "2018-03-31": "2.36", "2017-12-31": "2.21", "2017-09-30": "2.22", "2017-06-30": "2.24", "2017-03-31": "2.26", "2016-12-31": "2.18", "2016-09-30": "2.28", "2016-06-30": "2.73", "2016-03-31": "2.84", "2015-12-31": "2.67", "2015-09-30": "2.62", "2015-06-30": "2.56", "2015-03-31": "2.50", "2014-12-31": "2.83", "2014-09-30": "2.90", "2014-06-30": "2.42", "2014-03-31": "2.33", "2013-12-31": "2.46", "2013-09-30": "2.39", "2013-06-30": "2.88", "2013-03-31": "2.75", "2012-12-31": "2.88", "2012-09-30": "2.32", "2012-06-30": "2.33", "2012-03-31": "2.55", "2011-12-31": "2.46", "2011-09-30": "2.33", "2011-06-30": "2.53", "2011-03-31": "2.58", "2010-12-31": "2.73", "2010-09-30": "2.83", "2010-06-30": "2.78", "2010-03-31": "2.85", "2009-12-31": "3.17", "2009-09-30": "2.60", "2009-06-30": "3.04", "2009-03-31": "2.46", "2008-12-31": "2.00", "2008-09-30": "2.12", "2008-06-30": "2.20", "2008-03-31": "2.41", "2007-12-31": "2.34", "2007-09-30": "2.24", "2007-06-30": "2.35", "2007-03-31": "2.24", "2006-12-31": "2.23", "2006-09-30": "2.15", "2006-06-30": "2.03", "2006-03-31": "2.24", "2005-12-31": "2.23", "2005-09-30": "2.53", "2005-06-30": "2.50", "2005-03-31": "2.51"}, "quick ratio": {"2020-09-30": "1.29", "2020-06-30": "1.72", "2020-03-31": "2.03", "2019-12-31": "1.66", "2019-09-30": "1.60", "2019-06-30": "1.61", "2019-03-31": "1.53", "2018-12-31": "1.54", "2018-09-30": "1.42", "2018-06-30": "1.22", "2018-03-31": "1.27", "2017-12-31": "1.15", "2017-09-30": "1.22", "2017-06-30": "1.29", "2017-03-31": "1.30", "2016-12-31": "1.24", "2016-09-30": "1.30", "2016-06-30": "1.54", "2016-03-31": "1.53", "2015-12-31": "1.40", "2015-09-30": "1.53", "2015-06-30": "1.48", "2015-03-31": "1.41", "2014-12-31": "1.59", "2014-09-30": "1.75", "2014-06-30": "1.55", "2014-03-31": "1.47", "2013-12-31": "1.58", "2013-09-30": "1.54", "2013-06-30": "1.88", "2013-03-31": "1.80", "2012-12-31": "1.84", "2012-09-30": "1.33", "2012-06-30": "1.38", "2012-03-31": "1.48", "2011-12-31": "1.36", "2011-09-30": "1.28", "2011-06-30": "1.64", "2011-03-31": "1.69", "2010-12-31": "1.75", "2010-09-30": "1.97", "2010-06-30": "1.98", "2010-03-31": "2.10", "2009-12-31": "2.30", "2009-09-30": "1.93", "2009-06-30": "2.20", "2009-03-31": "1.48", "2008-12-31": "1.16", "2008-09-30": "1.34", "2008-06-30": "1.41", "2008-03-31": "1.45", "2007-12-31": "1.32", "2007-09-30": "1.32", "2007-06-30": "1.45", "2007-03-31": "1.26", "2006-12-31": "1.16", "2006-09-30": "1.27", "2006-06-30": "1.19", "2006-03-31": "1.27", "2005-12-31": "1.20", "2005-09-30": "1.31", "2005-06-30": "1.32", "2005-03-31": "1.28"}, "debt equity ratio": {"current": "0.34", "2020-09-30": "0.83", "2020-06-30": "0.88", "2020-03-31": "0.99", "2019-12-31": "0.86", "2019-09-30": "0.92", "2019-06-30": "0.92", "2019-03-31": "0.93", "2018-12-31": "0.98", "2018-09-30": "0.95", "2018-06-30": "0.98", "2018-03-31": "0.86", "2017-12-31": "0.86", "2017-09-30": "0.94", "2017-06-30": "0.99", "2017-03-31": "1.05", "2016-12-31": "1.10", "2016-09-30": "1.13", "2016-06-30": "1.22", "2016-03-31": "1.26", "2015-12-31": "1.32", "2015-09-30": "1.40", "2015-06-30": "1.44", "2015-03-31": "1.50", "2014-12-31": "0.70", "2014-09-30": "0.69", "2014-06-30": "0.73", "2014-03-31": "0.75", "2013-12-31": "0.73", "2013-09-30": "0.75", "2013-06-30": "0.79", "2013-03-31": "0.80", "2012-12-31": "0.79", "2012-09-30": "0.93", "2012-06-30": "1.05", "2012-03-31": "1.06", "2011-12-31": "1.07", "2011-09-30": "1.17", "2011-06-30": "0.79", "2011-03-31": "0.76", "2010-12-31": "0.75", "2010-09-30": "0.74", "2010-06-30": "0.78", "2010-03-31": "0.77", "2009-12-31": "0.79", "2009-09-30": "0.92", "2009-06-30": "0.97", "2009-03-31": "1.26", "2008-12-31": "1.42", "2008-09-30": "1.23", "2008-06-30": "1.18", "2008-03-31": "1.13", "2007-12-31": "1.17", "2007-09-30": "1.10", "2007-06-30": "0.82", "2007-03-31": "0.92", "2006-12-31": "0.93", "2006-09-30": "1.00", "2006-06-30": "1.01", "2006-03-31": "1.08", "2005-12-31": "1.07", "2005-09-30": "1.15", "2005-06-30": "1.43", "2005-03-31": "1.53"}, "return on equity": {"2020-09-30": "7.43%", "2020-06-30": "6.88%", "2020-03-31": "8.48%", "2019-12-31": "10.02%", "2019-09-30": "10.86%", "2019-06-30": "10.86%", "2019-03-31": "10.92%", "2018-12-31": "9.77%", "2018-09-30": "9.58%", "2018-06-30": "10.11%", "2018-03-31": "9.65%", "2017-12-31": "9.38%", "2017-09-30": "9.41%", "2017-06-30": "9.53%", "2017-03-31": "9.95%", "2016-12-31": "9.92%", "2016-09-30": "6.85%", "2016-06-30": "7.06%", "2016-03-31": "7.37%", "2015-12-31": "7.11%", "2015-09-30": "2.24%", "2015-06-30": "1.47%", "2015-03-31": "1.10%", "2014-12-31": "1.46%", "2014-09-30": "5.35%", "2014-06-30": "5.62%", "2014-03-31": "5.47%", "2013-12-31": "5.82%", "2013-09-30": "8.96%", "2013-06-30": "9.40%", "2013-03-31": "10.50%", "2012-12-31": "10.96%", "2012-09-30": "11.89%", "2012-06-30": "11.80%", "2012-03-31": "10.35%", "2011-12-31": "10.10%", "2011-09-30": "9.80%", "2011-06-30": "10.09%", "2011-03-31": "11.10%", "2010-12-31": "11.47%", "2010-09-30": "12.77%", "2010-06-30": "12.19%", "2010-03-31": "10.40%", "2009-12-31": "8.92%", "2009-09-30": "8.27%", "2009-06-30": "9.27%", "2009-03-31": "12.04%", "2008-12-31": "13.97%", "2008-09-30": "13.90%", "2008-06-30": "13.62%", "2008-03-31": "13.94%", "2007-12-31": "13.96%", "2007-09-30": "14.69%", "2007-06-30": "15.09%", "2007-03-31": "15.24%", "2006-12-31": "15.39%", "2006-09-30": "15.52%", "2006-06-30": "14.47%", "2006-03-31": "12.90%", "2005-12-31": "11.54%"}, "return on assets": {"2020-09-30": "3.93%", "2020-06-30": "3.60%", "2020-03-31": "4.41%", "2019-12-31": "5.25%", "2019-09-30": "5.61%", "2019-06-30": "5.59%", "2019-03-31": "5.58%", "2018-12-31": "5.03%", "2018-09-30": "5.01%", "2018-06-30": "5.29%", "2018-03-31": "5.04%", "2017-12-31": "4.79%", "2017-09-30": "4.66%", "2017-06-30": "4.62%", "2017-03-31": "4.69%", "2016-12-31": "4.56%", "2016-09-30": "3.08%", "2016-06-30": "3.07%", "2016-03-31": "3.13%", "2015-12-31": "2.95%", "2015-09-30": "0.99%", "2015-06-30": "0.71%", "2015-03-31": "0.58%", "2014-12-31": "0.85%", "2014-09-30": "3.10%", "2014-06-30": "3.23%", "2014-03-31": "3.12%", "2013-12-31": "3.29%", "2013-09-30": "5.03%", "2013-06-30": "5.16%", "2013-03-31": "5.57%", "2012-12-31": "5.63%", "2012-09-30": "5.87%", "2012-06-30": "5.66%", "2012-03-31": "5.11%", "2011-12-31": "5.17%", "2011-09-30": "5.23%", "2011-06-30": "5.73%", "2011-03-31": "6.31%", "2010-12-31": "6.52%", "2010-09-30": "7.22%", "2010-06-30": "6.73%", "2010-03-31": "5.59%", "2009-12-31": "4.54%", "2009-09-30": "3.91%", "2009-06-30": "4.21%", "2009-03-31": "5.31%", "2008-12-31": "6.25%", "2008-09-30": "6.38%", "2008-06-30": "6.35%", "2008-03-31": "6.77%", "2007-12-31": "6.96%", "2007-09-30": "7.56%", "2007-06-30": "7.89%", "2007-03-31": "7.77%", "2006-12-31": "7.69%", "2006-09-30": "7.61%", "2006-06-30": "6.97%", "2006-03-31": "5.93%", "2005-12-31": "5.06%"}, "return on investments": {"2020-09-30": "7.69%", "2020-06-30": "7.08%", "2020-03-31": "8.38%", "2019-12-31": "9.81%", "2019-09-30": "10.49%", "2019-06-30": "10.31%", "2019-03-31": "10.47%", "2018-12-31": "9.67%", "2018-09-30": "9.52%", "2018-06-30": "10.40%", "2018-03-31": "10.00%", "2017-12-31": "9.66%", "2017-09-30": "9.46%", "2017-06-30": "9.28%", "2017-03-31": "9.37%", "2016-12-31": "9.01%", "2016-09-30": "6.46%", "2016-06-30": "6.61%", "2016-03-31": "6.84%", "2015-12-31": "6.65%", "2015-09-30": "4.42%", "2015-06-30": "3.98%", "2015-03-31": "3.83%", "2014-12-31": "4.44%", "2014-09-30": "7.39%", "2014-06-30": "7.61%", "2014-03-31": "7.35%", "2013-12-31": "7.53%", "2013-09-30": "10.21%", "2013-06-30": "10.51%", "2013-03-31": "11.55%", "2012-12-31": "11.82%", "2012-09-30": "12.59%", "2012-06-30": "12.45%", "2012-03-31": "11.33%", "2011-12-31": "11.66%", "2011-09-30": "11.57%", "2011-06-30": "12.30%", "2011-03-31": "13.37%", "2010-12-31": "13.73%", "2010-09-30": "15.03%", "2010-06-30": "14.10%", "2010-03-31": "11.88%", "2009-12-31": "10.05%", "2009-09-30": "9.54%", "2009-06-30": "10.95%", "2009-03-31": "13.88%", "2008-12-31": "15.98%", "2008-09-30": "16.27%", "2008-06-30": "15.73%", "2008-03-31": "16.26%", "2007-12-31": "16.52%", "2007-09-30": "17.22%", "2007-06-30": "18.19%", "2007-03-31": "18.24%", "2006-12-31": "18.13%", "2006-09-30": "18.20%", "2006-06-30": "16.57%", "2006-03-31": "14.32%", "2005-12-31": "12.48%"}, "return on tangible equity": {"2020-09-30": "55.04%", "2020-06-30": "57.19%", "2020-03-31": "69.63%", "2019-12-31": "78.24%", "2019-09-30": "92.58%", "2019-06-30": "99.43%", "2019-03-31": "122.46%", "2018-12-31": "116.81%", "2018-09-30": "114.36%", "2018-06-30": "125.76%", "2018-03-31": "125.70%", "2017-12-31": "186.43%", "2017-09-30": "507.98%", "2017-06-30": "-1025.00%", "2017-03-31": "-251.05%", "2016-12-31": "-148.01%", "2016-09-30": "-76.92%", "2016-06-30": "-59.09%", "2016-03-31": "-51.51%", "2015-12-31": "-41.42%", "2015-09-30": "-51.87%", "2015-06-30": "14.89%", "2015-03-31": "4.60%", "2014-12-31": "3.88%", "2014-09-30": "14.39%", "2014-06-30": "15.51%", "2014-03-31": "15.88%", "2013-12-31": "17.68%", "2013-09-30": "29.28%", "2013-06-30": "34.74%", "2013-03-31": "45.60%", "2012-12-31": "58.68%", "2012-09-30": "86.30%", "2012-06-30": "105.93%", "2012-03-31": "66.13%", "2011-12-31": "48.26%", "2011-09-30": "36.66%", "2011-06-30": "29.45%", "2011-03-31": "31.94%", "2010-12-31": "32.52%", "2010-09-30": "35.58%", "2010-06-30": "35.70%", "2010-03-31": "32.61%", "2009-12-31": "34.33%", "2009-09-30": "43.14%", "2009-06-30": "60.46%", "2009-03-31": "95.96%", "2008-12-31": "101.83%", "2008-09-30": "95.97%", "2008-06-30": "101.05%", "2008-03-31": "87.99%", "2007-12-31": "77.05%", "2007-09-30": "68.42%", "2007-06-30": "64.44%", "2007-03-31": "74.83%", "2006-12-31": "88.71%", "2006-09-30": "109.46%", "2006-06-30": "142.75%", "2006-03-31": "274.58%", "2005-12-31": "-1623.53%"}, "dividend yield history": {"last payout": "$1.20", "last yield": "0.91%"}}