{"ticker": "RGA", "price": {"title": "Reinsurance Group Of America Historical Annual Stock Price Data", "value": 109.54, "historical": {"2020": {"Average Stock Price": "105.9417", "Year Open": "164.6500", "Year High": "164.6500", "Year Low": "57.2900", "Year Close": "115.9000", "Annual % Change": "-28.92%"}, "2019": {"Average Stock Price": "152.7204", "Year Open": "139.8600", "Year High": "168.3200", "Year Low": "137.8400", "Year Close": "163.0600", "Annual % Change": "16.28%"}, "2018": {"Average Stock Price": "147.2791", "Year Open": "155.3700", "Year High": "163.9800", "Year Low": "128.1800", "Year Close": "140.2300", "Annual % Change": "-10.07%"}, "2017": {"Average Stock Price": "134.9949", "Year Open": "124.5000", "Year High": "164.1700", "Year Low": "122.1300", "Year Close": "155.9300", "Annual % Change": "23.92%"}, "2016": {"Average Stock Price": "100.9133", "Year Open": "83.6000", "Year High": "128.2800", "Year Low": "78.6100", "Year Close": "125.8300", "Annual % Change": "47.08%"}, "2015": {"Average Stock Price": "91.7859", "Year Open": "87.4500", "Year High": "98.5700", "Year Low": "82.8100", "Year Close": "85.5500", "Annual % Change": "-2.36%"}, "2014": {"Average Stock Price": "79.7604", "Year Open": "75.4700", "Year High": "89.2200", "Year Low": "71.5100", "Year Close": "87.6200", "Annual % Change": "13.19%"}, "2013": {"Average Stock Price": "65.4758", "Year Open": "55.2500", "Year High": "77.4100", "Year Low": "54.5200", "Year Close": "77.4100", "Annual % Change": "44.64%"}, "2012": {"Average Stock Price": "55.1410", "Year Open": "53.0500", "Year High": "60.0100", "Year Low": "48.6400", "Year Close": "53.5200", "Annual % Change": "2.43%"}, "2011": {"Average Stock Price": "56.3607", "Year Open": "55.2900", "Year High": "63.7900", "Year Low": "44.9900", "Year Close": "52.2500", "Annual % Change": "-2.72%"}, "2010": {"Average Stock Price": "49.1298", "Year Open": "48.5600", "Year High": "55.9600", "Year Low": "43.5300", "Year Close": "53.7100", "Annual % Change": "12.72%"}, "2009": {"Average Stock Price": "38.7725", "Year Open": "41.9400", "Year High": "48.6100", "Year Low": "21.5900", "Year Close": "47.6500", "Annual % Change": "11.28%"}, "2008": {"Average Stock Price": "39.0513", "Year Open": "47.9500", "Year High": "49.7500", "Year Low": "28.5000", "Year Close": "42.8200", "Annual % Change": "0.00%"}}}, "market cap": {"value": "$7.44B"}, "income statement": {"Revenue": {"2019-12-31": "14300.00000", "2018-12-31": "12876.00000", "2017-12-31": "12516.00000", "2016-12-31": "11521.51000", "2015-12-31": "10418.18000", "2014-12-31": "10904.19000", "2013-12-31": "10318.35000", "2012-12-31": "9840.91100", "2011-12-31": "8829.53800", "2010-12-31": "8261.73000", "2009-12-31": "7066.82200", "2008-12-31": "5681.20300", "2007-12-31": "5718.36100", "2006-12-31": "5193.69100", "2005-12-31": "4584.76500"}, "Cost Of Goods Sold": {"2019-12-31": "12098.00000", "2018-12-31": "11067.00000", "2017-12-31": "10488.00000", "2016-12-31": "9668.60600", "2015-12-31": "8953.83200", "2014-12-31": "9249.10400", "2013-12-31": "9081.62600", "2012-12-31": "8352.38400", "2011-12-31": "7531.59800", "2010-12-31": "6994.72600", "2009-12-31": "6101.49000", "2008-12-31": "5053.01000", "2007-12-31": "4877.89400", "2006-12-31": "4449.46200", "2005-12-31": "4032.60900"}, "Gross Profit": {"2019-12-31": "2202.00000", "2018-12-31": "1809.00000", "2017-12-31": "2028.00000", "2016-12-31": "1852.90400", "2015-12-31": "1464.34600", "2014-12-31": "1655.09000", "2013-12-31": "1236.72700", "2012-12-31": "1488.52700", "2011-12-31": "1297.94000", "2010-12-31": "1267.00500", "2009-12-31": "965.33200", "2008-12-31": "628.19290", "2007-12-31": "840.46680", "2006-12-31": "744.22900", "2005-12-31": "552.15600"}, "Research And Development Expenses": {"2019-12-31": "", "2018-12-31": "", "2017-12-31": "", "2016-12-31": "", "2015-12-31": "", "2014-12-31": "", "2013-12-31": "", "2012-12-31": "", "2011-12-31": "", "2010-12-31": "", "2009-12-31": "", "2008-12-31": "", "2007-12-31": "", "2006-12-31": "", "2005-12-31": ""}, "SG&A Expenses": {"2019-12-31": "", "2018-12-31": "", "2017-12-31": "", "2016-12-31": "", "2015-12-31": "", "2014-12-31": "", "2013-12-31": "", "2012-12-31": "", "2011-12-31": "", "2010-12-31": "", "2009-12-31": "", "2008-12-31": "", "2007-12-31": "", "2006-12-31": "", "2005-12-31": ""}, "Other Operating Income Or Expenses": {"2019-12-31": "-868.00000", "2018-12-31": "-786.00000", "2017-12-31": "-710.00000", "2016-12-31": "-645.50900", "2015-12-31": "-554.04400", "2014-12-31": "-538.41500", "2013-12-31": "-466.71700", "2012-12-31": "-451.75900", "2011-12-31": "-419.34000", "2010-12-31": "-361.97100", "2009-12-31": "-294.77900", "2008-12-31": "-242.91700", "2007-12-31": "-236.61200", "2006-12-31": "-204.38000", "2005-12-31": "-154.38200"}, "Operating Expenses": {"2019-12-31": "12966.00000", "2018-12-31": "11853.00000", "2017-12-31": "11198.00000", "2016-12-31": "10314.12000", "2015-12-31": "9507.87600", "2014-12-31": "9787.52000", "2013-12-31": "9548.34300", "2012-12-31": "8804.14300", "2011-12-31": "7950.93800", "2010-12-31": "7356.69700", "2009-12-31": "6396.26900", "2008-12-31": "5295.92700", "2007-12-31": "5114.50600", "2006-12-31": "4653.84200", "2005-12-31": "4186.99100"}, "Operating Income": {"2019-12-31": "1334.00000", "2018-12-31": "1023.00000", "2017-12-31": "1318.00000", "2016-12-31": "1207.39600", "2015-12-31": "910.30180", "2014-12-31": "1116.67500", "2013-12-31": "770.00980", "2012-12-31": "1036.76900", "2011-12-31": "878.60010", "2010-12-31": "905.03370", "2009-12-31": "670.55320", "2008-12-31": "385.27590", "2007-12-31": "603.85500", "2006-12-31": "539.84910", "2005-12-31": "397.77390"}, "Total Non-Operating Income/Expense": {"2019-12-31": "-202.00000", "2018-12-31": "-177.00000", "2017-12-31": "-175.00000", "2016-12-31": "-163.45000", "2015-12-31": "-165.50700", "2014-12-31": "-108.14100", "2013-12-31": "-134.75600", "2012-12-31": "-117.54500", "2011-12-31": "-115.02900", "2010-12-31": "-98.85200", "2009-12-31": "-78.20800", "2008-12-31": "-104.88400", "2007-12-31": "-128.93700", "2006-12-31": "-88.46100", "2005-12-31": "-41.42800"}, "Pre-Tax Income": {"2019-12-31": "1132.00000", "2018-12-31": "846.00000", "2017-12-31": "1143.00000", "2016-12-31": "1043.94600", "2015-12-31": "744.79500", "2014-12-31": "1008.53300", "2013-12-31": "635.25400", "2012-12-31": "919.22300", "2011-12-31": "763.57100", "2010-12-31": "806.18100", "2009-12-31": "592.34500", "2008-12-31": "280.39200", "2007-12-31": "474.91800", "2006-12-31": "451.38800", "2005-12-31": "356.34600"}, "Income Taxes": {"2019-12-31": "262.00000", "2018-12-31": "130.00000", "2017-12-31": "-679.00000", "2016-12-31": "342.50300", "2015-12-31": "242.62900", "2014-12-31": "324.48600", "2013-12-31": "216.41700", "2012-12-31": "287.33000", "2011-12-31": "217.52600", "2010-12-31": "270.43900", "2009-12-31": "185.25900", "2008-12-31": "92.57700", "2007-12-31": "166.64500", "2006-12-31": "158.12700", "2005-12-31": "120.73800"}, "Income After Taxes": {"2019-12-31": "870.00000", "2018-12-31": "716.00000", "2017-12-31": "1822.00000", "2016-12-31": "701.44310", "2015-12-31": "502.16600", "2014-12-31": "684.04700", "2013-12-31": "418.83700", "2012-12-31": "631.89310", "2011-12-31": "546.04500", "2010-12-31": "535.74210", "2009-12-31": "407.08600", "2008-12-31": "187.81500", "2007-12-31": "308.27300", "2006-12-31": "293.26100", "2005-12-31": "235.60800"}, "Other Income": {"2019-12-31": "", "2018-12-31": "", "2017-12-31": "", "2016-12-31": "", "2015-12-31": "", "2014-12-31": "", "2013-12-31": "", "2012-12-31": "", "2011-12-31": "", "2010-12-31": "", "2009-12-31": "", "2008-12-31": "", "2007-12-31": "", "2006-12-31": "", "2005-12-31": ""}, "Income From Continuous Operations": {"2019-12-31": "870.00000", "2018-12-31": "716.00000", "2017-12-31": "1822.00000", "2016-12-31": "701.44310", "2015-12-31": "502.16600", "2014-12-31": "684.04700", "2013-12-31": "418.83700", "2012-12-31": "631.89310", "2011-12-31": "546.04500", "2010-12-31": "535.74210", "2009-12-31": "407.08600", "2008-12-31": "187.81500", "2007-12-31": "308.27300", "2006-12-31": "293.26100", "2005-12-31": "235.60800"}, "Income From Discontinued Operations": {"2019-12-31": "", "2018-12-31": "", "2017-12-31": "", "2016-12-31": "", "2015-12-31": "", "2014-12-31": "", "2013-12-31": "", "2012-12-31": "", "2011-12-31": "", "2010-12-31": "", "2009-12-31": "", "2008-12-31": "-11.01900", "2007-12-31": "-14.43900", "2006-12-31": "-5.05100", "2005-12-31": "-11.42800"}, "Net Income": {"2019-12-31": "870.00000", "2018-12-31": "716.00000", "2017-12-31": "1822.00000", "2016-12-31": "701.44300", "2015-12-31": "502.16600", "2014-12-31": "684.04700", "2013-12-31": "418.83700", "2012-12-31": "631.89300", "2011-12-31": "546.04500", "2010-12-31": "535.74200", "2009-12-31": "407.08600", "2008-12-31": "176.79600", "2007-12-31": "293.83400", "2006-12-31": "288.21000", "2005-12-31": "224.18000"}, "EBITDA": {"2019-12-31": "1328.00000", "2018-12-31": "1011.00000", "2017-12-31": "1266.00000", "2016-12-31": "1140.29700", "2015-12-31": "864.10170", "2014-12-31": "1029.52500", "2013-12-31": "674.46280", "2012-12-31": "952.98160", "2011-12-31": "705.91210", "2010-12-31": "760.69970", "2009-12-31": "536.02920", "2008-12-31": "295.33390", "2007-12-31": "528.20000", "2006-12-31": "486.50510", "2005-12-31": "357.48590"}, "EBIT": {"2019-12-31": "1334.00000", "2018-12-31": "1023.00000", "2017-12-31": "1318.00000", "2016-12-31": "1207.39600", "2015-12-31": "910.30180", "2014-12-31": "1116.67500", "2013-12-31": "770.00980", "2012-12-31": "1036.76900", "2011-12-31": "878.60010", "2010-12-31": "905.03370", "2009-12-31": "670.55320", "2008-12-31": "385.27590", "2007-12-31": "603.85500", "2006-12-31": "539.84910", "2005-12-31": "397.77390"}, "Basic Shares Outstanding": {"2019-12-31": "62.68400", "2018-12-31": "63.65800", "2017-12-31": "64.42700", "2016-12-31": "64.27400", "2015-12-31": "66.55300", "2014-12-31": "69.24800", "2013-12-31": "71.91700", "2012-12-31": "73.73700", "2011-12-31": "73.58600", "2010-12-31": "73.15700", "2009-12-31": "72.79000", "2008-12-31": "63.91800", "2007-12-31": "61.85700", "2006-12-31": "61.25000", "2005-12-31": "62.54500"}, "Shares Outstanding": {"2019-12-31": "63.88200", "2018-12-31": "65.09400", "2017-12-31": "65.75300", "2016-12-31": "64.98900", "2015-12-31": "67.29200", "2014-12-31": "69.96200", "2013-12-31": "72.46100", "2012-12-31": "74.15300", "2011-12-31": "74.10800", "2010-12-31": "74.69400", "2009-12-31": "73.32700", "2008-12-31": "65.27100", "2007-12-31": "64.23100", "2006-12-31": "63.06200", "2005-12-31": "63.72400"}, "Basic EPS": {"2019-12-31": "13.88000", "2018-12-31": "11.25000", "2017-12-31": "28.28000", "2016-12-31": "10.91000", "2015-12-31": "7.55000", "2014-12-31": "9.88000", "2013-12-31": "5.82000", "2012-12-31": "8.57000", "2011-12-31": "7.42000", "2010-12-31": "7.32000", "2009-12-31": "5.59000", "2008-12-31": "2.77000", "2007-12-31": "4.75000", "2006-12-31": "4.71000", "2005-12-31": "3.58000"}, "EPS - Earnings Per Share": {"2019-12-31": "13.62000", "2018-12-31": "11.00000", "2017-12-31": "27.71000", "2016-12-31": "10.79000", "2015-12-31": "7.46000", "2014-12-31": "9.78000", "2013-12-31": "5.78000", "2012-12-31": "8.52000", "2011-12-31": "7.37000", "2010-12-31": "7.17000", "2009-12-31": "5.55000", "2008-12-31": "2.71000", "2007-12-31": "4.57000", "2006-12-31": "4.57000", "2005-12-31": "3.52000"}}, "income statement, quarterly": {"Revenue": {"2020-09-30": "3643.00000", "2020-06-30": "3606.00000", "2020-03-31": "3204.00000", "2019-12-31": "3785.00000", "2019-09-30": "3628.00000", "2019-06-30": "3467.00000", "2019-03-31": "3420.00000", "2018-12-31": "3278.85400", "2018-09-30": "3227.53100", "2018-06-30": "3195.90800", "2018-03-31": "3173.70700", "2017-12-31": "3232.67400", "2017-09-30": "3145.31000", "2017-06-30": "3129.27600", "2017-03-31": "3008.74000", "2016-12-31": "3069.29700", "2016-09-30": "2900.57700", "2016-06-30": "3039.06800", "2016-03-31": "2512.56800", "2015-12-31": "2828.59100", "2015-09-30": "2438.63400", "2015-06-30": "2630.34000", "2015-03-31": "2520.61300", "2014-12-31": "2697.41300", "2014-09-30": "2716.58800", "2014-06-30": "2833.02000", "2014-03-31": "2657.17300", "2013-12-31": "2736.79300", "2013-09-30": "2389.81500", "2013-06-30": "2590.64200", "2013-03-31": "2601.10200", "2012-12-31": "2723.10200", "2012-09-30": "2449.08100", "2012-06-30": "2375.75300", "2012-03-31": "2292.97500", "2011-12-31": "2348.21900", "2011-09-30": "1994.90700", "2011-06-30": "2203.97700", "2011-03-31": "2282.43500", "2010-12-31": "2274.12900", "2010-09-30": "1955.53900", "2010-06-30": "1931.87700", "2010-03-31": "2100.18500", "2009-12-31": "1943.83500", "2009-09-30": "1778.98100", "2009-06-30": "1813.16600", "2009-03-31": "1530.84000", "2008-12-31": "1368.03500", "2008-09-30": "1310.29500", "2008-06-30": "1642.60600", "2008-03-31": "1360.26700", "2007-12-31": "1496.59500", "2007-09-30": "1378.34100", "2007-06-30": "1488.77600", "2007-03-31": "1354.64900", "2006-12-31": "1469.57500", "2006-09-30": "1282.48300", "2006-06-30": "1242.53600", "2006-03-31": "1199.09700", "2005-12-31": "1238.80000", "2005-09-30": "1158.41700", "2005-06-30": "1091.33200", "2005-03-31": "1096.21600"}, "Cost Of Goods Sold": {"2020-09-30": "3100.00000", "2020-06-30": "3177.00000", "2020-03-31": "3058.00000", "2019-12-31": "3193.00000", "2019-09-30": "3018.00000", "2019-06-30": "2934.00000", "2019-03-31": "2953.00000", "2018-12-31": "2894.50100", "2018-09-30": "2663.85100", "2018-06-30": "2709.19600", "2018-03-31": "2799.45200", "2017-12-31": "2703.09900", "2017-09-30": "2592.20300", "2017-06-30": "2599.48000", "2017-03-31": "2593.21800", "2016-12-31": "2550.26800", "2016-09-30": "2410.87400", "2016-06-30": "2499.03200", "2016-03-31": "2208.43200", "2015-12-31": "2421.29000", "2015-09-30": "2115.52900", "2015-06-30": "2243.84100", "2015-03-31": "2173.17200", "2014-12-31": "2260.34000", "2014-09-30": "2312.40000", "2014-06-30": "2367.22100", "2014-03-31": "2309.14400", "2013-12-31": "2347.53300", "2013-09-30": "2042.91900", "2013-06-30": "2519.42400", "2013-03-31": "2171.75000", "2012-12-31": "2237.40500", "2012-09-30": "2111.07200", "2012-06-30": "2028.08200", "2012-03-31": "1975.82500", "2011-12-31": "2004.72300", "2011-09-30": "1714.38800", "2011-06-30": "1890.72800", "2011-03-31": "1921.75900", "2010-12-31": "1927.02800", "2010-09-30": "1645.72500", "2010-06-30": "1623.55700", "2010-03-31": "1798.41600", "2009-12-31": "1678.28700", "2009-09-30": "1512.75300", "2009-06-30": "1504.99600", "2009-03-31": "1405.45400", "2008-12-31": "1265.16300", "2008-09-30": "1197.07700", "2008-06-30": "1381.09900", "2008-03-31": "1209.67100", "2007-12-31": "1282.61100", "2007-09-30": "1176.42000", "2007-06-30": "1272.00600", "2007-03-31": "1146.85700", "2006-12-31": "1253.43200", "2006-09-30": "1079.22100", "2006-06-30": "1091.96300", "2006-03-31": "1024.84600", "2005-12-31": "1078.17400", "2005-09-30": "992.95300", "2005-06-30": "1024.40000", "2005-03-31": "937.08200"}, "Gross Profit": {"2020-09-30": "543.00000", "2020-06-30": "429.00000", "2020-03-31": "146.00000", "2019-12-31": "592.00000", "2019-09-30": "610.00000", "2019-06-30": "533.00000", "2019-03-31": "467.00000", "2018-12-31": "384.35230", "2018-09-30": "563.68020", "2018-06-30": "486.71220", "2018-03-31": "374.25490", "2017-12-31": "529.57450", "2017-09-30": "553.10720", "2017-06-30": "529.79590", "2017-03-31": "415.52200", "2016-12-31": "519.02910", "2016-09-30": "489.70310", "2016-06-30": "540.03610", "2016-03-31": "304.13600", "2015-12-31": "407.30130", "2015-09-30": "323.10500", "2015-06-30": "386.49930", "2015-03-31": "347.44090", "2014-12-31": "437.07350", "2014-09-30": "404.18800", "2014-06-30": "465.79910", "2014-03-31": "348.02910", "2013-12-31": "389.26050", "2013-09-30": "346.89600", "2013-06-30": "71.21830", "2013-03-31": "429.35210", "2012-12-31": "485.69700", "2012-09-30": "338.00900", "2012-06-30": "347.67090", "2012-03-31": "317.15000", "2011-12-31": "343.49560", "2011-09-30": "280.51900", "2011-06-30": "313.24900", "2011-03-31": "360.67600", "2010-12-31": "347.10180", "2010-09-30": "309.81400", "2010-06-30": "308.31990", "2010-03-31": "301.76900", "2009-12-31": "265.54810", "2009-09-30": "266.22800", "2009-06-30": "308.16990", "2009-03-31": "125.38590", "2008-12-31": "102.87210", "2008-09-30": "113.21810", "2008-06-30": "261.50700", "2008-03-31": "150.59610", "2007-12-31": "213.98390", "2007-09-30": "201.92100", "2007-06-30": "216.77000", "2007-03-31": "207.79210", "2006-12-31": "216.14280", "2006-09-30": "203.26210", "2006-06-30": "150.57300", "2006-03-31": "174.25110", "2005-12-31": "160.62590", "2005-09-30": "165.46400", "2005-06-30": "66.93200", "2005-03-31": "159.13400"}, "Research And Development Expenses": {"2020-09-30": "", "2020-06-30": "", "2020-03-31": "", "2019-12-31": "", "2019-09-30": "", "2019-06-30": "", "2019-03-31": "", "2018-12-31": "", "2018-09-30": "", "2018-06-30": "", "2018-03-31": "", "2017-12-31": "", "2017-09-30": "", "2017-06-30": "", "2017-03-31": "", "2016-12-31": "", "2016-09-30": "", "2016-06-30": "", "2016-03-31": "", "2015-12-31": "", "2015-09-30": "", "2015-06-30": "", "2015-03-31": "", "2014-12-31": "", "2014-09-30": "", "2014-06-30": "", "2014-03-31": "", "2013-12-31": "", "2013-09-30": "", "2013-06-30": "", "2013-03-31": "", "2012-12-31": "", "2012-09-30": "", "2012-06-30": "", "2012-03-31": "", "2011-12-31": "", "2011-09-30": "", "2011-06-30": "", "2011-03-31": "", "2010-12-31": "", "2010-09-30": "", "2010-06-30": "", "2010-03-31": "", "2009-12-31": "", "2009-09-30": "", "2009-06-30": "", "2009-03-31": "", "2008-12-31": "", "2008-09-30": "", "2008-06-30": "", "2008-03-31": "", "2007-12-31": "", "2007-09-30": "", "2007-06-30": "", "2007-03-31": "", "2006-12-31": "", "2006-09-30": "", "2006-06-30": "", "2006-03-31": "", "2005-12-31": "", "2005-09-30": "", "2005-06-30": "", "2005-03-31": ""}, "SG&A Expenses": {"2020-09-30": "", "2020-06-30": "", "2020-03-31": "", "2019-12-31": "", "2019-09-30": "", "2019-06-30": "", "2019-03-31": "", "2018-12-31": "", "2018-09-30": "", "2018-06-30": "", "2018-03-31": "", "2017-12-31": "", "2017-09-30": "", "2017-06-30": "", "2017-03-31": "", "2016-12-31": "", "2016-09-30": "", "2016-06-30": "", "2016-03-31": "", "2015-12-31": "", "2015-09-30": "", "2015-06-30": "", "2015-03-31": "", "2014-12-31": "", "2014-09-30": "", "2014-06-30": "", "2014-03-31": "", "2013-12-31": "", "2013-09-30": "", "2013-06-30": "", "2013-03-31": "", "2012-12-31": "", "2012-09-30": "", "2012-06-30": "", "2012-03-31": "", "2011-12-31": "", "2011-09-30": "", "2011-06-30": "", "2011-03-31": "", "2010-12-31": "", "2010-09-30": "", "2010-06-30": "", "2010-03-31": "", "2009-12-31": "", "2009-09-30": "", "2009-06-30": "", "2009-03-31": "", "2008-12-31": "", "2008-09-30": "", "2008-06-30": "", "2008-03-31": "", "2007-12-31": "", "2007-09-30": "", "2007-06-30": "", "2007-03-31": "", "2006-12-31": "", "2006-09-30": "", "2006-06-30": "", "2006-03-31": "", "2005-12-31": "", "2005-09-30": "", "2005-06-30": "", "2005-03-31": ""}, "Other Operating Income Or Expenses": {"2020-09-30": "-211.00000", "2020-06-30": "-188.00000", "2020-03-31": "-195.00000", "2019-12-31": "-234.00000", "2019-09-30": "-210.00000", "2019-06-30": "-222.00000", "2019-03-31": "-202.00000", "2018-12-31": "-199.50510", "2018-09-30": "-200.26200", "2018-06-30": "-194.95900", "2018-03-31": "-191.27400", "2017-12-31": "-228.72100", "2017-09-30": "-168.41700", "2017-06-30": "-154.35600", "2017-03-31": "-158.50600", "2016-12-31": "-175.63400", "2016-09-30": "-152.55600", "2016-06-30": "-159.89500", "2016-03-31": "-157.42400", "2015-12-31": "-158.55600", "2015-09-30": "-142.27000", "2015-06-30": "-131.60000", "2015-03-31": "-121.61800", "2014-12-31": "-166.28000", "2014-09-30": "-133.73700", "2014-06-30": "-127.46200", "2014-03-31": "-110.93600", "2013-12-31": "-122.13600", "2013-09-30": "-111.67200", "2013-06-30": "-113.40800", "2013-03-31": "-119.50100", "2012-12-31": "-132.33400", "2012-09-30": "-103.78600", "2012-06-30": "-105.54100", "2012-03-31": "-110.09800", "2011-12-31": "-122.00000", "2011-09-30": "-94.02900", "2011-06-30": "-97.16100", "2011-03-31": "-106.15000", "2010-12-31": "-102.21600", "2010-09-30": "-85.40900", "2010-06-30": "-83.14700", "2010-03-31": "-91.19900", "2009-12-31": "-80.53200", "2009-09-30": "-76.40300", "2009-06-30": "-71.09500", "2009-03-31": "-66.74900", "2008-12-31": "-53.69400", "2008-09-30": "-63.88600", "2008-06-30": "-61.99700", "2008-03-31": "-63.34000", "2007-12-31": "-67.28700", "2007-09-30": "-57.28400", "2007-06-30": "-56.61900", "2007-03-31": "-55.42200", "2006-12-31": "-57.45500", "2006-09-30": "-54.56800", "2006-06-30": "-45.83000", "2006-03-31": "-46.52700", "2005-12-31": "-45.35200", "2005-09-30": "-37.99200", "2005-06-30": "-38.03200", "2005-03-31": "-33.00600"}, "Operating Expenses": {"2020-09-30": "3311.00000", "2020-06-30": "3365.00000", "2020-03-31": "3253.00000", "2019-12-31": "3427.00000", "2019-09-30": "3228.00000", "2019-06-30": "3156.00000", "2019-03-31": "3155.00000", "2018-12-31": "3094.00600", "2018-09-30": "2864.11300", "2018-06-30": "2904.15500", "2018-03-31": "2990.72600", "2017-12-31": "2931.82000", "2017-09-30": "2760.62000", "2017-06-30": "2753.83600", "2017-03-31": "2751.72400", "2016-12-31": "2725.90300", "2016-09-30": "2563.43000", "2016-06-30": "2658.92700", "2016-03-31": "2365.85600", "2015-12-31": "2579.84600", "2015-09-30": "2257.79900", "2015-06-30": "2375.44100", "2015-03-31": "2294.79000", "2014-12-31": "2426.62000", "2014-09-30": "2446.13700", "2014-06-30": "2494.68300", "2014-03-31": "2420.08000", "2013-12-31": "2469.66900", "2013-09-30": "2154.59100", "2013-06-30": "2632.83200", "2013-03-31": "2291.25100", "2012-12-31": "2369.73900", "2012-09-30": "2214.85800", "2012-06-30": "2133.62300", "2012-03-31": "2085.92300", "2011-12-31": "2126.72300", "2011-09-30": "1808.41700", "2011-06-30": "1987.88900", "2011-03-31": "2027.90900", "2010-12-31": "2029.24300", "2010-09-30": "1731.13400", "2010-06-30": "1706.70400", "2010-03-31": "1889.61500", "2009-12-31": "1758.81900", "2009-09-30": "1589.15600", "2009-06-30": "1576.09100", "2009-03-31": "1472.20300", "2008-12-31": "1318.85800", "2008-09-30": "1260.96300", "2008-06-30": "1443.09600", "2008-03-31": "1273.01100", "2007-12-31": "1349.89800", "2007-09-30": "1233.70400", "2007-06-30": "1328.62500", "2007-03-31": "1202.27900", "2006-12-31": "1310.88700", "2006-09-30": "1133.78900", "2006-06-30": "1137.79300", "2006-03-31": "1071.37300", "2005-12-31": "1123.52600", "2005-09-30": "1030.94500", "2005-06-30": "1062.43200", "2005-03-31": "970.08800"}, "Operating Income": {"2020-09-30": "332.00000", "2020-06-30": "241.00000", "2020-03-31": "-49.00000", "2019-12-31": "358.00000", "2019-09-30": "400.00000", "2019-06-30": "311.00000", "2019-03-31": "265.00000", "2018-12-31": "184.84770", "2018-09-30": "363.41820", "2018-06-30": "291.75320", "2018-03-31": "182.98100", "2017-12-31": "300.85380", "2017-09-30": "384.69020", "2017-06-30": "375.43990", "2017-03-31": "257.01590", "2016-12-31": "343.39450", "2016-09-30": "337.14720", "2016-06-30": "380.14110", "2016-03-31": "146.71190", "2015-12-31": "248.74490", "2015-09-30": "180.83500", "2015-06-30": "254.89920", "2015-03-31": "225.82300", "2014-12-31": "270.79320", "2014-09-30": "270.45090", "2014-06-30": "338.33720", "2014-03-31": "237.09300", "2013-12-31": "267.12450", "2013-09-30": "235.22410", "2013-06-30": "-42.18970", "2013-03-31": "309.85110", "2012-12-31": "353.36350", "2012-09-30": "234.22310", "2012-06-30": "242.12990", "2012-03-31": "207.05200", "2011-12-31": "221.49610", "2011-09-30": "186.49000", "2011-06-30": "216.08800", "2011-03-31": "254.52600", "2010-12-31": "244.88600", "2010-09-30": "224.40490", "2010-06-30": "225.17300", "2010-03-31": "210.57010", "2009-12-31": "185.01620", "2009-09-30": "189.82510", "2009-06-30": "237.07500", "2009-03-31": "58.63680", "2008-12-31": "49.17770", "2008-09-30": "49.33220", "2008-06-30": "199.51000", "2008-03-31": "87.25610", "2007-12-31": "146.69730", "2007-09-30": "144.63700", "2007-06-30": "160.15100", "2007-03-31": "152.37010", "2006-12-31": "158.68800", "2006-09-30": "148.69410", "2006-06-30": "104.74300", "2006-03-31": "127.72410", "2005-12-31": "115.27380", "2005-09-30": "127.47200", "2005-06-30": "28.90000", "2005-03-31": "126.12800"}, "Total Non-Operating Income/Expense": {"2020-09-30": "-47.00000", "2020-06-30": "-46.00000", "2020-03-31": "-47.00000", "2019-12-31": "-50.00000", "2019-09-30": "-53.00000", "2019-06-30": "-51.00000", "2019-03-31": "-48.00000", "2018-12-31": "-46.72200", "2018-09-30": "-40.75700", "2018-06-30": "-44.46500", "2018-03-31": "-45.05600", "2017-12-31": "-45.17500", "2017-09-30": "-44.52800", "2017-06-30": "-36.12500", "2017-03-31": "-49.17200", "2016-12-31": "-47.85300", "2016-09-30": "-49.54700", "2016-06-30": "-26.91800", "2016-03-31": "-39.13200", "2015-12-31": "-42.00200", "2015-09-30": "-40.69800", "2015-06-30": "-41.10900", "2015-03-31": "-41.69800", "2014-12-31": "5.95000", "2014-09-30": "-38.63600", "2014-06-30": "-37.80200", "2014-03-31": "-37.65300", "2013-12-31": "-37.63500", "2013-09-30": "-33.52900", "2013-06-30": "-32.56800", "2013-03-31": "-31.02400", "2012-12-31": "-32.27400", "2012-09-30": "-32.74400", "2012-06-30": "-26.23800", "2012-03-31": "-26.28900", "2011-12-31": "-28.24500", "2011-09-30": "-30.09400", "2011-06-30": "-28.91900", "2011-03-31": "-27.77100", "2010-12-31": "-27.26400", "2010-09-30": "-27.23200", "2010-06-30": "-27.10100", "2010-03-31": "-17.25500", "2009-12-31": "-24.85100", "2009-09-30": "-7.27400", "2009-06-30": "-21.65200", "2009-03-31": "-24.43100", "2008-12-31": "-28.98400", "2008-09-30": "-16.78600", "2008-06-30": "-28.54600", "2008-03-31": "-30.56800", "2007-12-31": "-36.45200", "2007-09-30": "-22.90700", "2007-06-30": "-36.43800", "2007-03-31": "-33.14000", "2006-12-31": "-30.50300", "2006-09-30": "-31.12500", "2006-06-30": "-7.30900", "2006-03-31": "-19.52400", "2005-12-31": "-5.63400", "2005-09-30": "-13.91000", "2005-06-30": "3.70900", "2005-03-31": "-25.59300"}, "Pre-Tax Income": {"2020-09-30": "285.00000", "2020-06-30": "195.00000", "2020-03-31": "-96.00000", "2019-12-31": "308.00000", "2019-09-30": "347.00000", "2019-06-30": "260.00000", "2019-03-31": "217.00000", "2018-12-31": "138.12600", "2018-09-30": "322.66100", "2018-06-30": "247.28800", "2018-03-31": "137.92500", "2017-12-31": "255.67900", "2017-09-30": "340.16200", "2017-06-30": "339.31500", "2017-03-31": "207.84400", "2016-12-31": "295.54310", "2016-09-30": "287.60000", "2016-06-30": "353.22300", "2016-03-31": "107.58000", "2015-12-31": "206.74300", "2015-09-30": "140.13700", "2015-06-30": "213.79000", "2015-03-31": "184.12500", "2014-12-31": "276.74300", "2014-09-30": "231.81500", "2014-06-30": "300.53500", "2014-03-31": "199.44000", "2013-12-31": "229.49000", "2013-09-30": "201.69500", "2013-06-30": "-74.75800", "2013-03-31": "278.82700", "2012-12-31": "321.08900", "2012-09-30": "201.47900", "2012-06-30": "215.89200", "2012-03-31": "180.76300", "2011-12-31": "193.25100", "2011-09-30": "156.39600", "2011-06-30": "187.16900", "2011-03-31": "226.75500", "2010-12-31": "217.62100", "2010-09-30": "197.17300", "2010-06-30": "198.07200", "2010-03-31": "193.31500", "2009-12-31": "160.16500", "2009-09-30": "182.55100", "2009-06-30": "215.42300", "2009-03-31": "34.20600", "2008-12-31": "20.19400", "2008-09-30": "32.54600", "2008-06-30": "170.96400", "2008-03-31": "56.68800", "2007-12-31": "110.24500", "2007-09-30": "121.73000", "2007-06-30": "123.71300", "2007-03-31": "119.23000", "2006-12-31": "128.18500", "2006-09-30": "117.56900", "2006-06-30": "97.43400", "2006-03-31": "108.20000", "2005-12-31": "109.64000", "2005-09-30": "113.56200", "2005-06-30": "32.60900", "2005-03-31": "100.53500"}, "Income Taxes": {"2020-09-30": "72.00000", "2020-06-30": "37.00000", "2020-03-31": "-8.00000", "2019-12-31": "73.00000", "2019-09-30": "84.00000", "2019-06-30": "58.00000", "2019-03-31": "47.00000", "2018-12-31": "27.92900", "2018-09-30": "21.46200", "2018-06-30": "42.91400", "2018-03-31": "37.69500", "2017-12-31": "-961.02800", "2017-09-30": "112.57100", "2017-06-30": "107.12500", "2017-03-31": "62.33200", "2016-12-31": "105.39400", "2016-09-30": "88.88100", "2016-06-30": "117.12000", "2016-03-31": "31.10800", "2015-12-31": "43.61600", "2015-09-30": "56.60300", "2015-06-30": "83.39900", "2015-03-31": "59.01100", "2014-12-31": "85.65200", "2014-09-30": "73.81900", "2014-06-30": "102.23900", "2014-03-31": "62.77600", "2013-12-31": "84.53100", "2013-09-30": "63.74000", "2013-06-30": "-25.14600", "2013-03-31": "93.29200", "2012-12-31": "98.10000", "2012-09-30": "57.00400", "2012-06-30": "74.78100", "2012-03-31": "57.44500", "2011-12-31": "54.67200", "2011-09-30": "21.79400", "2011-06-30": "63.22500", "2011-03-31": "77.83500", "2010-12-31": "59.56900", "2010-09-30": "68.94100", "2010-06-30": "71.05300", "2010-03-31": "70.87600", "2009-12-31": "47.75600", "2009-09-30": "64.34300", "2009-06-30": "62.24400", "2009-03-31": "10.91600", "2008-12-31": "5.02400", "2008-09-30": "7.29600", "2008-06-30": "60.15800", "2008-03-31": "20.09900", "2007-12-31": "38.74400", "2007-09-30": "40.93200", "2007-06-30": "44.67600", "2007-03-31": "42.29300", "2006-12-31": "44.86700", "2006-09-30": "41.99500", "2006-06-30": "33.64500", "2006-03-31": "37.62000", "2005-12-31": "39.97500", "2005-09-30": "40.04300", "2005-06-30": "7.44900", "2005-03-31": "33.27100"}, "Income After Taxes": {"2020-09-30": "213.00000", "2020-06-30": "158.00000", "2020-03-31": "-88.00000", "2019-12-31": "235.00000", "2019-09-30": "263.00000", "2019-06-30": "202.00000", "2019-03-31": "170.00000", "2018-12-31": "110.19700", "2018-09-30": "301.19900", "2018-06-30": "204.37400", "2018-03-31": "100.23000", "2017-12-31": "1216.70700", "2017-09-30": "227.59100", "2017-06-30": "232.19000", "2017-03-31": "145.51200", "2016-12-31": "190.14910", "2016-09-30": "198.71900", "2016-06-30": "236.10300", "2016-03-31": "76.47200", "2015-12-31": "163.12700", "2015-09-30": "83.53400", "2015-06-30": "130.39100", "2015-03-31": "125.11400", "2014-12-31": "191.09100", "2014-09-30": "157.99600", "2014-06-30": "198.29600", "2014-03-31": "136.66400", "2013-12-31": "144.95900", "2013-09-30": "137.95500", "2013-06-30": "-49.61200", "2013-03-31": "185.53500", "2012-12-31": "222.98910", "2012-09-30": "144.47500", "2012-06-30": "141.11100", "2012-03-31": "123.31800", "2011-12-31": "138.57900", "2011-09-30": "134.60200", "2011-06-30": "123.94400", "2011-03-31": "148.92000", "2010-12-31": "158.05210", "2010-09-30": "128.23200", "2010-06-30": "127.01900", "2010-03-31": "122.43900", "2009-12-31": "112.40900", "2009-09-30": "118.20800", "2009-06-30": "153.17900", "2009-03-31": "23.29000", "2008-12-31": "15.17000", "2008-09-30": "25.25000", "2008-06-30": "110.80600", "2008-03-31": "36.58900", "2007-12-31": "71.50100", "2007-09-30": "80.79800", "2007-06-30": "79.03700", "2007-03-31": "76.93700", "2006-12-31": "83.31800", "2006-09-30": "75.57400", "2006-06-30": "63.78900", "2006-03-31": "70.58000", "2005-12-31": "69.66500", "2005-09-30": "73.51900", "2005-06-30": "25.16000", "2005-03-31": "67.26400"}, "Other Income": {"2020-09-30": "", "2020-06-30": "", "2020-03-31": "", "2019-12-31": "", "2019-09-30": "", "2019-06-30": "", "2019-03-31": "", "2018-12-31": "", "2018-09-30": "", "2018-06-30": "", "2018-03-31": "", "2017-12-31": "", "2017-09-30": "", "2017-06-30": "", "2017-03-31": "", "2016-12-31": "", "2016-09-30": "", "2016-06-30": "", "2016-03-31": "", "2015-12-31": "", "2015-09-30": "", "2015-06-30": "", "2015-03-31": "", "2014-12-31": "", "2014-09-30": "", "2014-06-30": "", "2014-03-31": "", "2013-12-31": "", "2013-09-30": "", "2013-06-30": "", "2013-03-31": "", "2012-12-31": "", "2012-09-30": "", "2012-06-30": "", "2012-03-31": "", "2011-12-31": "", "2011-09-30": "", "2011-06-30": "", "2011-03-31": "", "2010-12-31": "", "2010-09-30": "", "2010-06-30": "", "2010-03-31": "", "2009-12-31": "", "2009-09-30": "", "2009-06-30": "", "2009-03-31": "", "2008-12-31": "", "2008-09-30": "", "2008-06-30": "", "2008-03-31": "", "2007-12-31": "", "2007-09-30": "", "2007-06-30": "", "2007-03-31": "", "2006-12-31": "", "2006-09-30": "", "2006-06-30": "", "2006-03-31": "", "2005-12-31": "", "2005-09-30": "", "2005-06-30": "", "2005-03-31": ""}, "Income From Continuous Operations": {"2020-09-30": "213.00000", "2020-06-30": "158.00000", "2020-03-31": "-88.00000", "2019-12-31": "235.00000", "2019-09-30": "263.00000", "2019-06-30": "202.00000", "2019-03-31": "170.00000", "2018-12-31": "110.19700", "2018-09-30": "301.19900", "2018-06-30": "204.37400", "2018-03-31": "100.23000", "2017-12-31": "1216.70700", "2017-09-30": "227.59100", "2017-06-30": "232.19000", "2017-03-31": "145.51200", "2016-12-31": "190.14910", "2016-09-30": "198.71900", "2016-06-30": "236.10300", "2016-03-31": "76.47200", "2015-12-31": "163.12700", "2015-09-30": "83.53400", "2015-06-30": "130.39100", "2015-03-31": "125.11400", "2014-12-31": "191.09100", "2014-09-30": "157.99600", "2014-06-30": "198.29600", "2014-03-31": "136.66400", "2013-12-31": "144.95900", "2013-09-30": "137.95500", "2013-06-30": "-49.61200", "2013-03-31": "185.53500", "2012-12-31": "222.98910", "2012-09-30": "144.47500", "2012-06-30": "141.11100", "2012-03-31": "123.31800", "2011-12-31": "138.57900", "2011-09-30": "134.60200", "2011-06-30": "123.94400", "2011-03-31": "148.92000", "2010-12-31": "158.05210", "2010-09-30": "128.23200", "2010-06-30": "127.01900", "2010-03-31": "122.43900", "2009-12-31": "112.40900", "2009-09-30": "118.20800", "2009-06-30": "153.17900", "2009-03-31": "23.29000", "2008-12-31": "15.17000", "2008-09-30": "25.25000", "2008-06-30": "110.80600", "2008-03-31": "36.58900", "2007-12-31": "71.50100", "2007-09-30": "80.79800", "2007-06-30": "79.03700", "2007-03-31": "76.93700", "2006-12-31": "83.31800", "2006-09-30": "75.57400", "2006-06-30": "63.78900", "2006-03-31": "70.58000", "2005-12-31": "69.66500", "2005-09-30": "73.51900", "2005-06-30": "25.16000", "2005-03-31": "67.26400"}, "Income From Discontinued Operations": {"2020-09-30": "", "2020-06-30": "", "2020-03-31": "", "2019-12-31": "", "2019-09-30": "", "2019-06-30": "", "2019-03-31": "", "2018-12-31": "", "2018-09-30": "", "2018-06-30": "", "2018-03-31": "", "2017-12-31": "", "2017-09-30": "", "2017-06-30": "", "2017-03-31": "", "2016-12-31": "", "2016-09-30": "", "2016-06-30": "", "2016-03-31": "", "2015-12-31": "", "2015-09-30": "", "2015-06-30": "", "2015-03-31": "", "2014-12-31": "", "2014-09-30": "", "2014-06-30": "", "2014-03-31": "", "2013-12-31": "", "2013-09-30": "", "2013-06-30": "", "2013-03-31": "", "2012-12-31": "", "2012-09-30": "", "2012-06-30": "", "2012-03-31": "", "2011-12-31": "", "2011-09-30": "", "2011-06-30": "", "2011-03-31": "", "2010-12-31": "", "2010-09-30": "", "2010-06-30": "", "2010-03-31": "", "2009-12-31": "", "2009-09-30": "", "2009-06-30": "", "2009-03-31": "", "2008-12-31": "-5.80900", "2008-09-30": "-0.02200", "2008-06-30": "-0.10400", "2008-03-31": "-5.08400", "2007-12-31": "-7.91500", "2007-09-30": "-4.27700", "2007-06-30": "-1.56200", "2007-03-31": "-0.68500", "2006-12-31": "-1.84400", "2006-09-30": "-1.53900", "2006-06-30": "-0.15800", "2006-03-31": "-1.51000", "2005-12-31": "-1.48800", "2005-09-30": "-5.89000", "2005-06-30": "-3.34300", "2005-03-31": "-0.70700"}, "Net Income": {"2020-09-30": "213.00000", "2020-06-30": "158.00000", "2020-03-31": "-88.00000", "2019-12-31": "235.00000", "2019-09-30": "263.00000", "2019-06-30": "202.00000", "2019-03-31": "170.00000", "2018-12-31": "110.19700", "2018-09-30": "301.19900", "2018-06-30": "204.37400", "2018-03-31": "100.23000", "2017-12-31": "1216.70700", "2017-09-30": "227.59100", "2017-06-30": "232.19000", "2017-03-31": "145.51200", "2016-12-31": "190.14900", "2016-09-30": "198.71900", "2016-06-30": "236.10300", "2016-03-31": "76.47200", "2015-12-31": "163.12700", "2015-09-30": "83.53400", "2015-06-30": "130.39100", "2015-03-31": "125.11400", "2014-12-31": "191.09100", "2014-09-30": "157.99600", "2014-06-30": "198.29600", "2014-03-31": "136.66400", "2013-12-31": "144.95900", "2013-09-30": "137.95500", "2013-06-30": "-49.61200", "2013-03-31": "185.53500", "2012-12-31": "222.98900", "2012-09-30": "144.47500", "2012-06-30": "141.11100", "2012-03-31": "123.31800", "2011-12-31": "138.57900", "2011-09-30": "134.60200", "2011-06-30": "123.94400", "2011-03-31": "148.92000", "2010-12-31": "158.05200", "2010-09-30": "128.23200", "2010-06-30": "127.01900", "2010-03-31": "122.43900", "2009-12-31": "112.40900", "2009-09-30": "118.20800", "2009-06-30": "153.17900", "2009-03-31": "23.29000", "2008-12-31": "9.36100", "2008-09-30": "25.22800", "2008-06-30": "110.70200", "2008-03-31": "31.50500", "2007-12-31": "63.58600", "2007-09-30": "76.52100", "2007-06-30": "77.47500", "2007-03-31": "76.25200", "2006-12-31": "81.47400", "2006-09-30": "74.03500", "2006-06-30": "63.63100", "2006-03-31": "69.07000", "2005-12-31": "68.17700", "2005-09-30": "67.62900", "2005-06-30": "21.81700", "2005-03-31": "66.55700"}, "EBITDA": {"2020-09-30": "332.00000", "2020-06-30": "248.00000", "2020-03-31": "-57.00000", "2019-12-31": "363.00000", "2019-09-30": "401.00000", "2019-06-30": "305.00000", "2019-03-31": "259.00000", "2018-12-31": "195.84870", "2018-09-30": "344.57620", "2018-06-30": "308.33220", "2018-03-31": "162.24300", "2017-12-31": "322.69670", "2017-09-30": "344.54120", "2017-06-30": "358.37190", "2017-03-31": "240.38990", "2016-12-31": "312.77350", "2016-09-30": "330.62420", "2016-06-30": "359.84010", "2016-03-31": "137.05790", "2015-12-31": "264.25890", "2015-09-30": "158.14200", "2015-06-30": "237.54420", "2015-03-31": "204.15700", "2014-12-31": "263.83120", "2014-09-30": "241.78390", "2014-06-30": "312.17320", "2014-03-31": "211.73600", "2013-12-31": "242.26450", "2013-09-30": "208.19910", "2013-06-30": "-63.35470", "2013-03-31": "287.35410", "2012-12-31": "331.22050", "2012-09-30": "241.92610", "2012-06-30": "208.06390", "2012-03-31": "171.77100", "2011-12-31": "149.13610", "2011-09-30": "153.91700", "2011-06-30": "175.42600", "2011-03-31": "227.43300", "2010-12-31": "205.43000", "2010-09-30": "184.30590", "2010-06-30": "177.22700", "2010-03-31": "193.73710", "2009-12-31": "143.85120", "2009-09-30": "156.25810", "2009-06-30": "211.62500", "2009-03-31": "24.29480", "2008-12-31": "33.05470", "2008-09-30": "26.37920", "2008-06-30": "171.84300", "2008-03-31": "64.05710", "2007-12-31": "125.36330", "2007-09-30": "119.99000", "2007-06-30": "140.02800", "2007-03-31": "142.81910", "2006-12-31": "145.86900", "2006-09-30": "134.79310", "2006-06-30": "90.00700", "2006-03-31": "115.83610", "2005-12-31": "104.54580", "2005-09-30": "114.18700", "2005-06-30": "17.88100", "2005-03-31": "120.87200"}, "EBIT": {"2020-09-30": "332.00000", "2020-06-30": "241.00000", "2020-03-31": "-49.00000", "2019-12-31": "358.00000", "2019-09-30": "400.00000", "2019-06-30": "311.00000", "2019-03-31": "265.00000", "2018-12-31": "184.84770", "2018-09-30": "363.41820", "2018-06-30": "291.75320", "2018-03-31": "182.98100", "2017-12-31": "300.85400", "2017-09-30": "384.69020", "2017-06-30": "375.43990", "2017-03-31": "257.01590", "2016-12-31": "343.39530", "2016-09-30": "337.14720", "2016-06-30": "380.14110", "2016-03-31": "146.71190", "2015-12-31": "248.74460", "2015-09-30": "180.83500", "2015-06-30": "254.89920", "2015-03-31": "225.82300", "2014-12-31": "270.79370", "2014-09-30": "270.45090", "2014-06-30": "338.33720", "2014-03-31": "237.09300", "2013-12-31": "267.12430", "2013-09-30": "235.22410", "2013-06-30": "-42.18970", "2013-03-31": "309.85110", "2012-12-31": "353.36350", "2012-09-30": "234.22310", "2012-06-30": "242.12990", "2012-03-31": "207.05200", "2011-12-31": "221.49610", "2011-09-30": "186.49000", "2011-06-30": "216.08800", "2011-03-31": "254.52600", "2010-12-31": "244.88570", "2010-09-30": "224.40490", "2010-06-30": "225.17300", "2010-03-31": "210.57010", "2009-12-31": "185.01640", "2009-09-30": "189.82510", "2009-06-30": "237.07500", "2009-03-31": "58.63680", "2008-12-31": "49.17760", "2008-09-30": "49.33220", "2008-06-30": "199.51000", "2008-03-31": "87.25610", "2007-12-31": "146.69690", "2007-09-30": "144.63700", "2007-06-30": "160.15100", "2007-03-31": "152.37010", "2006-12-31": "158.68790", "2006-09-30": "148.69410", "2006-06-30": "104.74300", "2006-03-31": "127.72410", "2005-12-31": "115.27390", "2005-09-30": "127.47200", "2005-06-30": "28.90000", "2005-03-31": "126.12800"}, "Basic Shares Outstanding": {"2020-09-30": "68.00000", "2020-06-30": "63.00000", "2020-03-31": "62.00000", "2019-12-31": "62.68400", "2019-09-30": "63.00000", "2019-06-30": "63.00000", "2019-03-31": "63.00000", "2018-12-31": "63.65800", "2018-09-30": "63.27900", "2018-06-30": "64.07100", "2018-03-31": "64.49000", "2017-12-31": "64.42700", "2017-09-30": "64.48800", "2017-06-30": "64.44900", "2017-03-31": "64.35300", "2016-12-31": "64.27400", "2016-09-30": "64.14600", "2016-06-30": "64.12600", "2016-03-31": "64.56800", "2015-12-31": "66.55300", "2015-09-30": "66.20500", "2015-06-30": "66.35100", "2015-03-31": "68.14100", "2014-12-31": "69.24800", "2014-09-30": "68.64300", "2014-06-30": "69.07600", "2014-03-31": "70.57400", "2013-12-31": "71.91700", "2013-09-30": "70.86500", "2013-06-30": "72.35000", "2013-03-31": "73.83800", "2012-12-31": "73.73700", "2012-09-30": "73.77600", "2012-06-30": "73.71800", "2012-03-31": "73.57500", "2011-12-31": "73.58600", "2011-09-30": "73.85600", "2011-06-30": "73.97100", "2011-03-31": "73.21300", "2010-12-31": "73.15700", "2010-09-30": "73.16200", "2010-06-30": "73.14100", "2010-03-31": "73.04600", "2009-12-31": "72.79000", "2009-09-30": "72.78100", "2009-06-30": "72.77000", "2009-03-31": "72.71000", "2008-12-31": "63.91800", "2008-09-30": "62.32300", "2008-06-30": "62.28300", "2008-03-31": "62.14600", "2007-12-31": "61.85700", "2007-09-30": "61.99500", "2007-06-30": "61.89800", "2007-03-31": "61.52000", "2006-12-31": "61.25000", "2006-09-30": "61.29000", "2006-06-30": "61.18500", "2006-03-31": "61.13800", "2005-12-31": "62.54500", "2005-09-30": "62.64000", "2005-06-30": "62.62800", "2005-03-31": "62.55300"}, "Shares Outstanding": {"2020-09-30": "68.00000", "2020-06-30": "64.00000", "2020-03-31": "63.00000", "2019-12-31": "63.88200", "2019-09-30": "64.00000", "2019-06-30": "64.00000", "2019-03-31": "64.00000", "2018-12-31": "65.09400", "2018-09-30": "64.29600", "2018-06-30": "65.25000", "2018-03-31": "65.87200", "2017-12-31": "65.75300", "2017-09-30": "65.65300", "2017-06-30": "65.60800", "2017-03-31": "65.67100", "2016-12-31": "64.98900", "2016-09-30": "64.81500", "2016-06-30": "64.79600", "2016-03-31": "65.21700", "2015-12-31": "67.29200", "2015-09-30": "66.88200", "2015-06-30": "67.12000", "2015-03-31": "68.94200", "2014-12-31": "69.96200", "2014-09-30": "69.33500", "2014-06-30": "69.71800", "2014-03-31": "71.26400", "2013-12-31": "72.46100", "2013-09-30": "71.39100", "2013-06-30": "72.35000", "2013-03-31": "74.38900", "2012-12-31": "74.15300", "2012-09-30": "74.13800", "2012-06-30": "74.05400", "2012-03-31": "74.04300", "2011-12-31": "74.10800", "2011-09-30": "74.25400", "2011-06-30": "74.53000", "2011-03-31": "73.83600", "2010-12-31": "74.69400", "2010-09-30": "74.42000", "2010-06-30": "74.72100", "2010-03-31": "74.57800", "2009-12-31": "73.32700", "2009-09-30": "73.28600", "2009-06-30": "72.93900", "2009-03-31": "72.88400", "2008-12-31": "65.27100", "2008-09-30": "63.60700", "2008-06-30": "63.98200", "2008-03-31": "64.23000", "2007-12-31": "64.23100", "2007-09-30": "64.21200", "2007-06-30": "64.54100", "2007-03-31": "63.89500", "2006-12-31": "63.06200", "2006-09-30": "63.10500", "2006-06-30": "62.70900", "2006-03-31": "62.61700", "2005-12-31": "63.72400", "2005-09-30": "63.65300", "2005-06-30": "63.76400", "2005-03-31": "63.85400"}, "Basic EPS": {"2020-09-30": "3.13000", "2020-06-30": "2.49000", "2020-03-31": "-1.41000", "2019-12-31": "3.76000", "2019-09-30": "4.19000", "2019-06-30": "3.23000", "2019-03-31": "2.70000", "2018-12-31": "1.75000", "2018-09-30": "4.76000", "2018-06-30": "3.19000", "2018-03-31": "1.55000", "2017-12-31": "18.89000", "2017-09-30": "3.53000", "2017-06-30": "3.60000", "2017-03-31": "2.26000", "2016-12-31": "2.95000", "2016-09-30": "3.10000", "2016-06-30": "3.68000", "2016-03-31": "1.18000", "2015-12-31": "2.48000", "2015-09-30": "1.26000", "2015-06-30": "1.97000", "2015-03-31": "1.84000", "2014-12-31": "2.77000", "2014-09-30": "2.30000", "2014-06-30": "2.87000", "2014-03-31": "1.94000", "2013-12-31": "2.05000", "2013-09-30": "1.95000", "2013-06-30": "-0.69000", "2013-03-31": "2.51000", "2012-12-31": "3.02000", "2012-09-30": "1.96000", "2012-06-30": "1.91000", "2012-03-31": "1.68000", "2011-12-31": "1.89000", "2011-09-30": "1.82000", "2011-06-30": "1.68000", "2011-03-31": "2.03000", "2010-12-31": "2.15000", "2010-09-30": "1.75000", "2010-06-30": "1.74000", "2010-03-31": "1.68000", "2009-12-31": "1.54000", "2009-09-30": "1.62000", "2009-06-30": "2.11000", "2009-03-31": "0.32000", "2008-12-31": "0.08000", "2008-09-30": "0.40000", "2008-06-30": "1.78000", "2008-03-31": "0.51000", "2007-12-31": "1.03000", "2007-09-30": "1.23000", "2007-06-30": "1.25000", "2007-03-31": "1.24000", "2006-12-31": "1.33000", "2006-09-30": "1.21000", "2006-06-30": "1.04000", "2006-03-31": "1.13000", "2005-12-31": "1.09000", "2005-09-30": "1.08000", "2005-06-30": "0.35000", "2005-03-31": "1.06000"}, "EPS - Earnings Per Share": {"2020-09-30": "3.12000", "2020-06-30": "2.48000", "2020-03-31": "-1.41000", "2019-12-31": "3.67000", "2019-09-30": "4.12000", "2019-06-30": "3.18000", "2019-03-31": "2.65000", "2018-12-31": "1.67000", "2018-09-30": "4.68000", "2018-06-30": "3.13000", "2018-03-31": "1.52000", "2017-12-31": "18.48000", "2017-09-30": "3.47000", "2017-06-30": "3.54000", "2017-03-31": "2.22000", "2016-12-31": "2.91000", "2016-09-30": "3.07000", "2016-06-30": "3.64000", "2016-03-31": "1.17000", "2015-12-31": "2.46000", "2015-09-30": "1.25000", "2015-06-30": "1.94000", "2015-03-31": "1.81000", "2014-12-31": "2.74000", "2014-09-30": "2.28000", "2014-06-30": "2.84000", "2014-03-31": "1.92000", "2013-12-31": "2.05000", "2013-09-30": "1.93000", "2013-06-30": "-0.69000", "2013-03-31": "2.49000", "2012-12-31": "2.99000", "2012-09-30": "1.95000", "2012-06-30": "1.91000", "2012-03-31": "1.67000", "2011-12-31": "1.88000", "2011-09-30": "1.81000", "2011-06-30": "1.66000", "2011-03-31": "2.02000", "2010-12-31": "2.11000", "2010-09-30": "1.72000", "2010-06-30": "1.70000", "2010-03-31": "1.64000", "2009-12-31": "1.52000", "2009-09-30": "1.61000", "2009-06-30": "2.10000", "2009-03-31": "0.32000", "2008-12-31": "0.09000", "2008-09-30": "0.40000", "2008-06-30": "1.73000", "2008-03-31": "0.49000", "2007-12-31": "0.99000", "2007-09-30": "1.19000", "2007-06-30": "1.20000", "2007-03-31": "1.19000", "2006-12-31": "1.29000", "2006-09-30": "1.17000", "2006-06-30": "1.01000", "2006-03-31": "1.10000", "2005-12-31": "1.08000", "2005-09-30": "1.06000", "2005-06-30": "0.34000", "2005-03-31": "1.04000"}}, "balance sheet": {"Cash On Hand": {"2019-12-31": "1449.00000", "2018-12-31": "1890.00000", "2017-12-31": "1303.52400", "2016-12-31": "1200.71800", "2015-12-31": "1525.27500", "2014-12-31": "1645.66900", "2013-12-31": "923.64700", "2012-12-31": "1259.89200", "2011-12-31": "962.87000", "2010-12-31": "463.66100", "2009-12-31": "512.02700", "2008-12-31": "875.40300", "2007-12-31": "404.35100", "2006-12-31": "160.42800", "2005-12-31": "128.69200"}, "Receivables": {"2019-12-31": "4337.00000", "2018-12-31": "4204.00000", "2017-12-31": "3513.22900", "2016-12-31": "2961.90000", "2015-12-31": "2774.81500", "2014-12-31": "2367.03100", "2013-12-31": "2301.95100", "2012-12-31": "2178.33200", "2011-12-31": "1830.10000", "2010-12-31": "1935.25200", "2009-12-31": "1674.02300", "2008-12-31": "1462.81400", "2007-12-31": "1517.07800", "2006-12-31": "1327.16900", "2005-12-31": "1177.58700"}, "Inventory": {"2019-12-31": "", "2018-12-31": "", "2017-12-31": "", "2016-12-31": "", "2015-12-31": "", "2014-12-31": "", "2013-12-31": "", "2012-12-31": "", "2011-12-31": "", "2010-12-31": "", "2009-12-31": "", "2008-12-31": "", "2007-12-31": "", "2006-12-31": "", "2005-12-31": ""}, "Pre-Paid Expenses": {"2019-12-31": "", "2018-12-31": "", "2017-12-31": "", "2016-12-31": "", "2015-12-31": "", "2014-12-31": "", "2013-12-31": "", "2012-12-31": "", "2011-12-31": "", "2010-12-31": "", "2009-12-31": "", "2008-12-31": "", "2007-12-31": "", "2006-12-31": "", "2005-12-31": ""}, "Other Current Assets": {"2019-12-31": "", "2018-12-31": "", "2017-12-31": "", "2016-12-31": "", "2015-12-31": "", "2014-12-31": "", "2013-12-31": "", "2012-12-31": "", "2011-12-31": "", "2010-12-31": "", "2009-12-31": "", "2008-12-31": "", "2007-12-31": "", "2006-12-31": "", "2005-12-31": ""}, "Total Current Assets": {"2019-12-31": "5786.00000", "2018-12-31": "6094.00000", "2017-12-31": "4816.75300", "2016-12-31": "4162.61800", "2015-12-31": "4300.09000", "2014-12-31": "4012.70000", "2013-12-31": "3225.59800", "2012-12-31": "3438.22400", "2011-12-31": "2792.97000", "2010-12-31": "2398.91300", "2009-12-31": "2186.05000", "2008-12-31": "2338.21700", "2007-12-31": "1921.42900", "2006-12-31": "1487.59700", "2005-12-31": "1306.27900"}, "Property, Plant, And Equipment": {"2019-12-31": "", "2018-12-31": "", "2017-12-31": "", "2016-12-31": "", "2015-12-31": "", "2014-12-31": "", "2013-12-31": "", "2012-12-31": "", "2011-12-31": "", "2010-12-31": "", "2009-12-31": "", "2008-12-31": "", "2007-12-31": "", "2006-12-31": "", "2005-12-31": ""}, "Long-Term Investments": {"2019-12-31": "66555.00000", "2018-12-31": "54204.00000", "2017-12-31": "51691.15000", "2016-12-31": "44841.32000", "2015-12-31": "41978.26000", "2014-12-31": "36696.07000", "2013-12-31": "32441.11000", "2012-12-31": "32912.18000", "2011-12-31": "24964.61000", "2010-12-31": "22666.57000", "2009-12-31": "19224.09000", "2008-12-31": "15610.74000", "2007-12-31": "16397.69000", "2006-12-31": "14612.90000", "2005-12-31": "12331.46000"}, "Goodwill And Intangible Assets": {"2019-12-31": "", "2018-12-31": "", "2017-12-31": "", "2016-12-31": "", "2015-12-31": "", "2014-12-31": "", "2013-12-31": "", "2012-12-31": "", "2011-12-31": "", "2010-12-31": "", "2009-12-31": "", "2008-12-31": "", "2007-12-31": "", "2006-12-31": "", "2005-12-31": ""}, "Other Long-Term Assets": {"2019-12-31": "878.00000", "2018-12-31": "839.00000", "2017-12-31": "767.08800", "2016-12-31": "755.33800", "2015-12-31": "712.36600", "2014-12-31": "602.95700", "2013-12-31": "489.97200", "2012-12-31": "390.75700", "2011-12-31": "332.46600", "2010-12-31": "289.98400", "2009-12-31": "140.38700", "2008-12-31": "99.53000", "2007-12-31": "116.93900", "2006-12-31": "128.28700", "2005-12-31": "90.50200"}, "Total Long-Term Assets": {"2019-12-31": "70945.00000", "2018-12-31": "58441.00000", "2017-12-31": "55698.07000", "2016-12-31": "48935.26000", "2015-12-31": "46083.06000", "2014-12-31": "40641.60000", "2013-12-31": "36448.88000", "2012-12-31": "36922.21000", "2011-12-31": "28841.00000", "2010-12-31": "26683.00000", "2009-12-31": "23063.45000", "2008-12-31": "19320.60000", "2007-12-31": "19676.58000", "2006-12-31": "17549.24000", "2005-12-31": "14887.59000"}, "Total Assets": {"2019-12-31": "76731.00000", "2018-12-31": "64535.00000", "2017-12-31": "60514.82000", "2016-12-31": "53097.88000", "2015-12-31": "50383.15000", "2014-12-31": "44654.30000", "2013-12-31": "39674.47000", "2012-12-31": "40360.44000", "2011-12-31": "31633.97000", "2010-12-31": "29081.91000", "2009-12-31": "25249.50000", "2008-12-31": "21658.82000", "2007-12-31": "21598.01000", "2006-12-31": "19036.84000", "2005-12-31": "16193.87000"}, "Total Current Liabilities": {"2019-12-31": "57651.00000", "2018-12-31": "49420.00000", "2017-12-31": "44071.70000", "2016-12-31": "38262.94000", "2015-12-31": "37667.66000", "2014-12-31": "31199.12000", "2013-12-31": "28661.23000", "2012-12-31": "28120.24000", "2011-12-31": "21257.95000", "2010-12-31": "19980.79000", "2009-12-31": "17750.27000", "2008-12-31": "16219.13000", "2007-12-31": "15276.90000", "2006-12-31": "13529.85000", "2005-12-31": "12064.31000"}, "Long Term Debt": {"2019-12-31": "2981.00000", "2018-12-31": "2788.00000", "2017-12-31": "2788.36500", "2016-12-31": "3088.63500", "2015-12-31": "2297.54800", "2014-12-31": "2297.70400", "2013-12-31": "2214.35000", "2012-12-31": "1815.25300", "2011-12-31": "1414.68800", "2010-12-31": "1016.42500", "2009-12-31": "1216.05200", "2008-12-31": "918.24600", "2007-12-31": "896.06500", "2006-12-31": "676.16500", "2005-12-31": "674.39200"}, "Other Non-Current Liabilities": {"2019-12-31": "1188.00000", "2018-12-31": "1396.00000", "2017-12-31": "1886.91300", "2016-12-31": "1882.58000", "2015-12-31": "1165.07100", "2014-12-31": "1768.20900", "2013-12-31": "1025.78700", "2012-12-31": "1394.25900", "2011-12-31": "1462.80700", "2010-12-31": "1487.96200", "2009-12-31": "1642.81200", "2008-12-31": "1435.23400", "2007-12-31": "1315.71900", "2006-12-31": "1027.89200", "2005-12-31": "117.10100"}, "Total Long Term Liabilities": {"2019-12-31": "7479.00000", "2018-12-31": "6665.00000", "2017-12-31": "6873.58700", "2016-12-31": "7741.85500", "2015-12-31": "6580.10800", "2014-12-31": "6431.73000", "2013-12-31": "5077.71400", "2012-12-31": "5330.01300", "2011-12-31": "4557.32900", "2010-12-31": "4060.55500", "2009-12-31": "3631.30300", "2008-12-31": "2822.87500", "2007-12-31": "3131.27800", "2006-12-31": "2691.60600", "2005-12-31": "1602.07000"}, "Total Liabilities": {"2019-12-31": "65130.00000", "2018-12-31": "56085.00000", "2017-12-31": "50945.28000", "2016-12-31": "46004.80000", "2015-12-31": "44247.77000", "2014-12-31": "37630.85000", "2013-12-31": "33738.95000", "2012-12-31": "33450.25000", "2011-12-31": "25815.28000", "2010-12-31": "24041.34000", "2009-12-31": "21381.57000", "2008-12-31": "19042.01000", "2007-12-31": "18408.18000", "2006-12-31": "16221.45000", "2005-12-31": "13666.38000"}, "Common Stock Net": {"2019-12-31": "1.00000", "2018-12-31": "1.00000", "2017-12-31": "0.79100", "2016-12-31": "0.79100", "2015-12-31": "0.79100", "2014-12-31": "0.79100", "2013-12-31": "0.79100", "2012-12-31": "0.79100", "2011-12-31": "0.79100", "2010-12-31": "0.73400", "2009-12-31": "0.73400", "2008-12-31": "0.73400", "2007-12-31": "0.63100", "2006-12-31": "0.63100", "2005-12-31": "0.63100"}, "Retained Earnings (Accumulated Deficit)": {"2019-12-31": "7952.00000", "2018-12-31": "7285.00000", "2017-12-31": "6736.26500", "2016-12-31": "5199.13000", "2015-12-31": "4620.30300", "2014-12-31": "4239.64700", "2013-12-31": "3659.93800", "2012-12-31": "3357.25500", "2011-12-31": "2818.42900", "2010-12-31": "2587.40300", "2009-12-31": "2055.54900", "2008-12-31": "1682.08700", "2007-12-31": "1540.12200", "2006-12-31": "1307.74300", "2005-12-31": "1048.21500"}, "Comprehensive Income": {"2019-12-31": "3137.00000", "2018-12-31": "636.00000", "2017-12-31": "2063.63100", "2016-12-31": "1139.32900", "2015-12-31": "708.28400", "2014-12-31": "1657.12900", "2013-12-31": "1005.60700", "2012-12-31": "2108.90200", "2011-12-31": "1618.15300", "2010-12-31": "907.41500", "2009-12-31": "299.20900", "2008-12-31": "-533.61300", "2007-12-31": "535.15700", "2006-12-31": "444.64800", "2005-12-31": "446.94200"}, "Other Share Holders Equity": {"2019-12-31": "", "2018-12-31": "", "2017-12-31": "", "2016-12-31": "", "2015-12-31": "", "2014-12-31": "", "2013-12-31": "", "2012-12-31": "", "2011-12-31": "", "2010-12-31": "", "2009-12-31": "", "2008-12-31": "-14.65800", "2007-12-31": "-8.35100", "2006-12-31": "-11.29700", "2005-12-31": ""}, "Share Holder Equity": {"2019-12-31": "11601.00000", "2018-12-31": "8450.00000", "2017-12-31": "9569.53500", "2016-12-31": "7093.08200", "2015-12-31": "6135.38100", "2014-12-31": "7023.45200", "2013-12-31": "5935.52700", "2012-12-31": "6910.18700", "2011-12-31": "5818.69800", "2010-12-31": "5040.56700", "2009-12-31": "3867.92700", "2008-12-31": "2616.80800", "2007-12-31": "3189.83200", "2006-12-31": "2815.38400", "2005-12-31": "2527.48400"}, "Total Liabilities And Share Holders Equity": {"2019-12-31": "76731.00000", "2018-12-31": "64535.00000", "2017-12-31": "60514.82000", "2016-12-31": "53097.88000", "2015-12-31": "50383.15000", "2014-12-31": "44654.30000", "2013-12-31": "39674.47000", "2012-12-31": "40360.44000", "2011-12-31": "31633.97000", "2010-12-31": "29081.91000", "2009-12-31": "25249.50000", "2008-12-31": "21658.82000", "2007-12-31": "21598.01000", "2006-12-31": "19036.84000", "2005-12-31": "16193.87000"}}, "balance sheet, quarterly": {"Cash On Hand": {"2020-09-30": "3256.00000", "2020-06-30": "4313.00000", "2020-03-31": "2820.00000", "2019-12-31": "1449.00000", "2019-09-30": "2635.59600", "2019-06-30": "2287.52600", "2019-03-31": "2020.39600", "2018-12-31": "1890.00000", "2018-09-30": "1730.48900", "2018-06-30": "1397.67900", "2018-03-31": "1510.40700", "2017-12-31": "1303.52400", "2017-09-30": "1204.59000", "2017-06-30": "1123.35000", "2017-03-31": "1178.11400", "2016-12-31": "1200.71800", "2016-09-30": "1379.69300", "2016-06-30": "1034.32900", "2016-03-31": "1502.08200", "2015-12-31": "1525.27500", "2015-09-30": "1747.69200", "2015-06-30": "1335.66100", "2015-03-31": "1083.17900", "2014-12-31": "1645.66900", "2014-09-30": "1118.74500", "2014-06-30": "1378.11700", "2014-03-31": "1127.13200", "2013-12-31": "923.64700", "2013-09-30": "1423.23500", "2013-06-30": "973.61900", "2013-03-31": "1001.84100", "2012-12-31": "1259.89200", "2012-09-30": "1603.73000", "2012-06-30": "957.34100", "2012-03-31": "873.93300", "2011-12-31": "962.87000", "2011-09-30": "802.65100", "2011-06-30": "710.97300", "2011-03-31": "467.67200", "2010-12-31": "463.66100", "2010-09-30": "634.07500", "2010-06-30": "557.75600", "2010-03-31": "525.36000", "2009-12-31": "512.02700", "2009-09-30": "546.88200", "2009-06-30": "416.94700", "2009-03-31": "586.54200", "2008-12-31": "875.40300", "2008-09-30": "412.25500", "2008-06-30": "362.68900", "2008-03-31": "304.08300", "2007-12-31": "404.35100", "2007-09-30": "451.02700", "2007-06-30": "414.88800", "2007-03-31": "315.22200", "2006-12-31": "160.42800", "2006-09-30": "244.58400", "2006-06-30": "279.02000", "2006-03-31": "430.74000", "2005-12-31": "128.69200", "2005-09-30": "142.07200", "2005-06-30": "159.11100", "2005-03-31": "135.02200"}, "Receivables": {"2020-09-30": "4289.00000", "2020-06-30": "4291.00000", "2020-03-31": "4235.00000", "2019-12-31": "4337.00000", "2019-09-30": "4201.03700", "2019-06-30": "4266.27400", "2019-03-31": "4115.43500", "2018-12-31": "4204.00000", "2018-09-30": "4004.17600", "2018-06-30": "3806.97100", "2018-03-31": "3839.40700", "2017-12-31": "3513.22900", "2017-09-30": "3611.00600", "2017-06-30": "3392.00400", "2017-03-31": "3129.34900", "2016-12-31": "2961.90000", "2016-09-30": "2921.10500", "2016-06-30": "2968.19500", "2016-03-31": "2939.21600", "2015-12-31": "2774.81500", "2015-09-30": "2556.36600", "2015-06-30": "2551.74000", "2015-03-31": "2459.27200", "2014-12-31": "2367.03100", "2014-09-30": "2394.57700", "2014-06-30": "2453.09700", "2014-03-31": "2283.56900", "2013-12-31": "2301.95100", "2013-09-30": "2107.88800", "2013-06-30": "2132.71200", "2013-03-31": "2091.92300", "2012-12-31": "2178.33200", "2012-09-30": "2053.68900", "2012-06-30": "1913.49600", "2012-03-31": "1902.47100", "2011-12-31": "1830.10000", "2011-09-30": "1978.21900", "2011-06-30": "1986.57300", "2011-03-31": "1949.76900", "2010-12-31": "1935.25200", "2010-09-30": "1955.48100", "2010-06-30": "1765.01000", "2010-03-31": "1752.77200", "2009-12-31": "1674.02300", "2009-09-30": "1675.22400", "2009-06-30": "1601.98000", "2009-03-31": "1522.52300", "2008-12-31": "1462.81400", "2008-09-30": "1576.32400", "2008-06-30": "1659.28600", "2008-03-31": "1629.70200", "2007-12-31": "1517.07800", "2007-09-30": "1573.93000", "2007-06-30": "1363.31300", "2007-03-31": "1328.68100", "2006-12-31": "1327.16900", "2006-09-30": "1286.80700", "2006-06-30": "1323.99400", "2006-03-31": "1208.06400", "2005-12-31": "1177.58700", "2005-09-30": "1146.52100", "2005-06-30": "1151.51300", "2005-03-31": "1066.71500"}, "Inventory": {"2020-09-30": "", "2020-06-30": "", "2020-03-31": "", "2019-12-31": "", "2019-09-30": "", "2019-06-30": "", "2019-03-31": "", "2018-12-31": "", "2018-09-30": "", "2018-06-30": "", "2018-03-31": "", "2017-12-31": "", "2017-09-30": "", "2017-06-30": "", "2017-03-31": "", "2016-12-31": "", "2016-09-30": "", "2016-06-30": "", "2016-03-31": "", "2015-12-31": "", "2015-09-30": "", "2015-06-30": "", "2015-03-31": "", "2014-12-31": "", "2014-09-30": "", "2014-06-30": "", "2014-03-31": "", "2013-12-31": "", "2013-09-30": "", "2013-06-30": "", "2013-03-31": "", "2012-12-31": "", "2012-09-30": "", "2012-06-30": "", "2012-03-31": "", "2011-12-31": "", "2011-09-30": "", "2011-06-30": "", "2011-03-31": "", "2010-12-31": "", "2010-09-30": "", "2010-06-30": "", "2010-03-31": "", "2009-12-31": "", "2009-09-30": "", "2009-06-30": "", "2009-03-31": "", "2008-12-31": "", "2008-09-30": "", "2008-06-30": "", "2008-03-31": "", "2007-12-31": "", "2007-09-30": "", "2007-06-30": "", "2007-03-31": "", "2006-12-31": "", "2006-09-30": "", "2006-06-30": "", "2006-03-31": "", "2005-12-31": "", "2005-09-30": "", "2005-06-30": "", "2005-03-31": ""}, "Pre-Paid Expenses": {"2020-09-30": "", "2020-06-30": "", "2020-03-31": "", "2019-12-31": "", "2019-09-30": "", "2019-06-30": "", "2019-03-31": "", "2018-12-31": "", "2018-09-30": "", "2018-06-30": "", "2018-03-31": "", "2017-12-31": "", "2017-09-30": "", "2017-06-30": "", "2017-03-31": "", "2016-12-31": "", "2016-09-30": "", "2016-06-30": "", "2016-03-31": "", "2015-12-31": "", "2015-09-30": "", "2015-06-30": "", "2015-03-31": "", "2014-12-31": "", "2014-09-30": "", "2014-06-30": "", "2014-03-31": "", "2013-12-31": "", "2013-09-30": "", "2013-06-30": "", "2013-03-31": "", "2012-12-31": "", "2012-09-30": "", "2012-06-30": "", "2012-03-31": "", "2011-12-31": "", "2011-09-30": "", "2011-06-30": "", "2011-03-31": "", "2010-12-31": "", "2010-09-30": "", "2010-06-30": "", "2010-03-31": "", "2009-12-31": "", "2009-09-30": "", "2009-06-30": "", "2009-03-31": "", "2008-12-31": "", "2008-09-30": "", "2008-06-30": "", "2008-03-31": "", "2007-12-31": "", "2007-09-30": "", "2007-06-30": "", "2007-03-31": "", "2006-12-31": "", "2006-09-30": "", "2006-06-30": "", "2006-03-31": "", "2005-12-31": "", "2005-09-30": "", "2005-06-30": "", "2005-03-31": ""}, "Other Current Assets": {"2020-09-30": "", "2020-06-30": "", "2020-03-31": "", "2019-12-31": "", "2019-09-30": "", "2019-06-30": "", "2019-03-31": "", "2018-12-31": "", "2018-09-30": "", "2018-06-30": "", "2018-03-31": "", "2017-12-31": "", "2017-09-30": "", "2017-06-30": "", "2017-03-31": "", "2016-12-31": "", "2016-09-30": "", "2016-06-30": "", "2016-03-31": "", "2015-12-31": "", "2015-09-30": "", "2015-06-30": "", "2015-03-31": "", "2014-12-31": "", "2014-09-30": "", "2014-06-30": "", "2014-03-31": "", "2013-12-31": "", "2013-09-30": "", "2013-06-30": "", "2013-03-31": "", "2012-12-31": "", "2012-09-30": "", "2012-06-30": "", "2012-03-31": "", "2011-12-31": "", "2011-09-30": "", "2011-06-30": "", "2011-03-31": "", "2010-12-31": "", "2010-09-30": "", "2010-06-30": "", "2010-03-31": "", "2009-12-31": "", "2009-09-30": "", "2009-06-30": "", "2009-03-31": "", "2008-12-31": "", "2008-09-30": "", "2008-06-30": "", "2008-03-31": "", "2007-12-31": "", "2007-09-30": "", "2007-06-30": "", "2007-03-31": "", "2006-12-31": "", "2006-09-30": "", "2006-06-30": "", "2006-03-31": "", "2005-12-31": "", "2005-09-30": "", "2005-06-30": "", "2005-03-31": ""}, "Total Current Assets": {"2020-09-30": "7545.00000", "2020-06-30": "8604.00000", "2020-03-31": "7055.00000", "2019-12-31": "5786.00000", "2019-09-30": "6836.63300", "2019-06-30": "6553.80000", "2019-03-31": "6135.83100", "2018-12-31": "6094.00000", "2018-09-30": "5734.66500", "2018-06-30": "5204.65000", "2018-03-31": "5349.81300", "2017-12-31": "4816.75300", "2017-09-30": "4815.59600", "2017-06-30": "4515.35400", "2017-03-31": "4307.46300", "2016-12-31": "4162.61800", "2016-09-30": "4300.79800", "2016-06-30": "4002.52400", "2016-03-31": "4441.29800", "2015-12-31": "4300.09000", "2015-09-30": "4304.05800", "2015-06-30": "3887.40100", "2015-03-31": "3542.45100", "2014-12-31": "4012.70000", "2014-09-30": "3513.32200", "2014-06-30": "3831.21400", "2014-03-31": "3410.70100", "2013-12-31": "3225.59800", "2013-09-30": "3531.12300", "2013-06-30": "3106.33100", "2013-03-31": "3093.76400", "2012-12-31": "3438.22400", "2012-09-30": "3657.41900", "2012-06-30": "2870.83700", "2012-03-31": "2776.40400", "2011-12-31": "2792.97000", "2011-09-30": "2780.87000", "2011-06-30": "2697.54600", "2011-03-31": "2417.44100", "2010-12-31": "2398.91300", "2010-09-30": "2589.55600", "2010-06-30": "2322.76600", "2010-03-31": "2278.13200", "2009-12-31": "2186.05000", "2009-09-30": "2222.10600", "2009-06-30": "2018.92700", "2009-03-31": "2109.06500", "2008-12-31": "2338.21700", "2008-09-30": "1988.57900", "2008-06-30": "2021.97500", "2008-03-31": "1933.78500", "2007-12-31": "1921.42900", "2007-09-30": "2024.95700", "2007-06-30": "1778.20100", "2007-03-31": "1643.90300", "2006-12-31": "1487.59700", "2006-09-30": "1531.39100", "2006-06-30": "1603.01400", "2006-03-31": "1638.80400", "2005-12-31": "1306.27900", "2005-09-30": "1288.59300", "2005-06-30": "1310.62400", "2005-03-31": "1201.73700"}, "Property, Plant, And Equipment": {"2020-09-30": "", "2020-06-30": "", "2020-03-31": "", "2019-12-31": "", "2019-09-30": "", "2019-06-30": "", "2019-03-31": "", "2018-12-31": "", "2018-09-30": "", "2018-06-30": "", "2018-03-31": "", "2017-12-31": "", "2017-09-30": "", "2017-06-30": "", "2017-03-31": "", "2016-12-31": "", "2016-09-30": "", "2016-06-30": "", "2016-03-31": "", "2015-12-31": "", "2015-09-30": "", "2015-06-30": "", "2015-03-31": "", "2014-12-31": "", "2014-09-30": "", "2014-06-30": "", "2014-03-31": "", "2013-12-31": "", "2013-09-30": "", "2013-06-30": "", "2013-03-31": "", "2012-12-31": "", "2012-09-30": "", "2012-06-30": "", "2012-03-31": "", "2011-12-31": "", "2011-09-30": "", "2011-06-30": "", "2011-03-31": "", "2010-12-31": "", "2010-09-30": "", "2010-06-30": "", "2010-03-31": "", "2009-12-31": "", "2009-09-30": "", "2009-06-30": "", "2009-03-31": "", "2008-12-31": "", "2008-09-30": "", "2008-06-30": "", "2008-03-31": "", "2007-12-31": "", "2007-09-30": "", "2007-06-30": "", "2007-03-31": "", "2006-12-31": "", "2006-09-30": "", "2006-06-30": "", "2006-03-31": "", "2005-12-31": "", "2005-09-30": "", "2005-06-30": "", "2005-03-31": ""}, "Long-Term Investments": {"2020-09-30": "70155.00000", "2020-06-30": "67641.00000", "2020-03-31": "63912.00000", "2019-12-31": "66555.00000", "2019-09-30": "64489.99000", "2019-06-30": "61037.61000", "2019-03-31": "56114.13000", "2018-12-31": "54204.00000", "2018-09-30": "53118.61000", "2018-06-30": "50500.63000", "2018-03-31": "51482.64000", "2017-12-31": "51691.15000", "2017-09-30": "49677.66000", "2017-06-30": "49447.22000", "2017-03-31": "45395.95000", "2016-12-31": "44841.32000", "2016-09-30": "46385.50000", "2016-06-30": "45760.84000", "2016-03-31": "43490.33000", "2015-12-31": "41978.26000", "2015-09-30": "38946.68000", "2015-06-30": "39601.75000", "2015-03-31": "37172.52000", "2014-12-31": "36696.07000", "2014-09-30": "35520.95000", "2014-06-30": "35401.32000", "2014-03-31": "33148.11000", "2013-12-31": "32441.11000", "2013-09-30": "31923.02000", "2013-06-30": "31758.52000", "2013-03-31": "32981.61000", "2012-12-31": "32912.18000", "2012-09-30": "32094.84000", "2012-06-30": "31506.85000", "2012-03-31": "25510.32000", "2011-12-31": "24964.61000", "2011-09-30": "24268.29000", "2011-06-30": "23888.32000", "2011-03-31": "23086.46000", "2010-12-31": "22666.57000", "2010-09-30": "22306.38000", "2010-06-30": "21049.17000", "2010-03-31": "20559.55000", "2009-12-31": "19224.09000", "2009-09-30": "18228.84000", "2009-06-30": "16897.22000", "2009-03-31": "15819.38000", "2008-12-31": "15610.74000", "2008-09-30": "16224.90000", "2008-06-30": "16806.62000", "2008-03-31": "16325.82000", "2007-12-31": "16397.69000", "2007-09-30": "15861.07000", "2007-06-30": "15496.92000", "2007-03-31": "15208.62000", "2006-12-31": "14612.90000", "2006-09-30": "14106.71000", "2006-06-30": "13434.59000", "2006-03-31": "12277.22000", "2005-12-31": "12331.46000", "2005-09-30": "11614.02000", "2005-06-30": "11182.10000", "2005-03-31": "10827.94000"}, "Goodwill And Intangible Assets": {"2020-09-30": "", "2020-06-30": "", "2020-03-31": "", "2019-12-31": "", "2019-09-30": "", "2019-06-30": "", "2019-03-31": "", "2018-12-31": "", "2018-09-30": "", "2018-06-30": "", "2018-03-31": "", "2017-12-31": "", "2017-09-30": "", "2017-06-30": "", "2017-03-31": "", "2016-12-31": "", "2016-09-30": "", "2016-06-30": "", "2016-03-31": "", "2015-12-31": "", "2015-09-30": "", "2015-06-30": "", "2015-03-31": "", "2014-12-31": "", "2014-09-30": "", "2014-06-30": "", "2014-03-31": "", "2013-12-31": "", "2013-09-30": "", "2013-06-30": "", "2013-03-31": "", "2012-12-31": "", "2012-09-30": "", "2012-06-30": "", "2012-03-31": "", "2011-12-31": "", "2011-09-30": "", "2011-06-30": "", "2011-03-31": "", "2010-12-31": "", "2010-09-30": "", "2010-06-30": "", "2010-03-31": "", "2009-12-31": "", "2009-09-30": "", "2009-06-30": "", "2009-03-31": "", "2008-12-31": "", "2008-09-30": "", "2008-06-30": "", "2008-03-31": "", "2007-12-31": "", "2007-09-30": "", "2007-06-30": "", "2007-03-31": "", "2006-12-31": "", "2006-09-30": "", "2006-06-30": "", "2006-03-31": "", "2005-12-31": "", "2005-09-30": "", "2005-06-30": "", "2005-03-31": ""}, "Other Long-Term Assets": {"2020-09-30": "893.00000", "2020-06-30": "919.00000", "2020-03-31": "1065.00000", "2019-12-31": "878.00000", "2019-09-30": "1035.87700", "2019-06-30": "1012.06200", "2019-03-31": "1037.93200", "2018-12-31": "839.00000", "2018-09-30": "908.21900", "2018-06-30": "855.55300", "2018-03-31": "876.52200", "2017-12-31": "767.08800", "2017-09-30": "885.54000", "2017-06-30": "841.40300", "2017-03-31": "801.85400", "2016-12-31": "755.33800", "2016-09-30": "740.10200", "2016-06-30": "711.40800", "2016-03-31": "764.48800", "2015-12-31": "712.36600", "2015-09-30": "1044.29900", "2015-06-30": "671.58400", "2015-03-31": "689.95200", "2014-12-31": "602.95700", "2014-09-30": "578.47100", "2014-06-30": "570.17100", "2014-03-31": "532.25100", "2013-12-31": "489.97200", "2013-09-30": "538.47700", "2013-06-30": "472.25800", "2013-03-31": "576.66000", "2012-12-31": "390.75700", "2012-09-30": "540.87900", "2012-06-30": "361.62700", "2012-03-31": "369.93000", "2011-12-31": "332.46600", "2011-09-30": "347.03500", "2011-06-30": "339.72400", "2011-03-31": "327.03900", "2010-12-31": "289.98400", "2010-09-30": "296.55500", "2010-06-30": "250.80700", "2010-03-31": "259.93000", "2009-12-31": "140.38700", "2009-09-30": "107.01600", "2009-06-30": "117.74800", "2009-03-31": "103.01400", "2008-12-31": "99.53000", "2008-09-30": "132.72000", "2008-06-30": "121.28200", "2008-03-31": "183.58900", "2007-12-31": "116.93900", "2007-09-30": "136.75100", "2007-06-30": "113.98400", "2007-03-31": "127.91100", "2006-12-31": "128.28700", "2006-09-30": "119.26900", "2006-06-30": "104.17000", "2006-03-31": "98.35000", "2005-12-31": "90.50200", "2005-09-30": "90.48600", "2005-06-30": "191.92800", "2005-03-31": "112.86200"}, "Total Long-Term Assets": {"2020-09-30": "74582.00000", "2020-06-30": "72125.00000", "2020-03-31": "68599.00000", "2019-12-31": "70945.00000", "2019-09-30": "68937.35000", "2019-06-30": "65490.02000", "2019-03-31": "60556.65000", "2018-12-31": "58441.00000", "2018-09-30": "57237.98000", "2018-06-30": "54561.85000", "2018-03-31": "55605.01000", "2017-12-31": "55698.07000", "2017-09-30": "53878.43000", "2017-06-30": "53622.72000", "2017-03-31": "49498.36000", "2016-12-31": "48935.26000", "2016-09-30": "50531.70000", "2016-06-30": "49874.18000", "2016-03-31": "47745.32000", "2015-12-31": "46083.06000", "2015-09-30": "43302.06000", "2015-06-30": "43572.88000", "2015-03-31": "41148.82000", "2014-12-31": "40641.60000", "2014-09-30": "39397.04000", "2014-06-30": "39339.84000", "2014-03-31": "37130.88000", "2013-12-31": "36448.88000", "2013-09-30": "35995.43000", "2013-06-30": "35684.29000", "2013-03-31": "37103.34000", "2012-12-31": "36922.21000", "2012-09-30": "36266.59000", "2012-06-30": "35473.49000", "2012-03-31": "29509.68000", "2011-12-31": "28841.00000", "2011-09-30": "28402.59000", "2011-06-30": "27961.73000", "2011-03-31": "27092.58000", "2010-12-31": "26683.00000", "2010-09-30": "26344.47000", "2010-06-30": "24897.84000", "2010-03-31": "24444.33000", "2009-12-31": "23063.45000", "2009-09-30": "21940.01000", "2009-06-30": "20630.42000", "2009-03-31": "19525.25000", "2008-12-31": "19320.60000", "2008-09-30": "19855.77000", "2008-06-30": "20388.19000", "2008-03-31": "19878.72000", "2007-12-31": "19676.58000", "2007-09-30": "19074.39000", "2007-06-30": "18556.23000", "2007-03-31": "18181.99000", "2006-12-31": "17549.24000", "2006-09-30": "16946.86000", "2006-06-30": "16213.65000", "2006-03-31": "14925.12000", "2005-12-31": "14887.59000", "2005-09-30": "14161.32000", "2005-06-30": "13718.95000", "2005-03-31": "13227.70000"}, "Total Assets": {"2020-09-30": "82127.00000", "2020-06-30": "80729.00000", "2020-03-31": "75654.00000", "2019-12-31": "76731.00000", "2019-09-30": "75773.98000", "2019-06-30": "72043.81000", "2019-03-31": "66692.48000", "2018-12-31": "64535.00000", "2018-09-30": "62972.64000", "2018-06-30": "59766.50000", "2018-03-31": "60954.82000", "2017-12-31": "60514.82000", "2017-09-30": "58694.03000", "2017-06-30": "58138.07000", "2017-03-31": "53805.82000", "2016-12-31": "53097.88000", "2016-09-30": "54832.50000", "2016-06-30": "53876.70000", "2016-03-31": "52186.63000", "2015-12-31": "50383.15000", "2015-09-30": "47606.12000", "2015-06-30": "47460.27000", "2015-03-31": "44691.27000", "2014-12-31": "44654.30000", "2014-09-30": "42910.36000", "2014-06-30": "43171.05000", "2014-03-31": "40541.58000", "2013-12-31": "39674.47000", "2013-09-30": "39526.55000", "2013-06-30": "38790.62000", "2013-03-31": "40197.10000", "2012-12-31": "40360.44000", "2012-09-30": "39924.01000", "2012-06-30": "38344.32000", "2012-03-31": "32286.08000", "2011-12-31": "31633.97000", "2011-09-30": "31183.45000", "2011-06-30": "30659.28000", "2011-03-31": "29510.02000", "2010-12-31": "29081.91000", "2010-09-30": "28934.03000", "2010-06-30": "27220.61000", "2010-03-31": "26722.46000", "2009-12-31": "25249.50000", "2009-09-30": "24162.11000", "2009-06-30": "22649.35000", "2009-03-31": "21634.31000", "2008-12-31": "21658.82000", "2008-09-30": "21844.35000", "2008-06-30": "22410.17000", "2008-03-31": "21812.51000", "2007-12-31": "21598.01000", "2007-09-30": "21099.35000", "2007-06-30": "20334.44000", "2007-03-31": "19825.89000", "2006-12-31": "19036.84000", "2006-09-30": "18478.25000", "2006-06-30": "17816.67000", "2006-03-31": "16563.93000", "2005-12-31": "16193.87000", "2005-09-30": "15449.92000", "2005-06-30": "15029.57000", "2005-03-31": "14429.44000"}, "Total Current Liabilities": {"2020-09-30": "60305.00000", "2020-06-30": "59757.00000", "2020-03-31": "59135.00000", "2019-12-31": "57651.00000", "2019-09-30": "56091.17000", "2019-06-30": "53393.75000", "2019-03-31": "50155.70000", "2018-12-31": "49420.00000", "2018-09-30": "47797.11000", "2018-06-30": "44547.34000", "2018-03-31": "45151.70000", "2017-12-31": "44071.70000", "2017-09-30": "42769.71000", "2017-06-30": "42315.43000", "2017-03-31": "38911.61000", "2016-12-31": "38262.94000", "2016-09-30": "38809.78000", "2016-06-30": "38578.59000", "2016-03-31": "38980.19000", "2015-12-31": "37667.66000", "2015-09-30": "34446.81000", "2015-06-30": "34458.09000", "2015-03-31": "30804.63000", "2014-12-31": "31199.12000", "2014-09-30": "30317.18000", "2014-06-30": "30836.32000", "2014-03-31": "28929.21000", "2013-12-31": "28661.23000", "2013-09-30": "28446.13000", "2013-06-30": "28175.21000", "2013-03-31": "27991.84000", "2012-12-31": "28120.24000", "2012-09-30": "27698.93000", "2012-06-30": "27353.50000", "2012-03-31": "21783.43000", "2011-12-31": "21257.95000", "2011-09-30": "20985.97000", "2011-06-30": "20876.79000", "2011-03-31": "20354.70000", "2010-12-31": "19980.79000", "2010-09-30": "19515.93000", "2010-06-30": "18831.53000", "2010-03-31": "18731.14000", "2009-12-31": "17750.27000", "2009-09-30": "17208.57000", "2009-06-30": "16700.96000", "2009-03-31": "16404.94000", "2008-12-31": "16219.13000", "2008-09-30": "16356.89000", "2008-06-30": "16252.77000", "2008-03-31": "15542.81000", "2007-12-31": "15276.90000", "2007-09-30": "14914.59000", "2007-06-30": "14325.89000", "2007-03-31": "13830.07000", "2006-12-31": "13529.85000", "2006-09-30": "12971.60000", "2006-06-30": "12755.17000", "2006-03-31": "12335.01000", "2005-12-31": "12064.31000", "2005-09-30": "11685.37000", "2005-06-30": "11332.32000", "2005-03-31": "10930.69000"}, "Long Term Debt": {"2020-09-30": "3573.00000", "2020-06-30": "3573.00000", "2020-03-31": "2981.00000", "2019-12-31": "2981.00000", "2019-09-30": "3381.40600", "2019-06-30": "3381.41100", "2019-03-31": "2787.71700", "2018-12-31": "2788.00000", "2018-09-30": "2787.97500", "2018-06-30": "2788.11100", "2018-03-31": "2788.24000", "2017-12-31": "2788.36500", "2017-09-30": "2788.48000", "2017-06-30": "2788.49400", "2017-03-31": "2788.61900", "2016-12-31": "3088.63500", "2016-09-30": "2788.83400", "2016-06-30": "2788.47300", "2016-03-31": "1997.97000", "2015-12-31": "2297.54800", "2015-09-30": "2313.05300", "2015-06-30": "2313.47000", "2015-03-31": "2313.88400", "2014-12-31": "2297.70400", "2014-09-30": "2314.69300", "2014-06-30": "2214.70500", "2014-03-31": "2214.52600", "2013-12-31": "2214.35000", "2013-09-30": "2214.17000", "2013-06-30": "1815.53300", "2013-03-31": "1815.39200", "2012-12-31": "1815.25300", "2012-09-30": "1815.11100", "2012-06-30": "1414.96900", "2012-03-31": "1414.82900", "2011-12-31": "1414.68800", "2011-09-30": "1414.54600", "2011-06-30": "1414.40600", "2011-03-31": "1016.51000", "2010-12-31": "1016.42500", "2010-09-30": "1216.32000", "2010-06-30": "1216.23000", "2010-03-31": "1216.14000", "2009-12-31": "1216.05200", "2009-09-30": "816.64800", "2009-06-30": "816.57500", "2009-03-31": "917.91300", "2008-12-31": "918.24600", "2008-09-30": "922.99400", "2008-06-30": "926.09500", "2008-03-31": "925.89300", "2007-12-31": "896.06500", "2007-09-30": "895.99200", "2007-06-30": "908.65800", "2007-03-31": "944.14700", "2006-12-31": "676.16500", "2006-09-30": "674.66600", "2006-06-30": "674.53600", "2006-03-31": "699.68300", "2005-12-31": "674.39200", "2005-09-30": "276.36800", "2005-06-30": "226.77200", "2005-03-31": "349.74400"}, "Other Non-Current Liabilities": {"2020-09-30": "1611.00000", "2020-06-30": "1990.00000", "2020-03-31": "1505.00000", "2019-12-31": "1188.00000", "2019-09-30": "1405.70400", "2019-06-30": "2116.21400", "2019-03-31": "1934.28200", "2018-12-31": "1396.00000", "2018-09-30": "1213.59500", "2018-06-30": "1094.82600", "2018-03-31": "1920.98900", "2017-12-31": "1886.91300", "2017-09-30": "1061.35200", "2017-06-30": "1900.33100", "2017-03-31": "1821.81400", "2016-12-31": "1882.58000", "2016-09-30": "2168.40600", "2016-06-30": "1157.25200", "2016-03-31": "2006.01300", "2015-12-31": "1165.07100", "2015-09-30": "1405.67500", "2015-06-30": "1032.98000", "2015-03-31": "1892.99600", "2014-12-31": "1768.20900", "2014-09-30": "1449.41800", "2014-06-30": "1198.24900", "2014-03-31": "1123.71400", "2013-12-31": "1025.78700", "2013-09-30": "994.79100", "2013-06-30": "1072.04400", "2013-03-31": "1369.39200", "2012-12-31": "1394.25900", "2012-09-30": "1869.75600", "2012-06-30": "1542.62300", "2012-03-31": "1429.70700", "2011-12-31": "1462.80700", "2011-09-30": "1457.24300", "2011-06-30": "1622.08000", "2011-03-31": "1541.15300", "2010-12-31": "1487.96200", "2010-09-30": "1979.87400", "2010-06-30": "1592.97000", "2010-03-31": "1632.14200", "2009-12-31": "1642.81200", "2009-09-30": "1529.37200", "2009-06-30": "1416.81900", "2009-03-31": "1427.92800", "2008-12-31": "1435.23400", "2008-09-30": "1398.93800", "2008-06-30": "1449.03400", "2008-03-31": "1418.06400", "2007-12-31": "1315.71900", "2007-09-30": "1454.40000", "2007-06-30": "1379.29000", "2007-03-31": "1319.33800", "2006-12-31": "1027.89200", "2006-09-30": "1135.04300", "2006-06-30": "1194.99300", "2006-03-31": "255.26500", "2005-12-31": "117.10100", "2005-09-30": "177.58900", "2005-06-30": "115.85790", "2005-03-31": "104.10300"}, "Total Long Term Liabilities": {"2020-09-30": "8608.00000", "2020-06-30": "8419.00000", "2020-03-31": "7218.00000", "2019-12-31": "7479.00000", "2019-09-30": "8159.08200", "2019-06-30": "7941.05400", "2019-03-31": "6866.67900", "2018-12-31": "6665.00000", "2018-09-30": "6596.21000", "2018-06-30": "6617.44900", "2018-03-31": "6794.86000", "2017-12-31": "6873.58700", "2017-09-30": "7827.20200", "2017-06-30": "7851.49100", "2017-03-31": "7474.17700", "2016-12-31": "7741.85500", "2016-09-30": "8029.23500", "2016-06-30": "7717.47100", "2016-03-31": "6487.56700", "2015-12-31": "6580.10800", "2015-09-30": "6918.24600", "2015-06-30": "6518.94600", "2015-03-31": "6736.61300", "2014-12-31": "6431.73000", "2014-09-30": "5913.18700", "2014-06-30": "5645.77500", "2014-03-31": "5361.82800", "2013-12-31": "5077.71400", "2013-09-30": "5184.78000", "2013-06-30": "4727.48600", "2013-03-31": "5290.17500", "2012-12-31": "5330.01300", "2012-09-30": "5491.05300", "2012-06-30": "4743.20600", "2012-03-31": "4573.30100", "2011-12-31": "4557.32900", "2011-09-30": "4534.59500", "2011-06-30": "4457.96600", "2011-03-31": "4132.45100", "2010-12-31": "4060.55500", "2010-09-30": "4420.28800", "2010-06-30": "3946.38900", "2010-03-31": "3825.87900", "2009-12-31": "3631.30300", "2009-09-30": "3180.86700", "2009-06-30": "2849.21800", "2009-03-31": "2756.18300", "2008-12-31": "2822.87500", "2008-09-30": "2880.59100", "2008-06-30": "3095.98700", "2008-03-31": "3210.82400", "2007-12-31": "3131.27800", "2007-09-30": "3144.78600", "2007-06-30": "3113.97200", "2007-03-31": "3106.56500", "2006-12-31": "2691.60600", "2006-09-30": "2731.60800", "2006-06-30": "2595.47900", "2006-03-31": "1744.05200", "2005-12-31": "1602.07000", "2005-09-30": "1238.26800", "2005-06-30": "1216.58600", "2005-03-31": "1195.20600"}, "Total Liabilities": {"2020-09-30": "68913.00000", "2020-06-30": "68176.00000", "2020-03-31": "66353.00000", "2019-12-31": "65130.00000", "2019-09-30": "64250.25000", "2019-06-30": "61334.80000", "2019-03-31": "57022.37000", "2018-12-31": "56085.00000", "2018-09-30": "54393.32000", "2018-06-30": "51164.80000", "2018-03-31": "51946.56000", "2017-12-31": "50945.28000", "2017-09-30": "50596.91000", "2017-06-30": "50166.92000", "2017-03-31": "46385.79000", "2016-12-31": "46004.80000", "2016-09-30": "46839.02000", "2016-06-30": "46296.06000", "2016-03-31": "45467.75000", "2015-12-31": "44247.77000", "2015-09-30": "41365.05000", "2015-06-30": "40977.04000", "2015-03-31": "37541.24000", "2014-12-31": "37630.85000", "2014-09-30": "36230.36000", "2014-06-30": "36482.09000", "2014-03-31": "34291.04000", "2013-12-31": "33738.95000", "2013-09-30": "33630.91000", "2013-06-30": "32902.70000", "2013-03-31": "33282.01000", "2012-12-31": "33450.25000", "2012-09-30": "33189.98000", "2012-06-30": "32096.71000", "2012-03-31": "26356.73000", "2011-12-31": "25815.28000", "2011-09-30": "25520.57000", "2011-06-30": "25334.75000", "2011-03-31": "24487.15000", "2010-12-31": "24041.34000", "2010-09-30": "23936.22000", "2010-06-30": "22777.91000", "2010-03-31": "22557.02000", "2009-12-31": "21381.57000", "2009-09-30": "20389.44000", "2009-06-30": "19550.18000", "2009-03-31": "19161.12000", "2008-12-31": "19042.01000", "2008-09-30": "19237.48000", "2008-06-30": "19348.76000", "2008-03-31": "18753.63000", "2007-12-31": "18408.18000", "2007-09-30": "18059.38000", "2007-06-30": "17439.87000", "2007-03-31": "16936.64000", "2006-12-31": "16221.45000", "2006-09-30": "15703.20000", "2006-06-30": "15350.65000", "2006-03-31": "14079.06000", "2005-12-31": "13666.38000", "2005-09-30": "12923.64000", "2005-06-30": "12548.90000", "2005-03-31": "12125.90000"}, "Common Stock Net": {"2020-09-30": "1.00000", "2020-06-30": "1.00000", "2020-03-31": "1.00000", "2019-12-31": "1.00000", "2019-09-30": "0.79100", "2019-06-30": "0.79100", "2019-03-31": "0.79100", "2018-12-31": "1.00000", "2018-09-30": "0.79100", "2018-06-30": "0.79100", "2018-03-31": "0.79100", "2017-12-31": "0.79100", "2017-09-30": "0.79100", "2017-06-30": "0.79100", "2017-03-31": "0.79100", "2016-12-31": "0.79100", "2016-09-30": "0.79100", "2016-06-30": "0.79100", "2016-03-31": "0.79100", "2015-12-31": "0.79100", "2015-09-30": "0.79100", "2015-06-30": "0.79100", "2015-03-31": "0.79100", "2014-12-31": "0.79100", "2014-09-30": "0.79100", "2014-06-30": "0.79100", "2014-03-31": "0.79100", "2013-12-31": "0.79100", "2013-09-30": "0.79100", "2013-06-30": "0.79100", "2013-03-31": "0.79100", "2012-12-31": "0.79100", "2012-09-30": "0.79100", "2012-06-30": "0.79100", "2012-03-31": "0.79100", "2011-12-31": "0.79100", "2011-09-30": "0.79100", "2011-06-30": "0.79100", "2011-03-31": "0.79100", "2010-12-31": "0.73400", "2010-09-30": "0.73400", "2010-06-30": "0.73400", "2010-03-31": "0.73400", "2009-12-31": "0.73400", "2009-09-30": "0.73400", "2009-06-30": "0.73400", "2009-03-31": "0.73400", "2008-12-31": "0.73400", "2008-09-30": "0.63100", "2008-06-30": "0.63100", "2008-03-31": "0.63100", "2007-12-31": "0.63100", "2007-09-30": "0.63100", "2007-06-30": "0.63100", "2007-03-31": "0.63100", "2006-12-31": "0.63100", "2006-09-30": "0.63100", "2006-06-30": "0.63100", "2006-03-31": "0.63100", "2005-12-31": "0.63100", "2005-09-30": "0.63100", "2005-06-30": "0.63100", "2005-03-31": "0.63100"}, "Retained Earnings (Accumulated Deficit)": {"2020-09-30": "8066.00000", "2020-06-30": "7901.00000", "2020-03-31": "7802.00000", "2019-12-31": "7952.00000", "2019-09-30": "7765.67800", "2019-06-30": "7549.73700", "2019-03-31": "7412.08100", "2018-12-31": "7285.00000", "2018-09-30": "7215.52600", "2018-06-30": "6952.17000", "2018-03-31": "6797.54500", "2017-12-31": "6736.26500", "2017-09-30": "5712.59000", "2017-06-30": "5523.62200", "2017-03-31": "5329.46400", "2016-12-31": "5199.13000", "2016-09-30": "5039.47000", "2016-06-30": "4870.71100", "2016-03-31": "4668.58800", "2015-12-31": "4620.30300", "2015-09-30": "4482.70900", "2015-06-30": "4425.30200", "2015-03-31": "4339.02800", "2014-12-31": "4239.64700", "2014-09-30": "4074.04700", "2014-06-30": "3941.77700", "2014-03-31": "3772.77600", "2013-12-31": "3659.93800", "2013-09-30": "3544.63200", "2013-06-30": "3428.64600", "2013-03-31": "3521.49200", "2012-12-31": "3357.25500", "2012-09-30": "3154.31700", "2012-06-30": "3033.50500", "2012-03-31": "2906.31000", "2011-12-31": "2818.42900", "2011-09-30": "2989.23100", "2011-06-30": "2856.00900", "2011-03-31": "2738.86800", "2010-12-31": "2587.40300", "2010-09-30": "2402.16700", "2010-06-30": "2282.96800", "2010-03-31": "2165.41000", "2009-12-31": "2055.54900", "2009-09-30": "1952.93400", "2009-06-30": "1841.49700", "2009-03-31": "1691.29200", "2008-12-31": "1682.08700", "2008-09-30": "1679.56800", "2008-06-30": "1660.04100", "2008-03-31": "1556.12700", "2007-12-31": "1540.12200", "2007-09-30": "1482.97000", "2007-06-30": "1412.10500", "2007-03-31": "1343.79500", "2006-12-31": "1307.74300", "2006-09-30": "1238.43400", "2006-06-30": "1169.91000", "2006-03-31": "1111.78500", "2005-12-31": "1048.21500", "2005-09-30": "985.67600", "2005-06-30": "923.68400", "2005-03-31": "907.50200"}, "Comprehensive Income": {"2020-09-30": "4289.00000", "2020-06-30": "3801.00000", "2020-03-31": "1130.00000", "2019-12-31": "3137.00000", "2019-09-30": "3258.34600", "2019-06-30": "2642.11300", "2019-03-31": "1765.96500", "2018-12-31": "636.00000", "2018-09-30": "812.80500", "2018-06-30": "1004.97100", "2018-03-31": "1428.39600", "2017-12-31": "2063.63100", "2017-09-30": "1625.75700", "2017-06-30": "1671.89800", "2017-03-31": "1321.15500", "2016-12-31": "1139.32900", "2016-09-30": "2212.32600", "2016-06-30": "1985.37400", "2016-03-31": "1330.38300", "2015-12-31": "708.28400", "2015-09-30": "906.47900", "2015-06-30": "1149.36400", "2015-03-31": "1884.23600", "2014-12-31": "1657.12900", "2014-09-30": "1499.60700", "2014-06-30": "1628.66000", "2014-03-31": "1279.49900", "2013-12-31": "1005.60700", "2013-09-30": "1100.00100", "2013-06-30": "1182.13400", "2013-03-31": "1976.74000", "2012-12-31": "2108.90200", "2012-09-30": "2151.64700", "2012-06-30": "1799.19800", "2012-03-31": "1611.80200", "2011-12-31": "1618.15300", "2011-09-30": "1305.28700", "2011-06-30": "1064.68800", "2011-03-31": "898.79800", "2010-12-31": "907.41500", "2010-09-30": "1075.44200", "2010-06-30": "644.35000", "2010-03-31": "490.45400", "2009-12-31": "299.20900", "2009-09-30": "330.73600", "2009-06-30": "-227.03300", "2009-03-31": "-698.12000", "2008-12-31": "-533.61300", "2008-09-30": "-214.54400", "2008-06-30": "263.06000", "2008-03-31": "370.83600", "2007-12-31": "535.15700", "2007-09-30": "456.22800", "2007-06-30": "386.06400", "2007-03-31": "463.34800", "2006-12-31": "444.64800", "2006-09-30": "480.34000", "2006-06-30": "248.78200", "2006-03-31": "330.27500", "2005-12-31": "446.94200", "2005-09-30": "436.53000", "2005-06-30": "454.82300", "2005-03-31": "296.11700"}, "Other Share Holders Equity": {"2020-09-30": "", "2020-06-30": "", "2020-03-31": "", "2019-12-31": "", "2019-09-30": "", "2019-06-30": "", "2019-03-31": "", "2018-12-31": "", "2018-09-30": "", "2018-06-30": "", "2018-03-31": "", "2017-12-31": "", "2017-09-30": "", "2017-06-30": "", "2017-03-31": "", "2016-12-31": "", "2016-09-30": "", "2016-06-30": "", "2016-03-31": "", "2015-12-31": "", "2015-09-30": "", "2015-06-30": "", "2015-03-31": "", "2014-12-31": "", "2014-09-30": "", "2014-06-30": "", "2014-03-31": "", "2013-12-31": "", "2013-09-30": "", "2013-06-30": "", "2013-03-31": "", "2012-12-31": "", "2012-09-30": "", "2012-06-30": "", "2012-03-31": "", "2011-12-31": "", "2011-09-30": "", "2011-06-30": "", "2011-03-31": "", "2010-12-31": "", "2010-09-30": "-15.68300", "2010-06-30": "-16.00800", "2010-03-31": "-16.06600", "2009-12-31": "", "2009-09-30": "-13.35400", "2009-06-30": "-14.37300", "2009-03-31": "-14.45600", "2008-12-31": "-14.65800", "2008-09-30": "-7.79000", "2008-06-30": "-8.08200", "2008-03-31": "-8.19900", "2007-12-31": "-8.35100", "2007-09-30": "-11.84900", "2007-06-30": "-11.61000", "2007-03-31": "-11.32700", "2006-12-31": "-11.29700", "2006-09-30": "", "2006-06-30": "", "2006-03-31": "", "2005-12-31": "", "2005-09-30": "", "2005-06-30": "", "2005-03-31": ""}, "Share Holder Equity": {"2020-09-30": "13214.00000", "2020-06-30": "12553.00000", "2020-03-31": "9301.00000", "2019-12-31": "11601.00000", "2019-09-30": "11523.73000", "2019-06-30": "10709.01000", "2019-03-31": "9670.10800", "2018-12-31": "8450.00000", "2018-09-30": "8579.32300", "2018-06-30": "8601.70200", "2018-03-31": "9008.26100", "2017-12-31": "9569.53500", "2017-09-30": "8097.11800", "2017-06-30": "7971.15500", "2017-03-31": "7420.03000", "2016-12-31": "7093.08200", "2016-09-30": "7993.48200", "2016-06-30": "7580.64600", "2016-03-31": "6718.86900", "2015-12-31": "6135.38100", "2015-09-30": "6241.06600", "2015-06-30": "6483.23300", "2015-03-31": "7150.02500", "2014-12-31": "7023.45200", "2014-09-30": "6679.99800", "2014-06-30": "6688.95900", "2014-03-31": "6250.54600", "2013-12-31": "5935.52700", "2013-09-30": "5895.65000", "2013-06-30": "5887.92000", "2013-03-31": "6915.08800", "2012-12-31": "6910.18700", "2012-09-30": "6734.03500", "2012-06-30": "6247.61700", "2012-03-31": "5929.35500", "2011-12-31": "5818.69800", "2011-09-30": "5662.88600", "2011-06-30": "5324.52500", "2011-03-31": "5022.86400", "2010-12-31": "5040.56700", "2010-09-30": "4997.80900", "2010-06-30": "4442.69100", "2010-03-31": "4165.43400", "2009-12-31": "3867.92700", "2009-09-30": "3772.67600", "2009-06-30": "3099.17300", "2009-03-31": "2473.19400", "2008-12-31": "2616.80800", "2008-09-30": "2606.86700", "2008-06-30": "3061.40700", "2008-03-31": "3058.87300", "2007-12-31": "3189.83200", "2007-09-30": "3039.96700", "2007-06-30": "2894.56900", "2007-03-31": "2889.25700", "2006-12-31": "2815.38400", "2006-09-30": "2775.04300", "2006-06-30": "2466.02100", "2006-03-31": "2484.86700", "2005-12-31": "2527.48400", "2005-09-30": "2526.27500", "2005-06-30": "2480.66600", "2005-03-31": "2303.54100"}, "Total Liabilities And Share Holders Equity": {"2020-09-30": "82127.00000", "2020-06-30": "80729.00000", "2020-03-31": "75654.00000", "2019-12-31": "76731.00000", "2019-09-30": "75773.98000", "2019-06-30": "72043.81000", "2019-03-31": "66692.48000", "2018-12-31": "64535.00000", "2018-09-30": "62972.64000", "2018-06-30": "59766.50000", "2018-03-31": "60954.82000", "2017-12-31": "60514.82000", "2017-09-30": "58694.03000", "2017-06-30": "58138.07000", "2017-03-31": "53805.82000", "2016-12-31": "53097.88000", "2016-09-30": "54832.50000", "2016-06-30": "53876.70000", "2016-03-31": "52186.63000", "2015-12-31": "50383.15000", "2015-09-30": "47606.12000", "2015-06-30": "47460.27000", "2015-03-31": "44691.27000", "2014-12-31": "44654.30000", "2014-09-30": "42910.36000", "2014-06-30": "43171.05000", "2014-03-31": "40541.58000", "2013-12-31": "39674.47000", "2013-09-30": "39526.55000", "2013-06-30": "38790.62000", "2013-03-31": "40197.10000", "2012-12-31": "40360.44000", "2012-09-30": "39924.01000", "2012-06-30": "38344.32000", "2012-03-31": "32286.08000", "2011-12-31": "31633.97000", "2011-09-30": "31183.45000", "2011-06-30": "30659.28000", "2011-03-31": "29510.02000", "2010-12-31": "29081.91000", "2010-09-30": "28934.03000", "2010-06-30": "27220.61000", "2010-03-31": "26722.46000", "2009-12-31": "25249.50000", "2009-09-30": "24162.11000", "2009-06-30": "22649.35000", "2009-03-31": "21634.31000", "2008-12-31": "21658.82000", "2008-09-30": "21844.35000", "2008-06-30": "22410.17000", "2008-03-31": "21812.51000", "2007-12-31": "21598.01000", "2007-09-30": "21099.35000", "2007-06-30": "20334.44000", "2007-03-31": "19825.89000", "2006-12-31": "19036.84000", "2006-09-30": "18478.25000", "2006-06-30": "17816.67000", "2006-03-31": "16563.93000", "2005-12-31": "16193.87000", "2005-09-30": "15449.92000", "2005-06-30": "15029.57000", "2005-03-31": "14429.44000"}}, "cash flow statement": {"Net Income/Loss": {"2019-12-31": "870.00000", "2018-12-31": "716.00000", "2017-12-31": "1822.00000", "2016-12-31": "701.44300", "2015-12-31": "502.16600", "2014-12-31": "684.04700", "2013-12-31": "418.83700", "2012-12-31": "631.89300", "2011-12-31": "546.04500", "2010-12-31": "535.74200", "2009-12-31": "407.08600", "2008-12-31": "176.79600", "2007-12-31": "293.83400", "2006-12-31": "288.21000", "2005-12-31": "224.18000"}, "Total Depreciation And Amortization - Cash Flow": {"2019-12-31": "-6.00000", "2018-12-31": "-12.00000", "2017-12-31": "-52.00000", "2016-12-31": "-67.09900", "2015-12-31": "-46.20000", "2014-12-31": "-87.15000", "2013-12-31": "-95.54700", "2012-12-31": "-83.78700", "2011-12-31": "-172.68800", "2010-12-31": "-144.33400", "2009-12-31": "-134.52400", "2008-12-31": "-89.94200", "2007-12-31": "-75.65500", "2006-12-31": "-53.34400", "2005-12-31": "-40.28800"}, "Other Non-Cash Items": {"2019-12-31": "63.00000", "2018-12-31": "245.00000", "2017-12-31": "-991.00000", "2016-12-31": "317.36900", "2015-12-31": "261.21900", "2014-12-31": "127.66800", "2013-12-31": "216.79100", "2012-12-31": "29.08300", "2011-12-31": "269.38700", "2010-12-31": "245.75800", "2009-12-31": "-86.34300", "2008-12-31": "666.93400", "2007-12-31": "297.07600", "2006-12-31": "204.26500", "2005-12-31": "32.02500"}, "Total Non-Cash Items": {"2019-12-31": "57.00000", "2018-12-31": "233.00000", "2017-12-31": "-1043.00000", "2016-12-31": "250.27000", "2015-12-31": "215.01900", "2014-12-31": "40.51800", "2013-12-31": "121.24400", "2012-12-31": "-54.70400", "2011-12-31": "96.69900", "2010-12-31": "101.42400", "2009-12-31": "-220.86700", "2008-12-31": "576.99200", "2007-12-31": "221.42100", "2006-12-31": "150.92100", "2005-12-31": "-8.26300"}, "Change In Accounts Receivable": {"2019-12-31": "110.00000", "2018-12-31": "-764.00000", "2017-12-31": "-347.00000", "2016-12-31": "-156.83600", "2015-12-31": "-313.88200", "2014-12-31": "-136.71000", "2013-12-31": "-106.13600", "2012-12-31": "-285.19300", "2011-12-31": "-83.65000", "2010-12-31": "-111.45100", "2009-12-31": "-72.80300", "2008-12-31": "-83.40200", "2007-12-31": "-0.35100", "2006-12-31": "-97.78500", "2005-12-31": "-30.75400"}, "Change In Inventories": {"2019-12-31": "", "2018-12-31": "", "2017-12-31": "", "2016-12-31": "", "2015-12-31": "", "2014-12-31": "", "2013-12-31": "", "2012-12-31": "", "2011-12-31": "", "2010-12-31": "", "2009-12-31": "", "2008-12-31": "", "2007-12-31": "", "2006-12-31": "", "2005-12-31": ""}, "Change In Accounts Payable": {"2019-12-31": "-4.00000", "2018-12-31": "7.00000", "2017-12-31": "-43.00000", "2016-12-31": "-18.76100", "2015-12-31": "-48.45800", "2014-12-31": "-0.85500", "2013-12-31": "-69.87500", "2012-12-31": "-12.08800", "2011-12-31": "-17.42600", "2010-12-31": "-18.36300", "2009-12-31": "-16.65200", "2008-12-31": "-12.39800", "2007-12-31": "-8.33600", "2006-12-31": "-5.35100", "2005-12-31": "-4.66600"}, "Change In Assets/Liabilities": {"2019-12-31": "1274.00000", "2018-12-31": "1389.00000", "2017-12-31": "1593.00000", "2016-12-31": "689.60200", "2015-12-31": "1733.77000", "2014-12-31": "1749.15500", "2013-12-31": "1363.09000", "2012-12-31": "1694.61900", "2011-12-31": "767.86400", "2010-12-31": "1335.38800", "2009-12-31": "1267.47200", "2008-12-31": "68.99400", "2007-12-31": "592.74600", "2006-12-31": "510.23000", "2005-12-31": "418.85390"}, "Total Change In Assets/Liabilities": {"2019-12-31": "1380.00000", "2018-12-31": "632.00000", "2017-12-31": "1203.00000", "2016-12-31": "514.00500", "2015-12-31": "1371.43000", "2014-12-31": "1611.59000", "2013-12-31": "1187.07900", "2012-12-31": "1397.33800", "2011-12-31": "666.78800", "2010-12-31": "1205.57400", "2009-12-31": "1178.01700", "2008-12-31": "-26.80600", "2007-12-31": "584.05900", "2006-12-31": "407.09400", "2005-12-31": "383.43400"}, "Cash Flow From Operating Activities": {"2019-12-31": "2307.00000", "2018-12-31": "1581.00000", "2017-12-31": "1982.00000", "2016-12-31": "1465.71800", "2015-12-31": "2088.61500", "2014-12-31": "2336.15500", "2013-12-31": "1727.16000", "2012-12-31": "1974.52700", "2011-12-31": "1309.53200", "2010-12-31": "1842.74000", "2009-12-31": "1364.23600", "2008-12-31": "726.98200", "2007-12-31": "1099.31400", "2006-12-31": "846.22500", "2005-12-31": "599.35100"}, "Net Change In Property, Plant, And Equipment": {"2019-12-31": "-34.00000", "2018-12-31": "-29.00000", "2017-12-31": "-44.00000", "2016-12-31": "-44.64200", "2015-12-31": "-23.55300", "2014-12-31": "-88.36100", "2013-12-31": "", "2012-12-31": "", "2011-12-31": "", "2010-12-31": "", "2009-12-31": "", "2008-12-31": "", "2007-12-31": "", "2006-12-31": "", "2005-12-31": ""}, "Net Change In Intangible Assets": {"2019-12-31": "", "2018-12-31": "", "2017-12-31": "", "2016-12-31": "", "2015-12-31": "", "2014-12-31": "", "2013-12-31": "", "2012-12-31": "", "2011-12-31": "", "2010-12-31": "", "2009-12-31": "", "2008-12-31": "", "2007-12-31": "", "2006-12-31": "", "2005-12-31": ""}, "Net Acquisitions/Divestitures": {"2019-12-31": "4.00000", "2018-12-31": "-32.00000", "2017-12-31": "", "2016-12-31": "", "2015-12-31": "-145.23500", "2014-12-31": "", "2013-12-31": "-2.80500", "2012-12-31": "", "2011-12-31": "", "2010-12-31": "", "2009-12-31": "", "2008-12-31": "", "2007-12-31": "", "2006-12-31": "", "2005-12-31": ""}, "Net Change In Short-term Investments": {"2019-12-31": "199.00000", "2018-12-31": "129.00000", "2017-12-31": "52.00000", "2016-12-31": "465.62800", "2015-12-31": "-470.00200", "2014-12-31": "38.06000", "2013-12-31": "138.02400", "2012-12-31": "-101.21400", "2011-12-31": "30.40800", "2010-12-31": "-37.39500", "2009-12-31": "-114.47300", "2008-12-31": "-177.69000", "2007-12-31": "-48.62300", "2006-12-31": "16.30200", "2005-12-31": "-126.18700"}, "Net Change In Long-Term Investments": {"2019-12-31": "-2503.00000", "2018-12-31": "-340.00000", "2017-12-31": "-1494.00000", "2016-12-31": "-3148.92300", "2015-12-31": "-783.70800", "2014-12-31": "-1359.27300", "2013-12-31": "-1260.42000", "2012-12-31": "-1650.50800", "2011-12-31": "-813.90160", "2010-12-31": "-1683.08700", "2009-12-31": "-1824.58500", "2008-12-31": "-895.47180", "2007-12-31": "-928.24610", "2006-12-31": "-1650.65900", "2005-12-31": "-766.92700"}, "Net Change In Investments - Total": {"2019-12-31": "-2304.00000", "2018-12-31": "-211.00000", "2017-12-31": "-1442.00000", "2016-12-31": "-2683.29500", "2015-12-31": "-1253.71000", "2014-12-31": "-1321.21300", "2013-12-31": "-1122.39600", "2012-12-31": "-1751.72200", "2011-12-31": "-783.49360", "2010-12-31": "-1720.48200", "2009-12-31": "-1939.05800", "2008-12-31": "-1073.16200", "2007-12-31": "-976.86910", "2006-12-31": "-1634.35700", "2005-12-31": "-893.11400"}, "Investing Activities - Other": {"2019-12-31": "-304.00000", "2018-12-31": "-365.00000", "2017-12-31": "-122.00000", "2016-12-31": "-97.79000", "2015-12-31": "-9.24300", "2014-12-31": "98.63000", "2013-12-31": "-209.90000", "2012-12-31": "-216.27400", "2011-12-31": "-122.28800", "2010-12-31": "", "2009-12-31": "", "2008-12-31": "", "2007-12-31": "", "2006-12-31": "", "2005-12-31": ""}, "Cash Flow From Investing Activities": {"2019-12-31": "-2638.00000", "2018-12-31": "-637.00000", "2017-12-31": "-1608.00000", "2016-12-31": "-2825.72600", "2015-12-31": "-1431.74100", "2014-12-31": "-1310.94500", "2013-12-31": "-1335.10100", "2012-12-31": "-1967.99600", "2011-12-31": "-905.78100", "2010-12-31": "-1720.48200", "2009-12-31": "-1939.05800", "2008-12-31": "-1073.16200", "2007-12-31": "-976.86900", "2006-12-31": "-1634.35700", "2005-12-31": "-893.11400"}, "Net Long-Term Debt": {"2019-12-31": "105.00000", "2018-12-31": "-99.00000", "2017-12-31": "-371.00000", "2016-12-31": "732.93400", "2015-12-31": "-22.11200", "2014-12-31": "99.22800", "2013-12-31": "279.23700", "2012-12-31": "400.00000", "2011-12-31": "66.99000", "2010-12-31": "", "2009-12-31": "356.38400", "2008-12-31": "", "2007-12-31": "295.31100", "2006-12-31": "-100.00000", "2005-12-31": "394.64000"}, "Net Current Debt": {"2019-12-31": "", "2018-12-31": "", "2017-12-31": "", "2016-12-31": "", "2015-12-31": "164.22000", "2014-12-31": "300.00000", "2013-12-31": "", "2012-12-31": "", "2011-12-31": "", "2010-12-31": "26.32400", "2009-12-31": "-22.53900", "2008-12-31": "129.65700", "2007-12-31": "-48.77700", "2006-12-31": "837.50000", "2005-12-31": ""}, "Debt Issuance/Retirement Net - Total": {"2019-12-31": "105.00000", "2018-12-31": "-99.00000", "2017-12-31": "-371.00000", "2016-12-31": "732.93400", "2015-12-31": "142.10800", "2014-12-31": "399.22800", "2013-12-31": "279.23700", "2012-12-31": "400.00000", "2011-12-31": "66.99000", "2010-12-31": "26.32400", "2009-12-31": "333.84500", "2008-12-31": "129.65700", "2007-12-31": "246.53400", "2006-12-31": "737.50000", "2005-12-31": "394.64000"}, "Net Common Equity Issued/Repurchased": {"2019-12-31": "-95.00000", "2018-12-31": "-297.00000", "2017-12-31": "-37.00000", "2016-12-31": "-107.59500", "2015-12-31": "-373.36800", "2014-12-31": "-192.27900", "2013-12-31": "-240.81400", "2012-12-31": "-10.01100", "2011-12-31": "-373.89600", "2010-12-31": "1.55900", "2009-12-31": "4.69700", "2008-12-31": "335.37500", "2007-12-31": "8.55600", "2006-12-31": "8.78800", "2005-12-31": "-69.84200"}, "Net Total Equity Issued/Repurchased": {"2019-12-31": "-95.00000", "2018-12-31": "-297.00000", "2017-12-31": "-37.00000", "2016-12-31": "-107.59500", "2015-12-31": "-373.36800", "2014-12-31": "-192.27900", "2013-12-31": "-240.81400", "2012-12-31": "-10.01100", "2011-12-31": "-378.78100", "2010-12-31": "1.55900", "2009-12-31": "4.69700", "2008-12-31": "335.37500", "2007-12-31": "8.55600", "2006-12-31": "8.78800", "2005-12-31": "-69.84200"}, "Total Common And Preferred Stock Dividends Paid": {"2019-12-31": "-163.00000", "2018-12-31": "-140.00000", "2017-12-31": "-117.00000", "2016-12-31": "-100.37100", "2015-12-31": "-93.38100", "2014-12-31": "-87.25600", "2013-12-31": "-77.64200", "2012-12-31": "-61.94500", "2011-12-31": "-44.22900", "2010-12-31": "-35.17000", "2009-12-31": "-26.21200", "2008-12-31": "-23.32900", "2007-12-31": "-22.25600", "2006-12-31": "-22.04000", "2005-12-31": "-22.53700"}, "Financial Activities - Other": {"2019-12-31": "32.00000", "2018-12-31": "214.00000", "2017-12-31": "201.00000", "2016-12-31": "530.42110", "2015-12-31": "-383.64100", "2014-12-31": "-375.25200", "2013-12-31": "-641.99400", "2012-12-31": "-46.10500", "2011-12-31": "458.01500", "2010-12-31": "-186.14200", "2009-12-31": "-117.33100", "2008-12-31": "399.46000", "2007-12-31": "-116.24300", "2006-12-31": "93.63500", "2005-12-31": "-27.91200"}, "Cash Flow From Financial Activities": {"2019-12-31": "-121.00000", "2018-12-31": "-322.00000", "2017-12-31": "-324.00000", "2016-12-31": "1055.38900", "2015-12-31": "-708.28200", "2014-12-31": "-255.55900", "2013-12-31": "-681.21300", "2012-12-31": "281.93900", "2011-12-31": "101.99500", "2010-12-31": "-193.42900", "2009-12-31": "194.99900", "2008-12-31": "841.16300", "2007-12-31": "116.59100", "2006-12-31": "817.88300", "2005-12-31": "274.34900"}, "Net Cash Flow": {"2019-12-31": "-441.00000", "2018-12-31": "586.00000", "2017-12-31": "103.00000", "2016-12-31": "-324.55700", "2015-12-31": "-120.39400", "2014-12-31": "722.02200", "2013-12-31": "-336.24500", "2012-12-31": "297.02200", "2011-12-31": "499.20900", "2010-12-31": "-48.36600", "2009-12-31": "-363.37600", "2008-12-31": "471.05200", "2007-12-31": "243.92300", "2006-12-31": "31.73600", "2005-12-31": "-23.40300"}, "Stock-Based Compensation": {"2019-12-31": "", "2018-12-31": "", "2017-12-31": "", "2016-12-31": "", "2015-12-31": "", "2014-12-31": "", "2013-12-31": "", "2012-12-31": "", "2011-12-31": "", "2010-12-31": "", "2009-12-31": "", "2008-12-31": "", "2007-12-31": "", "2006-12-31": "", "2005-12-31": ""}, "Common Stock Dividends Paid": {"2019-12-31": "-163.00000", "2018-12-31": "-140.00000", "2017-12-31": "-117.00000", "2016-12-31": "-100.37100", "2015-12-31": "-93.38100", "2014-12-31": "-87.25600", "2013-12-31": "-77.64200", "2012-12-31": "-61.94500", "2011-12-31": "-44.22900", "2010-12-31": "-35.17000", "2009-12-31": "-26.21200", "2008-12-31": "-23.32900", "2007-12-31": "-22.25600", "2006-12-31": "-22.04000", "2005-12-31": "-22.53700"}}, "cash flow statement, quarterly": {"Net Income/Loss": {"2020-09-30": 213, "2020-06-30": 158, "2020-03-31": "-88.00000", "2019-12-31": 235, "2019-09-30": 263, "2019-06-30": 202, "2019-03-31": "170.00000", "2018-12-31": 110.197, "2018-09-30": 301.199, "2018-06-30": 204.374, "2018-03-31": "100.23000", "2017-12-31": 1216.707, "2017-09-30": 227.591, "2017-06-30": 232.19, "2017-03-31": "145.51200", "2016-12-31": 190.149, "2016-09-30": 198.719, "2016-06-30": 236.103, "2016-03-31": "76.47200", "2015-12-31": 163.127, "2015-09-30": 83.534, "2015-06-30": 130.391, "2015-03-31": "125.11400", "2014-12-31": 191.091, "2014-09-30": 157.996, "2014-06-30": 198.296, "2014-03-31": "136.66400", "2013-12-31": 144.959, "2013-09-30": 137.955, "2013-06-30": -49.612, "2013-03-31": "185.53500", "2012-12-31": 222.989, "2012-09-30": 144.475, "2012-06-30": 141.111, "2012-03-31": "123.31800", "2011-12-31": 138.579, "2011-09-30": 134.602, "2011-06-30": 123.944, "2011-03-31": "148.92000", "2010-12-31": 158.052, "2010-09-30": 128.232, "2010-06-30": 127.019, "2010-03-31": "122.43900", "2009-12-31": 112.409, "2009-09-30": 118.208, "2009-06-30": 153.179, "2009-03-31": "23.29000", "2008-12-31": 9.361, "2008-09-30": 25.228, "2008-06-30": 110.702, "2008-03-31": "31.50500", "2007-12-31": 63.586, "2007-09-30": 76.521, "2007-06-30": 77.475, "2007-03-31": "76.25200", "2006-12-31": 81.474, "2006-09-30": 74.035, "2006-06-30": 63.631, "2006-03-31": "69.07000", "2005-12-31": 68.177, "2005-09-30": 67.629, "2005-06-30": 21.817, "2005-03-31": "66.55700"}, "Total Depreciation And Amortization - Cash Flow": {"2020-09-30": 1, "2020-06-30": 7, "2020-03-31": "-8.00000", "2019-12-31": 5, "2019-09-30": 1, "2019-06-30": -6, "2019-03-31": "-6.00000", "2018-12-31": 11.001, "2018-09-30": -18.842, "2018-06-30": 16.579, "2018-03-31": "-20.73800", "2017-12-31": 21.843, "2017-09-30": -40.149, "2017-06-30": -17.068, "2017-03-31": "-16.62600", "2016-12-31": -30.621, "2016-09-30": -6.523, "2016-06-30": -20.301, "2016-03-31": "-9.65400", "2015-12-31": 15.514, "2015-09-30": -22.693, "2015-06-30": -17.355, "2015-03-31": "-21.66600", "2014-12-31": -6.962, "2014-09-30": -28.667, "2014-06-30": -26.164, "2014-03-31": "-25.35700", "2013-12-31": -24.86, "2013-09-30": -27.025, "2013-06-30": -21.165, "2013-03-31": "-22.49700", "2012-12-31": -22.143, "2012-09-30": 7.703, "2012-06-30": -34.066, "2012-03-31": "-35.28100", "2011-12-31": -72.36, "2011-09-30": -32.573, "2011-06-30": -40.662, "2011-03-31": "-27.09300", "2010-12-31": -39.456, "2010-09-30": -40.099, "2010-06-30": -47.946, "2010-03-31": "-16.83300", "2009-12-31": -41.165, "2009-09-30": -33.567, "2009-06-30": -25.45, "2009-03-31": "-34.34200", "2008-12-31": -16.123, "2008-09-30": -22.953, "2008-06-30": -27.667, "2008-03-31": "-23.19900", "2007-12-31": -21.334, "2007-09-30": -24.647, "2007-06-30": -20.123, "2007-03-31": "-9.55100", "2006-12-31": -12.819, "2006-09-30": -13.901, "2006-06-30": -14.736, "2006-03-31": "-11.88800", "2005-12-31": -10.728, "2005-09-30": -13.285, "2005-06-30": -11.019, "2005-03-31": "-5.25600"}, "Other Non-Cash Items": {"2020-09-30": -84, "2020-06-30": -147, "2020-03-31": "383.00000", "2019-12-31": -268, "2019-09-30": 184, "2019-06-30": 54, "2019-03-31": "93.00000", "2018-12-31": 165.669, "2018-09-30": -9.25, "2018-06-30": 75.219, "2018-03-31": "13.36200", "2017-12-31": -1039.927, "2017-09-30": 61.498, "2017-06-30": -3.122, "2017-03-31": "-9.44900", "2016-12-31": 125.98, "2016-09-30": 16.937, "2016-06-30": 5.312, "2016-03-31": "169.14000", "2015-12-31": 6.43, "2015-09-30": 105.332, "2015-06-30": 84.059, "2015-03-31": "65.39800", "2014-12-31": 252.221, "2014-09-30": -108.178, "2014-06-30": 4.906, "2014-03-31": "-21.28100", "2013-12-31": 5.024, "2013-09-30": 268.209, "2013-06-30": -11.907, "2013-03-31": "-44.53500", "2012-12-31": 248.862, "2012-09-30": -174.264, "2012-06-30": -79.07, "2012-03-31": "33.55500", "2011-12-31": 196.216, "2011-09-30": 199.915, "2011-06-30": -75.576, "2011-03-31": "-51.16800", "2010-12-31": 325.409, "2010-09-30": -69.093, "2010-06-30": 73.585, "2010-03-31": "-84.14300", "2009-12-31": 25.829, "2009-09-30": -103.059, "2009-06-30": -106.187, "2009-03-31": "97.07400", "2008-12-31": 286.93, "2008-09-30": 239.706, "2008-06-30": -74.743, "2008-03-31": "215.04100", "2007-12-31": 177.013, "2007-09-30": 15.716, "2007-06-30": 54.518, "2007-03-31": "49.82900", "2006-12-31": 98.661, "2006-09-30": 71.991, "2006-06-30": -11.363, "2006-03-31": "44.97600", "2005-12-31": 22.86, "2005-09-30": -71.174, "2005-06-30": 43.401, "2005-03-31": "36.93800"}, "Total Non-Cash Items": {"2020-09-30": -83, "2020-06-30": -140, "2020-03-31": "375.00000", "2019-12-31": -263, "2019-09-30": 185, "2019-06-30": 48, "2019-03-31": "87.00000", "2018-12-31": 176.67, "2018-09-30": -28.092, "2018-06-30": 91.798, "2018-03-31": "-7.37600", "2017-12-31": -1018.084, "2017-09-30": 21.349, "2017-06-30": -20.19, "2017-03-31": "-26.07500", "2016-12-31": 95.359, "2016-09-30": 10.414, "2016-06-30": -14.989, "2016-03-31": "159.48600", "2015-12-31": 21.944, "2015-09-30": 82.639, "2015-06-30": 66.704, "2015-03-31": "43.73200", "2014-12-31": 245.259, "2014-09-30": -136.845, "2014-06-30": -21.258, "2014-03-31": "-46.63800", "2013-12-31": -19.836, "2013-09-30": 241.184, "2013-06-30": -33.072, "2013-03-31": "-67.03200", "2012-12-31": 226.719, "2012-09-30": -166.561, "2012-06-30": -113.136, "2012-03-31": "-1.72600", "2011-12-31": 123.856, "2011-09-30": 167.342, "2011-06-30": -116.238, "2011-03-31": "-78.26100", "2010-12-31": 285.953, "2010-09-30": -109.192, "2010-06-30": 25.639, "2010-03-31": "-100.97600", "2009-12-31": -15.336, "2009-09-30": -136.626, "2009-06-30": -131.637, "2009-03-31": "62.73200", "2008-12-31": 270.807, "2008-09-30": 216.753, "2008-06-30": -102.41, "2008-03-31": "191.84200", "2007-12-31": 155.679, "2007-09-30": -8.931, "2007-06-30": 34.395, "2007-03-31": "40.27800", "2006-12-31": 85.842, "2006-09-30": 58.09, "2006-06-30": -26.099, "2006-03-31": "33.08800", "2005-12-31": 12.132, "2005-09-30": -84.459, "2005-06-30": 32.382, "2005-03-31": "31.68200"}, "Change In Accounts Receivable": {"2020-09-30": 114, "2020-06-30": 22, "2020-03-31": "2.00000", "2019-12-31": -72, "2019-09-30": 97, "2019-06-30": -79, "2019-03-31": "164.00000", "2018-12-31": -244.893, "2018-09-30": -173.854, "2018-06-30": -69.899, "2018-03-31": "-275.35400", "2017-12-31": 74.027, "2017-09-30": -190.377, "2017-06-30": -175.805, "2017-03-31": "-54.84500", "2016-12-31": -153.217, "2016-09-30": 94.991, "2016-06-30": -46.832, "2016-03-31": "-51.77800", "2015-12-31": -213.078, "2015-09-30": -81.121, "2015-06-30": 0.133, "2015-03-31": "-19.81600", "2014-12-31": -62.621, "2014-09-30": 29.913, "2014-06-30": -88.375, "2014-03-31": "-15.62700", "2013-12-31": -187.325, "2013-09-30": 86.289, "2013-06-30": -77.964, "2013-03-31": "72.86400", "2012-12-31": -182.746, "2012-09-30": -55.077, "2012-06-30": 14.352, "2012-03-31": "-61.72200", "2011-12-31": 2.689, "2011-09-30": -153.261, "2011-06-30": -18.986, "2011-03-31": "85.90800", "2010-12-31": -13.177, "2010-09-30": 19.991, "2010-06-30": -76.12, "2010-03-31": "-42.14500", "2009-12-31": 21.847, "2009-09-30": -38.944, "2009-06-30": -8.331, "2009-03-31": "-47.37500", "2008-12-31": -18.343, "2008-09-30": 27.173, "2008-06-30": -42.846, "2008-03-31": "-49.38600", "2007-12-31": 38.362, "2007-09-30": -80.8, "2007-06-30": 3.414, "2007-03-31": "38.67300", "2006-12-31": -59.83, "2006-09-30": 53.455, "2006-06-30": -72.283, "2006-03-31": "-19.12700", "2005-12-31": -15.965, "2005-09-30": 58.204, "2005-06-30": -52.735, "2005-03-31": "-20.25800"}, "Change In Inventories": {"2020-09-30": 0, "2020-06-30": 0, "2020-03-31": "", "2019-12-31": 0, "2019-09-30": 0, "2019-06-30": 0, "2019-03-31": "", "2018-12-31": 0, "2018-09-30": 0, "2018-06-30": 0, "2018-03-31": "", "2017-12-31": 0, "2017-09-30": 0, "2017-06-30": 0, "2017-03-31": "", "2016-12-31": 0, "2016-09-30": 0, "2016-06-30": 0, "2016-03-31": "", "2015-12-31": 0, "2015-09-30": 0, "2015-06-30": 0, "2015-03-31": "", "2014-12-31": 0, "2014-09-30": 0, "2014-06-30": 0, "2014-03-31": "", "2013-12-31": 0, "2013-09-30": 0, "2013-06-30": 0, "2013-03-31": "", "2012-12-31": 0, "2012-09-30": 0, "2012-06-30": 0, "2012-03-31": "", "2011-12-31": 0, "2011-09-30": 0, "2011-06-30": 0, "2011-03-31": "", "2010-12-31": 0, "2010-09-30": 0, "2010-06-30": 0, "2010-03-31": "", "2009-12-31": 0, "2009-09-30": 0, "2009-06-30": 0, "2009-03-31": "", "2008-12-31": 0, "2008-09-30": 0, "2008-06-30": 0, "2008-03-31": "", "2007-12-31": 0, "2007-09-30": 0, "2007-06-30": 0, "2007-03-31": "", "2006-12-31": 0, "2006-09-30": 0, "2006-06-30": 0, "2006-03-31": "", "2005-12-31": 0, "2005-09-30": 0, "2005-06-30": 0, "2005-03-31": ""}, "Change In Accounts Payable": {"2020-09-30": -48, "2020-06-30": 18, "2020-03-31": "-27.00000", "2019-12-31": 36, "2019-09-30": -28, "2019-06-30": -1, "2019-03-31": "-11.00000", "2018-12-31": -16.473, "2018-09-30": 21.639, "2018-06-30": 12.318, "2018-03-31": "-10.48400", "2017-12-31": 20.321, "2017-09-30": -28.645, "2017-06-30": -24.175, "2017-03-31": "-10.50100", "2016-12-31": 40.102, "2016-09-30": -24.158, "2016-06-30": -10.326, "2016-03-31": "-24.37900", "2015-12-31": -1.37, "2015-09-30": -20.432, "2015-06-30": 1.787, "2015-03-31": "-28.44300", "2014-12-31": 40.803, "2014-09-30": -32.07, "2014-06-30": -44.068, "2014-03-31": "34.48000", "2013-12-31": -6.536, "2013-09-30": -27.882, "2013-06-30": -5.374, "2013-03-31": "-30.08300", "2012-12-31": 48.596, "2012-09-30": -22.502, "2012-06-30": -9.566, "2012-03-31": "-28.61600", "2011-12-31": 47.038, "2011-09-30": -33.086, "2011-06-30": -4.615, "2011-03-31": "-26.76300", "2010-12-31": 50.392, "2010-09-30": -29.985, "2010-06-30": -5.262, "2010-03-31": "-33.50800", "2009-12-31": 44.485, "2009-09-30": -31.203, "2009-06-30": 0.966, "2009-03-31": "-30.90000", "2008-12-31": 49.315, "2008-09-30": -33.791, "2008-06-30": -1.429, "2008-03-31": "-26.49300", "2007-12-31": 43.708, "2007-09-30": -25.604, "2007-06-30": -2.973, "2007-03-31": "-23.46700", "2006-12-31": 34.769, "2006-09-30": -21.44, "2006-06-30": -2.571, "2006-03-31": "-16.10900", "2005-12-31": 34.206, "2005-09-30": -16.288, "2005-06-30": -4.424, "2005-03-31": "-18.16000"}, "Change In Assets/Liabilities": {"2020-09-30": 4, "2020-06-30": 314, "2020-03-31": "1945.00000", "2019-12-31": 607, "2019-09-30": 277, "2019-06-30": 460, "2019-03-31": "-70.00000", "2018-12-31": 455.3361, "2018-09-30": 395.6829, "2018-06-30": 121.248, "2018-03-31": "416.73300", "2017-12-31": 584.53, "2017-09-30": 418.607, "2017-06-30": 226.589, "2017-03-31": "363.27400", "2016-12-31": 273.453, "2016-09-30": 145.46, "2016-06-30": 61.918, "2016-03-31": "208.77100", "2015-12-31": 1239.526, "2015-09-30": 208.154, "2015-06-30": 90.466, "2015-03-31": "195.62400", "2014-12-31": 683.447, "2014-09-30": 311.3719, "2014-06-30": 321.9871, "2014-03-31": "432.34900", "2013-12-31": 544.868, "2013-09-30": 8.3631, "2013-06-30": 476.2129, "2013-03-31": "333.64600", "2012-12-31": 129.893, "2012-09-30": 810.484, "2012-06-30": 230.8411, "2012-03-31": "523.40090", "2011-12-31": 163.393, "2011-09-30": 180.566, "2011-06-30": 178.061, "2011-03-31": "245.84400", "2010-12-31": 31.241, "2010-09-30": 286.02, "2010-06-30": 15.905, "2010-03-31": "1002.22200", "2009-12-31": 297.893, "2009-09-30": 452.286, "2009-06-30": 172.555, "2009-03-31": "344.73800", "2008-12-31": -49.302, "2008-09-30": -136.549, "2008-06-30": 213.798, "2008-03-31": "41.04700", "2007-12-31": 139.579, "2007-09-30": 181.753, "2007-06-30": 118.052, "2007-03-31": "153.36200", "2006-12-31": 213.47, "2006-09-30": 18.441, "2006-06-30": 193.191, "2006-03-31": "85.12800", "2005-12-31": 229.6239, "2005-09-30": 43.206, "2005-06-30": 24.815, "2005-03-31": "121.20900"}, "Total Change In Assets/Liabilities": {"2020-09-30": 70, "2020-06-30": 354, "2020-03-31": "1920.00000", "2019-12-31": 571, "2019-09-30": 346, "2019-06-30": 380, "2019-03-31": "83.00000", "2018-12-31": 193.9701, "2018-09-30": 243.4679, "2018-06-30": 63.667, "2018-03-31": "130.89500", "2017-12-31": 678.878, "2017-09-30": 199.585, "2017-06-30": 26.609, "2017-03-31": "297.92800", "2016-12-31": 160.338, "2016-09-30": 216.293, "2016-06-30": 4.76, "2016-03-31": "132.61400", "2015-12-31": 1025.078, "2015-09-30": 106.601, "2015-06-30": 92.386, "2015-03-31": "147.36500", "2014-12-31": 661.629, "2014-09-30": 309.2149, "2014-06-30": 189.5441, "2014-03-31": "451.20200", "2013-12-31": 351.007, "2013-09-30": 66.7701, "2013-06-30": 392.8749, "2013-03-31": "376.42700", "2012-12-31": -4.257, "2012-09-30": 732.905, "2012-06-30": 235.6271, "2012-03-31": "433.06290", "2011-12-31": 213.12, "2011-09-30": -5.781, "2011-06-30": 154.46, "2011-03-31": "304.98900", "2010-12-31": 68.456, "2010-09-30": 276.026, "2010-06-30": -65.477, "2010-03-31": "926.56900", "2009-12-31": 364.2249, "2009-09-30": 382.1391, "2009-06-30": 165.19, "2009-03-31": "266.46300", "2008-12-31": -18.33, "2008-09-30": -143.167, "2008-06-30": 169.523, "2008-03-31": "-34.83200", "2007-12-31": 221.649, "2007-09-30": 75.349, "2007-06-30": 118.493, "2007-03-31": "168.56800", "2006-12-31": 188.409, "2006-09-30": 50.456, "2006-06-30": 118.337, "2006-03-31": "49.89200", "2005-12-31": 247.865, "2005-09-30": 85.122, "2005-06-30": -32.344, "2005-03-31": "82.79100"}, "Cash Flow From Operating Activities": {"2020-09-30": 200, "2020-06-30": 372, "2020-03-31": "2207.00000", "2019-12-31": 543, "2019-09-30": 794, "2019-06-30": 630, "2019-03-31": "340.00000", "2018-12-31": 480.837, "2018-09-30": 516.575, "2018-06-30": 359.839, "2018-03-31": "223.74900", "2017-12-31": 877.501, "2017-09-30": 448.525, "2017-06-30": 238.609, "2017-03-31": "417.36500", "2016-12-31": 445.846, "2016-09-30": 425.426, "2016-06-30": 225.874, "2016-03-31": "368.57200", "2015-12-31": 1210.149, "2015-09-30": 272.774, "2015-06-30": 289.481, "2015-03-31": "316.21100", "2014-12-31": 1097.979, "2014-09-30": 330.366, "2014-06-30": 366.582, "2014-03-31": "541.22800", "2013-12-31": 476.13, "2013-09-30": 445.909, "2013-06-30": 310.191, "2013-03-31": "494.93000", "2012-12-31": 445.451, "2012-09-30": 710.819, "2012-06-30": 263.602, "2012-03-31": "554.65500", "2011-12-31": 475.555, "2011-09-30": 296.163, "2011-06-30": 162.166, "2011-03-31": "375.64800", "2010-12-31": 512.461, "2010-09-30": 295.066, "2010-06-30": 87.181, "2010-03-31": "948.03200", "2009-12-31": 461.298, "2009-09-30": 363.721, "2009-06-30": 186.732, "2009-03-31": "352.48500", "2008-12-31": 261.838, "2008-09-30": 98.814, "2008-06-30": 177.815, "2008-03-31": "188.51500", "2007-12-31": 440.914, "2007-09-30": 142.939, "2007-06-30": 230.363, "2007-03-31": "285.09800", "2006-12-31": 355.725, "2006-09-30": 182.581, "2006-06-30": 155.869, "2006-03-31": "152.05000", "2005-12-31": 328.174, "2005-09-30": 68.292, "2005-06-30": 21.855, "2005-03-31": "181.03000"}, "Net Change In Property, Plant, And Equipment": {"2020-09-30": -6, "2020-06-30": -5, "2020-03-31": "-6.00000", "2019-12-31": -10, "2019-09-30": -6, "2019-06-30": -7, "2019-03-31": "-11.00000", "2018-12-31": -8.522, "2018-09-30": -5.905, "2018-06-30": -9.281, "2018-03-31": "-5.29200", "2017-12-31": -10.758, "2017-09-30": -64.928, "2017-06-30": 48.579, "2017-03-31": "-16.89300", "2016-12-31": -44.642, "2016-09-30": 0, "2016-06-30": 0, "2016-03-31": "", "2015-12-31": 0.687, "2015-09-30": -1.296, "2015-06-30": -1.44, "2015-03-31": "-21.50400", "2014-12-31": -14.019, "2014-09-30": -31.047, "2014-06-30": -43.295, "2014-03-31": "", "2013-12-31": 0, "2013-09-30": 0, "2013-06-30": 0, "2013-03-31": "", "2012-12-31": 0, "2012-09-30": 0, "2012-06-30": 0, "2012-03-31": "", "2011-12-31": 0, "2011-09-30": 0, "2011-06-30": 0, "2011-03-31": "", "2010-12-31": 0, "2010-09-30": 0, "2010-06-30": 0, "2010-03-31": "", "2009-12-31": 0, "2009-09-30": 0, "2009-06-30": 0, "2009-03-31": "", "2008-12-31": 0, "2008-09-30": 0, "2008-06-30": 0, "2008-03-31": "", "2007-12-31": 0, "2007-09-30": 0, "2007-06-30": 0, "2007-03-31": "", "2006-12-31": 0, "2006-09-30": 0, "2006-06-30": 0, "2006-03-31": "", "2005-12-31": 0, "2005-09-30": 0, "2005-06-30": 0, "2005-03-31": ""}, "Net Change In Intangible Assets": {"2020-09-30": 0, "2020-06-30": 0, "2020-03-31": "", "2019-12-31": 0, "2019-09-30": 0, "2019-06-30": 0, "2019-03-31": "", "2018-12-31": 0, "2018-09-30": 0, "2018-06-30": 0, "2018-03-31": "", "2017-12-31": 0, "2017-09-30": 0, "2017-06-30": 0, "2017-03-31": "", "2016-12-31": 0, "2016-09-30": 0, "2016-06-30": 0, "2016-03-31": "", "2015-12-31": 0, "2015-09-30": 0, "2015-06-30": 0, "2015-03-31": "", "2014-12-31": 0, "2014-09-30": 0, "2014-06-30": 0, "2014-03-31": "", "2013-12-31": 0, "2013-09-30": 0, "2013-06-30": 0, "2013-03-31": "", "2012-12-31": 0, "2012-09-30": 0, "2012-06-30": 0, "2012-03-31": "", "2011-12-31": 0, "2011-09-30": 0, "2011-06-30": 0, "2011-03-31": "", "2010-12-31": 0, "2010-09-30": 0, "2010-06-30": 0, "2010-03-31": "", "2009-12-31": 0, "2009-09-30": 0, "2009-06-30": 0, "2009-03-31": "", "2008-12-31": 0, "2008-09-30": 0, "2008-06-30": 0, "2008-03-31": "", "2007-12-31": 0, "2007-09-30": 0, "2007-06-30": 0, "2007-03-31": "", "2006-12-31": 0, "2006-09-30": 0, "2006-06-30": 0, "2006-03-31": "", "2005-12-31": 0, "2005-09-30": 0, "2005-06-30": 0, "2005-03-31": ""}, "Net Acquisitions/Divestitures": {"2020-09-30": 0, "2020-06-30": 0, "2020-03-31": "", "2019-12-31": 0, "2019-09-30": 0, "2019-06-30": 0, "2019-03-31": "4.00000", "2018-12-31": -0.559, "2018-09-30": -2.126, "2018-06-30": -4.451, "2018-03-31": "-24.86400", "2017-12-31": 0, "2017-09-30": 0, "2017-06-30": 0, "2017-03-31": "", "2016-12-31": 0, "2016-09-30": 0, "2016-06-30": 0, "2016-03-31": "", "2015-12-31": 49.916, "2015-09-30": -3.701, "2015-06-30": -191.45, "2015-03-31": "", "2014-12-31": 0, "2014-09-30": 0, "2014-06-30": 0, "2014-03-31": "", "2013-12-31": 0, "2013-09-30": -2.805, "2013-06-30": 0, "2013-03-31": "", "2012-12-31": 0, "2012-09-30": 0, "2012-06-30": 0, "2012-03-31": "", "2011-12-31": 0, "2011-09-30": 0, "2011-06-30": 0, "2011-03-31": "", "2010-12-31": 0, "2010-09-30": 0, "2010-06-30": 0, "2010-03-31": "", "2009-12-31": 0, "2009-09-30": 0, "2009-06-30": 0, "2009-03-31": "", "2008-12-31": 0, "2008-09-30": 0, "2008-06-30": 0, "2008-03-31": "", "2007-12-31": 0, "2007-09-30": 0, "2007-06-30": 0, "2007-03-31": "", "2006-12-31": 0, "2006-09-30": 0, "2006-06-30": 0, "2006-03-31": "", "2005-12-31": 0, "2005-09-30": 0, "2005-06-30": 0, "2005-03-31": ""}, "Net Change In Short-term Investments": {"2020-09-30": -66, "2020-06-30": 39, "2020-03-31": "-58.00000", "2019-12-31": 45, "2019-09-30": 87, "2019-06-30": 42, "2019-03-31": "25.00000", "2018-12-31": 94.144, "2018-09-30": 44.699, "2018-06-30": 3.183, "2018-03-31": "-13.02600", "2017-12-31": -13.664, "2017-09-30": 42.993, "2017-06-30": -0.997, "2017-03-31": "23.66800", "2016-12-31": 47.003, "2016-09-30": 68.563, "2016-06-30": 225.409, "2016-03-31": "124.65300", "2015-12-31": -505.016, "2015-09-30": 12.471, "2015-06-30": 18.218, "2015-03-31": "4.32500", "2014-12-31": -55.056, "2014-09-30": -0.682, "2014-06-30": 73.058, "2014-03-31": "20.74000", "2013-12-31": -97.236, "2013-09-30": -5.876, "2013-06-30": 139.414, "2013-03-31": "101.72200", "2012-12-31": -199.221, "2012-09-30": 62.018, "2012-06-30": -29.267, "2012-03-31": "65.25600", "2011-12-31": 117.303, "2011-09-30": -12.295, "2011-06-30": -49.689, "2011-03-31": "-24.91100", "2010-12-31": -57.729, "2010-09-30": -70.841, "2010-06-30": 93.606, "2010-03-31": "-2.43100", "2009-12-31": -79.13, "2009-09-30": -40.114, "2009-06-30": 3.999, "2009-03-31": "0.77200", "2008-12-31": -20.858, "2008-09-30": -38.401, "2008-06-30": -42.113, "2008-03-31": "-76.31800", "2007-12-31": 46.937, "2007-09-30": 29.022, "2007-06-30": -26.148, "2007-03-31": "-98.43400", "2006-12-31": -80.119, "2006-09-30": 821.454, "2006-06-30": -842.993, "2006-03-31": "117.96000", "2005-12-31": -97.1, "2005-09-30": -6.045, "2005-06-30": -13.163, "2005-03-31": "-9.87900"}, "Net Change In Long-Term Investments": {"2020-09-30": -1043, "2020-06-30": 100, "2020-03-31": "-936.00000", "2019-12-31": -1582, "2019-09-30": -264, "2019-06-30": -829, "2019-03-31": "172.00000", "2018-12-31": -1373.495, "2018-09-30": 919.5555, "2018-06-30": -29.1455, "2018-03-31": "143.08500", "2017-12-31": -1208.4219, "2017-09-30": 603.0752, "2017-06-30": -785.0372, "2017-03-31": "-103.61610", "2016-12-31": -560.96, "2016-09-30": -187.793, "2016-06-30": -1593.3201, "2016-03-31": "-806.84990", "2015-12-31": -740.3349, "2015-09-30": 228.1721, "2015-06-30": 229.0818, "2015-03-31": "-500.62700", "2014-12-31": -457.3458, "2014-09-30": -484.6782, "2014-06-30": -91.8052, "2014-03-31": "-325.44380", "2013-12-31": -478.1893, "2013-09-30": -134.7075, "2013-06-30": -177.2313, "2013-03-31": "-470.29190", "2012-12-31": -753.7487, "2012-09-30": -13.4452, "2012-06-30": -308.7492, "2012-03-31": "-574.56490", "2011-12-31": -161.9856, "2011-09-30": -229.29, "2011-06-30": -321.74, "2011-03-31": "-100.88600", "2010-12-31": -453.37, "2010-09-30": -261.5881, "2010-06-30": -194.2328, "2010-03-31": "-773.89610", "2009-12-31": -934.9915, "2009-09-30": -177.7402, "2009-06-30": -179.8144, "2009-03-31": "-532.03890", "2008-12-31": -94.9739, "2008-09-30": -296.0838, "2008-06-30": -313.2041, "2008-03-31": "-191.21000", "2007-12-31": -417.7648, "2007-09-30": -101.3343, "2007-06-30": -77.672, "2007-03-31": "-331.47500", "2006-12-31": -298.503, "2006-09-30": -1064.449, "2006-06-30": -190.74, "2006-03-31": "-96.96700", "2005-12-31": -433.394, "2005-09-30": -210.487, "2005-06-30": 77.844, "2005-03-31": "-200.89000"}, "Net Change In Investments - Total": {"2020-09-30": -1109, "2020-06-30": 139, "2020-03-31": "-994.00000", "2019-12-31": -1537, "2019-09-30": -177, "2019-06-30": -787, "2019-03-31": "197.00000", "2018-12-31": -1279.351, "2018-09-30": 964.2545, "2018-06-30": -25.9625, "2018-03-31": "130.05900", "2017-12-31": -1222.0859, "2017-09-30": 646.0682, "2017-06-30": -786.0342, "2017-03-31": "-79.94810", "2016-12-31": -513.957, "2016-09-30": -119.23, "2016-06-30": -1367.9112, "2016-03-31": "-682.19680", "2015-12-31": -1245.351, "2015-09-30": 240.6432, "2015-06-30": 247.2998, "2015-03-31": "-496.30200", "2014-12-31": -512.4017, "2014-09-30": -485.3603, "2014-06-30": -18.7471, "2014-03-31": "-304.70390", "2013-12-31": -575.4253, "2013-09-30": -140.5835, "2013-06-30": -37.8173, "2013-03-31": "-368.56990", "2012-12-31": -952.9697, "2012-09-30": 48.5728, "2012-06-30": -338.0161, "2012-03-31": "-509.30900", "2011-12-31": -44.6826, "2011-09-30": -241.585, "2011-06-30": -371.429, "2011-03-31": "-125.79700", "2010-12-31": -511.099, "2010-09-30": -332.4291, "2010-06-30": -100.6268, "2010-03-31": "-776.32710", "2009-12-31": -1014.1215, "2009-09-30": -217.8542, "2009-06-30": -175.8153, "2009-03-31": "-531.26700", "2008-12-31": -115.832, "2008-09-30": -334.4849, "2008-06-30": -355.3171, "2008-03-31": "-267.52800", "2007-12-31": -370.8278, "2007-09-30": -72.3123, "2007-06-30": -103.82, "2007-03-31": "-429.90900", "2006-12-31": -378.622, "2006-09-30": -242.995, "2006-06-30": -1033.733, "2006-03-31": "20.99300", "2005-12-31": -530.494, "2005-09-30": -216.532, "2005-06-30": 64.681, "2005-03-31": "-210.76900"}, "Investing Activities - Other": {"2020-09-30": -75, "2020-06-30": -62, "2020-03-31": "-96.00000", "2019-12-31": -110, "2019-09-30": -34, "2019-06-30": -63, "2019-03-31": "-97.00000", "2018-12-31": 620.42, "2018-09-30": -824.596, "2018-06-30": -137.471, "2018-03-31": "-23.35300", "2017-12-31": 681.178, "2017-09-30": -747.799, "2017-06-30": -41.253, "2017-03-31": "-14.12600", "2016-12-31": -19.722, "2016-09-30": -69.968, "2016-06-30": 19.3, "2016-03-31": "-27.40000", "2015-12-31": -52.051, "2015-09-30": 52.449, "2015-06-30": -23.733, "2015-03-31": "14.09200", "2014-12-31": -267.759, "2014-09-30": 95.016, "2014-06-30": 110.946, "2014-03-31": "160.42700", "2013-12-31": -245.241, "2013-09-30": 36.932, "2013-06-30": 15.214, "2013-03-31": "-16.80500", "2012-12-31": 11.607, "2012-09-30": -290.422, "2012-06-30": 62.541, "2012-03-31": "", "2011-12-31": -122.288, "2011-09-30": 0, "2011-06-30": 0, "2011-03-31": "", "2010-12-31": 0, "2010-09-30": 0, "2010-06-30": 0, "2010-03-31": "", "2009-12-31": 0, "2009-09-30": 0, "2009-06-30": 0, "2009-03-31": "", "2008-12-31": -112.061, "2008-09-30": 99.255, "2008-06-30": -8.461, "2008-03-31": "21.26700", "2007-12-31": -62.589, "2007-09-30": -27.809, "2007-06-30": 42.85, "2007-03-31": "47.54800", "2006-12-31": -88.618, "2006-09-30": 12.11, "2006-06-30": -31.892, "2006-03-31": "108.40000", "2005-12-31": 0, "2005-09-30": 0, "2005-06-30": 0, "2005-03-31": ""}, "Cash Flow From Investing Activities": {"2020-09-30": -1190, "2020-06-30": 72, "2020-03-31": "-1096.00000", "2019-12-31": -1657, "2019-09-30": -217, "2019-06-30": -857, "2019-03-31": "93.00000", "2018-12-31": -668.012, "2018-09-30": 131.627, "2018-06-30": -177.165, "2018-03-31": "76.55000", "2017-12-31": -551.666, "2017-09-30": -166.659, "2017-06-30": -778.708, "2017-03-31": "-110.96700", "2016-12-31": -578.32, "2016-09-30": -189.199, "2016-06-30": -1348.61, "2016-03-31": "-709.59700", "2015-12-31": -1246.799, "2015-09-30": 288.095, "2015-06-30": 30.677, "2015-03-31": "-503.71400", "2014-12-31": -794.181, "2014-09-30": -421.391, "2014-06-30": 48.904, "2014-03-31": "-144.27700", "2013-12-31": -820.666, "2013-09-30": -106.457, "2013-06-30": -22.603, "2013-03-31": "-385.37500", "2012-12-31": -941.363, "2012-09-30": -241.849, "2012-06-30": -275.475, "2012-03-31": "-509.30900", "2011-12-31": -166.97, "2011-09-30": -241.585, "2011-06-30": -371.429, "2011-03-31": "-125.79700", "2010-12-31": -511.099, "2010-09-30": -332.429, "2010-06-30": -100.627, "2010-03-31": "-776.32700", "2009-12-31": -1014.122, "2009-09-30": -217.854, "2009-06-30": -175.815, "2009-03-31": "-531.26700", "2008-12-31": -227.893, "2008-09-30": -235.23, "2008-06-30": -363.778, "2008-03-31": "-246.26100", "2007-12-31": -433.417, "2007-09-30": -100.121, "2007-06-30": -60.97, "2007-03-31": "-382.36100", "2006-12-31": -467.24, "2006-09-30": -230.885, "2006-06-30": -1065.625, "2006-03-31": "129.39300", "2005-12-31": -530.494, "2005-09-30": -216.532, "2005-06-30": 64.681, "2005-03-31": "-210.76900"}, "Net Long-Term Debt": {"2020-09-30": -29, "2020-06-30": 457, "2020-03-31": "-20.00000", "2019-12-31": -415, "2019-09-30": -25, "2019-06-30": 575, "2019-03-31": "-30.00000", "2018-12-31": -21.847, "2018-09-30": -22.72, "2018-06-30": -26.667, "2018-03-31": "-27.76600", "2017-12-31": -69.073, "2017-09-30": -0.649, "2017-06-30": 16.266, "2017-03-31": "-317.54400", "2016-12-31": -65.2, "2016-09-30": 34.746, "2016-06-30": 770.875, "2016-03-31": "-7.48700", "2015-12-31": -20.336, "2015-09-30": -160.658, "2015-06-30": 166.835, "2015-03-31": "-7.95300", "2014-12-31": -0.58, "2014-09-30": 99.808, "2014-06-30": 0, "2014-03-31": "", "2013-12-31": 0, "2013-09-30": 391.237, "2013-06-30": 0, "2013-03-31": "-112.00000", "2012-12-31": 0, "2012-09-30": 400, "2012-06-30": 0, "2012-03-31": "", "2011-12-31": -218.967, "2011-09-30": 293.543, "2011-06-30": 0, "2011-03-31": "-7.58600", "2010-12-31": 0, "2010-09-30": 0, "2010-06-30": 0, "2010-03-31": "", "2009-12-31": 396.344, "2009-09-30": 0, "2009-06-30": -39.96, "2009-03-31": "", "2008-12-31": 0, "2008-09-30": 0, "2008-06-30": 0, "2008-03-31": "", "2007-12-31": 0, "2007-09-30": 0, "2007-06-30": 0, "2007-03-31": "295.31100", "2006-12-31": 0, "2006-09-30": 0, "2006-06-30": -100, "2006-03-31": "", "2005-12-31": 394.64, "2005-09-30": 0, "2005-06-30": 0, "2005-03-31": ""}, "Net Current Debt": {"2020-09-30": 0, "2020-06-30": 0, "2020-03-31": "", "2019-12-31": 0, "2019-09-30": 0, "2019-06-30": 0, "2019-03-31": "", "2018-12-31": 0, "2018-09-30": 0, "2018-06-30": 0, "2018-03-31": "", "2017-12-31": 56.637, "2017-09-30": -32.876, "2017-06-30": -23.761, "2017-03-31": "", "2016-12-31": 0, "2016-09-30": 0, "2016-06-30": 0, "2016-03-31": "", "2015-12-31": 23.892, "2015-09-30": 157.96, "2015-06-30": -17.632, "2015-03-31": "", "2014-12-31": 300, "2014-09-30": -110, "2014-06-30": 60, "2014-03-31": "50.00000", "2013-12-31": 0, "2013-09-30": -120, "2013-06-30": 120, "2013-03-31": "", "2012-12-31": 0, "2012-09-30": 0, "2012-06-30": 100.565, "2012-03-31": "-100.56500", "2011-12-31": -163.25, "2011-09-30": -231.16, "2011-06-30": 344.53, "2011-03-31": "49.88000", "2010-12-31": -94.73, "2010-09-30": 48.16, "2010-06-30": 62.455, "2010-03-31": "10.43900", "2009-12-31": 137.418, "2009-09-30": 5.935, "2009-06-30": -112.937, "2009-03-31": "-52.95500", "2008-12-31": 159.751, "2008-09-30": 0, "2008-06-30": -62.006, "2008-03-31": "31.91200", "2007-12-31": 30.094, "2007-09-30": -12.269, "2007-06-30": -36.602, "2007-03-31": "-30.00000", "2006-12-31": 0, "2006-09-30": 0, "2006-06-30": 837.5, "2006-03-31": "", "2005-12-31": 0, "2005-09-30": 0, "2005-06-30": 0, "2005-03-31": ""}, "Debt Issuance/Retirement Net - Total": {"2020-09-30": -29, "2020-06-30": 457, "2020-03-31": "-20.00000", "2019-12-31": -415, "2019-09-30": -25, "2019-06-30": 575, "2019-03-31": "-30.00000", "2018-12-31": -21.847, "2018-09-30": -22.72, "2018-06-30": -26.667, "2018-03-31": "-27.76600", "2017-12-31": -12.436, "2017-09-30": -33.525, "2017-06-30": -7.495, "2017-03-31": "-317.54400", "2016-12-31": -65.2, "2016-09-30": 34.746, "2016-06-30": 770.875, "2016-03-31": "-7.48700", "2015-12-31": 3.556, "2015-09-30": -2.698, "2015-06-30": 149.203, "2015-03-31": "-7.95300", "2014-12-31": 299.42, "2014-09-30": -10.192, "2014-06-30": 60, "2014-03-31": "50.00000", "2013-12-31": 0, "2013-09-30": 271.237, "2013-06-30": 120, "2013-03-31": "-112.00000", "2012-12-31": 0, "2012-09-30": 400, "2012-06-30": 100.565, "2012-03-31": "-100.56500", "2011-12-31": -382.217, "2011-09-30": 62.383, "2011-06-30": 344.53, "2011-03-31": "42.29400", "2010-12-31": -94.73, "2010-09-30": 48.16, "2010-06-30": 62.455, "2010-03-31": "10.43900", "2009-12-31": 533.762, "2009-09-30": 5.935, "2009-06-30": -152.897, "2009-03-31": "-52.95500", "2008-12-31": 159.751, "2008-09-30": 0, "2008-06-30": -62.006, "2008-03-31": "31.91200", "2007-12-31": 30.094, "2007-09-30": -12.269, "2007-06-30": -36.602, "2007-03-31": "265.31100", "2006-12-31": 0, "2006-09-30": 0, "2006-06-30": 737.5, "2006-03-31": "", "2005-12-31": 394.64, "2005-09-30": 0, "2005-06-30": 0, "2005-03-31": ""}, "Net Common Equity Issued/Repurchased": {"2020-09-30": 0, "2020-06-30": 475, "2020-03-31": "-155.00000", "2019-12-31": -1, "2019-09-30": -28, "2019-06-30": -19, "2019-03-31": "-47.00000", "2018-12-31": -25.463, "2018-09-30": -107.72, "2018-06-30": -162.364, "2018-03-31": "-1.45300", "2017-12-31": -0.09, "2017-09-30": -28.859, "2017-06-30": -6.703, "2017-03-31": "-1.34800", "2016-12-31": 2.549, "2016-09-30": 5.443, "2016-06-30": -13.023, "2016-03-31": "-102.56400", "2015-12-31": -52.487, "2015-09-30": -71.007, "2015-06-30": -40.968, "2015-03-31": "-208.90600", "2014-12-31": -8.257, "2014-09-30": -14.008, "2014-06-30": -89.541, "2014-03-31": "-80.47300", "2013-12-31": 19.178, "2013-09-30": -36.741, "2013-06-30": -176.682, "2013-03-31": "-46.56900", "2012-12-31": -7.183, "2012-09-30": 4.747, "2012-06-30": -3.673, "2012-03-31": "-3.90200", "2011-12-31": -2.231, "2011-09-30": -47.05, "2011-06-30": 17.151, "2011-03-31": "-341.76600", "2010-12-31": -6.527, "2010-09-30": 0.796, "2010-06-30": 2.246, "2010-03-31": "5.04400", "2009-12-31": 5.341, "2009-09-30": 0.431, "2009-06-30": 0.282, "2009-03-31": "-1.35700", "2008-12-31": 334.081, "2008-09-30": 0.417, "2008-06-30": 2.481, "2008-03-31": "-1.60400", "2007-12-31": -0.377, "2007-09-30": 0.398, "2007-06-30": 8.053, "2007-03-31": "0.48200", "2006-12-31": 1.206, "2006-09-30": 4.649, "2006-06-30": 0.256, "2006-03-31": "2.67700", "2005-12-31": -74.819, "2005-09-30": 0.064, "2005-06-30": 0.574, "2005-03-31": "4.33900"}, "Net Total Equity Issued/Repurchased": {"2020-09-30": 0, "2020-06-30": 475, "2020-03-31": "-155.00000", "2019-12-31": -1, "2019-09-30": -28, "2019-06-30": -19, "2019-03-31": "-47.00000", "2018-12-31": -25.463, "2018-09-30": -107.72, "2018-06-30": -162.364, "2018-03-31": "-1.45300", "2017-12-31": -0.09, "2017-09-30": -28.859, "2017-06-30": -6.703, "2017-03-31": "-1.34800", "2016-12-31": 63.52, "2016-09-30": -55.528, "2016-06-30": -13.023, "2016-03-31": "-102.56400", "2015-12-31": -52.487, "2015-09-30": -71.007, "2015-06-30": -40.968, "2015-03-31": "-208.90600", "2014-12-31": -8.257, "2014-09-30": -14.008, "2014-06-30": -89.541, "2014-03-31": "-80.47300", "2013-12-31": 19.178, "2013-09-30": -36.741, "2013-06-30": -176.682, "2013-03-31": "-46.56900", "2012-12-31": -7.183, "2012-09-30": 4.747, "2012-06-30": -3.673, "2012-03-31": "-3.90200", "2011-12-31": -2.231, "2011-09-30": -47.068, "2011-06-30": -142.304, "2011-03-31": "-187.17800", "2010-12-31": -6.527, "2010-09-30": 0.796, "2010-06-30": 2.246, "2010-03-31": "5.04400", "2009-12-31": 5.341, "2009-09-30": 0.431, "2009-06-30": 0.282, "2009-03-31": "-1.35700", "2008-12-31": 334.081, "2008-09-30": 0.417, "2008-06-30": 2.481, "2008-03-31": "-1.60400", "2007-12-31": -0.377, "2007-09-30": 0.398, "2007-06-30": 8.053, "2007-03-31": "0.48200", "2006-12-31": 1.206, "2006-09-30": 4.649, "2006-06-30": 0.256, "2006-03-31": "2.67700", "2005-12-31": -74.819, "2005-09-30": 0.064, "2005-06-30": 0.574, "2005-03-31": "4.33900"}, "Total Common And Preferred Stock Dividends Paid": {"2020-09-30": -47, "2020-06-30": -43, "2020-03-31": "-44.00000", "2019-12-31": -44, "2019-09-30": -44, "2019-06-30": -37, "2019-03-31": "-38.00000", "2018-12-31": -37.559, "2018-09-30": -38.071, "2018-06-30": -32.129, "2018-03-31": "-32.24100", "2017-12-31": -31.914, "2017-09-30": -32.271, "2017-06-30": -26.434, "2017-03-31": "-26.38100", "2016-12-31": -26.337, "2016-09-30": -26.288, "2016-06-30": -23.727, "2016-03-31": "-24.01900", "2015-12-31": -24.27, "2015-09-30": -24.592, "2015-06-30": -21.85, "2015-03-31": "-22.66900", "2014-12-31": -22.669, "2014-09-30": -22.632, "2014-06-30": -20.711, "2014-03-31": "-21.24400", "2013-12-31": -21.177, "2013-09-30": -21.296, "2013-06-30": -17.416, "2013-03-31": "-17.75300", "2012-12-31": -17.725, "2012-09-30": -17.696, "2012-06-30": -13.269, "2012-03-31": "-13.25500", "2011-12-31": -13.19, "2011-09-30": -13.336, "2011-06-30": -8.871, "2011-03-31": "-8.83200", "2010-12-31": -8.83, "2010-09-30": -8.779, "2010-06-30": -8.777, "2010-03-31": "-8.78400", "2009-12-31": -6.577, "2009-09-30": -6.55, "2009-06-30": -6.548, "2009-03-31": "-6.53700", "2008-12-31": -6.53, "2008-09-30": -5.609, "2008-06-30": -5.605, "2008-03-31": "-5.58500", "2007-12-31": -5.58, "2007-09-30": -5.579, "2007-06-30": -5.567, "2007-03-31": "-5.53000", "2006-12-31": -5.523, "2006-09-30": -5.51, "2006-06-30": -5.507, "2006-03-31": "-5.50000", "2005-12-31": -5.638, "2005-09-30": -5.637, "2005-06-30": -5.635, "2005-03-31": "-5.62700"}, "Financial Activities - Other": {"2020-09-30": -23, "2020-06-30": 137, "2020-03-31": "526.00000", "2019-12-31": 358, "2019-09-30": -107, "2019-06-30": -24, "2019-03-31": "-195.00000", "2018-12-31": 435.066, "2018-09-30": -134.621, "2018-06-30": -32.5, "2018-03-31": "-53.94500", "2017-12-31": -191.568, "2017-09-30": -115.533, "2017-06-30": 510.663, "2017-03-31": "-2.56200", "2016-12-31": 26.8901, "2016-09-30": 150.566, "2016-06-30": -78.498, "2016-03-31": "431.46300", "2015-12-31": -93.288, "2015-09-30": -27.018, "2015-06-30": -162.966, "2015-03-31": "-100.36900", "2014-12-31": -14.266, "2014-09-30": -86.505, "2014-06-30": -125.426, "2014-03-31": "-149.05500", "2013-12-31": -142.497, "2013-09-30": -112.732, "2013-06-30": -211.485, "2013-03-31": "-175.28000", "2012-12-31": 183.04, "2012-09-30": -222.406, "2012-06-30": 15.91, "2012-03-31": "-22.64900", "2011-12-31": 247.274, "2011-09-30": 59.391, "2011-06-30": 247.397, "2011-03-31": "-96.04700", "2010-12-31": -70.175, "2010-09-30": 54.027, "2010-06-30": -4.994, "2010-03-31": "-165.00000", "2009-12-31": -14.128, "2009-09-30": -22.413, "2009-06-30": -37.736, "2009-03-31": "-43.05400", "2008-12-31": -45.178, "2008-09-30": 203.403, "2008-06-30": 308.438, "2008-03-31": "-67.20300", "2007-12-31": -76.901, "2007-09-30": 7.262, "2007-06-30": -37.628, "2007-03-31": "-8.97600", "2006-12-31": 28.88, "2006-09-30": 14.924, "2006-06-30": 25.402, "2006-03-31": "24.42900", "2005-12-31": -123.712, "2005-09-30": 136.893, "2005-06-30": -56.629, "2005-03-31": "15.53600"}, "Cash Flow From Financial Activities": {"2020-09-30": -99, "2020-06-30": 1026, "2020-03-31": "307.00000", "2019-12-31": -102, "2019-09-30": -204, "2019-06-30": 495, "2019-03-31": "-310.00000", "2018-12-31": 350.197, "2018-09-30": -303.132, "2018-06-30": -253.66, "2018-03-31": "-115.40500", "2017-12-31": -236.008, "2017-09-30": -210.188, "2017-06-30": 470.031, "2017-03-31": "-347.83500", "2016-12-31": -1.127, "2016-09-30": 103.496, "2016-06-30": 655.627, "2016-03-31": "297.39300", "2015-12-31": -166.489, "2015-09-30": -125.315, "2015-06-30": -76.581, "2015-03-31": "-339.89700", "2014-12-31": 254.228, "2014-09-30": -133.337, "2014-06-30": -175.678, "2014-03-31": "-200.77200", "2013-12-31": -144.496, "2013-09-30": 100.468, "2013-06-30": -285.583, "2013-03-31": "-351.60200", "2012-12-31": 158.132, "2012-09-30": 164.645, "2012-06-30": 99.533, "2012-03-31": "-140.37100", "2011-12-31": -150.364, "2011-09-30": 61.37, "2011-06-30": 440.752, "2011-03-31": "-249.76300", "2010-12-31": -180.262, "2010-09-30": 94.204, "2010-06-30": 50.93, "2010-03-31": "-158.30100", "2009-12-31": 518.398, "2009-09-30": -22.597, "2009-06-30": -196.899, "2009-03-31": "-103.90300", "2008-12-31": 442.124, "2008-09-30": 198.211, "2008-06-30": 243.308, "2008-03-31": "-42.48000", "2007-12-31": -52.764, "2007-09-30": -10.188, "2007-06-30": -71.744, "2007-03-31": "251.28700", "2006-12-31": 24.563, "2006-09-30": 14.063, "2006-06-30": 757.651, "2006-03-31": "21.60600", "2005-12-31": 190.471, "2005-09-30": 131.32, "2005-06-30": -61.69, "2005-03-31": "14.24800"}, "Net Cash Flow": {"2020-09-30": -1057, "2020-06-30": 1493, "2020-03-31": "1371.00000", "2019-12-31": -1187, "2019-09-30": 348, "2019-06-30": 268, "2019-03-31": "130.00000", "2018-12-31": 159.035, "2018-09-30": 332.81, "2018-06-30": -112.728, "2018-03-31": "206.88300", "2017-12-31": 99.128, "2017-09-30": 81.24, "2017-06-30": -54.764, "2017-03-31": "-22.60400", "2016-12-31": -178.975, "2016-09-30": 345.364, "2016-06-30": -467.753, "2016-03-31": "-23.19300", "2015-12-31": -222.417, "2015-09-30": 412.031, "2015-06-30": 252.482, "2015-03-31": "-562.49000", "2014-12-31": 526.924, "2014-09-30": -259.372, "2014-06-30": 250.985, "2014-03-31": "203.48500", "2013-12-31": -499.588, "2013-09-30": 449.616, "2013-06-30": -28.222, "2013-03-31": "-258.05100", "2012-12-31": -343.838, "2012-09-30": 646.389, "2012-06-30": 83.408, "2012-03-31": "-88.93700", "2011-12-31": 160.219, "2011-09-30": 91.678, "2011-06-30": 243.301, "2011-03-31": "4.01100", "2010-12-31": -170.414, "2010-09-30": 76.319, "2010-06-30": 32.396, "2010-03-31": "13.33300", "2009-12-31": -34.855, "2009-09-30": 129.935, "2009-06-30": -169.595, "2009-03-31": "-288.86100", "2008-12-31": 463.148, "2008-09-30": 49.566, "2008-06-30": 58.606, "2008-03-31": "-100.26800", "2007-12-31": -46.676, "2007-09-30": 36.139, "2007-06-30": 99.666, "2007-03-31": "154.79400", "2006-12-31": -84.156, "2006-09-30": -34.436, "2006-06-30": -151.72, "2006-03-31": "302.04800", "2005-12-31": -13.38, "2005-09-30": -17.039, "2005-06-30": 24.089, "2005-03-31": "-17.07300"}, "Stock-Based Compensation": {"2020-09-30": 0, "2020-06-30": 0, "2020-03-31": "", "2019-12-31": 0, "2019-09-30": 0, "2019-06-30": 0, "2019-03-31": "", "2018-12-31": 0, "2018-09-30": 0, "2018-06-30": 0, "2018-03-31": "", "2017-12-31": 0, "2017-09-30": 0, "2017-06-30": 0, "2017-03-31": "", "2016-12-31": 0, "2016-09-30": 0, "2016-06-30": 0, "2016-03-31": "", "2015-12-31": 0, "2015-09-30": 0, "2015-06-30": 0, "2015-03-31": "", "2014-12-31": 0, "2014-09-30": 0, "2014-06-30": 0, "2014-03-31": "", "2013-12-31": 0, "2013-09-30": 0, "2013-06-30": 0, "2013-03-31": "", "2012-12-31": 0, "2012-09-30": 0, "2012-06-30": 0, "2012-03-31": "", "2011-12-31": 0, "2011-09-30": 0, "2011-06-30": 0, "2011-03-31": "", "2010-12-31": 0, "2010-09-30": 0, "2010-06-30": 0, "2010-03-31": "", "2009-12-31": 0, "2009-09-30": 0, "2009-06-30": 0, "2009-03-31": "", "2008-12-31": 0, "2008-09-30": 0, "2008-06-30": 0, "2008-03-31": "", "2007-12-31": 0, "2007-09-30": 0, "2007-06-30": 0, "2007-03-31": "", "2006-12-31": 0, "2006-09-30": 0, "2006-06-30": 0, "2006-03-31": "", "2005-12-31": 0, "2005-09-30": 0, "2005-06-30": 0, "2005-03-31": ""}, "Common Stock Dividends Paid": {"2020-09-30": -47, "2020-06-30": -43, "2020-03-31": "-44.00000", "2019-12-31": -44, "2019-09-30": -44, "2019-06-30": -37, "2019-03-31": "-38.00000", "2018-12-31": -37.559, "2018-09-30": -38.071, "2018-06-30": -32.129, "2018-03-31": "-32.24100", "2017-12-31": -31.914, "2017-09-30": -32.271, "2017-06-30": -26.434, "2017-03-31": "-26.38100", "2016-12-31": -26.337, "2016-09-30": -26.288, "2016-06-30": -23.727, "2016-03-31": "-24.01900", "2015-12-31": -24.27, "2015-09-30": -24.592, "2015-06-30": -21.85, "2015-03-31": "-22.66900", "2014-12-31": -22.669, "2014-09-30": -22.632, "2014-06-30": -20.711, "2014-03-31": "-21.24400", "2013-12-31": -21.177, "2013-09-30": -21.296, "2013-06-30": -17.416, "2013-03-31": "-17.75300", "2012-12-31": -17.725, "2012-09-30": -17.696, "2012-06-30": -13.269, "2012-03-31": "-13.25500", "2011-12-31": -13.19, "2011-09-30": -13.336, "2011-06-30": -8.871, "2011-03-31": "-8.83200", "2010-12-31": -8.83, "2010-09-30": -8.779, "2010-06-30": -8.777, "2010-03-31": "-8.78400", "2009-12-31": -6.577, "2009-09-30": -6.55, "2009-06-30": -6.548, "2009-03-31": "-6.53700", "2008-12-31": -6.53, "2008-09-30": -5.609, "2008-06-30": -5.605, "2008-03-31": "-5.58500", "2007-12-31": -5.58, "2007-09-30": -5.579, "2007-06-30": -5.567, "2007-03-31": "-5.53000", "2006-12-31": -5.523, "2006-09-30": -5.51, "2006-06-30": -5.507, "2006-03-31": "-5.50000", "2005-12-31": -5.638, "2005-09-30": -5.637, "2005-06-30": -5.635, "2005-03-31": "-5.62700"}}, "financial ratios": {"Current Ratio": {"2019-12-31": "", "2018-12-31": "", "2017-12-31": "", "2016-12-31": "", "2015-12-31": "", "2014-12-31": "", "2013-12-31": "", "2012-12-31": "", "2011-12-31": "", "2010-12-31": "", "2009-12-31": "", "2008-12-31": "", "2007-12-31": "", "2006-12-31": "", "2005-12-31": ""}, "Long-term Debt / Capital": {"2019-12-31": "0.20440", "2018-12-31": "0.24810", "2017-12-31": "0.22560", "2016-12-31": "0.30340", "2015-12-31": "0.27240", "2014-12-31": "0.24650", "2013-12-31": "0.27170", "2012-12-31": "0.20800", "2011-12-31": "0.19560", "2010-12-31": "0.16780", "2009-12-31": "0.23920", "2008-12-31": "0.25980", "2007-12-31": "0.21930", "2006-12-31": "0.19370", "2005-12-31": "0.21060"}, "Debt/Equity Ratio": {"2019-12-31": "0.25700", "2018-12-31": "0.32990", "2017-12-31": "0.29140", "2016-12-31": "0.43540", "2015-12-31": "0.37450", "2014-12-31": "0.32710", "2013-12-31": "0.37310", "2012-12-31": "0.26270", "2011-12-31": "0.24310", "2010-12-31": "0.24130", "2009-12-31": "0.31440", "2008-12-31": "0.35090", "2007-12-31": "0.29020", "2006-12-31": "0.25060", "2005-12-31": "0.31650"}, "Gross Margin": {"2019-12-31": "", "2018-12-31": "", "2017-12-31": "", "2016-12-31": "", "2015-12-31": "", "2014-12-31": "", "2013-12-31": "", "2012-12-31": "", "2011-12-31": "", "2010-12-31": "", "2009-12-31": "", "2008-12-31": "", "2007-12-31": "", "2006-12-31": "", "2005-12-31": ""}, "Operating Margin": {"2019-12-31": "9.32870", "2018-12-31": "7.94500", "2017-12-31": "10.53050", "2016-12-31": "10.47950", "2015-12-31": "8.73760", "2014-12-31": "10.24080", "2013-12-31": "7.46250", "2012-12-31": "10.53530", "2011-12-31": "9.95070", "2010-12-31": "10.95450", "2009-12-31": "9.48880", "2008-12-31": "6.78160", "2007-12-31": "10.55990", "2006-12-31": "10.39430", "2005-12-31": "8.67600"}, "EBIT Margin": {"2019-12-31": "9.32870", "2018-12-31": "7.94500", "2017-12-31": "10.53050", "2016-12-31": "10.47950", "2015-12-31": "8.73760", "2014-12-31": "10.24080", "2013-12-31": "7.46250", "2012-12-31": "10.53530", "2011-12-31": "9.95070", "2010-12-31": "10.95450", "2009-12-31": "9.48880", "2008-12-31": "6.78160", "2007-12-31": "10.55990", "2006-12-31": "10.39430", "2005-12-31": "8.67600"}, "EBITDA Margin": {"2019-12-31": "9.28670", "2018-12-31": "7.85180", "2017-12-31": "10.11510", "2016-12-31": "9.89710", "2015-12-31": "8.29420", "2014-12-31": "9.44150", "2013-12-31": "6.53650", "2012-12-31": "9.68390", "2011-12-31": "7.99490", "2010-12-31": "9.20750", "2009-12-31": "7.58520", "2008-12-31": "5.19840", "2007-12-31": "9.23690", "2006-12-31": "9.36720", "2005-12-31": "7.79730"}, "Pre-Tax Profit Margin": {"2019-12-31": "7.91610", "2018-12-31": "6.57040", "2017-12-31": "9.13230", "2016-12-31": "9.06080", "2015-12-31": "7.14900", "2014-12-31": "9.24900", "2013-12-31": "6.15650", "2012-12-31": "9.34080", "2011-12-31": "8.64790", "2010-12-31": "9.75800", "2009-12-31": "8.38210", "2008-12-31": "4.93540", "2007-12-31": "8.30510", "2006-12-31": "8.69110", "2005-12-31": "7.77240"}, "Net Profit Margin": {"2019-12-31": "6.08390", "2018-12-31": "5.56070", "2017-12-31": "14.55740", "2016-12-31": "6.08810", "2015-12-31": "4.82010", "2014-12-31": "6.27320", "2013-12-31": "4.05910", "2012-12-31": "6.42110", "2011-12-31": "6.18430", "2010-12-31": "6.48460", "2009-12-31": "5.76050", "2008-12-31": "3.11190", "2007-12-31": "5.13840", "2006-12-31": "5.54920", "2005-12-31": "4.88970"}, "Asset Turnover": {"2019-12-31": "0.18640", "2018-12-31": "0.19950", "2017-12-31": "0.20680", "2016-12-31": "0.21700", "2015-12-31": "0.20680", "2014-12-31": "0.24420", "2013-12-31": "0.26010", "2012-12-31": "0.24380", "2011-12-31": "0.27910", "2010-12-31": "0.28410", "2009-12-31": "0.27990", "2008-12-31": "0.26230", "2007-12-31": "0.26480", "2006-12-31": "0.27280", "2005-12-31": "0.28310"}, "Inventory Turnover Ratio": {"2019-12-31": "", "2018-12-31": "", "2017-12-31": "", "2016-12-31": "", "2015-12-31": "", "2014-12-31": "", "2013-12-31": "", "2012-12-31": "", "2011-12-31": "", "2010-12-31": "", "2009-12-31": "", "2008-12-31": "", "2007-12-31": "", "2006-12-31": "", "2005-12-31": ""}, "Receiveable Turnover": {"2019-12-31": "", "2018-12-31": "", "2017-12-31": "", "2016-12-31": "", "2015-12-31": "", "2014-12-31": "", "2013-12-31": "", "2012-12-31": "", "2011-12-31": "", "2010-12-31": "", "2009-12-31": "", "2008-12-31": "", "2007-12-31": "", "2006-12-31": "", "2005-12-31": ""}, "Days Sales In Receivables": {"2019-12-31": "", "2018-12-31": "", "2017-12-31": "", "2016-12-31": "", "2015-12-31": "", "2014-12-31": "", "2013-12-31": "", "2012-12-31": "", "2011-12-31": "", "2010-12-31": "", "2009-12-31": "", "2008-12-31": "", "2007-12-31": "", "2006-12-31": "", "2005-12-31": ""}, "ROE - Return On Equity": {"2019-12-31": "7.49940", "2018-12-31": "8.47340", "2017-12-31": "19.03960", "2016-12-31": "9.88910", "2015-12-31": "8.18480", "2014-12-31": "9.73950", "2013-12-31": "7.05640", "2012-12-31": "9.14440", "2011-12-31": "9.38430", "2010-12-31": "10.62860", "2009-12-31": "10.52470", "2008-12-31": "7.17730", "2007-12-31": "9.66420", "2006-12-31": "10.41640", "2005-12-31": "9.32180"}, "Return On Tangible Equity": {"2019-12-31": "7.49940", "2018-12-31": "8.47340", "2017-12-31": "19.03960", "2016-12-31": "9.88910", "2015-12-31": "8.18480", "2014-12-31": "9.73950", "2013-12-31": "7.05640", "2012-12-31": "9.14440", "2011-12-31": "9.38430", "2010-12-31": "10.62860", "2009-12-31": "10.52470", "2008-12-31": "7.17730", "2007-12-31": "9.66420", "2006-12-31": "10.41640", "2005-12-31": "9.32180"}, "ROA - Return On Assets": {"2019-12-31": "1.13380", "2018-12-31": "1.10950", "2017-12-31": "3.01080", "2016-12-31": "1.32100", "2015-12-31": "0.99670", "2014-12-31": "1.53190", "2013-12-31": "1.05570", "2012-12-31": "1.56560", "2011-12-31": "1.72610", "2010-12-31": "1.84220", "2009-12-31": "1.61230", "2008-12-31": "0.86720", "2007-12-31": "1.42730", "2006-12-31": "1.54050", "2005-12-31": "1.45490"}, "ROI - Return On Investment": {"2019-12-31": "5.96630", "2018-12-31": "6.37120", "2017-12-31": "14.74360", "2016-12-31": "6.88920", "2015-12-31": "5.95480", "2014-12-31": "7.33870", "2013-12-31": "5.13920", "2012-12-31": "7.24200", "2011-12-31": "7.54900", "2010-12-31": "8.84500", "2009-12-31": "8.00720", "2008-12-31": "5.31290", "2007-12-31": "7.54480", "2006-12-31": "8.39920", "2005-12-31": "7.35840"}, "Book Value Per Share": {"2019-12-31": "185.15390", "2018-12-31": "134.52420", "2017-12-31": "148.47540", "2016-12-31": "110.30720", "2015-12-31": "94.09370", "2014-12-31": "102.12510", "2013-12-31": "83.87300", "2012-12-31": "93.47310", "2011-12-31": "79.30840", "2010-12-31": "68.70720", "2009-12-31": "52.99330", "2008-12-31": "36.03280", "2007-12-31": "51.42320", "2006-12-31": "45.84570", "2005-12-31": "41.38260"}, "Operating Cash Flow Per Share": {"2019-12-31": 11.8255, "2018-12-31": -5.8551, "2017-12-31": 7.5898, "2016-12-31": -8.4848, "2015-12-31": -2.3537, "2014-12-31": 9.5561, "2013-12-31": -2.792, "2012-12-31": 8.9571, "2011-12-31": -6.9999, "2010-12-31": 6.0657, "2009-12-31": 7.4669, "2008-12-31": -5.9771, "2007-12-31": 3.6961, "2006-12-31": 4.0135, "2005-12-31": 9.4054}, "Free Cash Flow Per Share": {"2019-12-31": 11.7388, "2018-12-31": -5.6315, "2017-12-31": 7.6075, "2016-12-31": -8.8217, "2015-12-31": -1.4407, "2014-12-31": 8.2931, "2013-12-31": -2.792, "2012-12-31": 8.9571, "2011-12-31": -6.9999, "2010-12-31": 6.0657, "2009-12-31": 7.4669, "2008-12-31": -5.9771, "2007-12-31": 3.6961, "2006-12-31": 4.0135, "2005-12-31": 9.4054}}, "financial ratios, quarterly": {"Current Ratio": {"2020-09-30": "", "2020-06-30": "", "2020-03-31": "", "2019-12-31": "", "2019-09-30": "", "2019-06-30": "", "2019-03-31": "", "2018-12-31": "", "2018-09-30": "", "2018-06-30": "", "2018-03-31": "", "2017-12-31": "", "2017-09-30": "", "2017-06-30": "", "2017-03-31": "", "2016-12-31": "", "2016-09-30": "", "2016-06-30": "", "2016-03-31": "", "2015-12-31": "", "2015-09-30": "", "2015-06-30": "", "2015-03-31": "", "2014-12-31": "", "2014-09-30": "", "2014-06-30": "", "2014-03-31": "", "2013-12-31": "", "2013-09-30": "", "2013-06-30": "", "2013-03-31": "", "2012-12-31": "", "2012-09-30": "", "2012-06-30": "", "2012-03-31": "", "2011-12-31": "", "2011-09-30": "", "2011-06-30": "", "2011-03-31": "", "2010-12-31": "", "2010-09-30": "", "2010-06-30": "", "2010-03-31": "", "2009-12-31": "", "2009-09-30": "", "2009-06-30": "", "2009-03-31": "", "2008-12-31": "", "2008-09-30": "", "2008-06-30": "", "2008-03-31": "", "2007-12-31": "", "2007-09-30": "", "2007-06-30": "", "2007-03-31": "", "2006-12-31": "", "2006-09-30": "", "2006-06-30": "", "2006-03-31": "", "2005-12-31": "", "2005-09-30": "", "2005-06-30": "", "2005-03-31": ""}, "Long-term Debt / Capital": {"2020-09-30": "0.21280", "2020-06-30": "0.22160", "2020-03-31": "0.24270", "2019-12-31": "0.20440", "2019-09-30": "0.22690", "2019-06-30": "0.24000", "2019-03-31": "0.22380", "2018-12-31": "0.24810", "2018-09-30": "0.24530", "2018-06-30": "0.24480", "2018-03-31": "0.23640", "2017-12-31": "0.22560", "2017-09-30": "0.25620", "2017-06-30": "0.25920", "2017-03-31": "0.27320", "2016-12-31": "0.30340", "2016-09-30": "0.25860", "2016-06-30": "0.26890", "2016-03-31": "0.22920", "2015-12-31": "0.27240", "2015-09-30": "0.27040", "2015-06-30": "0.26300", "2015-03-31": "0.24450", "2014-12-31": "0.24650", "2014-09-30": "0.25730", "2014-06-30": "0.24870", "2014-03-31": "0.26160", "2013-12-31": "0.27170", "2013-09-30": "0.27300", "2013-06-30": "0.23570", "2013-03-31": "0.20790", "2012-12-31": "0.20800", "2012-09-30": "0.21230", "2012-06-30": "0.18470", "2012-03-31": "0.19260", "2011-12-31": "0.19560", "2011-09-30": "0.19990", "2011-06-30": "0.20990", "2011-03-31": "0.16830", "2010-12-31": "0.16780", "2010-09-30": "0.19570", "2010-06-30": "0.21490", "2010-03-31": "0.22600", "2009-12-31": "0.23920", "2009-09-30": "0.17790", "2009-06-30": "0.20850", "2009-03-31": "0.27070", "2008-12-31": "0.25980", "2008-09-30": "0.26150", "2008-06-30": "0.23220", "2008-03-31": "0.23240", "2007-12-31": "0.21930", "2007-09-30": "0.22760", "2007-06-30": "0.23890", "2007-03-31": "0.24630", "2006-12-31": "0.19370", "2006-09-30": "0.19560", "2006-06-30": "0.21480", "2006-03-31": "0.21970", "2005-12-31": "0.21060", "2005-09-30": "0.09860", "2005-06-30": "0.08380", "2005-03-31": "0.13180"}, "Debt/Equity Ratio": {"2020-09-30": "0.27040", "2020-06-30": "0.28460", "2020-03-31": "0.32050", "2019-12-31": "0.25700", "2019-09-30": "0.29340", "2019-06-30": "0.31580", "2019-03-31": "0.28830", "2018-12-31": "0.32990", "2018-09-30": "0.32500", "2018-06-30": "0.32410", "2018-03-31": "0.30950", "2017-12-31": "0.29140", "2017-09-30": "0.34440", "2017-06-30": "0.34980", "2017-03-31": "0.37580", "2016-12-31": "0.43540", "2016-09-30": "0.38640", "2016-06-30": "0.40740", "2016-03-31": "0.34200", "2015-12-31": "0.37450", "2015-09-30": "0.37060", "2015-06-30": "0.35680", "2015-03-31": "0.32360", "2014-12-31": "0.32710", "2014-09-30": "0.34650", "2014-06-30": "0.34750", "2014-03-31": "0.36230", "2013-12-31": "0.37310", "2013-09-30": "0.37560", "2013-06-30": "0.32870", "2013-03-31": "0.26250", "2012-12-31": "0.26270", "2012-09-30": "0.26950", "2012-06-30": "0.22650", "2012-03-31": "0.23860", "2011-12-31": "0.24310", "2011-09-30": "0.28510", "2011-06-30": "0.30320", "2011-03-31": "0.25330", "2010-12-31": "0.24130", "2010-09-30": "0.24340", "2010-06-30": "0.27380", "2010-03-31": "0.29200", "2009-12-31": "0.31440", "2009-09-30": "0.21650", "2009-06-30": "0.26350", "2009-03-31": "0.37110", "2008-12-31": "0.35090", "2008-09-30": "0.39050", "2008-06-30": "0.30250", "2008-03-31": "0.30270", "2007-12-31": "0.29020", "2007-09-30": "0.30480", "2007-06-30": "0.32430", "2007-03-31": "0.33700", "2006-12-31": "0.25060", "2006-09-30": "0.25320", "2006-06-30": "0.28480", "2006-03-31": "0.32180", "2005-12-31": "0.31650", "2005-09-30": "0.15950", "2005-06-30": "0.16260", "2005-03-31": "0.17590"}, "Gross Margin": {"2020-09-30": "", "2020-06-30": "", "2020-03-31": "", "2019-12-31": "", "2019-09-30": "", "2019-06-30": "", "2019-03-31": "", "2018-12-31": "", "2018-09-30": "", "2018-06-30": "", "2018-03-31": "", "2017-12-31": "", "2017-09-30": "", "2017-06-30": "", "2017-03-31": "", "2016-12-31": "", "2016-09-30": "", "2016-06-30": "", "2016-03-31": "", "2015-12-31": "", "2015-09-30": "", "2015-06-30": "", "2015-03-31": "", "2014-12-31": "", "2014-09-30": "", "2014-06-30": "", "2014-03-31": "", "2013-12-31": "", "2013-09-30": "", "2013-06-30": "", "2013-03-31": "", "2012-12-31": "", "2012-09-30": "", "2012-06-30": "", "2012-03-31": "", "2011-12-31": "", "2011-09-30": "", "2011-06-30": "", "2011-03-31": "", "2010-12-31": "", "2010-09-30": "", "2010-06-30": "", "2010-03-31": "", "2009-12-31": "", "2009-09-30": "", "2009-06-30": "", "2009-03-31": "", "2008-12-31": "", "2008-09-30": "", "2008-06-30": "", "2008-03-31": "", "2007-12-31": "", "2007-09-30": "", "2007-06-30": "", "2007-03-31": "", "2006-12-31": "", "2006-09-30": "", "2006-06-30": "", "2006-03-31": "", "2005-12-31": "", "2005-09-30": "", "2005-06-30": "", "2005-03-31": ""}, "Operating Margin": {"2020-09-30": "9.11340", "2020-06-30": "6.68330", "2020-03-31": "-1.52930", "2019-12-31": "9.45840", "2019-09-30": "11.02540", "2019-06-30": "8.97030", "2019-03-31": "7.74850", "2018-12-31": "5.63760", "2018-09-30": "11.25990", "2018-06-30": "9.12900", "2018-03-31": "5.76550", "2017-12-31": "9.30670", "2017-09-30": "12.23060", "2017-06-30": "11.99770", "2017-03-31": "8.54230", "2016-12-31": "11.18810", "2016-09-30": "11.62350", "2016-06-30": "12.50850", "2016-03-31": "5.83910", "2015-12-31": "8.79390", "2015-09-30": "7.41540", "2015-06-30": "9.69070", "2015-03-31": "8.95910", "2014-12-31": "10.03900", "2014-09-30": "9.95550", "2014-06-30": "11.94260", "2014-03-31": "8.92280", "2013-12-31": "9.76050", "2013-09-30": "9.84280", "2013-06-30": "-1.62850", "2013-03-31": "11.91230", "2012-12-31": "12.97650", "2012-09-30": "9.56370", "2012-06-30": "10.19170", "2012-03-31": "9.02980", "2011-12-31": "9.43250", "2011-09-30": "9.34830", "2011-06-30": "9.80450", "2011-03-31": "11.15150", "2010-12-31": "10.76830", "2010-09-30": "11.47540", "2010-06-30": "11.65570", "2010-03-31": "10.02630", "2009-12-31": "9.51810", "2009-09-30": "10.67040", "2009-06-30": "13.07520", "2009-03-31": "3.83040", "2008-12-31": "3.59480", "2008-09-30": "3.76500", "2008-06-30": "12.14590", "2008-03-31": "6.41460", "2007-12-31": "9.80210", "2007-09-30": "10.49360", "2007-06-30": "10.75720", "2007-03-31": "11.24790", "2006-12-31": "10.79820", "2006-09-30": "11.59420", "2006-06-30": "8.42980", "2006-03-31": "10.65170", "2005-12-31": "9.30530", "2005-09-30": "11.00400", "2005-06-30": "2.64810", "2005-03-31": "11.50580"}, "EBIT Margin": {"2020-09-30": "9.11340", "2020-06-30": "6.68330", "2020-03-31": "-1.52930", "2019-12-31": "9.45840", "2019-09-30": "11.02540", "2019-06-30": "8.97030", "2019-03-31": "7.74850", "2018-12-31": "5.63760", "2018-09-30": "11.25990", "2018-06-30": "9.12900", "2018-03-31": "5.76550", "2017-12-31": "9.30670", "2017-09-30": "12.23060", "2017-06-30": "11.99770", "2017-03-31": "8.54230", "2016-12-31": "11.18810", "2016-09-30": "11.62350", "2016-06-30": "12.50850", "2016-03-31": "5.83910", "2015-12-31": "8.79390", "2015-09-30": "7.41540", "2015-06-30": "9.69070", "2015-03-31": "8.95910", "2014-12-31": "10.03900", "2014-09-30": "9.95550", "2014-06-30": "11.94260", "2014-03-31": "8.92280", "2013-12-31": "9.76050", "2013-09-30": "9.84280", "2013-06-30": "-1.62850", "2013-03-31": "11.91230", "2012-12-31": "12.97650", "2012-09-30": "9.56370", "2012-06-30": "10.19170", "2012-03-31": "9.02980", "2011-12-31": "9.43250", "2011-09-30": "9.34830", "2011-06-30": "9.80450", "2011-03-31": "11.15150", "2010-12-31": "10.76830", "2010-09-30": "11.47540", "2010-06-30": "11.65570", "2010-03-31": "10.02630", "2009-12-31": "9.51810", "2009-09-30": "10.67040", "2009-06-30": "13.07520", "2009-03-31": "3.83040", "2008-12-31": "3.59480", "2008-09-30": "3.76500", "2008-06-30": "12.14590", "2008-03-31": "6.41460", "2007-12-31": "9.80200", "2007-09-30": "10.49360", "2007-06-30": "10.75720", "2007-03-31": "11.24790", "2006-12-31": "10.79820", "2006-09-30": "11.59420", "2006-06-30": "8.42980", "2006-03-31": "10.65170", "2005-12-31": "9.30530", "2005-09-30": "11.00400", "2005-06-30": "2.64810", "2005-03-31": "11.50580"}, "EBITDA Margin": {"2020-09-30": "", "2020-06-30": "", "2020-03-31": "", "2019-12-31": "", "2019-09-30": "", "2019-06-30": "", "2019-03-31": "", "2018-12-31": "", "2018-09-30": "", "2018-06-30": "", "2018-03-31": "", "2017-12-31": "", "2017-09-30": "", "2017-06-30": "", "2017-03-31": "", "2016-12-31": "", "2016-09-30": "", "2016-06-30": "", "2016-03-31": "", "2015-12-31": "", "2015-09-30": "", "2015-06-30": "", "2015-03-31": "", "2014-12-31": "", "2014-09-30": "", "2014-06-30": "", "2014-03-31": "", "2013-12-31": "", "2013-09-30": "", "2013-06-30": "", "2013-03-31": "", "2012-12-31": "", "2012-09-30": "", "2012-06-30": "", "2012-03-31": "", "2011-12-31": "", "2011-09-30": "", "2011-06-30": "", "2011-03-31": "", "2010-12-31": "", "2010-09-30": "", "2010-06-30": "", "2010-03-31": "", "2009-12-31": "", "2009-09-30": "", "2009-06-30": "", "2009-03-31": "", "2008-12-31": "", "2008-09-30": "", "2008-06-30": "", "2008-03-31": "", "2007-12-31": "", "2007-09-30": "", "2007-06-30": "", "2007-03-31": "", "2006-12-31": "", "2006-09-30": "", "2006-06-30": "", "2006-03-31": "", "2005-12-31": "", "2005-09-30": "", "2005-06-30": "", "2005-03-31": ""}, "Pre-Tax Profit Margin": {"2020-09-30": "7.82320", "2020-06-30": "5.40770", "2020-03-31": "-2.99630", "2019-12-31": "8.13740", "2019-09-30": "9.56450", "2019-06-30": "7.49930", "2019-03-31": "6.34500", "2018-12-31": "4.21260", "2018-09-30": "9.99710", "2018-06-30": "7.73760", "2018-03-31": "4.34590", "2017-12-31": "7.90920", "2017-09-30": "10.81490", "2017-06-30": "10.84320", "2017-03-31": "6.90800", "2016-12-31": "9.62900", "2016-09-30": "9.91530", "2016-06-30": "11.62270", "2016-03-31": "4.28170", "2015-12-31": "7.30900", "2015-09-30": "5.74650", "2015-06-30": "8.12780", "2015-03-31": "7.30480", "2014-12-31": "10.25960", "2014-09-30": "8.53330", "2014-06-30": "10.60830", "2014-03-31": "7.50570", "2013-12-31": "8.38540", "2013-09-30": "8.43980", "2013-06-30": "-2.88570", "2013-03-31": "10.71960", "2012-12-31": "11.79130", "2012-09-30": "8.22670", "2012-06-30": "9.08730", "2012-03-31": "7.88330", "2011-12-31": "8.22970", "2011-09-30": "7.83980", "2011-06-30": "8.49230", "2011-03-31": "9.93480", "2010-12-31": "9.56940", "2010-09-30": "10.08280", "2010-06-30": "10.25280", "2010-03-31": "9.20470", "2009-12-31": "8.23960", "2009-09-30": "10.26160", "2009-06-30": "11.88100", "2009-03-31": "2.23450", "2008-12-31": "1.47610", "2008-09-30": "2.48390", "2008-06-30": "10.40810", "2008-03-31": "4.16740", "2007-12-31": "7.36640", "2007-09-30": "8.83160", "2007-06-30": "8.30970", "2007-03-31": "8.80150", "2006-12-31": "8.72260", "2006-09-30": "9.16730", "2006-06-30": "7.84150", "2006-03-31": "9.02350", "2005-12-31": "8.85050", "2005-09-30": "9.80320", "2005-06-30": "2.98800", "2005-03-31": "9.17110"}, "Net Profit Margin": {"2020-09-30": "5.84680", "2020-06-30": "4.38160", "2020-03-31": "-2.74660", "2019-12-31": "6.20870", "2019-09-30": "7.24920", "2019-06-30": "5.82640", "2019-03-31": "4.97080", "2018-12-31": "3.36080", "2018-09-30": "9.33220", "2018-06-30": "6.39490", "2018-03-31": "3.15810", "2017-12-31": "37.63780", "2017-09-30": "7.23590", "2017-06-30": "7.41990", "2017-03-31": "4.83630", "2016-12-31": "6.19520", "2016-09-30": "6.85100", "2016-06-30": "7.76890", "2016-03-31": "3.04360", "2015-12-31": "5.76710", "2015-09-30": "3.42540", "2015-06-30": "4.95720", "2015-03-31": "4.96360", "2014-12-31": "7.08420", "2014-09-30": "5.81600", "2014-06-30": "6.99950", "2014-03-31": "5.14320", "2013-12-31": "5.29670", "2013-09-30": "5.77260", "2013-06-30": "-1.91500", "2013-03-31": "7.13290", "2012-12-31": "8.18880", "2012-09-30": "5.89920", "2012-06-30": "5.93960", "2012-03-31": "5.37810", "2011-12-31": "5.90150", "2011-09-30": "6.74730", "2011-06-30": "5.62370", "2011-03-31": "6.52460", "2010-12-31": "6.95000", "2010-09-30": "6.55740", "2010-06-30": "6.57490", "2010-03-31": "5.82990", "2009-12-31": "5.78280", "2009-09-30": "6.64470", "2009-06-30": "8.44820", "2009-03-31": "1.52140", "2008-12-31": "0.68430", "2008-09-30": "1.92540", "2008-06-30": "6.73940", "2008-03-31": "2.31610", "2007-12-31": "4.24870", "2007-09-30": "5.55170", "2007-06-30": "5.20390", "2007-03-31": "5.62890", "2006-12-31": "5.54410", "2006-09-30": "5.77280", "2006-06-30": "5.12110", "2006-03-31": "5.76020", "2005-12-31": "5.50350", "2005-09-30": "5.83810", "2005-06-30": "1.99910", "2005-03-31": "6.07150"}, "Asset Turnover": {"2020-09-30": "0.04440", "2020-06-30": "0.04470", "2020-03-31": "0.04240", "2019-12-31": "0.04930", "2019-09-30": "0.04790", "2019-06-30": "0.04810", "2019-03-31": "0.05130", "2018-12-31": "0.05080", "2018-09-30": "0.05130", "2018-06-30": "0.05350", "2018-03-31": "0.05210", "2017-12-31": "0.05340", "2017-09-30": "0.05360", "2017-06-30": "0.05380", "2017-03-31": "0.05590", "2016-12-31": "0.05780", "2016-09-30": "0.05290", "2016-06-30": "0.05640", "2016-03-31": "0.04810", "2015-12-31": "0.05610", "2015-09-30": "0.05120", "2015-06-30": "0.05540", "2015-03-31": "0.05640", "2014-12-31": "0.06040", "2014-09-30": "0.06330", "2014-06-30": "0.06560", "2014-03-31": "0.06550", "2013-12-31": "0.06900", "2013-09-30": "0.06050", "2013-06-30": "0.06680", "2013-03-31": "0.06470", "2012-12-31": "0.06750", "2012-09-30": "0.06130", "2012-06-30": "0.06200", "2012-03-31": "0.07100", "2011-12-31": "0.07420", "2011-09-30": "0.06400", "2011-06-30": "0.07190", "2011-03-31": "0.07730", "2010-12-31": "0.07820", "2010-09-30": "0.06760", "2010-06-30": "0.07100", "2010-03-31": "0.07860", "2009-12-31": "0.07700", "2009-09-30": "0.07360", "2009-06-30": "0.08010", "2009-03-31": "0.07080", "2008-12-31": "0.06320", "2008-09-30": "0.06000", "2008-06-30": "0.07330", "2008-03-31": "0.06240", "2007-12-31": "0.06930", "2007-09-30": "0.06530", "2007-06-30": "0.07320", "2007-03-31": "0.06830", "2006-12-31": "0.07720", "2006-09-30": "0.06940", "2006-06-30": "0.06970", "2006-03-31": "0.07240", "2005-12-31": "0.07650", "2005-09-30": "0.07500", "2005-06-30": "0.07260", "2005-03-31": "0.07600"}, "Inventory Turnover Ratio": {"2020-09-30": "", "2020-06-30": "", "2020-03-31": "", "2019-12-31": "", "2019-09-30": "", "2019-06-30": "", "2019-03-31": "", "2018-12-31": "", "2018-09-30": "", "2018-06-30": "", "2018-03-31": "", "2017-12-31": "", "2017-09-30": "", "2017-06-30": "", "2017-03-31": "", "2016-12-31": "", "2016-09-30": "", "2016-06-30": "", "2016-03-31": "", "2015-12-31": "", "2015-09-30": "", "2015-06-30": "", "2015-03-31": "", "2014-12-31": "", "2014-09-30": "", "2014-06-30": "", "2014-03-31": "", "2013-12-31": "", "2013-09-30": "", "2013-06-30": "", "2013-03-31": "", "2012-12-31": "", "2012-09-30": "", "2012-06-30": "", "2012-03-31": "", "2011-12-31": "", "2011-09-30": "", "2011-06-30": "", "2011-03-31": "", "2010-12-31": "", "2010-09-30": "", "2010-06-30": "", "2010-03-31": "", "2009-12-31": "", "2009-09-30": "", "2009-06-30": "", "2009-03-31": "", "2008-12-31": "", "2008-09-30": "", "2008-06-30": "", "2008-03-31": "", "2007-12-31": "", "2007-09-30": "", "2007-06-30": "", "2007-03-31": "", "2006-12-31": "", "2006-09-30": "", "2006-06-30": "", "2006-03-31": "", "2005-12-31": "", "2005-09-30": "", "2005-06-30": "", "2005-03-31": ""}, "Receiveable Turnover": {"2020-09-30": "", "2020-06-30": "", "2020-03-31": "", "2019-12-31": "", "2019-09-30": "", "2019-06-30": "", "2019-03-31": "", "2018-12-31": "", "2018-09-30": "", "2018-06-30": "", "2018-03-31": "", "2017-12-31": "", "2017-09-30": "", "2017-06-30": "", "2017-03-31": "", "2016-12-31": "", "2016-09-30": "", "2016-06-30": "", "2016-03-31": "", "2015-12-31": "", "2015-09-30": "", "2015-06-30": "", "2015-03-31": "", "2014-12-31": "", "2014-09-30": "", "2014-06-30": "", "2014-03-31": "", "2013-12-31": "", "2013-09-30": "", "2013-06-30": "", "2013-03-31": "", "2012-12-31": "", "2012-09-30": "", "2012-06-30": "", "2012-03-31": "", "2011-12-31": "", "2011-09-30": "", "2011-06-30": "", "2011-03-31": "", "2010-12-31": "", "2010-09-30": "", "2010-06-30": "", "2010-03-31": "", "2009-12-31": "", "2009-09-30": "", "2009-06-30": "", "2009-03-31": "", "2008-12-31": "", "2008-09-30": "", "2008-06-30": "", "2008-03-31": "", "2007-12-31": "", "2007-09-30": "", "2007-06-30": "", "2007-03-31": "", "2006-12-31": "", "2006-09-30": "", "2006-06-30": "", "2006-03-31": "", "2005-12-31": "", "2005-09-30": "", "2005-06-30": "", "2005-03-31": ""}, "Days Sales In Receivables": {"2020-09-30": "", "2020-06-30": "", "2020-03-31": "", "2019-12-31": "", "2019-09-30": "", "2019-06-30": "", "2019-03-31": "", "2018-12-31": "", "2018-09-30": "", "2018-06-30": "", "2018-03-31": "", "2017-12-31": "", "2017-09-30": "", "2017-06-30": "", "2017-03-31": "", "2016-12-31": "", "2016-09-30": "", "2016-06-30": "", "2016-03-31": "", "2015-12-31": "", "2015-09-30": "", "2015-06-30": "", "2015-03-31": "", "2014-12-31": "", "2014-09-30": "", "2014-06-30": "", "2014-03-31": "", "2013-12-31": "", "2013-09-30": "", "2013-06-30": "", "2013-03-31": "", "2012-12-31": "", "2012-09-30": "", "2012-06-30": "", "2012-03-31": "", "2011-12-31": "", "2011-09-30": "", "2011-06-30": "", "2011-03-31": "", "2010-12-31": "", "2010-09-30": "", "2010-06-30": "", "2010-03-31": "", "2009-12-31": "", "2009-09-30": "", "2009-06-30": "", "2009-03-31": "", "2008-12-31": "", "2008-09-30": "", "2008-06-30": "", "2008-03-31": "", "2007-12-31": "", "2007-09-30": "", "2007-06-30": "", "2007-03-31": "", "2006-12-31": "", "2006-09-30": "", "2006-06-30": "", "2006-03-31": "", "2005-12-31": "", "2005-09-30": "", "2005-06-30": "", "2005-03-31": ""}, "ROE - Return On Equity": {"2020-09-30": "1.61190", "2020-06-30": "1.25870", "2020-03-31": "-0.94610", "2019-12-31": "2.02570", "2019-09-30": "2.28220", "2019-06-30": "1.88630", "2019-03-31": "1.75800", "2018-12-31": "1.30410", "2018-09-30": "3.51080", "2018-06-30": "2.37600", "2018-03-31": "1.11260", "2017-12-31": "12.71440", "2017-09-30": "2.81080", "2017-06-30": "2.91290", "2017-03-31": "1.96110", "2016-12-31": "2.68080", "2016-09-30": "2.48600", "2016-06-30": "3.11460", "2016-03-31": "1.13820", "2015-12-31": "2.65880", "2015-09-30": "1.33850", "2015-06-30": "2.01120", "2015-03-31": "1.74980", "2014-12-31": "2.72080", "2014-09-30": "2.36520", "2014-06-30": "2.96450", "2014-03-31": "2.18640", "2013-12-31": "2.44220", "2013-09-30": "2.33990", "2013-06-30": "-0.84260", "2013-03-31": "2.68300", "2012-12-31": "3.22700", "2012-09-30": "2.14540", "2012-06-30": "2.25860", "2012-03-31": "2.07980", "2011-12-31": "2.38160", "2011-09-30": "2.37690", "2011-06-30": "2.32780", "2011-03-31": "2.96480", "2010-12-31": "3.13560", "2010-09-30": "2.56580", "2010-06-30": "2.85910", "2010-03-31": "2.93940", "2009-12-31": "2.90620", "2009-09-30": "3.13330", "2009-06-30": "4.94260", "2009-03-31": "0.94170", "2008-12-31": "0.57970", "2008-09-30": "0.96860", "2008-06-30": "3.61940", "2008-03-31": "1.19620", "2007-12-31": "2.24150", "2007-09-30": "2.65790", "2007-06-30": "2.73050", "2007-03-31": "2.66290", "2006-12-31": "2.95940", "2006-09-30": "2.72330", "2006-06-30": "2.58670", "2006-03-31": "2.84040", "2005-12-31": "2.75630", "2005-09-30": "2.91020", "2005-06-30": "1.01420", "2005-03-31": "2.92000"}, "Return On Tangible Equity": {"2020-09-30": "1.61190", "2020-06-30": "1.25870", "2020-03-31": "-0.94610", "2019-12-31": "2.02570", "2019-09-30": "2.28220", "2019-06-30": "1.88630", "2019-03-31": "1.75800", "2018-12-31": "1.30410", "2018-09-30": "3.51080", "2018-06-30": "2.37600", "2018-03-31": "1.11260", "2017-12-31": "12.71440", "2017-09-30": "2.81080", "2017-06-30": "2.91290", "2017-03-31": "1.96110", "2016-12-31": "2.68080", "2016-09-30": "2.48600", "2016-06-30": "3.11460", "2016-03-31": "1.13820", "2015-12-31": "2.65880", "2015-09-30": "1.33850", "2015-06-30": "2.01120", "2015-03-31": "1.74980", "2014-12-31": "2.72080", "2014-09-30": "2.36520", "2014-06-30": "2.96450", "2014-03-31": "2.18640", "2013-12-31": "2.44220", "2013-09-30": "2.33990", "2013-06-30": "-0.84260", "2013-03-31": "2.68300", "2012-12-31": "3.22700", "2012-09-30": "2.14540", "2012-06-30": "2.25860", "2012-03-31": "2.07980", "2011-12-31": "2.38160", "2011-09-30": "2.37690", "2011-06-30": "2.32780", "2011-03-31": "2.96480", "2010-12-31": "3.13560", "2010-09-30": "2.56580", "2010-06-30": "2.85910", "2010-03-31": "2.93940", "2009-12-31": "2.90620", "2009-09-30": "3.13330", "2009-06-30": "4.94260", "2009-03-31": "0.94170", "2008-12-31": "0.57970", "2008-09-30": "0.96860", "2008-06-30": "3.61940", "2008-03-31": "1.19620", "2007-12-31": "2.24150", "2007-09-30": "2.65790", "2007-06-30": "2.73050", "2007-03-31": "2.66290", "2006-12-31": "2.95940", "2006-09-30": "2.72330", "2006-06-30": "2.58670", "2006-03-31": "2.84040", "2005-12-31": "2.75630", "2005-09-30": "2.91020", "2005-06-30": "1.01420", "2005-03-31": "2.92000"}, "ROA - Return On Assets": {"2020-09-30": "0.25940", "2020-06-30": "0.19570", "2020-03-31": "-0.11630", "2019-12-31": "0.30630", "2019-09-30": "0.34710", "2019-06-30": "0.28040", "2019-03-31": "0.25490", "2018-12-31": "0.17080", "2018-09-30": "0.47830", "2018-06-30": "0.34200", "2018-03-31": "0.16440", "2017-12-31": "2.01060", "2017-09-30": "0.38780", "2017-06-30": "0.39940", "2017-03-31": "0.27040", "2016-12-31": "0.35810", "2016-09-30": "0.36240", "2016-06-30": "0.43820", "2016-03-31": "0.14650", "2015-12-31": "0.32380", "2015-09-30": "0.17550", "2015-06-30": "0.27470", "2015-03-31": "0.28000", "2014-12-31": "0.42790", "2014-09-30": "0.36820", "2014-06-30": "0.45930", "2014-03-31": "0.33710", "2013-12-31": "0.36540", "2013-09-30": "0.34900", "2013-06-30": "-0.12790", "2013-03-31": "0.46160", "2012-12-31": "0.55250", "2012-09-30": "0.36190", "2012-06-30": "0.36800", "2012-03-31": "0.38200", "2011-12-31": "0.43810", "2011-09-30": "0.43160", "2011-06-30": "0.40430", "2011-03-31": "0.50460", "2010-12-31": "0.54350", "2010-09-30": "0.44320", "2010-06-30": "0.46660", "2010-03-31": "0.45820", "2009-12-31": "0.44520", "2009-09-30": "0.48920", "2009-06-30": "0.67630", "2009-03-31": "0.10770", "2008-12-31": "0.07000", "2008-09-30": "0.11560", "2008-06-30": "0.49440", "2008-03-31": "0.16770", "2007-12-31": "0.33110", "2007-09-30": "0.38290", "2007-06-30": "0.38870", "2007-03-31": "0.38810", "2006-12-31": "0.43770", "2006-09-30": "0.40900", "2006-06-30": "0.35800", "2006-03-31": "0.42610", "2005-12-31": "0.43020", "2005-09-30": "0.47590", "2005-06-30": "0.16740", "2005-03-31": "0.46620"}, "ROI - Return On Investment": {"2020-09-30": "1.26880", "2020-06-30": "0.97980", "2020-03-31": "-0.71650", "2019-12-31": "1.61160", "2019-09-30": "1.76450", "2019-06-30": "1.43360", "2019-03-31": "1.36460", "2018-12-31": "0.98060", "2018-09-30": "2.64970", "2018-06-30": "1.79440", "2018-03-31": "0.84970", "2017-12-31": "9.84560", "2017-09-30": "2.09080", "2017-06-30": "2.15800", "2017-03-31": "1.42540", "2016-12-31": "1.86760", "2016-09-30": "1.84300", "2016-06-30": "2.27700", "2016-03-31": "0.87730", "2015-12-31": "1.93440", "2015-09-30": "0.97650", "2015-06-30": "1.48230", "2015-03-31": "1.32200", "2014-12-31": "2.05010", "2014-09-30": "1.75650", "2014-06-30": "2.22710", "2014-03-31": "1.61440", "2013-12-31": "1.77870", "2013-09-30": "1.70110", "2013-06-30": "-0.64400", "2013-03-31": "2.12510", "2012-12-31": "2.55560", "2012-09-30": "1.68990", "2012-06-30": "1.84160", "2012-03-31": "1.67910", "2011-12-31": "1.91580", "2011-09-30": "1.90180", "2011-06-30": "1.83920", "2011-03-31": "2.46580", "2010-12-31": "2.60940", "2010-09-30": "2.06360", "2010-06-30": "2.24460", "2010-03-31": "2.27520", "2009-12-31": "2.21100", "2009-09-30": "2.57570", "2009-06-30": "3.91190", "2009-03-31": "0.68680", "2008-12-31": "0.42910", "2008-09-30": "0.71530", "2008-06-30": "2.77880", "2008-03-31": "0.91820", "2007-12-31": "1.74990", "2007-09-30": "2.05280", "2007-06-30": "2.07820", "2007-03-31": "2.00700", "2006-12-31": "2.38630", "2006-09-30": "2.19070", "2006-06-30": "2.03110", "2006-03-31": "2.21630", "2005-12-31": "2.17580", "2005-09-30": "2.62320", "2005-06-30": "0.92930", "2005-03-31": "2.53510"}, "Book Value Per Share": {"2020-09-30": "194.50660", "2020-06-30": "184.77690", "2020-03-31": "150.87760", "2019-12-31": "185.15390", "2019-09-30": "184.05870", "2019-06-30": "170.63980", "2019-03-31": "154.61290", "2018-12-31": "134.52420", "2018-09-30": "136.28570", "2018-06-30": "135.09390", "2018-03-31": "139.63480", "2017-12-31": "148.47540", "2017-09-30": "125.79420", "2017-06-30": "123.59910", "2017-03-31": "115.23750", "2016-12-31": "110.30720", "2016-09-30": "124.49740", "2016-06-30": "118.31820", "2016-03-31": "104.87580", "2015-12-31": "94.09370", "2015-09-30": "94.92260", "2015-06-30": "97.60670", "2015-03-31": "107.61790", "2014-12-31": "102.12510", "2014-09-30": "97.28250", "2014-06-30": "97.20910", "2014-03-31": "89.91780", "2013-12-31": "83.87300", "2013-09-30": "83.57530", "2013-06-30": "82.96580", "2013-03-31": "94.33820", "2012-12-31": "93.47310", "2012-09-30": "91.18290", "2012-06-30": "84.74560", "2012-03-31": "80.43950", "2011-12-31": "79.30840", "2011-09-30": "77.29110", "2011-06-30": "71.87920", "2011-03-31": "68.06330", "2010-12-31": "68.70720", "2010-09-30": "68.30220", "2010-06-30": "60.73070", "2010-03-31": "56.98040", "2009-12-31": "52.99330", "2009-09-30": "51.82890", "2009-06-30": "42.58570", "2009-03-31": "33.98970", "2008-12-31": "36.03280", "2008-09-30": "41.82700", "2008-06-30": "49.12790", "2008-03-31": "49.15040", "2007-12-31": "51.42320", "2007-09-30": "49.03250", "2007-06-30": "46.69190", "2007-03-31": "46.80850", "2006-12-31": "45.84570", "2006-09-30": "45.22040", "2006-06-30": "40.30240", "2006-03-31": "40.61630", "2005-12-31": "41.38260", "2005-09-30": "40.33010", "2005-06-30": "39.60320", "2005-03-31": "36.78960"}, "Operating Cash Flow Per Share": {"2020-09-30": 0.5708, "2020-06-30": 5.2651, "2020-03-31": "35.03180", "2019-12-31": 8.551, "2019-09-30": 12.4062, "2019-06-30": 9.8438, "2019-03-31": "5.31250", "2018-12-31": 7.1771, "2018-09-30": 8.167, "2018-06-30": 5.5472, "2018-03-31": "3.39670", "2017-12-31": 13.3198, "2017-09-30": 6.8249, "2017-06-30": 3.643, "2017-03-31": "6.35540", "2016-12-31": 6.8182, "2016-09-30": 6.561, "2016-06-30": 3.5226, "2016-03-31": "5.65150", "2015-12-31": 17.9035, "2015-09-30": 4.1106, "2015-06-30": 4.4374, "2015-03-31": "4.58660", "2014-12-31": 15.5339, "2014-09-30": 4.8367, "2014-06-30": 5.4265, "2014-03-31": "7.59470", "2013-12-31": 6.3121, "2013-09-30": 6.3955, "2013-06-30": 4.4748, "2013-03-31": "6.65330", "2012-12-31": 6.003, "2012-09-30": 9.5752, "2012-06-30": 3.5585, "2012-03-31": "7.49100", "2011-12-31": 6.4392, "2011-09-30": 4.0153, "2011-06-30": 2.1285, "2011-03-31": "5.08760", "2010-12-31": 6.7952, "2010-09-30": 4.0209, "2010-06-30": 1.1424, "2010-03-31": "12.71200", "2009-12-31": 6.2841, "2009-09-30": 4.928, "2009-06-30": 2.5565, "2009-03-31": "4.83620", "2008-12-31": 3.8251, "2008-09-30": 1.5873, "2008-06-30": 2.7905, "2008-03-31": "2.93500", "2007-12-31": 6.8615, "2007-09-30": 2.2669, "2007-06-30": 3.5246, "2007-03-31": "4.46200", "2006-12-31": 5.6461, "2006-09-30": 2.8625, "2006-06-30": 2.482, "2006-03-31": "2.42830", "2005-12-31": 5.1452, "2005-09-30": 1.0784, "2005-06-30": 0.3467, "2005-03-31": "2.83510"}, "Free Cash Flow Per Share": {"2020-09-30": 0.4927, "2020-06-30": 5.1885, "2020-03-31": "34.93650", "2019-12-31": 8.3937, "2019-09-30": 12.3125, "2019-06-30": 9.7344, "2019-03-31": "5.14060", "2018-12-31": 7.05, "2018-09-30": 8.0719, "2018-06-30": 5.4041, "2018-03-31": "3.31640", "2017-12-31": 13.1569, "2017-09-30": 5.8357, "2017-06-30": 4.3831, "2017-03-31": "6.09820", "2016-12-31": 6.1313, "2016-09-30": 6.561, "2016-06-30": 3.5226, "2016-03-31": "5.65150", "2015-12-31": 17.916, "2015-09-30": 4.0899, "2015-06-30": 4.4075, "2015-03-31": "4.27470", "2014-12-31": 15.3431, "2014-09-30": 4.3855, "2014-06-30": 4.8055, "2014-03-31": "7.59470", "2013-12-31": 6.3121, "2013-09-30": 6.3955, "2013-06-30": 4.4748, "2013-03-31": "6.65330", "2012-12-31": 6.003, "2012-09-30": 9.5752, "2012-06-30": 3.5585, "2012-03-31": "7.49100", "2011-12-31": 6.4392, "2011-09-30": 4.0153, "2011-06-30": 2.1285, "2011-03-31": "5.08760", "2010-12-31": 6.7952, "2010-09-30": 4.0209, "2010-06-30": 1.1424, "2010-03-31": "12.71200", "2009-12-31": 6.2841, "2009-09-30": 4.928, "2009-06-30": 2.5565, "2009-03-31": "4.83620", "2008-12-31": 3.8251, "2008-09-30": 1.5873, "2008-06-30": 2.7905, "2008-03-31": "2.93500", "2007-12-31": 6.8615, "2007-09-30": 2.2669, "2007-06-30": 3.5246, "2007-03-31": "4.46200", "2006-12-31": 5.6461, "2006-09-30": 2.8625, "2006-06-30": 2.482, "2006-03-31": "2.42830", "2005-12-31": 5.1452, "2005-09-30": 1.0784, "2005-06-30": 0.3467, "2005-03-31": "2.83510"}}, "revenue": {"Reinsurance Group Of America Annual Revenue (Millions of US $)": {"2019": "$14,300", "2018": "$12,876", "2017": "$12,516", "2016": "$11,522", "2015": "$10,418", "2014": "$10,904", "2013": "$10,318", "2012": "$9,841", "2011": "$8,830", "2010": "$8,262", "2009": "$7,067", "2008": "$5,681", "2007": "$5,718", "2006": "$5,194", "2005": "$4,585"}, "Reinsurance Group Of America Quarterly Revenue (Millions of US $)": {"2020-09-30": "$3,643", "2020-06-30": "$3,606", "2020-03-31": "$3,204", "2019-12-31": "$3,785", "2019-09-30": "$3,628", "2019-06-30": "$3,467", "2019-03-31": "$3,420", "2018-12-31": "$3,279", "2018-09-30": "$3,228", "2018-06-30": "$3,196", "2018-03-31": "$3,174", "2017-12-31": "$3,233", "2017-09-30": "$3,145", "2017-06-30": "$3,129", "2017-03-31": "$3,009", "2016-12-31": "$3,069", "2016-09-30": "$2,901", "2016-06-30": "$3,039", "2016-03-31": "$2,513", "2015-12-31": "$2,829", "2015-09-30": "$2,439", "2015-06-30": "$2,630", "2015-03-31": "$2,521", "2014-12-31": "$2,697", "2014-09-30": "$2,717", "2014-06-30": "$2,833", "2014-03-31": "$2,657", "2013-12-31": "$2,737", "2013-09-30": "$2,390", "2013-06-30": "$2,591", "2013-03-31": "$2,601", "2012-12-31": "$2,723", "2012-09-30": "$2,449", "2012-06-30": "$2,376", "2012-03-31": "$2,293", "2011-12-31": "$2,348", "2011-09-30": "$1,995", "2011-06-30": "$2,204", "2011-03-31": "$2,282", "2010-12-31": "$2,274", "2010-09-30": "$1,956", "2010-06-30": "$1,932", "2010-03-31": "$2,100", "2009-12-31": "$1,944", "2009-09-30": "$1,779", "2009-06-30": "$1,813", "2009-03-31": "$1,531", "2008-12-31": "$1,368", "2008-09-30": "$1,310", "2008-06-30": "$1,643", "2008-03-31": "$1,360", "2007-12-31": "$1,497", "2007-09-30": "$1,378", "2007-06-30": "$1,489", "2007-03-31": "$1,355", "2006-12-31": "$1,470", "2006-09-30": "$1,282", "2006-06-30": "$1,243", "2006-03-31": "$1,199", "2005-12-31": "$1,239", "2005-09-30": "$1,158", "2005-06-30": "$1,091", "2005-03-31": "$1,096"}}, "gross-profit": {"Reinsurance Group Of America Annual Gross Profit (Millions of US $)": {"2019": "$2,202", "2018": "$1,809", "2017": "$2,028", "2016": "$1,853", "2015": "$1,464", "2014": "$1,655", "2013": "$1,237", "2012": "$1,489", "2011": "$1,298", "2010": "$1,267", "2009": "$965", "2008": "$628", "2007": "$840", "2006": "$744", "2005": "$552"}, "Reinsurance Group Of America Quarterly Gross Profit (Millions of US $)": {"2020-09-30": "$543", "2020-06-30": "$429", "2020-03-31": "$146", "2019-12-31": "$592", "2019-09-30": "$610", "2019-06-30": "$533", "2019-03-31": "$467", "2018-12-31": "$384", "2018-09-30": "$564", "2018-06-30": "$487", "2018-03-31": "$374", "2017-12-31": "$530", "2017-09-30": "$553", "2017-06-30": "$530", "2017-03-31": "$416", "2016-12-31": "$519", "2016-09-30": "$490", "2016-06-30": "$540", "2016-03-31": "$304", "2015-12-31": "$407", "2015-09-30": "$323", "2015-06-30": "$386", "2015-03-31": "$347", "2014-12-31": "$437", "2014-09-30": "$404", "2014-06-30": "$466", "2014-03-31": "$348", "2013-12-31": "$389", "2013-09-30": "$347", "2013-06-30": "$71", "2013-03-31": "$429", "2012-12-31": "$486", "2012-09-30": "$338", "2012-06-30": "$348", "2012-03-31": "$317", "2011-12-31": "$343", "2011-09-30": "$281", "2011-06-30": "$313", "2011-03-31": "$361", "2010-12-31": "$347", "2010-09-30": "$310", "2010-06-30": "$308", "2010-03-31": "$302", "2009-12-31": "$266", "2009-09-30": "$266", "2009-06-30": "$308", "2009-03-31": "$125", "2008-12-31": "$103", "2008-09-30": "$113", "2008-06-30": "$262", "2008-03-31": "$151", "2007-12-31": "$214", "2007-09-30": "$202", "2007-06-30": "$217", "2007-03-31": "$208", "2006-12-31": "$216", "2006-09-30": "$203", "2006-06-30": "$151", "2006-03-31": "$174", "2005-12-31": "$161", "2005-09-30": "$165", "2005-06-30": "$67", "2005-03-31": "$159"}}, "operating-income": {"Reinsurance Group Of America Annual Operating Income (Millions of US $)": {"2019": "$1,334", "2018": "$1,023", "2017": "$1,318", "2016": "$1,207", "2015": "$910", "2014": "$1,117", "2013": "$770", "2012": "$1,037", "2011": "$879", "2010": "$905", "2009": "$671", "2008": "$385", "2007": "$604", "2006": "$540", "2005": "$398"}, "Reinsurance Group Of America Quarterly Operating Income (Millions of US $)": {"2020-09-30": "$332", "2020-06-30": "$241", "2020-03-31": "$-49", "2019-12-31": "$358", "2019-09-30": "$400", "2019-06-30": "$311", "2019-03-31": "$265", "2018-12-31": "$185", "2018-09-30": "$363", "2018-06-30": "$292", "2018-03-31": "$183", "2017-12-31": "$301", "2017-09-30": "$385", "2017-06-30": "$375", "2017-03-31": "$257", "2016-12-31": "$343", "2016-09-30": "$337", "2016-06-30": "$380", "2016-03-31": "$147", "2015-12-31": "$249", "2015-09-30": "$181", "2015-06-30": "$255", "2015-03-31": "$226", "2014-12-31": "$271", "2014-09-30": "$270", "2014-06-30": "$338", "2014-03-31": "$237", "2013-12-31": "$267", "2013-09-30": "$235", "2013-06-30": "$-42", "2013-03-31": "$310", "2012-12-31": "$353", "2012-09-30": "$234", "2012-06-30": "$242", "2012-03-31": "$207", "2011-12-31": "$221", "2011-09-30": "$186", "2011-06-30": "$216", "2011-03-31": "$255", "2010-12-31": "$245", "2010-09-30": "$224", "2010-06-30": "$225", "2010-03-31": "$211", "2009-12-31": "$185", "2009-09-30": "$190", "2009-06-30": "$237", "2009-03-31": "$59", "2008-12-31": "$49", "2008-09-30": "$49", "2008-06-30": "$200", "2008-03-31": "$87", "2007-12-31": "$147", "2007-09-30": "$145", "2007-06-30": "$160", "2007-03-31": "$152", "2006-12-31": "$159", "2006-09-30": "$149", "2006-06-30": "$105", "2006-03-31": "$128", "2005-12-31": "$115", "2005-09-30": "$127", "2005-06-30": "$29", "2005-03-31": "$126"}}, "ebitda": {"Reinsurance Group Of America Annual EBITDA (Millions of US $)": {"2019": "$1,328", "2018": "$1,011", "2017": "$1,266", "2016": "$1,140", "2015": "$864", "2014": "$1,030", "2013": "$674", "2012": "$953", "2011": "$706", "2010": "$761", "2009": "$536", "2008": "$295", "2007": "$528", "2006": "$487", "2005": "$357"}, "Reinsurance Group Of America Quarterly EBITDA (Millions of US $)": {"2020-09-30": "$332", "2020-06-30": "$248", "2020-03-31": "$-57", "2019-12-31": "$363", "2019-09-30": "$401", "2019-06-30": "$305", "2019-03-31": "$259", "2018-12-31": "$196", "2018-09-30": "$345", "2018-06-30": "$308", "2018-03-31": "$162", "2017-12-31": "$323", "2017-09-30": "$345", "2017-06-30": "$358", "2017-03-31": "$240", "2016-12-31": "$313", "2016-09-30": "$331", "2016-06-30": "$360", "2016-03-31": "$137", "2015-12-31": "$264", "2015-09-30": "$158", "2015-06-30": "$238", "2015-03-31": "$204", "2014-12-31": "$264", "2014-09-30": "$242", "2014-06-30": "$312", "2014-03-31": "$212", "2013-12-31": "$242", "2013-09-30": "$208", "2013-06-30": "$-63", "2013-03-31": "$287", "2012-12-31": "$331", "2012-09-30": "$242", "2012-06-30": "$208", "2012-03-31": "$172", "2011-12-31": "$149", "2011-09-30": "$154", "2011-06-30": "$175", "2011-03-31": "$227", "2010-12-31": "$205", "2010-09-30": "$184", "2010-06-30": "$177", "2010-03-31": "$194", "2009-12-31": "$144", "2009-09-30": "$156", "2009-06-30": "$212", "2009-03-31": "$24", "2008-12-31": "$33", "2008-09-30": "$26", "2008-06-30": "$172", "2008-03-31": "$64", "2007-12-31": "$125", "2007-09-30": "$120", "2007-06-30": "$140", "2007-03-31": "$143", "2006-12-31": "$146", "2006-09-30": "$135", "2006-06-30": "$90", "2006-03-31": "$116", "2005-12-31": "$105", "2005-09-30": "$114", "2005-06-30": "$18", "2005-03-31": "$121"}}, "net-income": {"Reinsurance Group Of America Annual Net Income (Millions of US $)": {"2019": "$870", "2018": "$716", "2017": "$1,822", "2016": "$701", "2015": "$502", "2014": "$684", "2013": "$419", "2012": "$632", "2011": "$546", "2010": "$536", "2009": "$407", "2008": "$177", "2007": "$294", "2006": "$288", "2005": "$224"}, "Reinsurance Group Of America Quarterly Net Income (Millions of US $)": {"2020-09-30": "$213", "2020-06-30": "$158", "2020-03-31": "$-88", "2019-12-31": "$235", "2019-09-30": "$263", "2019-06-30": "$202", "2019-03-31": "$170", "2018-12-31": "$110", "2018-09-30": "$301", "2018-06-30": "$204", "2018-03-31": "$100", "2017-12-31": "$1,217", "2017-09-30": "$228", "2017-06-30": "$232", "2017-03-31": "$146", "2016-12-31": "$190", "2016-09-30": "$199", "2016-06-30": "$236", "2016-03-31": "$76", "2015-12-31": "$163", "2015-09-30": "$84", "2015-06-30": "$130", "2015-03-31": "$125", "2014-12-31": "$191", "2014-09-30": "$158", "2014-06-30": "$198", "2014-03-31": "$137", "2013-12-31": "$145", "2013-09-30": "$138", "2013-06-30": "$-50", "2013-03-31": "$186", "2012-12-31": "$223", "2012-09-30": "$144", "2012-06-30": "$141", "2012-03-31": "$123", "2011-12-31": "$139", "2011-09-30": "$135", "2011-06-30": "$124", "2011-03-31": "$149", "2010-12-31": "$158", "2010-09-30": "$128", "2010-06-30": "$127", "2010-03-31": "$122", "2009-12-31": "$112", "2009-09-30": "$118", "2009-06-30": "$153", "2009-03-31": "$23", "2008-12-31": "$9", "2008-09-30": "$25", "2008-06-30": "$111", "2008-03-31": "$32", "2007-12-31": "$64", "2007-09-30": "$77", "2007-06-30": "$77", "2007-03-31": "$76", "2006-12-31": "$81", "2006-09-30": "$74", "2006-06-30": "$64", "2006-03-31": "$69", "2005-12-31": "$68", "2005-09-30": "$68", "2005-06-30": "$22", "2005-03-31": "$67"}}, "eps-earnings-per-share-diluted": {"Reinsurance Group Of America Annual EPS": {"2019": "$13.62", "2018": "$11.00", "2017": "$27.71", "2016": "$10.79", "2015": "$7.46", "2014": "$9.78", "2013": "$5.78", "2012": "$8.52", "2011": "$7.37", "2010": "$7.17", "2009": "$5.55", "2008": "$2.71", "2007": "$4.57", "2006": "$4.57", "2005": "$3.52"}, "Reinsurance Group Of America Quarterly EPS": {"2020-09-30": "$3.12", "2020-06-30": "$2.48", "2020-03-31": "$-1.41", "2019-12-31": "$3.67", "2019-09-30": "$4.12", "2019-06-30": "$3.18", "2019-03-31": "$2.65", "2018-12-31": "$1.67", "2018-09-30": "$4.68", "2018-06-30": "$3.13", "2018-03-31": "$1.52", "2017-12-31": "$18.48", "2017-09-30": "$3.47", "2017-06-30": "$3.54", "2017-03-31": "$2.22", "2016-12-31": "$2.91", "2016-09-30": "$3.07", "2016-06-30": "$3.64", "2016-03-31": "$1.17", "2015-12-31": "$2.46", "2015-09-30": "$1.25", "2015-06-30": "$1.94", "2015-03-31": "$1.81", "2014-12-31": "$2.74", "2014-09-30": "$2.28", "2014-06-30": "$2.84", "2014-03-31": "$1.92", "2013-12-31": "$2.05", "2013-09-30": "$1.93", "2013-06-30": "$-0.69", "2013-03-31": "$2.49", "2012-12-31": "$2.99", "2012-09-30": "$1.95", "2012-06-30": "$1.91", "2012-03-31": "$1.67", "2011-12-31": "$1.88", "2011-09-30": "$1.81", "2011-06-30": "$1.66", "2011-03-31": "$2.02", "2010-12-31": "$2.11", "2010-09-30": "$1.72", "2010-06-30": "$1.70", "2010-03-31": "$1.64", "2009-12-31": "$1.52", "2009-09-30": "$1.61", "2009-06-30": "$2.10", "2009-03-31": "$0.32", "2008-12-31": "$0.09", "2008-09-30": "$0.40", "2008-06-30": "$1.73", "2008-03-31": "$0.49", "2007-12-31": "$0.99", "2007-09-30": "$1.19", "2007-06-30": "$1.20", "2007-03-31": "$1.19", "2006-12-31": "$1.29", "2006-09-30": "$1.17", "2006-06-30": "$1.01", "2006-03-31": "$1.10", "2005-12-31": "$1.08", "2005-09-30": "$1.06", "2005-06-30": "$0.34", "2005-03-31": "$1.04"}}, "shares-outstanding": {"Reinsurance Group Of America Annual Shares Outstanding (Millions of Shares)": {"2019": "64", "2018": "65", "2017": "66", "2016": "65", "2015": "67", "2014": "70", "2013": "72", "2012": "74", "2011": "74", "2010": "75", "2009": "73", "2008": "65", "2007": "64", "2006": "63", "2005": "64"}, "Reinsurance Group Of America Quarterly Shares Outstanding (Millions of Shares)": {"2020-09-30": "68", "2020-06-30": "64", "2020-03-31": "63", "2019-12-31": "64", "2019-09-30": "64", "2019-06-30": "64", "2019-03-31": "64", "2018-12-31": "65", "2018-09-30": "64", "2018-06-30": "65", "2018-03-31": "66", "2017-12-31": "66", "2017-09-30": "66", "2017-06-30": "66", "2017-03-31": "66", "2016-12-31": "65", "2016-09-30": "65", "2016-06-30": "65", "2016-03-31": "65", "2015-12-31": "67", "2015-09-30": "67", "2015-06-30": "67", "2015-03-31": "69", "2014-12-31": "70", "2014-09-30": "69", "2014-06-30": "70", "2014-03-31": "71", "2013-12-31": "72", "2013-09-30": "71", "2013-06-30": "72", "2013-03-31": "74", "2012-12-31": "74", "2012-09-30": "74", "2012-06-30": "74", "2012-03-31": "74", "2011-12-31": "74", "2011-09-30": "74", "2011-06-30": "75", "2011-03-31": "74", "2010-12-31": "75", "2010-09-30": "74", "2010-06-30": "75", "2010-03-31": "75", "2009-12-31": "73", "2009-09-30": "73", "2009-06-30": "73", "2009-03-31": "73", "2008-12-31": "65", "2008-09-30": "64", "2008-06-30": "64", "2008-03-31": "64", "2007-12-31": "64", "2007-09-30": "64", "2007-06-30": "65", "2007-03-31": "64", "2006-12-31": "63", "2006-09-30": "63", "2006-06-30": "63", "2006-03-31": "63", "2005-12-31": "64", "2005-09-30": "64", "2005-06-30": "64", "2005-03-31": "64"}}, "total-assets": {"Reinsurance Group Of America Annual Total Assets (Millions of US $)": {"2019": "$76,731", "2018": "$64,535", "2017": "$60,515", "2016": "$53,098", "2015": "$50,383", "2014": "$44,654", "2013": "$39,674", "2012": "$40,360", "2011": "$31,634", "2010": "$29,082", "2009": "$25,250", "2008": "$21,659", "2007": "$21,598", "2006": "$19,037", "2005": "$16,194"}, "Reinsurance Group Of America Quarterly Total Assets (Millions of US $)": {"2020-09-30": "$82,127", "2020-06-30": "$80,729", "2020-03-31": "$75,654", "2019-12-31": "$76,731", "2019-09-30": "$75,774", "2019-06-30": "$72,044", "2019-03-31": "$66,692", "2018-12-31": "$64,535", "2018-09-30": "$62,973", "2018-06-30": "$59,767", "2018-03-31": "$60,955", "2017-12-31": "$60,515", "2017-09-30": "$58,694", "2017-06-30": "$58,138", "2017-03-31": "$53,806", "2016-12-31": "$53,098", "2016-09-30": "$54,833", "2016-06-30": "$53,877", "2016-03-31": "$52,187", "2015-12-31": "$50,383", "2015-09-30": "$47,606", "2015-06-30": "$47,460", "2015-03-31": "$44,691", "2014-12-31": "$44,654", "2014-09-30": "$42,910", "2014-06-30": "$43,171", "2014-03-31": "$40,542", "2013-12-31": "$39,674", "2013-09-30": "$39,527", "2013-06-30": "$38,791", "2013-03-31": "$40,197", "2012-12-31": "$40,360", "2012-09-30": "$39,924", "2012-06-30": "$38,344", "2012-03-31": "$32,286", "2011-12-31": "$31,634", "2011-09-30": "$31,183", "2011-06-30": "$30,659", "2011-03-31": "$29,510", "2010-12-31": "$29,082", "2010-09-30": "$28,934", "2010-06-30": "$27,221", "2010-03-31": "$26,722", "2009-12-31": "$25,250", "2009-09-30": "$24,162", "2009-06-30": "$22,649", "2009-03-31": "$21,634", "2008-12-31": "$21,659", "2008-09-30": "$21,844", "2008-06-30": "$22,410", "2008-03-31": "$21,813", "2007-12-31": "$21,598", "2007-09-30": "$21,099", "2007-06-30": "$20,334", "2007-03-31": "$19,826", "2006-12-31": "$19,037", "2006-09-30": "$18,478", "2006-06-30": "$17,817", "2006-03-31": "$16,564", "2005-12-31": "$16,194", "2005-09-30": "$15,450", "2005-06-30": "$15,030", "2005-03-31": "$14,429"}}, "cash-on-hand": {"Reinsurance Group Of America Annual Cash on Hand (Millions of US $)": {"2019": "$1,449", "2018": "$1,890", "2017": "$1,304", "2016": "$1,201", "2015": "$1,525", "2014": "$1,646", "2013": "$924", "2012": "$1,260", "2011": "$963", "2010": "$464", "2009": "$512", "2008": "$875", "2007": "$404", "2006": "$160", "2005": "$129"}, "Reinsurance Group Of America Quarterly Cash on Hand (Millions of US $)": {"2020-09-30": "$3,256", "2020-06-30": "$4,313", "2020-03-31": "$2,820", "2019-12-31": "$1,449", "2019-09-30": "$2,636", "2019-06-30": "$2,288", "2019-03-31": "$2,020", "2018-12-31": "$1,890", "2018-09-30": "$1,730", "2018-06-30": "$1,398", "2018-03-31": "$1,510", "2017-12-31": "$1,304", "2017-09-30": "$1,205", "2017-06-30": "$1,123", "2017-03-31": "$1,178", "2016-12-31": "$1,201", "2016-09-30": "$1,380", "2016-06-30": "$1,034", "2016-03-31": "$1,502", "2015-12-31": "$1,525", "2015-09-30": "$1,748", "2015-06-30": "$1,336", "2015-03-31": "$1,083", "2014-12-31": "$1,646", "2014-09-30": "$1,119", "2014-06-30": "$1,378", "2014-03-31": "$1,127", "2013-12-31": "$924", "2013-09-30": "$1,423", "2013-06-30": "$974", "2013-03-31": "$1,002", "2012-12-31": "$1,260", "2012-09-30": "$1,604", "2012-06-30": "$957", "2012-03-31": "$874", "2011-12-31": "$963", "2011-09-30": "$803", "2011-06-30": "$711", "2011-03-31": "$468", "2010-12-31": "$464", "2010-09-30": "$634", "2010-06-30": "$558", "2010-03-31": "$525", "2009-12-31": "$512", "2009-09-30": "$547", "2009-06-30": "$417", "2009-03-31": "$587", "2008-12-31": "$875", "2008-09-30": "$412", "2008-06-30": "$363", "2008-03-31": "$304", "2007-12-31": "$404", "2007-09-30": "$451", "2007-06-30": "$415", "2007-03-31": "$315", "2006-12-31": "$160", "2006-09-30": "$245", "2006-06-30": "$279", "2006-03-31": "$431", "2005-12-31": "$129", "2005-09-30": "$142", "2005-06-30": "$159", "2005-03-31": "$135"}}, "long-term-debt": {"Reinsurance Group Of America Annual Long Term Debt (Millions of US $)": {"2019": "$2,981", "2018": "$2,788", "2017": "$2,788", "2016": "$3,089", "2015": "$2,298", "2014": "$2,298", "2013": "$2,214", "2012": "$1,815", "2011": "$1,415", "2010": "$1,016", "2009": "$1,216", "2008": "$918", "2007": "$896", "2006": "$676", "2005": "$674"}, "Reinsurance Group Of America Quarterly Long Term Debt (Millions of US $)": {"2020-09-30": "$3,573", "2020-06-30": "$3,573", "2020-03-31": "$2,981", "2019-12-31": "$2,981", "2019-09-30": "$3,381", "2019-06-30": "$3,381", "2019-03-31": "$2,788", "2018-12-31": "$2,788", "2018-09-30": "$2,788", "2018-06-30": "$2,788", "2018-03-31": "$2,788", "2017-12-31": "$2,788", "2017-09-30": "$2,788", "2017-06-30": "$2,788", "2017-03-31": "$2,789", "2016-12-31": "$3,089", "2016-09-30": "$2,789", "2016-06-30": "$2,788", "2016-03-31": "$1,998", "2015-12-31": "$2,298", "2015-09-30": "$2,313", "2015-06-30": "$2,313", "2015-03-31": "$2,314", "2014-12-31": "$2,298", "2014-09-30": "$2,315", "2014-06-30": "$2,215", "2014-03-31": "$2,215", "2013-12-31": "$2,214", "2013-09-30": "$2,214", "2013-06-30": "$1,816", "2013-03-31": "$1,815", "2012-12-31": "$1,815", "2012-09-30": "$1,815", "2012-06-30": "$1,415", "2012-03-31": "$1,415", "2011-12-31": "$1,415", "2011-09-30": "$1,415", "2011-06-30": "$1,414", "2011-03-31": "$1,017", "2010-12-31": "$1,016", "2010-09-30": "$1,216", "2010-06-30": "$1,216", "2010-03-31": "$1,216", "2009-12-31": "$1,216", "2009-09-30": "$817", "2009-06-30": "$817", "2009-03-31": "$918", "2008-12-31": "$918", "2008-09-30": "$923", "2008-06-30": "$926", "2008-03-31": "$926", "2007-12-31": "$896", "2007-09-30": "$896", "2007-06-30": "$909", "2007-03-31": "$944", "2006-12-31": "$676", "2006-09-30": "$675", "2006-06-30": "$675", "2006-03-31": "$700", "2005-12-31": "$674", "2005-09-30": "$276", "2005-06-30": "$227", "2005-03-31": "$350"}}, "total-liabilities": {"Reinsurance Group Of America Annual Total Liabilities (Millions of US $)": {"2019": "$65,130", "2018": "$56,085", "2017": "$50,945", "2016": "$46,005", "2015": "$44,248", "2014": "$37,631", "2013": "$33,739", "2012": "$33,450", "2011": "$25,815", "2010": "$24,041", "2009": "$21,382", "2008": "$19,042", "2007": "$18,408", "2006": "$16,221", "2005": "$13,666"}, "Reinsurance Group Of America Quarterly Total Liabilities (Millions of US $)": {"2020-09-30": "$68,913", "2020-06-30": "$68,176", "2020-03-31": "$66,353", "2019-12-31": "$65,130", "2019-09-30": "$64,250", "2019-06-30": "$61,335", "2019-03-31": "$57,022", "2018-12-31": "$56,085", "2018-09-30": "$54,393", "2018-06-30": "$51,165", "2018-03-31": "$51,947", "2017-12-31": "$50,945", "2017-09-30": "$50,597", "2017-06-30": "$50,167", "2017-03-31": "$46,386", "2016-12-31": "$46,005", "2016-09-30": "$46,839", "2016-06-30": "$46,296", "2016-03-31": "$45,468", "2015-12-31": "$44,248", "2015-09-30": "$41,365", "2015-06-30": "$40,977", "2015-03-31": "$37,541", "2014-12-31": "$37,631", "2014-09-30": "$36,230", "2014-06-30": "$36,482", "2014-03-31": "$34,291", "2013-12-31": "$33,739", "2013-09-30": "$33,631", "2013-06-30": "$32,903", "2013-03-31": "$33,282", "2012-12-31": "$33,450", "2012-09-30": "$33,190", "2012-06-30": "$32,097", "2012-03-31": "$26,357", "2011-12-31": "$25,815", "2011-09-30": "$25,521", "2011-06-30": "$25,335", "2011-03-31": "$24,487", "2010-12-31": "$24,041", "2010-09-30": "$23,936", "2010-06-30": "$22,778", "2010-03-31": "$22,557", "2009-12-31": "$21,382", "2009-09-30": "$20,389", "2009-06-30": "$19,550", "2009-03-31": "$19,161", "2008-12-31": "$19,042", "2008-09-30": "$19,237", "2008-06-30": "$19,349", "2008-03-31": "$18,754", "2007-12-31": "$18,408", "2007-09-30": "$18,059", "2007-06-30": "$17,440", "2007-03-31": "$16,937", "2006-12-31": "$16,221", "2006-09-30": "$15,703", "2006-06-30": "$15,351", "2006-03-31": "$14,079", "2005-12-31": "$13,666", "2005-09-30": "$12,924", "2005-06-30": "$12,549", "2005-03-31": "$12,126"}}, "total-share-holder-equity": {"Reinsurance Group Of America Annual Share Holder Equity (Millions of US $)": {"2019": "$11,601", "2018": "$8,450", "2017": "$9,570", "2016": "$7,093", "2015": "$6,135", "2014": "$7,023", "2013": "$5,936", "2012": "$6,910", "2011": "$5,819", "2010": "$5,041", "2009": "$3,868", "2008": "$2,617", "2007": "$3,190", "2006": "$2,815", "2005": "$2,527"}, "Reinsurance Group Of America Quarterly Share Holder Equity (Millions of US $)": {"2020-09-30": "$13,214", "2020-06-30": "$12,553", "2020-03-31": "$9,301", "2019-12-31": "$11,601", "2019-09-30": "$11,524", "2019-06-30": "$10,709", "2019-03-31": "$9,670", "2018-12-31": "$8,450", "2018-09-30": "$8,579", "2018-06-30": "$8,602", "2018-03-31": "$9,008", "2017-12-31": "$9,570", "2017-09-30": "$8,097", "2017-06-30": "$7,971", "2017-03-31": "$7,420", "2016-12-31": "$7,093", "2016-09-30": "$7,993", "2016-06-30": "$7,581", "2016-03-31": "$6,719", "2015-12-31": "$6,135", "2015-09-30": "$6,241", "2015-06-30": "$6,483", "2015-03-31": "$7,150", "2014-12-31": "$7,023", "2014-09-30": "$6,680", "2014-06-30": "$6,689", "2014-03-31": "$6,251", "2013-12-31": "$5,936", "2013-09-30": "$5,896", "2013-06-30": "$5,888", "2013-03-31": "$6,915", "2012-12-31": "$6,910", "2012-09-30": "$6,734", "2012-06-30": "$6,248", "2012-03-31": "$5,929", "2011-12-31": "$5,819", "2011-09-30": "$5,663", "2011-06-30": "$5,325", "2011-03-31": "$5,023", "2010-12-31": "$5,041", "2010-09-30": "$4,998", "2010-06-30": "$4,443", "2010-03-31": "$4,165", "2009-12-31": "$3,868", "2009-09-30": "$3,773", "2009-06-30": "$3,099", "2009-03-31": "$2,473", "2008-12-31": "$2,617", "2008-09-30": "$2,607", "2008-06-30": "$3,061", "2008-03-31": "$3,059", "2007-12-31": "$3,190", "2007-09-30": "$3,040", "2007-06-30": "$2,895", "2007-03-31": "$2,889", "2006-12-31": "$2,815", "2006-09-30": "$2,775", "2006-06-30": "$2,466", "2006-03-31": "$2,485", "2005-12-31": "$2,527", "2005-09-30": "$2,526", "2005-06-30": "$2,481", "2005-03-31": "$2,304"}}, "profit-margins": {"current": "3.64%"}, "gross margin": {"2020-09-30": "12.01%", "2020-06-30": "12.49%", "2020-03-31": "13.36%", "2019-12-31": "15.40%", "2019-09-30": "14.46%", "2019-06-30": "14.54%", "2019-03-31": "14.49%", "2018-12-31": "14.05%", "2018-09-30": "15.24%", "2018-06-30": "15.25%", "2018-03-31": "15.67%", "2017-12-31": "16.21%", "2017-09-30": "16.34%", "2017-06-30": "16.15%", "2017-03-31": "16.35%", "2016-12-31": "16.08%", "2016-09-30": "15.43%", "2016-06-30": "14.55%", "2016-03-31": "13.64%", "2015-12-31": "14.04%", "2015-09-30": "14.51%", "2015-06-30": "14.90%", "2015-03-31": "15.36%", "2014-12-31": "15.18%", "2014-09-30": "14.68%", "2014-06-30": "14.60%", "2014-03-31": "11.13%", "2013-12-31": "11.98%", "2013-09-30": "12.94%", "2013-06-30": "12.77%", "2013-03-31": "15.77%", "2012-12-31": "15.13%", "2012-09-30": "14.22%", "2012-06-30": "14.30%", "2012-03-31": "14.19%", "2011-12-31": "14.70%", "2011-09-30": "14.87%", "2011-06-30": "15.27%", "2011-03-31": "15.70%", "2010-12-31": "15.34%", "2010-09-30": "14.95%", "2010-06-30": "14.73%", "2010-03-31": "14.96%", "2009-12-31": "13.66%", "2009-09-30": "12.36%", "2009-06-30": "10.78%", "2009-03-31": "10.30%", "2008-12-31": "11.07%", "2008-09-30": "12.74%", "2008-06-30": "14.10%", "2008-03-31": "13.70%", "2007-12-31": "14.71%", "2007-09-30": "14.81%", "2007-06-30": "15.08%", "2007-03-31": "14.54%", "2006-12-31": "14.32%", "2006-09-30": "13.88%", "2006-06-30": "13.45%", "2006-03-31": "12.10%", "2005-12-31": "12.04%"}, "operating margin": {"2020-09-30": "6.19%", "2020-06-30": "6.68%", "2020-03-31": "7.24%", "2019-12-31": "9.33%", "2019-09-30": "8.42%", "2019-06-30": "8.39%", "2019-03-31": "8.42%", "2018-12-31": "7.94%", "2018-09-30": "8.88%", "2018-06-30": "9.11%", "2018-03-31": "9.81%", "2017-12-31": "10.53%", "2017-09-30": "11.01%", "2017-06-30": "10.84%", "2017-03-31": "10.96%", "2016-12-31": "10.48%", "2016-09-30": "9.87%", "2016-06-30": "8.84%", "2016-03-31": "7.99%", "2015-12-31": "8.74%", "2015-09-30": "9.07%", "2015-06-30": "9.67%", "2015-03-31": "10.26%", "2014-12-31": "10.23%", "2014-09-30": "10.16%", "2014-06-30": "10.14%", "2014-03-31": "6.72%", "2013-12-31": "7.46%", "2013-09-30": "8.31%", "2013-06-30": "8.25%", "2013-03-31": "11.22%", "2012-12-31": "10.53%", "2012-09-30": "9.55%", "2012-06-30": "9.50%", "2012-03-31": "9.39%", "2011-12-31": "9.94%", "2011-09-30": "10.30%", "2011-06-30": "10.78%", "2011-03-31": "11.24%", "2010-12-31": "10.95%", "2010-09-30": "10.65%", "2010-06-30": "10.46%", "2010-03-31": "10.78%", "2009-12-31": "9.49%", "2009-09-30": "8.24%", "2009-06-30": "6.54%", "2009-03-31": "6.10%", "2008-12-31": "6.78%", "2008-09-30": "8.31%", "2008-06-30": "9.85%", "2008-03-31": "9.42%", "2007-12-31": "10.56%", "2007-09-30": "10.82%", "2007-06-30": "11.08%", "2007-03-31": "10.56%", "2006-12-31": "10.42%", "2006-09-30": "10.01%", "2006-06-30": "9.82%", "2006-03-31": "8.51%", "2005-12-31": "8.66%"}, "ebitda margin": {"2020-09-30": "6.22%", "2020-06-30": "6.71%", "2020-03-31": "7.19%", "2019-12-31": "9.29%", "2019-09-30": "8.42%", "2019-06-30": "8.25%", "2019-03-31": "8.44%", "2018-12-31": "7.85%", "2018-09-30": "8.87%", "2018-06-30": "8.93%", "2018-03-31": "9.37%", "2017-12-31": "10.12%", "2017-09-30": "10.17%", "2017-06-30": "10.26%", "2017-03-31": "10.35%", "2016-12-31": "9.90%", "2016-09-30": "9.68%", "2016-06-30": "8.49%", "2016-03-31": "7.66%", "2015-12-31": "8.29%", "2015-09-30": "8.40%", "2015-06-30": "8.97%", "2015-03-31": "9.49%", "2014-12-31": "9.45%", "2014-09-30": "9.21%", "2014-06-30": "9.17%", "2014-03-31": "5.77%", "2013-12-31": "6.53%", "2013-09-30": "7.40%", "2013-06-30": "7.69%", "2013-03-31": "10.52%", "2012-12-31": "9.68%", "2012-09-30": "8.14%", "2012-06-30": "7.58%", "2012-03-31": "7.35%", "2011-12-31": "7.99%", "2011-09-30": "8.69%", "2011-06-30": "9.08%", "2011-03-31": "9.39%", "2010-12-31": "9.20%", "2010-09-30": "8.81%", "2010-06-30": "8.65%", "2010-03-31": "9.25%", "2009-12-31": "7.58%", "2009-09-30": "6.55%", "2009-06-30": "4.90%", "2009-03-31": "4.36%", "2008-12-31": "5.19%", "2008-09-30": "6.66%", "2008-06-30": "8.18%", "2008-03-31": "7.84%", "2007-12-31": "9.23%", "2007-09-30": "9.65%", "2007-06-30": "10.08%", "2007-03-31": "9.61%", "2006-12-31": "9.38%", "2006-09-30": "8.99%", "2006-06-30": "8.78%", "2006-03-31": "7.53%", "2005-12-31": "7.81%"}, "pre tax profit margin": {"2020-09-30": "4.86%", "2020-06-30": "5.30%", "2020-03-31": "5.82%", "2019-12-31": "7.92%", "2019-09-30": "6.97%", "2019-06-30": "7.00%", "2019-03-31": "7.05%", "2018-12-31": "6.57%", "2018-09-30": "7.51%", "2018-06-30": "7.70%", "2018-03-31": "8.46%", "2017-12-31": "9.13%", "2017-09-30": "9.58%", "2017-06-30": "9.34%", "2017-03-31": "9.53%", "2016-12-31": "9.07%", "2016-09-30": "8.47%", "2016-06-30": "7.47%", "2016-03-31": "6.43%", "2015-12-31": "7.15%", "2015-09-30": "7.92%", "2015-06-30": "8.58%", "2015-03-31": "9.23%", "2014-12-31": "9.25%", "2014-09-30": "8.78%", "2014-06-30": "8.77%", "2014-03-31": "5.35%", "2013-12-31": "6.15%", "2013-09-30": "7.05%", "2013-06-30": "7.01%", "2013-03-31": "10.02%", "2012-12-31": "9.34%", "2012-09-30": "8.36%", "2012-06-30": "8.28%", "2012-03-31": "8.11%", "2011-12-31": "8.64%", "2011-09-30": "9.00%", "2011-06-30": "9.51%", "2011-03-31": "9.95%", "2010-12-31": "9.76%", "2010-09-30": "9.43%", "2010-06-30": "9.46%", "2010-03-31": "9.83%", "2009-12-31": "8.38%", "2009-09-30": "6.96%", "2009-06-30": "5.01%", "2009-03-31": "4.41%", "2008-12-31": "4.95%", "2008-09-30": "6.39%", "2008-06-30": "7.83%", "2008-03-31": "7.22%", "2007-12-31": "8.31%", "2007-09-30": "8.66%", "2007-06-30": "8.74%", "2007-03-31": "8.64%", "2006-12-31": "8.68%", "2006-09-30": "8.72%", "2006-06-30": "8.87%", "2006-03-31": "7.79%", "2005-12-31": "7.81%"}, "net profit margin": {"2020-09-30": "3.64%", "2020-06-30": "3.99%", "2020-03-31": "4.35%", "2019-12-31": "6.08%", "2019-09-30": "5.40%", "2019-06-30": "5.85%", "2019-03-31": "5.98%", "2018-12-31": "5.55%", "2018-09-30": "14.20%", "2018-06-30": "13.72%", "2018-03-31": "14.01%", "2017-12-31": "14.57%", "2017-09-30": "6.44%", "2017-06-30": "6.33%", "2017-03-31": "6.42%", "2016-12-31": "6.08%", "2016-09-30": "5.97%", "2016-06-30": "5.17%", "2016-03-31": "4.35%", "2015-12-31": "4.82%", "2015-09-30": "5.15%", "2015-06-30": "5.72%", "2015-03-31": "6.24%", "2014-12-31": "6.27%", "2014-09-30": "5.83%", "2014-06-30": "5.82%", "2014-03-31": "3.57%", "2013-12-31": "4.06%", "2013-09-30": "4.82%", "2013-06-30": "4.85%", "2013-03-31": "6.84%", "2012-12-31": "6.41%", "2012-09-30": "5.78%", "2012-06-30": "5.97%", "2012-03-31": "5.89%", "2011-12-31": "6.20%", "2011-09-30": "6.46%", "2011-06-30": "6.41%", "2011-03-31": "6.66%", "2010-12-31": "6.48%", "2010-09-30": "6.16%", "2010-06-30": "6.18%", "2010-03-31": "6.61%", "2009-12-31": "5.75%", "2009-09-30": "4.67%", "2009-06-30": "3.49%", "2009-03-31": "2.87%", "2008-12-31": "3.12%", "2008-09-30": "3.99%", "2008-06-30": "4.83%", "2008-03-31": "4.37%", "2007-12-31": "5.14%", "2007-09-30": "5.46%", "2007-06-30": "5.50%", "2007-03-31": "5.51%", "2006-12-31": "5.54%", "2006-09-30": "5.54%", "2006-06-30": "5.56%", "2006-03-31": "4.84%", "2005-12-31": "4.91%"}, "pe ratio": {"current": "11.28", "2021-02-05": "13.92", "2020-09-30": "12.02", "2020-06-30": "8.73", "2020-03-31": "8.61", "2019-12-31": "11.66", "2019-09-30": "13.30", "2019-06-30": "12.32", "2019-03-31": "11.26", "2018-12-31": "12.21", "2018-09-30": "4.98", "2018-06-30": "4.78", "2018-03-31": "5.42", "2017-12-31": "5.33", "2017-09-30": "10.85", "2017-06-30": "10.28", "2017-03-31": "10.05", "2016-12-31": "10.89", "2016-09-30": "9.72", "2016-06-30": "10.56", "2016-03-31": "13.04", "2015-12-31": "10.55", "2015-09-30": "10.71", "2015-06-30": "9.86", "2015-03-31": "8.76", "2014-12-31": "8.11", "2014-09-30": "7.98", "2014-06-30": "8.14", "2014-03-31": "13.74", "2013-12-31": "11.99", "2013-09-30": "8.84", "2013-06-30": "9.05", "2013-03-31": "5.62", "2012-12-31": "5.51", "2012-09-30": "6.58", "2012-06-30": "6.00", "2012-03-31": "6.80", "2011-12-31": "5.58", "2011-09-30": "4.62", "2011-06-30": "6.29", "2011-03-31": "6.54", "2010-12-31": "5.98", "2010-09-30": "6.26", "2010-06-30": "6.01", "2010-03-31": "6.49", "2009-12-31": "7.27", "2009-09-30": "9.04", "2009-06-30": "9.94"}, "price sales": {"2021-02-05": "0.50", "2020-09-30": "0.43", "2020-06-30": "0.35", "2020-03-31": "0.37", "2019-12-31": "0.71", "2019-09-30": "0.72", "2019-06-30": "0.72", "2019-03-31": "0.68", "2018-12-31": "0.68", "2018-09-30": "0.70", "2018-06-30": "0.66", "2018-03-31": "0.76", "2017-12-31": "0.78", "2017-09-30": "0.70", "2017-06-30": "0.65", "2017-03-31": "0.64", "2016-12-31": "0.66", "2016-09-30": "0.58", "2016-06-30": "0.55", "2016-03-31": "0.57", "2015-12-31": "0.51", "2015-09-30": "0.55", "2015-06-30": "0.56", "2015-03-31": "0.55", "2014-12-31": "0.51", "2014-09-30": "0.47", "2014-06-30": "0.48", "2014-03-31": "0.49", "2013-12-31": "0.49", "2013-09-30": "0.42", "2013-06-30": "0.43", "2013-03-31": "0.38", "2012-12-31": "0.35", "2012-09-30": "0.40", "2012-06-30": "0.38", "2012-03-31": "0.43", "2011-12-31": "0.38", "2011-09-30": "0.34", "2011-06-30": "0.45", "2011-03-31": "0.47", "2010-12-31": "0.41", "2010-09-30": "0.39", "2010-06-30": "0.37", "2010-03-31": "0.43", "2009-12-31": "0.42", "2009-09-30": "0.41", "2009-06-30": "0.34"}, "price book": {"current": "0.56", "2021-02-05": "0.56", "2020-09-30": "0.49", "2020-06-30": "0.42", "2020-03-31": "0.55", "2019-12-31": "0.86", "2019-09-30": "0.84", "2019-06-30": "0.88", "2019-03-31": "0.89", "2018-12-31": "1.00", "2018-09-30": "1.02", "2018-06-30": "0.94", "2018-03-31": "1.05", "2017-12-31": "1.00", "2017-09-30": "1.05", "2017-06-30": "0.98", "2017-03-31": "1.03", "2016-12-31": "1.07", "2016-09-30": "0.81", "2016-06-30": "0.76", "2016-03-31": "0.85", "2015-12-31": "0.84", "2015-09-30": "0.87", "2015-06-30": "0.89", "2015-03-31": "0.79", "2014-12-31": "0.78", "2014-09-30": "0.74", "2014-06-30": "0.73", "2014-03-31": "0.79", "2013-12-31": "0.82", "2013-09-30": "0.71", "2013-06-30": "0.74", "2013-03-31": "0.56", "2012-12-31": "0.50", "2012-09-30": "0.55", "2012-06-30": "0.55", "2012-03-31": "0.64", "2011-12-31": "0.57", "2011-09-30": "0.51", "2011-06-30": "0.73", "2011-03-31": "0.79", "2010-12-31": "0.67", "2010-09-30": "0.60", "2010-06-30": "0.64", "2010-03-31": "0.78", "2009-12-31": "0.76", "2009-09-30": "0.73", "2009-06-30": "0.69", "2009-03-31": "0.80", "2008-12-31": "1.00", "2008-09-30": "0.95"}, "price fcf": {"2021-02-05": "", "2020-09-30": "$49.01", "2020-06-30": "$60.83", "2020-03-31": "$65.38", "2019-12-31": "$35.58", "2019-09-30": "$34.24", "2019-06-30": "$30.00", "2019-03-31": "$25.67", "2018-12-31": "$23.84", "2018-09-30": "$29.95", "2018-06-30": "$27.71", "2018-03-31": "$26.69", "2017-12-31": "$29.47", "2017-09-30": "$22.45", "2017-06-30": "$23.17", "2017-03-31": "$22.31", "2016-12-31": "$21.87", "2016-09-30": "$33.65", "2016-06-30": "$31.18", "2016-03-31": "$32.06", "2015-12-31": "$30.69", "2015-09-30": "$28.12", "2015-06-30": "$28.41", "2015-03-31": "$28.81", "2014-12-31": "$32.13", "2014-09-30": "$23.10", "2014-06-30": "$25.11", "2014-03-31": "$24.78", "2013-12-31": "$23.84", "2013-09-30": "$23.53", "2013-06-30": "$26.71", "2013-03-31": "$25.79", "2012-12-31": "$26.63", "2012-09-30": "$27.06", "2012-06-30": "$21.50", "2012-03-31": "$20.07", "2011-12-31": "$17.67", "2011-09-30": "$18.03", "2011-06-30": "$18.03", "2011-03-31": "$17.05", "2010-12-31": "$24.67", "2010-09-30": "$24.16", "2010-06-30": "$25.07", "2010-03-31": "$26.48", "2009-12-31": "$18.60", "2009-09-30": "$16.15", "2009-06-30": "$18.53"}, "net worth": {"value": "$7.44B"}, "current ratio": {"2020-09-30": "0.13", "2020-06-30": "0.14", "2020-03-31": "0.12", "2019-12-31": "0.10", "2019-09-30": "0.12", "2019-06-30": "0.12", "2019-03-31": "0.12", "2018-12-31": "0.12", "2018-09-30": "0.12", "2018-06-30": "0.12", "2018-03-31": "0.12", "2017-12-31": "0.11", "2017-09-30": "0.11", "2017-06-30": "0.11", "2017-03-31": "0.11", "2016-12-31": "0.11", "2016-09-30": "0.11", "2016-06-30": "0.10", "2016-03-31": "0.11", "2015-12-31": "0.11", "2015-09-30": "0.13", "2015-06-30": "0.11", "2015-03-31": "0.12", "2014-12-31": "0.13", "2014-09-30": "0.12", "2014-06-30": "0.12", "2014-03-31": "0.12", "2013-12-31": "0.11", "2013-09-30": "0.12", "2013-06-30": "0.11", "2013-03-31": "0.11", "2012-12-31": "0.12", "2012-09-30": "0.13", "2012-06-30": "0.11", "2012-03-31": "0.13", "2011-12-31": "0.13", "2011-09-30": "0.13", "2011-06-30": "0.13", "2011-03-31": "0.12", "2010-12-31": "0.12", "2010-09-30": "0.13", "2010-06-30": "0.12", "2010-03-31": "0.12", "2009-12-31": "0.12", "2009-09-30": "0.13", "2009-06-30": "0.12", "2009-03-31": "0.13", "2008-12-31": "0.14", "2008-09-30": "0.12", "2008-06-30": "0.12", "2008-03-31": "0.12", "2007-12-31": "0.13", "2007-09-30": "0.14", "2007-06-30": "0.12", "2007-03-31": "0.12", "2006-12-31": "0.11", "2006-09-30": "0.12", "2006-06-30": "0.13", "2006-03-31": "0.13", "2005-12-31": "0.11", "2005-09-30": "0.11", "2005-06-30": "0.12", "2005-03-31": "0.11"}, "quick ratio": {"2020-09-30": "0.00", "2020-06-30": "0.00", "2020-03-31": "0.00", "2019-12-31": "0.00", "2019-09-30": "0.00", "2019-06-30": "0.00", "2019-03-31": "0.00", "2018-12-31": "0.00", "2018-09-30": "0.00", "2018-06-30": "0.00", "2018-03-31": "0.00", "2017-12-31": "0.00", "2017-09-30": "0.00", "2017-06-30": "0.00", "2017-03-31": "0.00", "2016-12-31": "0.00", "2016-09-30": "0.00", "2016-06-30": "0.00", "2016-03-31": "0.00", "2015-12-31": "0.00", "2015-09-30": "0.00", "2015-06-30": "0.00", "2015-03-31": "0.00", "2014-12-31": "0.00", "2014-09-30": "0.00", "2014-06-30": "0.00", "2014-03-31": "0.00", "2013-12-31": "0.00", "2013-09-30": "0.00", "2013-06-30": "0.00", "2013-03-31": "0.00", "2012-12-31": "0.00", "2012-09-30": "0.00", "2012-06-30": "0.00", "2012-03-31": "0.00", "2011-12-31": "0.00", "2011-09-30": "0.00", "2011-06-30": "0.00", "2011-03-31": "0.00", "2010-12-31": "0.00", "2010-09-30": "0.00", "2010-06-30": "0.00", "2010-03-31": "0.00", "2009-12-31": "0.00", "2009-09-30": "0.00", "2009-06-30": "0.00", "2009-03-31": "0.00", "2008-12-31": "0.00", "2008-09-30": "0.00", "2008-06-30": "0.00", "2008-03-31": "0.00", "2007-12-31": "0.00", "2007-09-30": "0.00", "2007-06-30": "0.00", "2007-03-31": "0.00", "2006-12-31": "0.00", "2006-09-30": "0.00", "2006-06-30": "0.00", "2006-03-31": "0.00", "2005-12-31": "0.00", "2005-09-30": "0.00", "2005-06-30": "0.00", "2005-03-31": "0.00"}, "debt equity ratio": {"current": "0.27", "2020-09-30": "5.22", "2020-06-30": "5.43", "2020-03-31": "7.13", "2019-12-31": "5.61", "2019-09-30": "5.58", "2019-06-30": "5.73", "2019-03-31": "5.90", "2018-12-31": "6.64", "2018-09-30": "6.34", "2018-06-30": "5.95", "2018-03-31": "5.77", "2017-12-31": "5.32", "2017-09-30": "6.25", "2017-06-30": "6.29", "2017-03-31": "6.25", "2016-12-31": "6.49", "2016-09-30": "5.86", "2016-06-30": "6.11", "2016-03-31": "6.77", "2015-12-31": "7.21", "2015-09-30": "6.63", "2015-06-30": "6.32", "2015-03-31": "5.25", "2014-12-31": "5.36", "2014-09-30": "5.42", "2014-06-30": "5.45", "2014-03-31": "5.49", "2013-12-31": "5.68", "2013-09-30": "5.70", "2013-06-30": "5.59", "2013-03-31": "4.81", "2012-12-31": "4.84", "2012-09-30": "4.93", "2012-06-30": "5.14", "2012-03-31": "4.45", "2011-12-31": "4.44", "2011-09-30": "4.51", "2011-06-30": "4.76", "2011-03-31": "4.88", "2010-12-31": "4.77", "2010-09-30": "4.79", "2010-06-30": "5.13", "2010-03-31": "5.42", "2009-12-31": "5.53", "2009-09-30": "5.41", "2009-06-30": "6.31", "2009-03-31": "7.75", "2008-12-31": "7.28", "2008-09-30": "7.38", "2008-06-30": "6.32", "2008-03-31": "6.13", "2007-12-31": "5.77", "2007-09-30": "5.94", "2007-06-30": "6.03", "2007-03-31": "5.86", "2006-12-31": "5.76", "2006-09-30": "5.66", "2006-06-30": "6.23", "2006-03-31": "5.67", "2005-12-31": "5.41", "2005-09-30": "5.12", "2005-06-30": "5.06", "2005-03-31": "5.26"}, "return on equity": {"2020-09-30": "4.44%", "2020-06-30": "5.05%", "2020-03-31": "5.68%", "2019-12-31": "8.00%", "2019-09-30": "7.38%", "2019-06-30": "8.37%", "2019-03-31": "8.89%", "2018-12-31": "8.26%", "2018-09-30": "20.38%", "2018-06-30": "19.83%", "2018-03-31": "20.52%", "2017-12-31": "22.06%", "2017-09-30": "10.41%", "2017-06-30": "10.07%", "2017-03-31": "10.25%", "2016-12-31": "9.54%", "2016-09-30": "9.48%", "2016-06-30": "8.38%", "2016-03-31": "7.08%", "2015-12-31": "7.72%", "2015-09-30": "7.88%", "2015-06-30": "8.84%", "2015-03-31": "9.76%", "2014-12-31": "10.27%", "2014-09-30": "9.99%", "2014-06-30": "9.98%", "2014-03-31": "6.17%", "2013-12-31": "6.80%", "2013-09-30": "7.76%", "2013-06-30": "7.61%", "2013-03-31": "10.36%", "2012-12-31": "9.77%", "2012-09-30": "8.85%", "2012-06-30": "9.10%", "2012-03-31": "9.17%", "2011-12-31": "10.02%", "2011-09-30": "10.75%", "2011-06-30": "10.97%", "2011-03-31": "11.53%", "2010-12-31": "11.48%", "2010-09-30": "11.19%", "2010-06-30": "11.79%", "2010-03-31": "13.55%", "2009-12-31": "12.29%", "2009-09-30": "10.13%", "2009-06-30": "7.78%", "2009-03-31": "6.25%", "2008-12-31": "6.24%", "2008-09-30": "7.79%", "2008-06-30": "9.20%", "2008-03-31": "8.21%", "2007-12-31": "9.79%", "2007-09-30": "10.69%", "2007-06-30": "10.83%", "2007-03-31": "10.78%", "2006-12-31": "10.93%", "2006-09-30": "10.73%", "2006-06-30": "10.76%", "2006-03-31": "9.06%", "2005-12-31": "9.15%"}, "return on assets": {"2020-09-30": "0.66%", "2020-06-30": "0.74%", "2020-03-31": "0.82%", "2019-12-31": "1.19%", "2019-09-30": "1.07%", "2019-06-30": "1.18%", "2019-03-31": "1.24%", "2018-12-31": "1.15%", "2018-09-30": "2.98%", "2018-06-30": "2.92%", "2018-03-31": "2.98%", "2017-12-31": "3.15%", "2017-09-30": "1.42%", "2017-06-30": "1.40%", "2017-03-31": "1.43%", "2016-12-31": "1.31%", "2016-09-30": "1.28%", "2016-06-30": "1.10%", "2016-03-31": "0.92%", "2015-12-31": "1.06%", "2015-09-30": "1.15%", "2015-06-30": "1.34%", "2015-03-31": "1.53%", "2014-12-31": "1.60%", "2014-09-30": "1.53%", "2014-06-30": "1.52%", "2014-03-31": "0.93%", "2013-12-31": "1.06%", "2013-09-30": "1.25%", "2013-06-30": "1.26%", "2013-03-31": "1.75%", "2012-12-31": "1.67%", "2012-09-30": "1.54%", "2012-06-30": "1.61%", "2012-03-31": "1.66%", "2011-12-31": "1.78%", "2011-09-30": "1.88%", "2011-06-30": "1.89%", "2011-03-31": "1.96%", "2010-12-31": "1.91%", "2010-09-30": "1.81%", "2010-06-30": "1.85%", "2010-03-31": "2.04%", "2009-12-31": "1.73%", "2009-09-30": "1.35%", "2009-06-30": "0.96%", "2009-03-31": "0.77%", "2008-12-31": "0.81%", "2008-09-30": "1.06%", "2008-06-30": "1.31%", "2008-03-31": "1.18%", "2007-12-31": "1.42%", "2007-09-30": "1.55%", "2007-06-30": "1.59%", "2007-03-31": "1.57%", "2006-12-31": "1.60%", "2006-09-30": "1.59%", "2006-06-30": "1.63%", "2006-03-31": "1.44%", "2005-12-31": "1.47%"}, "return on investments": {"2020-09-30": "5.90%", "2020-06-30": "6.56%", "2020-03-31": "7.30%", "2019-12-31": "9.52%", "2019-09-30": "8.81%", "2019-06-30": "9.15%", "2019-03-31": "9.51%", "2018-12-31": "8.94%", "2018-09-30": "9.71%", "2018-06-30": "10.00%", "2018-03-31": "10.86%", "2017-12-31": "11.92%", "2017-09-30": "12.94%", "2017-06-30": "12.52%", "2017-03-31": "12.68%", "2016-12-31": "12.05%", "2016-09-30": "11.62%", "2016-06-30": "10.61%", "2016-03-31": "9.65%", "2015-12-31": "10.34%", "2015-09-30": "10.33%", "2015-06-30": "11.18%", "2015-03-31": "12.05%", "2014-12-31": "12.51%", "2014-09-30": "12.89%", "2014-06-30": "12.81%", "2014-03-31": "8.60%", "2013-12-31": "9.42%", "2013-09-30": "10.29%", "2013-06-30": "10.15%", "2013-03-31": "13.53%", "2012-12-31": "12.84%", "2012-09-30": "11.74%", "2012-06-30": "11.68%", "2012-03-31": "11.69%", "2011-12-31": "12.97%", "2011-09-30": "13.92%", "2011-06-30": "15.01%", "2011-03-31": "15.84%", "2010-12-31": "15.53%", "2010-09-30": "15.13%", "2010-06-30": "15.66%", "2010-03-31": "17.35%", "2009-12-31": "15.81%", "2009-09-30": "13.87%", "2009-06-30": "10.97%", "2009-03-31": "9.89%", "2008-12-31": "10.24%", "2008-09-30": "12.39%", "2008-06-30": "14.48%", "2008-03-31": "13.64%", "2007-12-31": "15.43%", "2007-09-30": "16.36%", "2007-06-30": "17.01%", "2007-03-31": "16.24%", "2006-12-31": "16.31%", "2006-09-30": "15.32%", "2006-06-30": "15.41%", "2006-03-31": "13.42%", "2005-12-31": "13.97%"}, "return on tangible equity": {"2020-09-30": "4.44%", "2020-06-30": "5.05%", "2020-03-31": "5.68%", "2019-12-31": "8.00%", "2019-09-30": "7.38%", "2019-06-30": "8.37%", "2019-03-31": "8.89%", "2018-12-31": "8.26%", "2018-09-30": "20.38%", "2018-06-30": "19.83%", "2018-03-31": "20.52%", "2017-12-31": "22.06%", "2017-09-30": "10.41%", "2017-06-30": "10.07%", "2017-03-31": "10.25%", "2016-12-31": "9.54%", "2016-09-30": "9.48%", "2016-06-30": "8.38%", "2016-03-31": "7.08%", "2015-12-31": "7.72%", "2015-09-30": "7.88%", "2015-06-30": "8.84%", "2015-03-31": "9.76%", "2014-12-31": "10.27%", "2014-09-30": "9.99%", "2014-06-30": "9.98%", "2014-03-31": "6.17%", "2013-12-31": "6.80%", "2013-09-30": "7.76%", "2013-06-30": "7.61%", "2013-03-31": "10.36%", "2012-12-31": "9.77%", "2012-09-30": "8.85%", "2012-06-30": "9.10%", "2012-03-31": "9.17%", "2011-12-31": "10.02%", "2011-09-30": "10.75%", "2011-06-30": "10.97%", "2011-03-31": "11.53%", "2010-12-31": "11.48%", "2010-09-30": "11.19%", "2010-06-30": "11.79%", "2010-03-31": "13.55%", "2009-12-31": "12.29%", "2009-09-30": "10.13%", "2009-06-30": "7.78%", "2009-03-31": "6.25%", "2008-12-31": "6.24%", "2008-09-30": "7.79%", "2008-06-30": "9.20%", "2008-03-31": "8.21%", "2007-12-31": "9.79%", "2007-09-30": "10.69%", "2007-06-30": "10.83%", "2007-03-31": "10.78%", "2006-12-31": "10.93%", "2006-09-30": "10.73%", "2006-06-30": "10.76%", "2006-03-31": "9.06%", "2005-12-31": "9.15%"}, "dividend yield history": {"last payout": "$2.80", "last yield": "2.56%"}}