{"ticker": "RS", "price": {"title": "Reliance Steel & Aluminum Historical Annual Stock Price Data", "value": 123.74, "historical": {"2021": {"Average Stock Price": "125.6742", "Year Open": "119.7100", "Year High": "135.2100", "Year Low": "116.0800", "Year Close": "123.7400", "Annual % Change": "3.33%"}, "2020": {"Average Stock Price": "103.8354", "Year Open": "119.2500", "Year High": "122.6500", "Year Low": "71.4200", "Year Close": "119.7500", "Annual % Change": "-0.01%"}, "2019": {"Average Stock Price": "96.1034", "Year Open": "71.4900", "Year High": "121.3300", "Year Low": "69.7000", "Year Close": "119.7600", "Annual % Change": "68.27%"}, "2018": {"Average Stock Price": "86.9212", "Year Open": "87.8900", "Year High": "96.5600", "Year Low": "69.4700", "Year Close": "71.1700", "Annual % Change": "-17.04%"}, "2017": {"Average Stock Price": "77.1619", "Year Open": "80.4100", "Year High": "87.6200", "Year Low": "69.1100", "Year Close": "85.7900", "Annual % Change": "7.86%"}, "2016": {"Average Stock Price": "71.3727", "Year Open": "57.4500", "Year High": "86.3400", "Year Low": "51.7500", "Year Close": "79.5400", "Annual % Change": "37.35%"}, "2015": {"Average Stock Price": "59.0626", "Year Open": "61.4400", "Year High": "66.3300", "Year Low": "52.3700", "Year Close": "57.9100", "Annual % Change": "-5.48%"}, "2014": {"Average Stock Price": "69.4017", "Year Open": "75.2500", "Year High": "76.1200", "Year Low": "57.1400", "Year Close": "61.2700", "Annual % Change": "-19.21%"}, "2013": {"Average Stock Price": "69.2531", "Year Open": "64.5700", "Year High": "75.8400", "Year Low": "62.2500", "Year Close": "75.8400", "Annual % Change": "22.13%"}, "2012": {"Average Stock Price": "53.2911", "Year Open": "50.4100", "Year High": "62.1000", "Year Low": "44.9800", "Year Close": "62.1000", "Annual % Change": "27.54%"}, "2011": {"Average Stock Price": "48.1163", "Year Open": "51.9000", "Year High": "60.0500", "Year Low": "32.0400", "Year Close": "48.6900", "Annual % Change": "-4.72%"}, "2010": {"Average Stock Price": "44.2360", "Year Open": "45.6200", "Year High": "54.9600", "Year Low": "35.3500", "Year Close": "51.1000", "Annual % Change": "18.23%"}, "2009": {"Average Stock Price": "34.9397", "Year Open": "21.6600", "Year High": "45.4200", "Year Low": "18.7200", "Year Close": "43.2200", "Annual % Change": "116.75%"}, "2008": {"Average Stock Price": "49.2515", "Year Open": "53.3400", "Year High": "78.1100", "Year Low": "12.6300", "Year Close": "19.9400", "Annual % Change": "-63.21%"}, "2007": {"Average Stock Price": "52.3229", "Year Open": "39.1900", "Year High": "63.7600", "Year Low": "37.8500", "Year Close": "54.2000", "Annual % Change": "37.63%"}, "2006": {"Average Stock Price": "38.0792", "Year Open": "31.5000", "Year High": "48.7700", "Year Low": "29.2200", "Year Close": "39.3800", "Annual % Change": "28.86%"}, "2005": {"Average Stock Price": "23.2224", "Year Open": "19.0150", "Year High": "33.3200", "Year Low": "17.5200", "Year Close": "30.5600", "Annual % Change": "56.88%"}, "2004": {"Average Stock Price": "18.0065", "Year Open": "17.2400", "Year High": "20.9500", "Year Low": "13.6950", "Year Close": "19.4800", "Annual % Change": "17.31%"}, "2003": {"Average Stock Price": "10.8345", "Year Open": "10.5000", "Year High": "17.5000", "Year Low": "6.7400", "Year Close": "16.6050", "Annual % Change": "59.36%"}, "2002": {"Average Stock Price": "12.9326", "Year Open": "12.8000", "Year High": "16.8650", "Year Low": "9.7500", "Year Close": "10.4200", "Annual % Change": "-20.61%"}, "2001": {"Average Stock Price": "12.9286", "Year Open": "12.0600", "Year High": "15.0250", "Year Low": "10.4650", "Year Close": "13.1250", "Annual % Change": "6.06%"}, "2000": {"Average Stock Price": "10.8352", "Year Open": "11.2200", "Year High": "13.0000", "Year Low": "9.0000", "Year Close": "12.3750", "Annual % Change": "5.59%"}, "1999": {"Average Stock Price": "10.8914", "Year Open": "9.0000", "Year High": "13.2700", "Year Low": "8.4567", "Year Close": "11.7200", "Annual % Change": "27.30%"}, "1998": {"Average Stock Price": "11.3170", "Year Open": "9.9800", "Year High": "13.6267", "Year Low": "8.5000", "Year Close": "9.2067", "Annual % Change": "-7.16%"}, "1997": {"Average Stock Price": "8.3945", "Year Open": "7.6933", "Year High": "10.8733", "Year Low": "5.8600", "Year Close": "9.9167", "Annual % Change": "27.50%"}, "1996": {"Average Stock Price": "6.8775", "Year Open": "4.5822", "Year High": "8.8600", "Year Low": "4.0556", "Year Close": "7.7778", "Annual % Change": "69.74%"}, "1995": {"Average Stock Price": "3.4137", "Year Open": "2.8067", "Year High": "4.5822", "Year Low": "2.5289", "Year Close": "4.5822", "Annual % Change": "63.26%"}}}, "market cap": {"value": "$7.89B"}, "income statement": {"Revenue": {"2019-12-31": "10973.80000", "2018-12-31": "11534.50000", "2017-12-31": "9721.00000", "2016-12-31": "8613.40000", "2015-12-31": "9350.50000", "2014-12-31": "10451.60000", "2013-12-31": "9223.80000", "2012-12-31": "8442.30000", "2011-12-31": "8134.70000", "2010-12-31": "6312.80000", "2009-12-31": "5318.10000", "2008-12-31": "8718.84400", "2007-12-31": "7255.67900", "2006-12-31": "5742.60800", "2005-12-31": "3370.72200"}, "Cost Of Goods Sold": {"2019-12-31": "7644.40000", "2018-12-31": "8253.00000", "2017-12-31": "6933.20000", "2016-12-31": "6023.10000", "2015-12-31": "6803.60000", "2014-12-31": "7830.60000", "2013-12-31": "6826.20000", "2012-12-31": "6235.40000", "2011-12-31": "6148.70000", "2010-12-31": "4727.90000", "2009-12-31": "3918.60000", "2008-12-31": "6556.74800", "2007-12-31": "5418.16100", "2006-12-31": "4231.38600", "2005-12-31": "2449.00000"}, "Gross Profit": {"2019-12-31": "3329.40000", "2018-12-31": "3281.50000", "2017-12-31": "2787.80000", "2016-12-31": "2590.30000", "2015-12-31": "2546.90000", "2014-12-31": "2621.00000", "2013-12-31": "2397.60000", "2012-12-31": "2206.90000", "2011-12-31": "1986.00000", "2010-12-31": "1584.90000", "2009-12-31": "1399.50000", "2008-12-31": "2162.09600", "2007-12-31": "1837.51800", "2006-12-31": "1511.22200", "2005-12-31": "921.72190"}, "Research And Development Expenses": {"2019-12-31": "", "2018-12-31": "", "2017-12-31": "", "2016-12-31": "", "2015-12-31": "", "2014-12-31": "", "2013-12-31": "", "2012-12-31": "", "2011-12-31": "", "2010-12-31": "", "2009-12-31": "", "2008-12-31": "", "2007-12-31": "", "2006-12-31": "", "2005-12-31": ""}, "SG&A Expenses": {"2019-12-31": "2095.40000", "2018-12-31": "2091.80000", "2017-12-31": "1902.80000", "2016-12-31": "1798.10000", "2015-12-31": "1725.30000", "2014-12-31": "1789.80000", "2013-12-31": "1638.40000", "2012-12-31": "1396.20000", "2011-12-31": "1280.10000", "2010-12-31": "1103.60000", "2009-12-31": "1030.20000", "2008-12-31": "1211.20100", "2007-12-31": "1034.13900", "2006-12-31": "821.38600", "2005-12-31": "507.90500"}, "Other Operating Income Or Expenses": {"2019-12-31": "-1.20000", "2018-12-31": "-37.00000", "2017-12-31": "-4.20000", "2016-12-31": "-52.40000", "2015-12-31": "-53.30000", "2014-12-31": "", "2013-12-31": "-14.90000", "2012-12-31": "-2.50000", "2011-12-31": "0.00000", "2010-12-31": "", "2009-12-31": "", "2008-12-31": "", "2007-12-31": "", "2006-12-31": "", "2005-12-31": ""}, "Operating Expenses": {"2019-12-31": "9960.30000", "2018-12-31": "10597.00000", "2017-12-31": "9058.60100", "2016-12-31": "8095.60000", "2015-12-31": "8800.70000", "2014-12-31": "9834.20000", "2013-12-31": "8671.90000", "2012-12-31": "7783.10000", "2011-12-31": "7561.90000", "2010-12-31": "5952.10000", "2009-12-31": "5067.70000", "2008-12-31": "7865.87300", "2007-12-31": "6532.17300", "2006-12-31": "5115.24600", "2005-12-31": "3003.53600"}, "Operating Income": {"2019-12-31": "1013.50000", "2018-12-31": "937.50000", "2017-12-31": "662.39940", "2016-12-31": "517.80030", "2015-12-31": "549.79980", "2014-12-31": "617.39940", "2013-12-31": "551.89940", "2012-12-31": "659.20020", "2011-12-31": "572.79980", "2010-12-31": "360.69970", "2009-12-31": "250.39990", "2008-12-31": "852.97070", "2007-12-31": "723.50590", "2006-12-31": "627.36180", "2005-12-31": "367.18580"}, "Total Non-Operating Income/Expense": {"2019-12-31": "-84.20000", "2018-12-31": "-86.90000", "2017-12-31": "-78.60000", "2016-12-31": "-88.60000", "2015-12-31": "-91.10000", "2014-12-31": "-71.10000", "2013-12-31": "-73.60000", "2012-12-31": "-49.80000", "2011-12-31": "-61.20000", "2010-12-31": "-64.20000", "2009-12-31": "-54.90000", "2008-12-31": "-86.41500", "2007-12-31": "-68.77900", "2006-12-31": "-56.23000", "2005-12-31": "-33.97400"}, "Pre-Tax Income": {"2019-12-31": "929.30000", "2018-12-31": "850.60000", "2017-12-31": "583.80000", "2016-12-31": "429.20000", "2015-12-31": "458.70000", "2014-12-31": "546.30000", "2013-12-31": "478.30000", "2012-12-31": "609.40000", "2011-12-31": "511.60000", "2010-12-31": "296.50000", "2009-12-31": "195.50000", "2008-12-31": "766.55600", "2007-12-31": "654.72700", "2006-12-31": "571.13200", "2005-12-31": "333.21200"}, "Income Taxes": {"2019-12-31": "223.20000", "2018-12-31": "208.80000", "2017-12-31": "-37.20000", "2016-12-31": "120.10000", "2015-12-31": "142.50000", "2014-12-31": "170.00000", "2013-12-31": "153.60000", "2012-12-31": "201.10000", "2011-12-31": "162.40000", "2010-12-31": "98.60000", "2009-12-31": "46.30000", "2008-12-31": "282.92100", "2007-12-31": "246.43800", "2006-12-31": "216.62500", "2005-12-31": "127.77500"}, "Income After Taxes": {"2019-12-31": "706.10000", "2018-12-31": "641.80000", "2017-12-31": "621.00000", "2016-12-31": "309.10000", "2015-12-31": "316.20000", "2014-12-31": "376.30000", "2013-12-31": "324.70000", "2012-12-31": "408.30000", "2011-12-31": "349.20000", "2010-12-31": "197.90000", "2009-12-31": "149.20000", "2008-12-31": "483.63500", "2007-12-31": "408.28900", "2006-12-31": "354.50700", "2005-12-31": "205.43700"}, "Other Income": {"2019-12-31": "", "2018-12-31": "", "2017-12-31": "", "2016-12-31": "", "2015-12-31": "", "2014-12-31": "", "2013-12-31": "", "2012-12-31": "", "2011-12-31": "", "2010-12-31": "", "2009-12-31": "", "2008-12-31": "", "2007-12-31": "", "2006-12-31": "", "2005-12-31": ""}, "Income From Continuous Operations": {"2019-12-31": "706.10000", "2018-12-31": "641.80000", "2017-12-31": "621.00000", "2016-12-31": "309.10000", "2015-12-31": "316.20000", "2014-12-31": "376.30000", "2013-12-31": "324.70000", "2012-12-31": "408.30000", "2011-12-31": "349.20000", "2010-12-31": "197.90000", "2009-12-31": "149.20000", "2008-12-31": "483.63500", "2007-12-31": "408.28900", "2006-12-31": "354.50700", "2005-12-31": "205.43700"}, "Income From Discontinued Operations": {"2019-12-31": "", "2018-12-31": "", "2017-12-31": "", "2016-12-31": "", "2015-12-31": "", "2014-12-31": "", "2013-12-31": "", "2012-12-31": "", "2011-12-31": "", "2010-12-31": "", "2009-12-31": "", "2008-12-31": "", "2007-12-31": "", "2006-12-31": "", "2005-12-31": ""}, "Net Income": {"2019-12-31": "701.50000", "2018-12-31": "633.70000", "2017-12-31": "613.40000", "2016-12-31": "304.30000", "2015-12-31": "311.50000", "2014-12-31": "371.50000", "2013-12-31": "321.60000", "2012-12-31": "403.50000", "2011-12-31": "343.80000", "2010-12-31": "194.40000", "2009-12-31": "148.20000", "2008-12-31": "482.77700", "2007-12-31": "407.95500", "2006-12-31": "354.50700", "2005-12-31": "205.43700"}, "EBITDA": {"2019-12-31": "1232.80000", "2018-12-31": "1152.70000", "2017-12-31": "880.79940", "2016-12-31": "739.80030", "2015-12-31": "768.29980", "2014-12-31": "831.19940", "2013-12-31": "744.29940", "2012-12-31": "808.20020", "2011-12-31": "705.89980", "2010-12-31": "481.29970", "2009-12-31": "369.29990", "2008-12-31": "950.89470", "2007-12-31": "803.37880", "2006-12-31": "687.68680", "2005-12-31": "413.81680"}, "EBIT": {"2019-12-31": "1013.50000", "2018-12-31": "937.50000", "2017-12-31": "662.39940", "2016-12-31": "517.80030", "2015-12-31": "549.79980", "2014-12-31": "617.39940", "2013-12-31": "551.89940", "2012-12-31": "659.20020", "2011-12-31": "572.79980", "2010-12-31": "360.69970", "2009-12-31": "250.39990", "2008-12-31": "852.97070", "2007-12-31": "723.50590", "2006-12-31": "627.36180", "2005-12-31": "367.18580"}, "Basic Shares Outstanding": {"2019-12-31": "66.88500", "2018-12-31": "71.62100", "2017-12-31": "72.85100", "2016-12-31": "72.36300", "2015-12-31": "74.09600", "2014-12-31": "77.68300", "2013-12-31": "76.84500", "2012-12-31": "75.21700", "2011-12-31": "74.76800", "2010-12-31": "74.23000", "2009-12-31": "73.44600", "2008-12-31": "73.10200", "2007-12-31": "75.62300", "2006-12-31": "73.13400", "2005-12-31": "65.87000"}, "Shares Outstanding": {"2019-12-31": "67.85500", "2018-12-31": "72.44100", "2017-12-31": "73.53900", "2016-12-31": "73.12100", "2015-12-31": "74.90200", "2014-12-31": "78.61600", "2013-12-31": "77.64600", "2012-12-31": "75.69400", "2011-12-31": "75.04200", "2010-12-31": "74.47200", "2009-12-31": "73.70200", "2008-12-31": "73.59800", "2007-12-31": "76.06500", "2006-12-31": "73.60000", "2005-12-31": "66.19500"}, "Basic EPS": {"2019-12-31": "10.49000", "2018-12-31": "8.85000", "2017-12-31": "8.42000", "2016-12-31": "4.21000", "2015-12-31": "4.20000", "2014-12-31": "4.78000", "2013-12-31": "4.19000", "2012-12-31": "5.36000", "2011-12-31": "4.60000", "2010-12-31": "2.62000", "2009-12-31": "2.02000", "2008-12-31": "6.60000", "2007-12-31": "5.39000", "2006-12-31": "4.85000", "2005-12-31": "3.12000"}, "EPS - Earnings Per Share": {"2019-12-31": "10.34000", "2018-12-31": "8.75000", "2017-12-31": "8.34000", "2016-12-31": "4.16000", "2015-12-31": "4.16000", "2014-12-31": "4.73000", "2013-12-31": "4.14000", "2012-12-31": "5.33000", "2011-12-31": "4.58000", "2010-12-31": "2.61000", "2009-12-31": "2.01000", "2008-12-31": "6.56000", "2007-12-31": "5.36000", "2006-12-31": "4.82000", "2005-12-31": "3.10000"}}, "income statement, quarterly": {"Revenue": {"2020-09-30": "2085.60000", "2020-06-30": "2019.30000", "2020-03-31": "2572.90000", "2019-12-31": "2447.80000", "2019-09-30": "2685.90000", "2019-06-30": "2883.50000", "2019-03-31": "2956.60000", "2018-12-31": "2814.00000", "2018-09-30": "2974.50000", "2018-06-30": "2988.90000", "2018-03-31": "2757.10000", "2017-12-31": "2376.40000", "2017-09-30": "2450.10000", "2017-06-30": "2475.20000", "2017-03-31": "2419.30000", "2016-12-31": "2061.60000", "2016-09-30": "2185.20000", "2016-06-30": "2203.90000", "2016-03-31": "2162.70000", "2015-12-31": "2026.20000", "2015-09-30": "2286.20000", "2015-06-30": "2423.70000", "2015-03-31": "2614.40000", "2014-12-31": "2576.69900", "2014-09-30": "2705.10000", "2014-06-30": "2616.80000", "2014-03-31": "2553.00000", "2013-12-31": "2306.70000", "2013-09-30": "2443.50000", "2013-06-30": "2448.30000", "2013-03-31": "2025.30000", "2012-12-31": "1889.00000", "2012-09-30": "2055.30000", "2012-06-30": "2209.70000", "2012-03-31": "2288.30000", "2011-12-31": "2033.90000", "2011-09-30": "2138.60000", "2011-06-30": "2049.50000", "2011-03-31": "1912.70000", "2010-12-31": "1584.30000", "2010-09-30": "1653.80000", "2010-06-30": "1620.60000", "2010-03-31": "1454.10000", "2009-12-31": "1273.21400", "2009-09-30": "1243.37300", "2009-06-30": "1242.97800", "2009-03-31": "1558.53500", "2008-12-31": "2142.77000", "2008-09-30": "2572.83600", "2008-06-30": "2095.06800", "2008-03-31": "1908.17000", "2007-12-31": "1705.28700", "2007-09-30": "1812.09200", "2007-06-30": "1896.03600", "2007-03-31": "1842.26400", "2006-12-31": "1565.55100", "2006-09-30": "1628.19500", "2006-06-30": "1559.59800", "2006-03-31": "989.26400", "2005-12-31": "869.63990", "2005-09-30": "871.46900", "2005-06-30": "817.04100", "2005-03-31": "812.57200"}, "Cost Of Goods Sold": {"2020-09-30": "1409.50000", "2020-06-30": "1404.60000", "2020-03-31": "1792.20000", "2019-12-31": "1653.60000", "2019-09-30": "1871.20000", "2019-06-30": "2029.90000", "2019-03-31": "2089.70000", "2018-12-31": "2104.20000", "2018-09-30": "2140.20000", "2018-06-30": "2071.40000", "2018-03-31": "1937.20000", "2017-12-31": "1697.80000", "2017-09-30": "1764.60000", "2017-06-30": "1773.10000", "2017-03-31": "1697.70000", "2016-12-31": "1447.70000", "2016-09-30": "1530.60000", "2016-06-30": "1518.80000", "2016-03-31": "1526.00000", "2015-12-31": "1444.20000", "2015-09-30": "1647.90000", "2015-06-30": "1767.80000", "2015-03-31": "1943.70000", "2014-12-31": "1954.40000", "2014-09-30": "2026.90000", "2014-06-30": "1943.50000", "2014-03-31": "1905.80000", "2013-12-31": "1702.50000", "2013-09-30": "1800.50000", "2013-06-30": "1826.70000", "2013-03-31": "1496.50000", "2012-12-31": "1364.60000", "2012-09-30": "1520.00000", "2012-06-30": "1640.30000", "2012-03-31": "1710.50000", "2011-12-31": "1558.90000", "2011-09-30": "1644.70000", "2011-06-30": "1538.70000", "2011-03-31": "1406.40000", "2010-12-31": "1190.50000", "2010-09-30": "1257.60000", "2010-06-30": "1203.80000", "2010-03-31": "1076.00000", "2009-12-31": "867.51000", "2009-09-30": "886.90400", "2009-06-30": "960.09300", "2009-03-31": "1204.09300", "2008-12-31": "1683.93500", "2008-09-30": "1948.78800", "2008-06-30": "1508.13400", "2008-03-31": "1415.89100", "2007-12-31": "1278.05600", "2007-09-30": "1372.12800", "2007-06-30": "1398.53900", "2007-03-31": "1369.43800", "2006-12-31": "1180.09700", "2006-09-30": "1194.13900", "2006-06-30": "1139.34900", "2006-03-31": "717.80100", "2005-12-31": "617.52610", "2005-09-30": "641.39600", "2005-06-30": "594.10700", "2005-03-31": "595.97100"}, "Gross Profit": {"2020-09-30": "676.10010", "2020-06-30": "614.70010", "2020-03-31": "780.70000", "2019-12-31": "794.20000", "2019-09-30": "814.70000", "2019-06-30": "853.60000", "2019-03-31": "866.90010", "2018-12-31": "709.80000", "2018-09-30": "834.30000", "2018-06-30": "917.50000", "2018-03-31": "819.90010", "2017-12-31": "678.60010", "2017-09-30": "685.50010", "2017-06-30": "702.10000", "2017-03-31": "721.60010", "2016-12-31": "613.90040", "2016-09-30": "654.60000", "2016-06-30": "685.09990", "2016-03-31": "636.70000", "2015-12-31": "581.99950", "2015-09-30": "638.29990", "2015-06-30": "655.89990", "2015-03-31": "670.70000", "2014-12-31": "622.29910", "2014-09-30": "678.20010", "2014-06-30": "673.30000", "2014-03-31": "647.20000", "2013-12-31": "604.19970", "2013-09-30": "643.00000", "2013-06-30": "621.60010", "2013-03-31": "528.80000", "2012-12-31": "524.39990", "2012-09-30": "535.30000", "2012-06-30": "569.39990", "2012-03-31": "577.80000", "2011-12-31": "475.00010", "2011-09-30": "493.90010", "2011-06-30": "510.80000", "2011-03-31": "506.29990", "2010-12-31": "393.80020", "2010-09-30": "396.20010", "2010-06-30": "416.79990", "2010-03-31": "378.10000", "2009-12-31": "405.70400", "2009-09-30": "356.46910", "2009-06-30": "282.88500", "2009-03-31": "354.44200", "2008-12-31": "458.83460", "2008-09-30": "624.04800", "2008-06-30": "586.93410", "2008-03-31": "492.27910", "2007-12-31": "427.23060", "2007-09-30": "439.96400", "2007-06-30": "497.49710", "2007-03-31": "472.82600", "2006-12-31": "385.45400", "2006-09-30": "434.05590", "2006-06-30": "420.24900", "2006-03-31": "271.46300", "2005-12-31": "252.11380", "2005-09-30": "230.07300", "2005-06-30": "222.93400", "2005-03-31": "216.60100"}, "Research And Development Expenses": {"2020-09-30": "", "2020-06-30": "", "2020-03-31": "", "2019-12-31": "", "2019-09-30": "", "2019-06-30": "", "2019-03-31": "", "2018-12-31": "", "2018-09-30": "", "2018-06-30": "", "2018-03-31": "", "2017-12-31": "", "2017-09-30": "", "2017-06-30": "", "2017-03-31": "", "2016-12-31": "", "2016-09-30": "", "2016-06-30": "", "2016-03-31": "", "2015-12-31": "", "2015-09-30": "", "2015-06-30": "", "2015-03-31": "", "2014-12-31": "", "2014-09-30": "", "2014-06-30": "", "2014-03-31": "", "2013-12-31": "", "2013-09-30": "", "2013-06-30": "", "2013-03-31": "", "2012-12-31": "", "2012-09-30": "", "2012-06-30": "", "2012-03-31": "", "2011-12-31": "", "2011-09-30": "", "2011-06-30": "", "2011-03-31": "", "2010-12-31": "", "2010-09-30": "", "2010-06-30": "", "2010-03-31": "", "2009-12-31": "", "2009-09-30": "", "2009-06-30": "", "2009-03-31": "", "2008-12-31": "", "2008-09-30": "", "2008-06-30": "", "2008-03-31": "", "2007-12-31": "", "2007-09-30": "", "2007-06-30": "", "2007-03-31": "", "2006-12-31": "", "2006-09-30": "", "2006-06-30": "", "2006-03-31": "", "2005-12-31": "", "2005-09-30": "", "2005-06-30": "", "2005-03-31": ""}, "SG&A Expenses": {"2020-09-30": "449.20000", "2020-06-30": "438.50000", "2020-03-31": "522.70000", "2019-12-31": "513.20000", "2019-09-30": "518.70000", "2019-06-30": "531.40000", "2019-03-31": "532.10000", "2018-12-31": "505.50000", "2018-09-30": "531.00000", "2018-06-30": "535.90000", "2018-03-31": "519.40000", "2017-12-31": "480.70000", "2017-09-30": "470.00000", "2017-06-30": "475.90000", "2017-03-31": "476.20000", "2016-12-31": "440.40000", "2016-09-30": "453.00000", "2016-06-30": "455.20000", "2016-03-31": "449.50000", "2015-12-31": "409.50000", "2015-09-30": "428.90000", "2015-06-30": "440.80000", "2015-03-31": "446.10000", "2014-12-31": "431.00000", "2014-09-30": "472.90000", "2014-06-30": "444.90000", "2014-03-31": "441.00000", "2013-12-31": "424.70000", "2013-09-30": "430.00000", "2013-06-30": "426.00000", "2013-03-31": "357.70000", "2012-12-31": "346.39990", "2012-09-30": "345.40000", "2012-06-30": "346.70000", "2012-03-31": "357.70000", "2011-12-31": "328.30000", "2011-09-30": "319.60000", "2011-06-30": "313.70000", "2011-03-31": "318.50000", "2010-12-31": "283.99990", "2010-09-30": "278.20000", "2010-06-30": "272.20000", "2010-03-31": "269.20000", "2009-12-31": "253.93000", "2009-09-30": "251.76100", "2009-06-30": "247.87500", "2009-03-31": "276.63400", "2008-12-31": "304.17700", "2008-09-30": "327.82200", "2008-06-30": "297.57300", "2008-03-31": "281.62900", "2007-12-31": "262.02110", "2007-09-30": "252.01700", "2007-06-30": "264.54900", "2007-03-31": "255.55200", "2006-12-31": "234.14100", "2006-09-30": "224.79800", "2006-06-30": "225.35200", "2006-03-31": "137.09500", "2005-12-31": "132.29200", "2005-09-30": "130.26000", "2005-06-30": "123.57100", "2005-03-31": "121.78200"}, "Other Operating Income Or Expenses": {"2020-09-30": "-10.00000", "2020-06-30": "-0.20000", "2020-03-31": "-97.70000", "2019-12-31": "", "2019-09-30": "", "2019-06-30": "-1.20000", "2019-03-31": "", "2018-12-31": "-1.50000", "2018-09-30": "-35.50000", "2018-06-30": "", "2018-03-31": "", "2017-12-31": "-1.40000", "2017-09-30": "-2.80000", "2017-06-30": "", "2017-03-31": "", "2016-12-31": "-0.70000", "2016-09-30": "-51.70000", "2016-06-30": "", "2016-03-31": "", "2015-12-31": "", "2015-09-30": "-53.30000", "2015-06-30": "", "2015-03-31": "", "2014-12-31": "", "2014-09-30": "", "2014-06-30": "", "2014-03-31": "", "2013-12-31": "", "2013-09-30": "", "2013-06-30": "", "2013-03-31": "", "2012-12-31": "", "2012-09-30": "", "2012-06-30": "", "2012-03-31": "", "2011-12-31": "", "2011-09-30": "", "2011-06-30": "", "2011-03-31": "", "2010-12-31": "", "2010-09-30": "", "2010-06-30": "", "2010-03-31": "", "2009-12-31": "", "2009-09-30": "", "2009-06-30": "", "2009-03-31": "", "2008-12-31": "", "2008-09-30": "", "2008-06-30": "", "2008-03-31": "", "2007-12-31": "", "2007-09-30": "", "2007-06-30": "", "2007-03-31": "", "2006-12-31": "", "2006-09-30": "", "2006-06-30": "", "2006-03-31": "", "2005-12-31": "", "2005-09-30": "", "2005-06-30": "", "2005-03-31": ""}, "Operating Expenses": {"2020-09-30": "1925.10000", "2020-06-30": "1900.70000", "2020-03-31": "2469.60000", "2019-12-31": "2222.89900", "2019-09-30": "2444.70000", "2019-06-30": "2616.90000", "2019-03-31": "2675.80000", "2018-12-31": "2664.60000", "2018-09-30": "2760.10000", "2018-06-30": "2661.60000", "2018-03-31": "2510.70000", "2017-12-31": "2234.10000", "2017-09-30": "2291.40000", "2017-06-30": "2304.00000", "2017-03-31": "2229.10000", "2016-12-31": "1944.10000", "2016-09-30": "2090.40000", "2016-06-30": "2029.50000", "2016-03-31": "2031.60000", "2015-12-31": "1907.60000", "2015-09-30": "2184.50000", "2015-06-30": "2263.50000", "2015-03-31": "2445.10000", "2014-12-31": "2440.60100", "2014-09-30": "2553.80000", "2014-06-30": "2441.10000", "2014-03-31": "2398.70000", "2013-12-31": "2193.40100", "2013-09-30": "2280.40000", "2013-06-30": "2302.80000", "2013-03-31": "1895.30000", "2012-12-31": "1753.19900", "2012-09-30": "1902.70000", "2012-06-30": "2023.50000", "2012-03-31": "2103.70000", "2011-12-31": "1921.60000", "2011-09-30": "1998.50000", "2011-06-30": "1883.90000", "2011-03-31": "1757.90000", "2010-12-31": "1506.20000", "2010-09-30": "1565.60000", "2010-06-30": "1506.00000", "2010-03-31": "1374.30000", "2009-12-31": "1150.48800", "2009-09-30": "1169.09000", "2009-06-30": "1237.54800", "2009-03-31": "1510.57400", "2008-12-31": "2016.21600", "2008-09-30": "2303.62000", "2008-06-30": "1827.15200", "2008-03-31": "1718.88500", "2007-12-31": "1562.49800", "2007-09-30": "1643.93600", "2007-06-30": "1682.29800", "2007-03-31": "1643.44100", "2006-12-31": "1431.58000", "2006-09-30": "1435.44800", "2006-06-30": "1381.50100", "2006-03-31": "866.71700", "2005-12-31": "761.64340", "2005-09-30": "783.19300", "2005-06-30": "729.78500", "2005-03-31": "728.91500"}, "Operating Income": {"2020-09-30": "160.50000", "2020-06-30": "118.60010", "2020-03-31": "103.30000", "2019-12-31": "224.90090", "2019-09-30": "241.20000", "2019-06-30": "266.59990", "2019-03-31": "280.80030", "2018-12-31": "149.39970", "2018-09-30": "214.40010", "2018-06-30": "327.29980", "2018-03-31": "246.40010", "2017-12-31": "142.29980", "2017-09-30": "158.70000", "2017-06-30": "171.20000", "2017-03-31": "190.20020", "2016-12-31": "117.50010", "2016-09-30": "94.80010", "2016-06-30": "174.39990", "2016-03-31": "131.10000", "2015-12-31": "118.59960", "2015-09-30": "101.70000", "2015-06-30": "160.20000", "2015-03-31": "169.29980", "2014-12-31": "136.09860", "2014-09-30": "151.30030", "2014-06-30": "175.70020", "2014-03-31": "154.29980", "2013-12-31": "113.29930", "2013-09-30": "163.10010", "2013-06-30": "145.50020", "2013-03-31": "130.00000", "2012-12-31": "135.80030", "2012-09-30": "152.60000", "2012-06-30": "186.20000", "2012-03-31": "184.60010", "2011-12-31": "112.29970", "2011-09-30": "140.10020", "2011-06-30": "165.60010", "2011-03-31": "154.79990", "2010-12-31": "78.10000", "2010-09-30": "88.20000", "2010-06-30": "114.60000", "2010-03-31": "79.79990", "2009-12-31": "122.72580", "2009-09-30": "74.28310", "2009-06-30": "5.42990", "2009-03-31": "47.96090", "2008-12-31": "126.55350", "2008-09-30": "269.21610", "2008-06-30": "267.91610", "2008-03-31": "189.28500", "2007-12-31": "142.78830", "2007-09-30": "168.15600", "2007-06-30": "213.73820", "2007-03-31": "198.82300", "2006-12-31": "133.97120", "2006-09-30": "192.74690", "2006-06-30": "178.09690", "2006-03-31": "122.54690", "2005-12-31": "107.99650", "2005-09-30": "88.27600", "2005-06-30": "87.25600", "2005-03-31": "83.65700"}, "Total Non-Operating Income/Expense": {"2020-09-30": "-33.50000", "2020-06-30": "-16.60000", "2020-03-31": "-20.20000", "2019-12-31": "-15.30000", "2019-09-30": "-22.80000", "2019-06-30": "-20.80000", "2019-03-31": "-25.30000", "2018-12-31": "-25.50000", "2018-09-30": "-19.50000", "2018-06-30": "-20.70000", "2018-03-31": "-21.20000", "2017-12-31": "-21.60000", "2017-09-30": "-16.50000", "2017-06-30": "-18.80000", "2017-03-31": "-21.70000", "2016-12-31": "-19.60000", "2016-09-30": "-24.30000", "2016-06-30": "-22.80000", "2016-03-31": "-21.90000", "2015-12-31": "-24.10000", "2015-09-30": "-24.00000", "2015-06-30": "-24.30000", "2015-03-31": "-18.70000", "2014-12-31": "-8.50000", "2014-09-30": "-20.90000", "2014-06-30": "-21.50000", "2014-03-31": "-20.20000", "2013-12-31": "-20.30000", "2013-09-30": "-20.40000", "2013-06-30": "-22.70000", "2013-03-31": "-10.20000", "2012-12-31": "-14.50000", "2012-09-30": "-8.80000", "2012-06-30": "-18.50000", "2012-03-31": "-8.00000", "2011-12-31": "-13.90000", "2011-09-30": "-21.50000", "2011-06-30": "-11.40000", "2011-03-31": "-14.40000", "2010-12-31": "-17.50000", "2010-09-30": "-14.80000", "2010-06-30": "-17.90000", "2010-03-31": "-14.00000", "2009-12-31": "-9.87000", "2009-09-30": "-12.77200", "2009-06-30": "-14.86600", "2009-03-31": "-17.39200", "2008-12-31": "-28.78800", "2008-09-30": "-23.96700", "2008-06-30": "-16.66000", "2008-03-31": "-17.00000", "2007-12-31": "-12.93300", "2007-09-30": "-18.45400", "2007-06-30": "-17.28200", "2007-03-31": "-20.11000", "2006-12-31": "-14.23400", "2006-09-30": "-19.35400", "2006-06-30": "-16.93300", "2006-03-31": "-5.70900", "2005-12-31": "-8.41300", "2005-09-30": "-8.53800", "2005-06-30": "-8.14600", "2005-03-31": "-8.87700"}, "Pre-Tax Income": {"2020-09-30": "127.00000", "2020-06-30": "102.00000", "2020-03-31": "83.10000", "2019-12-31": "209.60000", "2019-09-30": "218.40000", "2019-06-30": "245.80000", "2019-03-31": "255.50000", "2018-12-31": "123.89990", "2018-09-30": "194.90000", "2018-06-30": "306.60000", "2018-03-31": "225.20000", "2017-12-31": "120.70000", "2017-09-30": "142.20000", "2017-06-30": "152.40000", "2017-03-31": "168.50000", "2016-12-31": "97.90000", "2016-09-30": "70.50000", "2016-06-30": "151.60000", "2016-03-31": "109.20000", "2015-12-31": "94.50000", "2015-09-30": "77.70000", "2015-06-30": "135.90000", "2015-03-31": "150.60000", "2014-12-31": "127.60000", "2014-09-30": "130.40000", "2014-06-30": "154.20000", "2014-03-31": "134.10000", "2013-12-31": "93.00000", "2013-09-30": "142.70000", "2013-06-30": "122.80000", "2013-03-31": "119.80000", "2012-12-31": "121.30000", "2012-09-30": "143.80000", "2012-06-30": "167.70000", "2012-03-31": "176.60000", "2011-12-31": "98.40000", "2011-09-30": "118.60000", "2011-06-30": "154.20000", "2011-03-31": "140.40000", "2010-12-31": "60.60000", "2010-09-30": "73.40000", "2010-06-30": "96.70000", "2010-03-31": "65.80000", "2009-12-31": "112.85600", "2009-09-30": "61.51100", "2009-06-30": "-9.43600", "2009-03-31": "30.56900", "2008-12-31": "97.76600", "2008-09-30": "245.24900", "2008-06-30": "251.25600", "2008-03-31": "172.28500", "2007-12-31": "129.85600", "2007-09-30": "149.70200", "2007-06-30": "196.45600", "2007-03-31": "178.71300", "2006-12-31": "119.73700", "2006-09-30": "173.39300", "2006-06-30": "161.16400", "2006-03-31": "116.83800", "2005-12-31": "99.58400", "2005-09-30": "79.73800", "2005-06-30": "79.11000", "2005-03-31": "74.78000"}, "Income Taxes": {"2020-09-30": "28.70000", "2020-06-30": "21.30000", "2020-03-31": "20.20000", "2019-12-31": "43.30000", "2019-09-30": "54.50000", "2019-06-30": "61.50000", "2019-03-31": "63.90000", "2018-12-31": "36.60000", "2018-09-30": "44.60000", "2018-06-30": "73.50000", "2018-03-31": "54.10000", "2017-12-31": "-183.10000", "2017-09-30": "43.20000", "2017-06-30": "47.60000", "2017-03-31": "55.10000", "2016-12-31": "35.00000", "2016-09-30": "19.90000", "2016-06-30": "49.50000", "2016-03-31": "15.70000", "2015-12-31": "25.60000", "2015-09-30": "24.90000", "2015-06-30": "44.30000", "2015-03-31": "47.70000", "2014-12-31": "33.90000", "2014-09-30": "33.50000", "2014-06-30": "56.40000", "2014-03-31": "46.20000", "2013-12-31": "30.70000", "2013-09-30": "46.70000", "2013-06-30": "40.90000", "2013-03-31": "35.30000", "2012-12-31": "40.50000", "2012-09-30": "44.40000", "2012-06-30": "57.50000", "2012-03-31": "58.70000", "2011-12-31": "29.30000", "2011-09-30": "32.30000", "2011-06-30": "54.00000", "2011-03-31": "46.80000", "2010-12-31": "19.80000", "2010-09-30": "24.10000", "2010-06-30": "33.90000", "2010-03-31": "20.80000", "2009-12-31": "20.56500", "2009-09-30": "19.43400", "2009-06-30": "-3.88000", "2009-03-31": "10.18100", "2008-12-31": "31.31600", "2008-09-30": "92.12700", "2008-06-30": "94.65100", "2008-03-31": "64.82700", "2007-12-31": "49.61200", "2007-09-30": "56.13700", "2007-06-30": "73.67200", "2007-03-31": "67.01700", "2006-12-31": "45.09500", "2006-09-30": "65.88800", "2006-06-30": "60.65900", "2006-03-31": "44.98300", "2005-12-31": "38.99600", "2005-09-30": "30.30100", "2005-06-30": "30.06100", "2005-03-31": "28.41700"}, "Income After Taxes": {"2020-09-30": "98.30000", "2020-06-30": "80.70000", "2020-03-31": "62.90000", "2019-12-31": "166.30000", "2019-09-30": "163.90000", "2019-06-30": "184.30000", "2019-03-31": "191.60000", "2018-12-31": "87.30000", "2018-09-30": "150.30000", "2018-06-30": "233.10000", "2018-03-31": "171.10000", "2017-12-31": "303.80000", "2017-09-30": "99.00000", "2017-06-30": "104.80000", "2017-03-31": "113.40000", "2016-12-31": "62.90000", "2016-09-30": "50.60000", "2016-06-30": "102.10000", "2016-03-31": "93.50000", "2015-12-31": "68.90000", "2015-09-30": "52.80000", "2015-06-30": "91.60000", "2015-03-31": "102.90000", "2014-12-31": "93.70000", "2014-09-30": "96.90000", "2014-06-30": "97.80000", "2014-03-31": "87.90000", "2013-12-31": "62.30000", "2013-09-30": "96.00000", "2013-06-30": "81.90000", "2013-03-31": "84.50000", "2012-12-31": "80.80000", "2012-09-30": "99.40000", "2012-06-30": "110.20000", "2012-03-31": "117.90000", "2011-12-31": "69.10000", "2011-09-30": "86.30000", "2011-06-30": "100.20000", "2011-03-31": "93.60000", "2010-12-31": "40.80000", "2010-09-30": "49.30000", "2010-06-30": "62.80000", "2010-03-31": "45.00000", "2009-12-31": "92.29100", "2009-09-30": "42.07700", "2009-06-30": "-5.55600", "2009-03-31": "20.38800", "2008-12-31": "66.45010", "2008-09-30": "153.12200", "2008-06-30": "156.60500", "2008-03-31": "107.45800", "2007-12-31": "80.24400", "2007-09-30": "93.56500", "2007-06-30": "122.78400", "2007-03-31": "111.69600", "2006-12-31": "74.64200", "2006-09-30": "107.50500", "2006-06-30": "100.50500", "2006-03-31": "71.85500", "2005-12-31": "60.58800", "2005-09-30": "49.43700", "2005-06-30": "49.04900", "2005-03-31": "46.36300"}, "Other Income": {"2020-09-30": "", "2020-06-30": "", "2020-03-31": "", "2019-12-31": "", "2019-09-30": "", "2019-06-30": "", "2019-03-31": "", "2018-12-31": "", "2018-09-30": "", "2018-06-30": "", "2018-03-31": "", "2017-12-31": "", "2017-09-30": "", "2017-06-30": "", "2017-03-31": "", "2016-12-31": "", "2016-09-30": "", "2016-06-30": "", "2016-03-31": "", "2015-12-31": "", "2015-09-30": "", "2015-06-30": "", "2015-03-31": "", "2014-12-31": "", "2014-09-30": "", "2014-06-30": "", "2014-03-31": "", "2013-12-31": "", "2013-09-30": "", "2013-06-30": "", "2013-03-31": "", "2012-12-31": "", "2012-09-30": "", "2012-06-30": "", "2012-03-31": "", "2011-12-31": "", "2011-09-30": "", "2011-06-30": "", "2011-03-31": "", "2010-12-31": "", "2010-09-30": "", "2010-06-30": "", "2010-03-31": "", "2009-12-31": "", "2009-09-30": "", "2009-06-30": "", "2009-03-31": "", "2008-12-31": "", "2008-09-30": "", "2008-06-30": "", "2008-03-31": "", "2007-12-31": "", "2007-09-30": "", "2007-06-30": "", "2007-03-31": "", "2006-12-31": "", "2006-09-30": "", "2006-06-30": "", "2006-03-31": "", "2005-12-31": "", "2005-09-30": "", "2005-06-30": "", "2005-03-31": ""}, "Income From Continuous Operations": {"2020-09-30": "98.30000", "2020-06-30": "80.70000", "2020-03-31": "62.90000", "2019-12-31": "166.30000", "2019-09-30": "163.90000", "2019-06-30": "184.30000", "2019-03-31": "191.60000", "2018-12-31": "87.30000", "2018-09-30": "150.30000", "2018-06-30": "233.10000", "2018-03-31": "171.10000", "2017-12-31": "303.80000", "2017-09-30": "99.00000", "2017-06-30": "104.80000", "2017-03-31": "113.40000", "2016-12-31": "62.90000", "2016-09-30": "50.60000", "2016-06-30": "102.10000", "2016-03-31": "93.50000", "2015-12-31": "68.90000", "2015-09-30": "52.80000", "2015-06-30": "91.60000", "2015-03-31": "102.90000", "2014-12-31": "93.70000", "2014-09-30": "96.90000", "2014-06-30": "97.80000", "2014-03-31": "87.90000", "2013-12-31": "62.30000", "2013-09-30": "96.00000", "2013-06-30": "81.90000", "2013-03-31": "84.50000", "2012-12-31": "80.80000", "2012-09-30": "99.40000", "2012-06-30": "110.20000", "2012-03-31": "117.90000", "2011-12-31": "69.10000", "2011-09-30": "86.30000", "2011-06-30": "100.20000", "2011-03-31": "93.60000", "2010-12-31": "40.80000", "2010-09-30": "49.30000", "2010-06-30": "62.80000", "2010-03-31": "45.00000", "2009-12-31": "92.29100", "2009-09-30": "42.07700", "2009-06-30": "-5.55600", "2009-03-31": "20.38800", "2008-12-31": "66.45010", "2008-09-30": "153.12200", "2008-06-30": "156.60500", "2008-03-31": "107.45800", "2007-12-31": "80.24400", "2007-09-30": "93.56500", "2007-06-30": "122.78400", "2007-03-31": "111.69600", "2006-12-31": "74.64200", "2006-09-30": "107.50500", "2006-06-30": "100.50500", "2006-03-31": "71.85500", "2005-12-31": "60.58800", "2005-09-30": "49.43700", "2005-06-30": "49.04900", "2005-03-31": "46.36300"}, "Income From Discontinued Operations": {"2020-09-30": "", "2020-06-30": "", "2020-03-31": "", "2019-12-31": "", "2019-09-30": "", "2019-06-30": "", "2019-03-31": "", "2018-12-31": "", "2018-09-30": "", "2018-06-30": "", "2018-03-31": "", "2017-12-31": "", "2017-09-30": "", "2017-06-30": "", "2017-03-31": "", "2016-12-31": "", "2016-09-30": "", "2016-06-30": "", "2016-03-31": "", "2015-12-31": "", "2015-09-30": "", "2015-06-30": "", "2015-03-31": "", "2014-12-31": "", "2014-09-30": "", "2014-06-30": "", "2014-03-31": "", "2013-12-31": "", "2013-09-30": "", "2013-06-30": "", "2013-03-31": "", "2012-12-31": "", "2012-09-30": "", "2012-06-30": "", "2012-03-31": "", "2011-12-31": "", "2011-09-30": "", "2011-06-30": "", "2011-03-31": "", "2010-12-31": "", "2010-09-30": "", "2010-06-30": "", "2010-03-31": "", "2009-12-31": "", "2009-09-30": "", "2009-06-30": "", "2009-03-31": "", "2008-12-31": "", "2008-09-30": "", "2008-06-30": "", "2008-03-31": "", "2007-12-31": "", "2007-09-30": "", "2007-06-30": "", "2007-03-31": "", "2006-12-31": "", "2006-09-30": "", "2006-06-30": "", "2006-03-31": "", "2005-12-31": "", "2005-09-30": "", "2005-06-30": "", "2005-03-31": ""}, "Net Income": {"2020-09-30": "97.60000", "2020-06-30": "80.20000", "2020-03-31": "61.70000", "2019-12-31": "165.60000", "2019-09-30": "162.70000", "2019-06-30": "183.10000", "2019-03-31": "190.10000", "2018-12-31": "85.60000", "2018-09-30": "148.30000", "2018-06-30": "230.80000", "2018-03-31": "169.00000", "2017-12-31": "301.40000", "2017-09-30": "97.30000", "2017-06-30": "103.00000", "2017-03-31": "111.70000", "2016-12-31": "61.70000", "2016-09-30": "49.50000", "2016-06-30": "100.90000", "2016-03-31": "92.20000", "2015-12-31": "68.60000", "2015-09-30": "51.40000", "2015-06-30": "90.20000", "2015-03-31": "101.30000", "2014-12-31": "92.30000", "2014-09-30": "95.50000", "2014-06-30": "96.50000", "2014-03-31": "87.20000", "2013-12-31": "61.80000", "2013-09-30": "95.10000", "2013-06-30": "81.00000", "2013-03-31": "83.70000", "2012-12-31": "80.40000", "2012-09-30": "98.10000", "2012-06-30": "108.80000", "2012-03-31": "116.20000", "2011-12-31": "67.90000", "2011-09-30": "84.90000", "2011-06-30": "98.70000", "2011-03-31": "92.30000", "2010-12-31": "39.50000", "2010-09-30": "48.70000", "2010-06-30": "61.50000", "2010-03-31": "44.70000", "2009-12-31": "92.11200", "2009-09-30": "41.75700", "2009-06-30": "-5.78700", "2009-03-31": "20.11800", "2008-12-31": "66.28800", "2008-09-30": "152.49800", "2008-06-30": "156.59600", "2008-03-31": "107.39500", "2007-12-31": "79.91000", "2007-09-30": "93.56500", "2007-06-30": "122.78400", "2007-03-31": "111.69600", "2006-12-31": "74.64200", "2006-09-30": "107.50500", "2006-06-30": "100.50500", "2006-03-31": "71.85500", "2005-12-31": "60.58800", "2005-09-30": "49.43700", "2005-06-30": "49.04900", "2005-03-31": "46.36300"}, "EBITDA": {"2020-09-30": "216.90000", "2020-06-30": "176.00010", "2020-03-31": "160.30000", "2019-12-31": "281.00090", "2019-09-30": "295.99990", "2019-06-30": "320.99980", "2019-03-31": "334.80030", "2018-12-31": "202.79970", "2018-09-30": "267.80010", "2018-06-30": "381.59980", "2018-03-31": "300.50020", "2017-12-31": "196.49980", "2017-09-30": "212.70000", "2017-06-30": "226.20000", "2017-03-31": "245.40020", "2016-12-31": "172.80010", "2016-09-30": "149.90010", "2016-06-30": "229.89990", "2016-03-31": "187.20000", "2015-12-31": "172.49960", "2015-09-30": "156.10000", "2015-06-30": "215.09990", "2015-03-31": "224.59980", "2014-12-31": "191.29860", "2014-09-30": "205.30030", "2014-06-30": "228.40020", "2014-03-31": "206.19980", "2013-12-31": "164.59930", "2013-09-30": "213.00010", "2013-06-30": "195.60030", "2013-03-31": "171.10000", "2012-12-31": "175.50030", "2012-09-30": "189.90000", "2012-06-30": "222.70000", "2012-03-31": "220.10010", "2011-12-31": "146.69970", "2011-09-30": "174.30020", "2011-06-30": "197.10010", "2011-03-31": "187.79990", "2010-12-31": "109.80000", "2010-09-30": "118.00000", "2010-06-30": "144.60000", "2010-03-31": "108.89990", "2009-12-31": "151.77380", "2009-09-30": "104.70810", "2009-06-30": "35.00990", "2009-03-31": "77.80790", "2008-12-31": "154.65750", "2008-09-30": "296.22610", "2008-06-30": "289.36110", "2008-03-31": "210.65000", "2007-12-31": "165.20930", "2007-09-30": "187.94700", "2007-06-30": "232.94820", "2007-03-31": "217.27400", "2006-12-31": "150.94320", "2006-09-30": "208.37090", "2006-06-30": "194.00490", "2006-03-31": "134.36790", "2005-12-31": "119.82150", "2005-09-30": "99.81300", "2005-06-30": "99.36300", "2005-03-31": "94.81910"}, "EBIT": {"2020-09-30": "160.50000", "2020-06-30": "118.60010", "2020-03-31": "103.30000", "2019-12-31": "224.89990", "2019-09-30": "241.20000", "2019-06-30": "266.59990", "2019-03-31": "280.80030", "2018-12-31": "149.39990", "2018-09-30": "214.40010", "2018-06-30": "327.29980", "2018-03-31": "246.40010", "2017-12-31": "142.29930", "2017-09-30": "158.70000", "2017-06-30": "171.20000", "2017-03-31": "190.20020", "2016-12-31": "117.50040", "2016-09-30": "94.80010", "2016-06-30": "174.39990", "2016-03-31": "131.10000", "2015-12-31": "118.60010", "2015-09-30": "101.70000", "2015-06-30": "160.20000", "2015-03-31": "169.29980", "2014-12-31": "136.09910", "2014-09-30": "151.30030", "2014-06-30": "175.70020", "2014-03-31": "154.29980", "2013-12-31": "113.29910", "2013-09-30": "163.10010", "2013-06-30": "145.50020", "2013-03-31": "130.00000", "2012-12-31": "135.80020", "2012-09-30": "152.60000", "2012-06-30": "186.20000", "2012-03-31": "184.60010", "2011-12-31": "112.29960", "2011-09-30": "140.10020", "2011-06-30": "165.60010", "2011-03-31": "154.79990", "2010-12-31": "78.09990", "2010-09-30": "88.20000", "2010-06-30": "114.60000", "2010-03-31": "79.79990", "2009-12-31": "122.72600", "2009-09-30": "74.28310", "2009-06-30": "5.42990", "2009-03-31": "47.96090", "2008-12-31": "126.55350", "2008-09-30": "269.21610", "2008-06-30": "267.91610", "2008-03-31": "189.28500", "2007-12-31": "142.78870", "2007-09-30": "168.15600", "2007-06-30": "213.73820", "2007-03-31": "198.82300", "2006-12-31": "133.97100", "2006-09-30": "192.74690", "2006-06-30": "178.09690", "2006-03-31": "122.54690", "2005-12-31": "107.99670", "2005-09-30": "88.27600", "2005-06-30": "87.25600", "2005-03-31": "83.65700"}, "Basic Shares Outstanding": {"2020-09-30": "63.75800", "2020-06-30": "63.64700", "2020-03-31": "66.33700", "2019-12-31": "66.88500", "2019-09-30": "66.65600", "2019-06-30": "67.04500", "2019-03-31": "67.12700", "2018-12-31": "71.62100", "2018-09-30": "71.94000", "2018-06-30": "72.34300", "2018-03-31": "72.81800", "2017-12-31": "72.85100", "2017-09-30": "72.90900", "2017-06-30": "72.89140", "2017-03-31": "72.84200", "2016-12-31": "72.36300", "2016-09-30": "72.54300", "2016-06-30": "72.37200", "2016-03-31": "71.93000", "2015-12-31": "74.09600", "2015-09-30": "73.31600", "2015-06-30": "74.31700", "2015-03-31": "77.11900", "2014-12-31": "77.68300", "2014-09-30": "77.94500", "2014-06-30": "77.73500", "2014-03-31": "77.50700", "2013-12-31": "76.84500", "2013-09-30": "77.05000", "2013-06-30": "76.69600", "2013-03-31": "76.29700", "2012-12-31": "75.21700", "2012-09-30": "75.24200", "2012-06-30": "75.08700", "2012-03-31": "74.92200", "2011-12-31": "74.76800", "2011-09-30": "74.82700", "2011-06-30": "74.77370", "2011-03-31": "74.61980", "2010-12-31": "74.23000", "2010-09-30": "74.29220", "2010-06-30": "74.22000", "2010-03-31": "73.86200", "2009-12-31": "73.44600", "2009-09-30": "73.47800", "2009-06-30": "73.37600", "2009-03-31": "73.31700", "2008-12-31": "73.10200", "2008-09-30": "73.23900", "2008-06-30": "73.01600", "2008-03-31": "72.85700", "2007-12-31": "75.62300", "2007-09-30": "75.61000", "2007-06-30": "76.22000", "2007-03-31": "75.86200", "2006-12-31": "73.13400", "2006-09-30": "75.45200", "2006-06-30": "75.11500", "2006-03-31": "66.27900", "2005-12-31": "65.87000", "2005-09-30": "65.93400", "2005-06-30": "65.83200", "2005-03-31": "65.56200"}, "Shares Outstanding": {"2020-09-30": "64.68800", "2020-06-30": "64.58200", "2020-03-31": "67.24800", "2019-12-31": "67.85500", "2019-09-30": "67.70400", "2019-06-30": "67.97700", "2019-03-31": "67.92600", "2018-12-31": "72.44100", "2018-09-30": "72.98100", "2018-06-30": "72.98800", "2018-03-31": "73.45000", "2017-12-31": "73.53900", "2017-09-30": "73.61750", "2017-06-30": "73.50070", "2017-03-31": "73.41500", "2016-12-31": "73.12100", "2016-09-30": "73.28100", "2016-06-30": "73.11300", "2016-03-31": "72.70800", "2015-12-31": "74.90200", "2015-09-30": "74.13600", "2015-06-30": "75.09400", "2015-03-31": "77.83200", "2014-12-31": "78.61600", "2014-09-30": "78.88400", "2014-06-30": "78.77800", "2014-03-31": "78.35800", "2013-12-31": "77.64600", "2013-09-30": "77.85800", "2013-06-30": "77.46900", "2013-03-31": "77.08100", "2012-12-31": "75.69400", "2012-09-30": "75.71000", "2012-06-30": "75.51100", "2012-03-31": "75.42700", "2011-12-31": "75.04200", "2011-09-30": "74.96300", "2011-06-30": "75.15080", "2011-03-31": "75.02390", "2010-12-31": "74.47200", "2010-09-30": "74.40040", "2010-06-30": "74.51800", "2010-03-31": "74.18400", "2009-12-31": "73.70200", "2009-09-30": "73.78400", "2009-06-30": "73.37600", "2009-03-31": "73.32400", "2008-12-31": "73.59800", "2008-09-30": "73.77600", "2008-06-30": "73.75800", "2008-03-31": "73.54800", "2007-12-31": "76.06500", "2007-09-30": "76.47700", "2007-06-30": "77.18200", "2007-03-31": "76.45300", "2006-12-31": "73.60000", "2006-09-30": "76.01700", "2006-06-30": "75.87500", "2006-03-31": "67.19700", "2005-12-31": "66.19500", "2005-09-30": "66.33200", "2005-06-30": "66.17200", "2005-03-31": "65.94400"}, "Basic EPS": {"2020-09-30": "1.53000", "2020-06-30": "1.26000", "2020-03-31": "0.93000", "2019-12-31": "2.49000", "2019-09-30": "2.44000", "2019-06-30": "2.73000", "2019-03-31": "2.83000", "2018-12-31": "1.28000", "2018-09-30": "2.06000", "2018-06-30": "3.19000", "2018-03-31": "2.32000", "2017-12-31": "4.15000", "2017-09-30": "1.33000", "2017-06-30": "1.41000", "2017-03-31": "1.53000", "2016-12-31": "0.86000", "2016-09-30": "0.68000", "2016-06-30": "1.39000", "2016-03-31": "1.28000", "2015-12-31": "0.98000", "2015-09-30": "0.70000", "2015-06-30": "1.21000", "2015-03-31": "1.31000", "2014-12-31": "1.18000", "2014-09-30": "1.23000", "2014-06-30": "1.24000", "2014-03-31": "1.13000", "2013-12-31": "0.80000", "2013-09-30": "1.23000", "2013-06-30": "1.06000", "2013-03-31": "1.10000", "2012-12-31": "1.06000", "2012-09-30": "1.30000", "2012-06-30": "1.45000", "2012-03-31": "1.55000", "2011-12-31": "0.91000", "2011-09-30": "1.13000", "2011-06-30": "1.32000", "2011-03-31": "1.24000", "2010-12-31": "0.54000", "2010-09-30": "0.65000", "2010-06-30": "0.83000", "2010-03-31": "0.60000", "2009-12-31": "1.26000", "2009-09-30": "0.57000", "2009-06-30": "-0.08000", "2009-03-31": "0.27000", "2008-12-31": "0.91000", "2008-09-30": "2.08000", "2008-06-30": "2.14000", "2008-03-31": "1.47000", "2007-12-31": "1.07000", "2007-09-30": "1.24000", "2007-06-30": "1.61000", "2007-03-31": "1.47000", "2006-12-31": "1.01000", "2006-09-30": "1.42000", "2006-06-30": "1.34000", "2006-03-31": "1.08000", "2005-12-31": "0.91500", "2005-09-30": "0.75000", "2005-06-30": "0.75000", "2005-03-31": "0.70500"}, "EPS - Earnings Per Share": {"2020-09-30": "1.51000", "2020-06-30": "1.24000", "2020-03-31": "0.92000", "2019-12-31": "2.45000", "2019-09-30": "2.40000", "2019-06-30": "2.69000", "2019-03-31": "2.80000", "2018-12-31": "1.26000", "2018-09-30": "2.03000", "2018-06-30": "3.16000", "2018-03-31": "2.30000", "2017-12-31": "4.10000", "2017-09-30": "1.32000", "2017-06-30": "1.40000", "2017-03-31": "1.52000", "2016-12-31": "0.83000", "2016-09-30": "0.68000", "2016-06-30": "1.38000", "2016-03-31": "1.27000", "2015-12-31": "0.97000", "2015-09-30": "0.69000", "2015-06-30": "1.20000", "2015-03-31": "1.30000", "2014-12-31": "1.19000", "2014-09-30": "1.21000", "2014-06-30": "1.22000", "2014-03-31": "1.11000", "2013-12-31": "0.78000", "2013-09-30": "1.22000", "2013-06-30": "1.05000", "2013-03-31": "1.09000", "2012-12-31": "1.05000", "2012-09-30": "1.30000", "2012-06-30": "1.44000", "2012-03-31": "1.54000", "2011-12-31": "0.91000", "2011-09-30": "1.13000", "2011-06-30": "1.31000", "2011-03-31": "1.23000", "2010-12-31": "0.53000", "2010-09-30": "0.65000", "2010-06-30": "0.83000", "2010-03-31": "0.60000", "2009-12-31": "1.25000", "2009-09-30": "0.57000", "2009-06-30": "-0.08000", "2009-03-31": "0.27000", "2008-12-31": "0.91000", "2008-09-30": "2.07000", "2008-06-30": "2.12000", "2008-03-31": "1.46000", "2007-12-31": "1.09000", "2007-09-30": "1.22000", "2007-06-30": "1.59000", "2007-03-31": "1.46000", "2006-12-31": "1.02000", "2006-09-30": "1.41000", "2006-06-30": "1.32000", "2006-03-31": "1.07000", "2005-12-31": "0.90500", "2005-09-30": "0.75000", "2005-06-30": "0.74000", "2005-03-31": "0.70500"}}, "balance sheet": {"Cash On Hand": {"2019-12-31": "174.30000", "2018-12-31": "128.20000", "2017-12-31": "154.40000", "2016-12-31": "122.80000", "2015-12-31": "104.30000", "2014-12-31": "106.20000", "2013-12-31": "83.60000", "2012-12-31": "97.60000", "2011-12-31": "84.60000", "2010-12-31": "72.90000", "2009-12-31": "43.00200", "2008-12-31": "51.99500", "2007-12-31": "77.02300", "2006-12-31": "57.47500", "2005-12-31": "35.02200"}, "Receivables": {"2019-12-31": "1105.00000", "2018-12-31": "1258.20000", "2017-12-31": "1090.20000", "2016-12-31": "960.20000", "2015-12-31": "953.10000", "2014-12-31": "1144.60000", "2013-12-31": "1017.40000", "2012-12-31": "836.10000", "2011-12-31": "896.20000", "2010-12-31": "725.30000", "2009-12-31": "587.89100", "2008-12-31": "861.19400", "2007-12-31": "709.03700", "2006-12-31": "691.41700", "2005-12-31": "369.93100"}, "Inventory": {"2019-12-31": "1645.70000", "2018-12-31": "1817.10000", "2017-12-31": "1726.00000", "2016-12-31": "1532.60000", "2015-12-31": "1436.00000", "2014-12-31": "1752.10000", "2013-12-31": "1540.00000", "2012-12-31": "1272.30000", "2011-12-31": "1212.80000", "2010-12-31": "860.20000", "2009-12-31": "719.91500", "2008-12-31": "1284.46800", "2007-12-31": "911.31500", "2006-12-31": "904.31800", "2005-12-31": "387.38500"}, "Pre-Paid Expenses": {"2019-12-31": "85.20000", "2018-12-31": "81.50000", "2017-12-31": "80.70000", "2016-12-31": "72.90000", "2015-12-31": "60.80000", "2014-12-31": "71.80000", "2013-12-31": "59.00000", "2012-12-31": "40.90000", "2011-12-31": "47.80000", "2010-12-31": "42.50000", "2009-12-31": "37.85500", "2008-12-31": "33.78200", "2007-12-31": "24.02800", "2006-12-31": "22.17900", "2005-12-31": "19.00900"}, "Other Current Assets": {"2019-12-31": "", "2018-12-31": "", "2017-12-31": "", "2016-12-31": "", "2015-12-31": "", "2014-12-31": "", "2013-12-31": "", "2012-12-31": "", "2011-12-31": "", "2010-12-31": "", "2009-12-31": "", "2008-12-31": "", "2007-12-31": "", "2006-12-31": "", "2005-12-31": ""}, "Total Current Assets": {"2019-12-31": "3010.20000", "2018-12-31": "3285.00000", "2017-12-31": "3051.30000", "2016-12-31": "2688.50000", "2015-12-31": "2554.20000", "2014-12-31": "3121.10000", "2013-12-31": "2738.90000", "2012-12-31": "2277.40000", "2011-12-31": "2274.70000", "2010-12-31": "1700.90000", "2009-12-31": "1390.90400", "2008-12-31": "2302.37200", "2007-12-31": "1721.40300", "2006-12-31": "1675.38900", "2005-12-31": "847.34800"}, "Property, Plant, And Equipment": {"2019-12-31": "1795.20000", "2018-12-31": "1729.90000", "2017-12-31": "1656.30000", "2016-12-31": "1662.20000", "2015-12-31": "1635.50000", "2014-12-31": "1656.40000", "2013-12-31": "1603.90000", "2012-12-31": "1240.70000", "2011-12-31": "1105.50000", "2010-12-31": "1025.30000", "2009-12-31": "981.25900", "2008-12-31": "998.70600", "2007-12-31": "824.63500", "2006-12-31": "742.67200", "2005-12-31": "479.71900"}, "Long-Term Investments": {"2019-12-31": "", "2018-12-31": "", "2017-12-31": "", "2016-12-31": "", "2015-12-31": "", "2014-12-31": "", "2013-12-31": "14.10000", "2012-12-31": "15.50000", "2011-12-31": "16.20000", "2010-12-31": "18.30000", "2009-12-31": "20.88000", "2008-12-31": "20.60500", "2007-12-31": "", "2006-12-31": "", "2005-12-31": ""}, "Goodwill And Intangible Assets": {"2019-12-31": "3034.90000", "2018-12-31": "2942.80000", "2017-12-31": "2954.70000", "2016-12-31": "2978.70000", "2015-12-31": "2850.20000", "2014-12-31": "2963.80000", "2013-12-31": "2905.40000", "2012-12-31": "2251.10000", "2011-12-31": "2140.20000", "2010-12-31": "1865.40000", "2009-12-31": "1807.57900", "2008-12-31": "1807.20800", "2007-12-31": "1350.44300", "2006-12-31": "1139.06600", "2005-12-31": "429.11400"}, "Other Long-Term Assets": {"2019-12-31": "89.30000", "2018-12-31": "87.20000", "2017-12-31": "88.70000", "2016-12-31": "81.90000", "2015-12-31": "81.70000", "2014-12-31": "81.10000", "2013-12-31": "78.70000", "2012-12-31": "73.00000", "2011-12-31": "69.30000", "2010-12-31": "59.00000", "2009-12-31": "106.15500", "2008-12-31": "66.59400", "2007-12-31": "86.99600", "2006-12-31": "57.04600", "2005-12-31": "12.88900"}, "Total Long-Term Assets": {"2019-12-31": "5120.89900", "2018-12-31": "4759.90000", "2017-12-31": "4699.70000", "2016-12-31": "4722.80000", "2015-12-31": "4567.40000", "2014-12-31": "4701.30000", "2013-12-31": "4602.10000", "2012-12-31": "3580.30000", "2011-12-31": "3331.20000", "2010-12-31": "2968.00000", "2009-12-31": "2915.87300", "2008-12-31": "2893.11300", "2007-12-31": "2262.07400", "2006-12-31": "1938.78400", "2005-12-31": "921.72200"}, "Total Assets": {"2019-12-31": "8131.10000", "2018-12-31": "8044.90000", "2017-12-31": "7751.00000", "2016-12-31": "7411.30000", "2015-12-31": "7121.60000", "2014-12-31": "7822.40000", "2013-12-31": "7341.00000", "2012-12-31": "5857.70000", "2011-12-31": "5605.90000", "2010-12-31": "4668.90000", "2009-12-31": "4306.77700", "2008-12-31": "5195.48500", "2007-12-31": "3983.47700", "2006-12-31": "3614.17300", "2005-12-31": "1769.07000"}, "Total Current Liabilities": {"2019-12-31": "675.30000", "2018-12-31": "699.10000", "2017-12-31": "703.70000", "2016-12-31": "656.00000", "2015-12-31": "989.70000", "2014-12-31": "662.80000", "2013-12-31": "573.40000", "2012-12-31": "578.20000", "2011-12-31": "576.40000", "2010-12-31": "508.60000", "2009-12-31": "417.56900", "2008-12-31": "650.16500", "2007-12-31": "599.86400", "2006-12-31": "550.73900", "2005-12-31": "333.81900"}, "Long Term Debt": {"2019-12-31": "1523.60000", "2018-12-31": "2138.50000", "2017-12-31": "1809.40000", "2016-12-31": "1846.70000", "2015-12-31": "1427.90000", "2014-12-31": "2208.10000", "2013-12-31": "2072.50000", "2012-12-31": "1123.80000", "2011-12-31": "1319.00000", "2010-12-31": "855.10000", "2009-12-31": "849.37500", "2008-12-31": "1675.56500", "2007-12-31": "1013.26000", "2006-12-31": "1088.05100", "2005-12-31": "306.79000"}, "Other Non-Current Liabilities": {"2019-12-31": "99.30000", "2018-12-31": "87.70000", "2017-12-31": "97.20000", "2016-12-31": "102.60000", "2015-12-31": "134.20000", "2014-12-31": "130.70000", "2013-12-31": "119.90000", "2012-12-31": "122.00000", "2011-12-31": "118.70000", "2010-12-31": "102.50000", "2009-12-31": "95.81400", "2008-12-31": "94.36100", "2007-12-31": "62.22400", "2006-12-31": "46.11100", "2005-12-31": "15.66000"}, "Total Long Term Liabilities": {"2019-12-31": "2241.70000", "2018-12-31": "2666.30000", "2017-12-31": "2347.40000", "2016-12-31": "2576.20000", "2015-12-31": "2189.20000", "2014-12-31": "3031.70000", "2013-12-31": "2883.20000", "2012-12-31": "1712.10000", "2011-12-31": "1877.50000", "2010-12-31": "1330.20000", "2009-12-31": "1281.08600", "2008-12-31": "2110.25200", "2007-12-31": "1277.36400", "2006-12-31": "1317.03600", "2005-12-31": "405.38600"}, "Total Liabilities": {"2019-12-31": "2917.00000", "2018-12-31": "3365.40000", "2017-12-31": "3051.10000", "2016-12-31": "3232.20000", "2015-12-31": "3178.90000", "2014-12-31": "3694.50000", "2013-12-31": "3456.60000", "2012-12-31": "2290.30000", "2011-12-31": "2453.90000", "2010-12-31": "1838.80000", "2009-12-31": "1698.65500", "2008-12-31": "2760.41700", "2007-12-31": "1877.22800", "2006-12-31": "1867.77500", "2005-12-31": "739.20500"}, "Common Stock Net": {"2019-12-31": "122.20000", "2018-12-31": "136.40000", "2017-12-31": "594.60000", "2016-12-31": "590.30000", "2015-12-31": "533.80000", "2014-12-31": "819.40000", "2013-12-31": "818.30000", "2012-12-31": "722.20000", "2011-12-31": "657.10000", "2010-12-31": "624.70000", "2009-12-31": "587.61200", "2008-12-31": "563.09200", "2007-12-31": "646.40600", "2006-12-31": "701.69000", "2005-12-31": "325.01000"}, "Retained Earnings (Accumulated Deficit)": {"2019-12-31": "5189.50000", "2018-12-31": "4637.90000", "2017-12-31": "4144.10000", "2016-12-31": "3663.20000", "2015-12-31": "3480.00000", "2014-12-31": "3328.50000", "2013-12-31": "3063.00000", "2012-12-31": "2837.70000", "2011-12-31": "2495.60000", "2010-12-31": "2188.70000", "2009-12-31": "2020.34300", "2008-12-31": "1900.36000", "2007-12-31": "1439.59800", "2006-12-31": "1046.33900", "2005-12-31": "704.53000"}, "Comprehensive Income": {"2019-12-31": "-105.10000", "2018-12-31": "-102.70000", "2017-12-31": "-71.60000", "2016-12-31": "-104.70000", "2015-12-31": "-99.70000", "2014-12-31": "-48.90000", "2013-12-31": "-6.70000", "2012-12-31": "-1.50000", "2011-12-31": "-8.80000", "2010-12-31": "10.30000", "2009-12-31": "-1.52300", "2008-12-31": "-32.01600", "2007-12-31": "20.24500", "2006-12-31": "-1.63100", "2005-12-31": "0.32500"}, "Other Share Holders Equity": {"2019-12-31": "", "2018-12-31": "", "2017-12-31": "", "2016-12-31": "", "2015-12-31": "", "2014-12-31": "", "2013-12-31": "", "2012-12-31": "", "2011-12-31": "", "2010-12-31": "", "2009-12-31": "", "2008-12-31": "", "2007-12-31": "", "2006-12-31": "", "2005-12-31": ""}, "Share Holder Equity": {"2019-12-31": "5214.10000", "2018-12-31": "4679.50000", "2017-12-31": "4699.90000", "2016-12-31": "4179.10000", "2015-12-31": "3942.70000", "2014-12-31": "4127.90000", "2013-12-31": "3884.40000", "2012-12-31": "3567.40000", "2011-12-31": "3152.00000", "2010-12-31": "2830.10000", "2009-12-31": "2608.12200", "2008-12-31": "2435.06800", "2007-12-31": "2106.24900", "2006-12-31": "1746.39800", "2005-12-31": "1029.86500"}, "Total Liabilities And Share Holders Equity": {"2019-12-31": "8131.10000", "2018-12-31": "8044.90000", "2017-12-31": "7751.00000", "2016-12-31": "7411.30000", "2015-12-31": "7121.60000", "2014-12-31": "7822.40000", "2013-12-31": "7341.00000", "2012-12-31": "5857.70000", "2011-12-31": "5605.90000", "2010-12-31": "4668.90000", "2009-12-31": "4306.77700", "2008-12-31": "5195.48500", "2007-12-31": "3983.47700", "2006-12-31": "3614.17300", "2005-12-31": "1769.07000"}}, "balance sheet, quarterly": {"Cash On Hand": {"2020-09-30": "591.60000", "2020-06-30": "222.70000", "2020-03-31": "172.10000", "2019-12-31": "174.30000", "2019-09-30": "166.00000", "2019-06-30": "141.50000", "2019-03-31": "133.60000", "2018-12-31": "128.20000", "2018-09-30": "112.10000", "2018-06-30": "124.30000", "2018-03-31": "145.40000", "2017-12-31": "154.40000", "2017-09-30": "170.20000", "2017-06-30": "146.50000", "2017-03-31": "133.80000", "2016-12-31": "122.80000", "2016-09-30": "143.30000", "2016-06-30": "116.50000", "2016-03-31": "120.50000", "2015-12-31": "104.30000", "2015-09-30": "94.10000", "2015-06-30": "131.90000", "2015-03-31": "101.60000", "2014-12-31": "106.20000", "2014-09-30": "100.70000", "2014-06-30": "113.50000", "2014-03-31": "113.60000", "2013-12-31": "83.60000", "2013-09-30": "104.90000", "2013-06-30": "100.80000", "2013-03-31": "100.10000", "2012-12-31": "97.60000", "2012-09-30": "120.60000", "2012-06-30": "93.60000", "2012-03-31": "70.00000", "2011-12-31": "84.60000", "2011-09-30": "91.10000", "2011-06-30": "92.00000", "2011-03-31": "76.80000", "2010-12-31": "72.90000", "2010-09-30": "186.46300", "2010-06-30": "47.40300", "2010-03-31": "52.30600", "2009-12-31": "43.00200", "2009-09-30": "87.86400", "2009-06-30": "179.41300", "2009-03-31": "33.64300", "2008-12-31": "51.99500", "2008-09-30": "43.68200", "2008-06-30": "89.84300", "2008-03-31": "96.73000", "2007-12-31": "77.02300", "2007-09-30": "106.00300", "2007-06-30": "74.95000", "2007-03-31": "28.57800", "2006-12-31": "57.47500", "2006-09-30": "22.04100", "2006-06-30": "10.10400", "2006-03-31": "34.45900", "2005-12-31": "35.02200", "2005-09-30": "10.41900", "2005-06-30": "16.21000", "2005-03-31": "12.99500"}, "Receivables": {"2020-09-30": "950.80000", "2020-06-30": "922.50000", "2020-03-31": "1216.10000", "2019-12-31": "1105.00000", "2019-09-30": "1259.90000", "2019-06-30": "1363.90000", "2019-03-31": "1422.00000", "2018-12-31": "1258.20000", "2018-09-30": "1425.80000", "2018-06-30": "1379.20000", "2018-03-31": "1323.70000", "2017-12-31": "1090.20000", "2017-09-30": "1166.00000", "2017-06-30": "1177.50000", "2017-03-31": "1147.70000", "2016-12-31": "960.20000", "2016-09-30": "1048.00000", "2016-06-30": "1052.90000", "2016-03-31": "1038.30000", "2015-12-31": "953.10000", "2015-09-30": "1112.90000", "2015-06-30": "1131.80000", "2015-03-31": "1214.10000", "2014-12-31": "1144.60000", "2014-09-30": "1253.20000", "2014-06-30": "1169.20000", "2014-03-31": "1160.10000", "2013-12-31": "1017.40000", "2013-09-30": "1095.50000", "2013-06-30": "1161.10000", "2013-03-31": "943.60000", "2012-12-31": "836.10000", "2012-09-30": "1011.80000", "2012-06-30": "1015.60000", "2012-03-31": "1044.20000", "2011-12-31": "896.20000", "2011-09-30": "1019.50000", "2011-06-30": "958.10000", "2011-03-31": "913.50000", "2010-12-31": "725.30000", "2010-09-30": "775.28800", "2010-06-30": "743.43400", "2010-03-31": "728.29200", "2009-12-31": "587.89100", "2009-09-30": "588.29300", "2009-06-30": "582.43300", "2009-03-31": "710.56000", "2008-12-31": "861.19400", "2008-09-30": "1254.18100", "2008-06-30": "946.08100", "2008-03-31": "829.20300", "2007-12-31": "709.03700", "2007-09-30": "822.49400", "2007-06-30": "837.93600", "2007-03-31": "835.20400", "2006-12-31": "691.41700", "2006-09-30": "746.00700", "2006-06-30": "683.56600", "2006-03-31": "437.31900", "2005-12-31": "369.93100", "2005-09-30": "394.32600", "2005-06-30": "362.03000", "2005-03-31": "371.86900"}, "Inventory": {"2020-09-30": "1423.00000", "2020-06-30": "1492.60000", "2020-03-31": "1630.00000", "2019-12-31": "1645.70000", "2019-09-30": "1669.50000", "2019-06-30": "1787.10000", "2019-03-31": "1936.90000", "2018-12-31": "1817.10000", "2018-09-30": "2083.70000", "2018-06-30": "2062.10000", "2018-03-31": "1902.90000", "2017-12-31": "1726.00000", "2017-09-30": "1772.50000", "2017-06-30": "1751.30000", "2017-03-31": "1680.20000", "2016-12-31": "1532.60000", "2016-09-30": "1600.10000", "2016-06-30": "1623.80000", "2016-03-31": "1525.70000", "2015-12-31": "1436.00000", "2015-09-30": "1587.30000", "2015-06-30": "1672.80000", "2015-03-31": "1803.30000", "2014-12-31": "1752.10000", "2014-09-30": "1944.40000", "2014-06-30": "1769.90000", "2014-03-31": "1656.20000", "2013-12-31": "1540.00000", "2013-09-30": "1582.90000", "2013-06-30": "1587.10000", "2013-03-31": "1317.60000", "2012-12-31": "1272.30000", "2012-09-30": "1382.50000", "2012-06-30": "1424.00000", "2012-03-31": "1399.40000", "2011-12-31": "1212.80000", "2011-09-30": "1276.60000", "2011-06-30": "1160.40000", "2011-03-31": "1089.60000", "2010-12-31": "860.20000", "2010-09-30": "921.22500", "2010-06-30": "896.66000", "2010-03-31": "845.27500", "2009-12-31": "719.91500", "2009-09-30": "792.11900", "2009-06-30": "817.15400", "2009-03-31": "1088.27700", "2008-12-31": "1284.46800", "2008-09-30": "1759.51900", "2008-06-30": "1106.53200", "2008-03-31": "948.28000", "2007-12-31": "911.31500", "2007-09-30": "1007.34900", "2007-06-30": "1100.47000", "2007-03-31": "1063.84000", "2006-12-31": "904.31800", "2006-09-30": "987.50500", "2006-06-30": "861.12500", "2006-03-31": "444.40600", "2005-12-31": "387.38500", "2005-09-30": "367.11200", "2005-06-30": "369.66500", "2005-03-31": "383.14900"}, "Pre-Paid Expenses": {"2020-09-30": "66.60000", "2020-06-30": "88.90000", "2020-03-31": "68.20000", "2019-12-31": "85.20000", "2019-09-30": "69.60000", "2019-06-30": "73.40000", "2019-03-31": "68.30000", "2018-12-31": "81.50000", "2018-09-30": "71.00000", "2018-06-30": "82.60000", "2018-03-31": "65.60000", "2017-12-31": "80.70000", "2017-09-30": "60.40000", "2017-06-30": "69.10000", "2017-03-31": "63.90000", "2016-12-31": "72.90000", "2016-09-30": "57.50000", "2016-06-30": "60.60000", "2016-03-31": "55.40000", "2015-12-31": "60.80000", "2015-09-30": "49.30000", "2015-06-30": "56.00000", "2015-03-31": "49.60000", "2014-12-31": "71.80000", "2014-09-30": "57.20000", "2014-06-30": "63.90000", "2014-03-31": "56.30000", "2013-12-31": "59.00000", "2013-09-30": "50.00000", "2013-06-30": "47.70000", "2013-03-31": "34.60000", "2012-12-31": "40.90000", "2012-09-30": "31.60000", "2012-06-30": "39.70000", "2012-03-31": "38.90000", "2011-12-31": "47.80000", "2011-09-30": "42.50000", "2011-06-30": "46.10000", "2011-03-31": "36.40000", "2010-12-31": "42.50000", "2010-09-30": "38.18100", "2010-06-30": "34.83600", "2010-03-31": "35.05700", "2009-12-31": "37.85500", "2009-09-30": "27.36700", "2009-06-30": "27.99500", "2009-03-31": "27.96700", "2008-12-31": "33.78200", "2008-09-30": "28.29300", "2008-06-30": "23.91500", "2008-03-31": "22.20200", "2007-12-31": "24.02800", "2007-09-30": "20.82000", "2007-06-30": "22.15700", "2007-03-31": "24.98000", "2006-12-31": "22.17900", "2006-09-30": "19.55400", "2006-06-30": "22.01500", "2006-03-31": "17.65000", "2005-12-31": "19.00900", "2005-09-30": "17.63100", "2005-06-30": "15.18300", "2005-03-31": "16.43900"}, "Other Current Assets": {"2020-09-30": "", "2020-06-30": "", "2020-03-31": "", "2019-12-31": "", "2019-09-30": "", "2019-06-30": "", "2019-03-31": "", "2018-12-31": "", "2018-09-30": "", "2018-06-30": "", "2018-03-31": "", "2017-12-31": "", "2017-09-30": "", "2017-06-30": "", "2017-03-31": "", "2016-12-31": "", "2016-09-30": "", "2016-06-30": "", "2016-03-31": "", "2015-12-31": "", "2015-09-30": "", "2015-06-30": "", "2015-03-31": "", "2014-12-31": "", "2014-09-30": "", "2014-06-30": "", "2014-03-31": "", "2013-12-31": "", "2013-09-30": "", "2013-06-30": "", "2013-03-31": "", "2012-12-31": "", "2012-09-30": "", "2012-06-30": "", "2012-03-31": "", "2011-12-31": "", "2011-09-30": "", "2011-06-30": "", "2011-03-31": "", "2010-12-31": "", "2010-09-30": "", "2010-06-30": "", "2010-03-31": "", "2009-12-31": "", "2009-09-30": "", "2009-06-30": "", "2009-03-31": "", "2008-12-31": "", "2008-09-30": "", "2008-06-30": "", "2008-03-31": "", "2007-12-31": "", "2007-09-30": "", "2007-06-30": "", "2007-03-31": "", "2006-12-31": "", "2006-09-30": "", "2006-06-30": "", "2006-03-31": "", "2005-12-31": "", "2005-09-30": "", "2005-06-30": "", "2005-03-31": ""}, "Total Current Assets": {"2020-09-30": "3032.00000", "2020-06-30": "2726.70000", "2020-03-31": "3086.40000", "2019-12-31": "3010.20000", "2019-09-30": "3165.00000", "2019-06-30": "3365.90000", "2019-03-31": "3560.80000", "2018-12-31": "3285.00000", "2018-09-30": "3692.60000", "2018-06-30": "3648.20000", "2018-03-31": "3437.60000", "2017-12-31": "3051.30000", "2017-09-30": "3169.10000", "2017-06-30": "3144.40000", "2017-03-31": "3025.60000", "2016-12-31": "2688.50000", "2016-09-30": "2848.90000", "2016-06-30": "2853.80000", "2016-03-31": "2739.90000", "2015-12-31": "2554.20000", "2015-09-30": "2890.00000", "2015-06-30": "3038.90000", "2015-03-31": "3215.00000", "2014-12-31": "3121.10000", "2014-09-30": "3394.40000", "2014-06-30": "3155.40000", "2014-03-31": "3025.10000", "2013-12-31": "2738.90000", "2013-09-30": "2869.10000", "2013-06-30": "2932.50000", "2013-03-31": "2426.40000", "2012-12-31": "2277.40000", "2012-09-30": "2580.20000", "2012-06-30": "2608.20000", "2012-03-31": "2585.90000", "2011-12-31": "2274.70000", "2011-09-30": "2429.70000", "2011-06-30": "2256.60000", "2011-03-31": "2116.30000", "2010-12-31": "1700.90000", "2010-09-30": "1921.15700", "2010-06-30": "1722.33300", "2010-03-31": "1660.93000", "2009-12-31": "1390.90400", "2009-09-30": "1576.18300", "2009-06-30": "1677.83700", "2009-03-31": "1931.28300", "2008-12-31": "2302.37200", "2008-09-30": "3085.67500", "2008-06-30": "2166.37100", "2008-03-31": "1896.41500", "2007-12-31": "1721.40300", "2007-09-30": "1956.66600", "2007-06-30": "2035.51300", "2007-03-31": "1952.60200", "2006-12-31": "1675.38900", "2006-09-30": "1810.73100", "2006-06-30": "1612.46600", "2006-03-31": "969.81600", "2005-12-31": "847.34800", "2005-09-30": "814.06100", "2005-06-30": "787.68000", "2005-03-31": "809.03600"}, "Property, Plant, And Equipment": {"2020-09-30": "1799.40000", "2020-06-30": "1809.30000", "2020-03-31": "1791.70000", "2019-12-31": "1795.20000", "2019-09-30": "1775.80000", "2019-06-30": "1763.30000", "2019-03-31": "1738.70000", "2018-12-31": "1729.90000", "2018-09-30": "1681.40000", "2018-06-30": "1666.40000", "2018-03-31": "1654.30000", "2017-12-31": "1656.30000", "2017-09-30": "1651.10000", "2017-06-30": "1648.80000", "2017-03-31": "1651.40000", "2016-12-31": "1662.20000", "2016-09-30": "1665.40000", "2016-06-30": "1677.20000", "2016-03-31": "1671.90000", "2015-12-31": "1635.50000", "2015-09-30": "1626.00000", "2015-06-30": "1648.60000", "2015-03-31": "1643.90000", "2014-12-31": "1656.40000", "2014-09-30": "1624.90000", "2014-06-30": "1607.80000", "2014-03-31": "1594.00000", "2013-12-31": "1603.90000", "2013-09-30": "1585.20000", "2013-06-30": "1586.30000", "2013-03-31": "1235.60000", "2012-12-31": "1240.70000", "2012-09-30": "1174.70000", "2012-06-30": "1151.80000", "2012-03-31": "1120.60000", "2011-12-31": "1105.50000", "2011-09-30": "1087.60000", "2011-06-30": "1038.70000", "2011-03-31": "1036.10000", "2010-12-31": "1025.30000", "2010-09-30": "985.36000", "2010-06-30": "982.88800", "2010-03-31": "982.50500", "2009-12-31": "981.25900", "2009-09-30": "987.68400", "2009-06-30": "994.68100", "2009-03-31": "989.89300", "2008-12-31": "998.70600", "2008-09-30": "991.69900", "2008-06-30": "871.56900", "2008-03-31": "838.63000", "2007-12-31": "824.63500", "2007-09-30": "795.97300", "2007-06-30": "781.79800", "2007-03-31": "758.31800", "2006-12-31": "742.67200", "2006-09-30": "736.18000", "2006-06-30": "709.89700", "2006-03-31": "504.63800", "2005-12-31": "479.71900", "2005-09-30": "470.92400", "2005-06-30": "457.94200", "2005-03-31": "458.26900"}, "Long-Term Investments": {"2020-09-30": "", "2020-06-30": "", "2020-03-31": "", "2019-12-31": "", "2019-09-30": "", "2019-06-30": "", "2019-03-31": "", "2018-12-31": "", "2018-09-30": "", "2018-06-30": "", "2018-03-31": "", "2017-12-31": "", "2017-09-30": "", "2017-06-30": "", "2017-03-31": "", "2016-12-31": "", "2016-09-30": "", "2016-06-30": "", "2016-03-31": "", "2015-12-31": "", "2015-09-30": "", "2015-06-30": "", "2015-03-31": "", "2014-12-31": "", "2014-09-30": "15.40000", "2014-06-30": "15.10000", "2014-03-31": "14.70000", "2013-12-31": "14.10000", "2013-09-30": "16.40000", "2013-06-30": "16.00000", "2013-03-31": "15.50000", "2012-12-31": "15.50000", "2012-09-30": "16.80000", "2012-06-30": "16.70000", "2012-03-31": "16.40000", "2011-12-31": "16.20000", "2011-09-30": "16.80000", "2011-06-30": "16.50000", "2011-03-31": "18.10000", "2010-12-31": "18.30000", "2010-09-30": "15.64100", "2010-06-30": "15.97700", "2010-03-31": "21.22500", "2009-12-31": "20.88000", "2009-09-30": "20.19000", "2009-06-30": "20.87400", "2009-03-31": "20.67000", "2008-12-31": "20.60500", "2008-09-30": "", "2008-06-30": "", "2008-03-31": "", "2007-12-31": "", "2007-09-30": "", "2007-06-30": "", "2007-03-31": "", "2006-12-31": "", "2006-09-30": "", "2006-06-30": "", "2006-03-31": "", "2005-12-31": "", "2005-09-30": "", "2005-06-30": "", "2005-03-31": ""}, "Goodwill And Intangible Assets": {"2020-09-30": "2880.60000", "2020-06-30": "2898.00000", "2020-03-31": "2926.80000", "2019-12-31": "3034.90000", "2019-09-30": "2913.50000", "2019-06-30": "2926.00000", "2019-03-31": "2934.10000", "2018-12-31": "2942.80000", "2018-09-30": "2917.80000", "2018-06-30": "2950.20000", "2018-03-31": "2965.90000", "2017-12-31": "2954.70000", "2017-09-30": "2950.80000", "2017-06-30": "2957.90000", "2017-03-31": "2967.70000", "2016-12-31": "2978.70000", "2016-09-30": "2995.10000", "2016-06-30": "3036.20000", "2016-03-31": "3029.60000", "2015-12-31": "2850.20000", "2015-09-30": "2867.70000", "2015-06-30": "2928.30000", "2015-03-31": "2950.50000", "2014-12-31": "2963.80000", "2014-09-30": "2929.80000", "2014-06-30": "2862.50000", "2014-03-31": "2887.00000", "2013-12-31": "2905.40000", "2013-09-30": "2951.30000", "2013-06-30": "2972.70000", "2013-03-31": "2234.70000", "2012-12-31": "2251.10000", "2012-09-30": "2191.10000", "2012-06-30": "2193.20000", "2012-03-31": "2140.50000", "2011-12-31": "2140.20000", "2011-09-30": "2141.40000", "2011-06-30": "1852.10000", "2011-03-31": "1860.70000", "2010-12-31": "1865.40000", "2010-09-30": "1789.92000", "2010-06-30": "1793.18300", "2010-03-31": "1803.05100", "2009-12-31": "1807.57900", "2009-09-30": "1810.82100", "2009-06-30": "1805.75600", "2009-03-31": "1800.23000", "2008-12-31": "1807.20800", "2008-09-30": "1917.83800", "2008-06-30": "1355.03900", "2008-03-31": "1344.65100", "2007-12-31": "1350.44300", "2007-09-30": "1339.44600", "2007-06-30": "1300.91200", "2007-03-31": "1303.34200", "2006-12-31": "1139.06600", "2006-09-30": "1111.32400", "2006-06-30": "1048.68700", "2006-03-31": "392.27600", "2005-12-31": "429.11400", "2005-09-30": "404.46400", "2005-06-30": "341.78000", "2005-03-31": "341.78000"}, "Other Long-Term Assets": {"2020-09-30": "91.70000", "2020-06-30": "89.60000", "2020-03-31": "79.10000", "2019-12-31": "89.30000", "2019-09-30": "77.70000", "2019-06-30": "83.90000", "2019-03-31": "85.60000", "2018-12-31": "87.20000", "2018-09-30": "80.80000", "2018-06-30": "87.80000", "2018-03-31": "90.10000", "2017-12-31": "88.70000", "2017-09-30": "75.90000", "2017-06-30": "80.10000", "2017-03-31": "79.70000", "2016-12-31": "81.90000", "2016-09-30": "75.50000", "2016-06-30": "77.40000", "2016-03-31": "78.10000", "2015-12-31": "81.70000", "2015-09-30": "71.90000", "2015-06-30": "75.40000", "2015-03-31": "78.20000", "2014-12-31": "81.10000", "2014-09-30": "70.20000", "2014-06-30": "73.90000", "2014-03-31": "75.90000", "2013-12-31": "78.70000", "2013-09-30": "70.30000", "2013-06-30": "68.10000", "2013-03-31": "68.90000", "2012-12-31": "73.00000", "2012-09-30": "67.60000", "2012-06-30": "65.40000", "2012-03-31": "68.40000", "2011-12-31": "69.30000", "2011-09-30": "52.50000", "2011-06-30": "54.60000", "2011-03-31": "57.30000", "2010-12-31": "59.00000", "2010-09-30": "105.44500", "2010-06-30": "104.13900", "2010-03-31": "103.99000", "2009-12-31": "106.15500", "2009-09-30": "69.46400", "2009-06-30": "65.31100", "2009-03-31": "65.42800", "2008-12-31": "66.59400", "2008-09-30": "89.93200", "2008-06-30": "80.27400", "2008-03-31": "85.57500", "2007-12-31": "86.99600", "2007-09-30": "58.98600", "2007-06-30": "58.35700", "2007-03-31": "61.06300", "2006-12-31": "57.04600", "2006-09-30": "65.08700", "2006-06-30": "80.28100", "2006-03-31": "60.14500", "2005-12-31": "12.88900", "2005-09-30": "38.76700", "2005-06-30": "29.67000", "2005-03-31": "28.94800"}, "Total Long-Term Assets": {"2020-09-30": "4966.70000", "2020-06-30": "4997.40000", "2020-03-31": "4999.10000", "2019-12-31": "5120.89900", "2019-09-30": "4965.90000", "2019-06-30": "4961.20000", "2019-03-31": "4943.40000", "2018-12-31": "4759.90000", "2018-09-30": "4680.00000", "2018-06-30": "4704.40000", "2018-03-31": "4710.30000", "2017-12-31": "4699.70000", "2017-09-30": "4677.80000", "2017-06-30": "4686.80000", "2017-03-31": "4698.80000", "2016-12-31": "4722.80000", "2016-09-30": "4736.00000", "2016-06-30": "4790.80000", "2016-03-31": "4779.60000", "2015-12-31": "4567.40000", "2015-09-30": "4565.60000", "2015-06-30": "4652.30000", "2015-03-31": "4672.60000", "2014-12-31": "4701.30000", "2014-09-30": "4640.30000", "2014-06-30": "4559.30000", "2014-03-31": "4571.60000", "2013-12-31": "4602.10000", "2013-09-30": "4623.20000", "2013-06-30": "4643.10000", "2013-03-31": "3554.70000", "2012-12-31": "3580.30000", "2012-09-30": "3450.20000", "2012-06-30": "3427.10000", "2012-03-31": "3345.90000", "2011-12-31": "3331.20000", "2011-09-30": "3298.30000", "2011-06-30": "2961.90000", "2011-03-31": "2972.20000", "2010-12-31": "2968.00000", "2010-09-30": "2896.36600", "2010-06-30": "2896.18700", "2010-03-31": "2910.77100", "2009-12-31": "2915.87300", "2009-09-30": "2888.15900", "2009-06-30": "2886.62200", "2009-03-31": "2876.22100", "2008-12-31": "2893.11300", "2008-09-30": "2999.46900", "2008-06-30": "2306.88200", "2008-03-31": "2268.85600", "2007-12-31": "2262.07400", "2007-09-30": "2194.40500", "2007-06-30": "2141.06700", "2007-03-31": "2122.72300", "2006-12-31": "1938.78400", "2006-09-30": "1921.95400", "2006-06-30": "1848.22800", "2006-03-31": "957.05900", "2005-12-31": "921.72200", "2005-09-30": "914.15500", "2005-06-30": "829.39200", "2005-03-31": "828.99700"}, "Total Assets": {"2020-09-30": "7998.70000", "2020-06-30": "7724.10000", "2020-03-31": "8085.50000", "2019-12-31": "8131.10000", "2019-09-30": "8130.90000", "2019-06-30": "8327.10000", "2019-03-31": "8504.20000", "2018-12-31": "8044.90000", "2018-09-30": "8372.60000", "2018-06-30": "8352.60000", "2018-03-31": "8147.90000", "2017-12-31": "7751.00000", "2017-09-30": "7846.90000", "2017-06-30": "7831.20000", "2017-03-31": "7724.40000", "2016-12-31": "7411.30000", "2016-09-30": "7584.90000", "2016-06-30": "7644.60000", "2016-03-31": "7519.50000", "2015-12-31": "7121.60000", "2015-09-30": "7455.60000", "2015-06-30": "7691.20000", "2015-03-31": "7887.60000", "2014-12-31": "7822.40000", "2014-09-30": "8034.70000", "2014-06-30": "7714.70000", "2014-03-31": "7596.70000", "2013-12-31": "7341.00000", "2013-09-30": "7492.30000", "2013-06-30": "7575.60000", "2013-03-31": "5981.10000", "2012-12-31": "5857.70000", "2012-09-30": "6030.40000", "2012-06-30": "6035.30000", "2012-03-31": "5931.80000", "2011-12-31": "5605.90000", "2011-09-30": "5728.00000", "2011-06-30": "5218.50000", "2011-03-31": "5088.50000", "2010-12-31": "4668.90000", "2010-09-30": "4817.52300", "2010-06-30": "4618.52000", "2010-03-31": "4571.70100", "2009-12-31": "4306.77700", "2009-09-30": "4464.34200", "2009-06-30": "4564.45900", "2009-03-31": "4807.50400", "2008-12-31": "5195.48500", "2008-09-30": "6085.14400", "2008-06-30": "4473.25300", "2008-03-31": "4165.27100", "2007-12-31": "3983.47700", "2007-09-30": "4151.07100", "2007-06-30": "4176.58000", "2007-03-31": "4075.32500", "2006-12-31": "3614.17300", "2006-09-30": "3732.68500", "2006-06-30": "3460.69400", "2006-03-31": "1926.87500", "2005-12-31": "1769.07000", "2005-09-30": "1728.21600", "2005-06-30": "1617.07200", "2005-03-31": "1638.03300"}, "Total Current Liabilities": {"2020-09-30": "601.90000", "2020-06-30": "642.00000", "2020-03-31": "735.60000", "2019-12-31": "675.30000", "2019-09-30": "788.50000", "2019-06-30": "760.80000", "2019-03-31": "877.40000", "2018-12-31": "699.10000", "2018-09-30": "840.00000", "2018-06-30": "899.40000", "2018-03-31": "874.10000", "2017-12-31": "703.70000", "2017-09-30": "781.20000", "2017-06-30": "747.80000", "2017-03-31": "766.00000", "2016-12-31": "656.00000", "2016-09-30": "1003.70000", "2016-06-30": "1078.00000", "2016-03-31": "1071.40000", "2015-12-31": "989.70000", "2015-09-30": "698.10000", "2015-06-30": "711.30000", "2015-03-31": "784.80000", "2014-12-31": "662.80000", "2014-09-30": "878.20000", "2014-06-30": "762.50000", "2014-03-31": "746.20000", "2013-12-31": "573.40000", "2013-09-30": "713.70000", "2013-06-30": "776.80000", "2013-03-31": "671.20000", "2012-12-31": "578.20000", "2012-09-30": "699.90000", "2012-06-30": "575.40000", "2012-03-31": "675.70000", "2011-12-31": "576.40000", "2011-09-30": "644.50000", "2011-06-30": "702.60000", "2011-03-31": "695.60000", "2010-12-31": "508.60000", "2010-09-30": "658.93400", "2010-06-30": "538.51700", "2010-03-31": "544.65400", "2009-12-31": "417.56900", "2009-09-30": "448.27600", "2009-06-30": "484.85400", "2009-03-31": "546.09800", "2008-12-31": "650.16500", "2008-09-30": "1113.11600", "2008-06-30": "830.49700", "2008-03-31": "727.95700", "2007-12-31": "599.86400", "2007-09-30": "639.11800", "2007-06-30": "680.66100", "2007-03-31": "697.22000", "2006-12-31": "550.73900", "2006-09-30": "665.18600", "2006-06-30": "602.46500", "2006-03-31": "411.79300", "2005-12-31": "333.81900", "2005-09-30": "303.60700", "2005-06-30": "286.59900", "2005-03-31": "324.99900"}, "Long Term Debt": {"2020-09-30": "1638.30000", "2020-06-30": "1426.90000", "2020-03-31": "1772.30000", "2019-12-31": "1523.60000", "2019-09-30": "1578.20000", "2019-06-30": "1944.90000", "2019-03-31": "2122.20000", "2018-12-31": "2138.50000", "2018-09-30": "1981.10000", "2018-06-30": "1932.70000", "2018-03-31": "1947.10000", "2017-12-31": "1809.40000", "2017-09-30": "1896.00000", "2017-06-30": "1990.10000", "2017-03-31": "1951.90000", "2016-12-31": "1846.70000", "2016-09-30": "1679.70000", "2016-06-30": "1684.70000", "2016-03-31": "1640.30000", "2015-12-31": "1427.90000", "2015-09-30": "1986.10000", "2015-06-30": "2094.30000", "2015-03-31": "2268.50000", "2014-12-31": "2208.10000", "2014-09-30": "2230.30000", "2014-06-30": "2093.20000", "2014-03-31": "2091.00000", "2013-12-31": "2072.50000", "2013-09-30": "2112.90000", "2013-06-30": "2219.90000", "2013-03-31": "1063.80000", "2012-12-31": "1123.80000", "2012-09-30": "1278.80000", "2012-06-30": "1519.00000", "2012-03-31": "1419.00000", "2011-12-31": "1319.00000", "2011-09-30": "1463.90000", "2011-06-30": "1012.80000", "2011-03-31": "990.50000", "2010-12-31": "855.10000", "2010-09-30": "944.23100", "2010-06-30": "923.44600", "2010-03-31": "931.42800", "2009-12-31": "849.37500", "2009-09-30": "1065.68900", "2009-06-30": "1184.81600", "2009-03-31": "1377.69200", "2008-12-31": "1675.56500", "2008-09-30": "2157.23000", "2008-06-30": "1109.56500", "2008-03-31": "1079.69600", "2007-12-31": "1013.26000", "2007-09-30": "1244.20800", "2007-06-30": "1246.52400", "2007-03-31": "1271.81000", "2006-12-31": "1088.05100", "2006-09-30": "1158.09900", "2006-06-30": "1041.32600", "2006-03-31": "331.32700", "2005-12-31": "306.79000", "2005-09-30": "370.81700", "2005-06-30": "325.47500", "2005-03-31": "351.60000"}, "Other Non-Current Liabilities": {"2020-09-30": "119.60000", "2020-06-30": "107.80000", "2020-03-31": "93.80000", "2019-12-31": "99.30000", "2019-09-30": "95.00000", "2019-06-30": "93.70000", "2019-03-31": "90.60000", "2018-12-31": "87.70000", "2018-09-30": "90.80000", "2018-06-30": "102.20000", "2018-03-31": "101.30000", "2017-12-31": "97.20000", "2017-09-30": "99.20000", "2017-06-30": "104.20000", "2017-03-31": "101.90000", "2016-12-31": "102.60000", "2016-09-30": "120.70000", "2016-06-30": "123.50000", "2016-03-31": "137.40000", "2015-12-31": "134.20000", "2015-09-30": "133.00000", "2015-06-30": "132.70000", "2015-03-31": "132.00000", "2014-12-31": "130.70000", "2014-09-30": "112.60000", "2014-06-30": "115.40000", "2014-03-31": "119.90000", "2013-12-31": "119.90000", "2013-09-30": "136.80000", "2013-06-30": "135.00000", "2013-03-31": "122.90000", "2012-12-31": "122.00000", "2012-09-30": "116.00000", "2012-06-30": "116.30000", "2012-03-31": "120.50000", "2011-12-31": "118.70000", "2011-09-30": "101.20000", "2011-06-30": "101.50000", "2011-03-31": "101.60000", "2010-12-31": "102.50000", "2010-09-30": "99.87900", "2010-06-30": "97.60800", "2010-03-31": "94.40500", "2009-12-31": "95.81400", "2009-09-30": "109.12400", "2009-06-30": "103.13900", "2009-03-31": "99.39700", "2008-12-31": "94.36100", "2008-09-30": "78.96400", "2008-06-30": "67.12900", "2008-03-31": "63.44700", "2007-12-31": "62.22400", "2007-09-30": "55.85400", "2007-06-30": "54.57600", "2007-03-31": "52.23300", "2006-12-31": "46.11100", "2006-09-30": "35.73900", "2006-06-30": "35.85100", "2006-03-31": "14.97900", "2005-12-31": "15.66000", "2005-09-30": "16.03000", "2005-06-30": "15.43500", "2005-03-31": "14.73100"}, "Total Long Term Liabilities": {"2020-09-30": "2349.50000", "2020-06-30": "2120.60000", "2020-03-31": "2450.60000", "2019-12-31": "2241.70000", "2019-09-30": "2260.70000", "2019-06-30": "2616.80000", "2019-03-31": "2787.60000", "2018-12-31": "2666.30000", "2018-09-30": "2502.30000", "2018-06-30": "2472.40000", "2018-03-31": "2490.20000", "2017-12-31": "2347.40000", "2017-09-30": "2619.80000", "2017-06-30": "2721.10000", "2017-03-31": "2682.40000", "2016-12-31": "2576.20000", "2016-09-30": "2428.00000", "2016-06-30": "2437.20000", "2016-03-31": "2407.70000", "2015-12-31": "2189.20000", "2015-09-30": "2807.00000", "2015-06-30": "2917.60000", "2015-03-31": "3092.20000", "2014-12-31": "3031.70000", "2014-09-30": "3036.90000", "2014-06-30": "2898.00000", "2014-03-31": "2900.50000", "2013-12-31": "2883.20000", "2013-09-30": "2947.60000", "2013-06-30": "3076.00000", "2013-03-31": "1654.00000", "2012-12-31": "1712.10000", "2012-09-30": "1845.00000", "2012-06-30": "2084.70000", "2012-03-31": "1981.60000", "2011-12-31": "1877.50000", "2011-09-30": "1990.80000", "2011-06-30": "1485.30000", "2011-03-31": "1464.10000", "2010-12-31": "1330.20000", "2010-09-30": "1377.13900", "2010-06-30": "1355.11600", "2010-03-31": "1361.29900", "2009-12-31": "1281.08600", "2009-09-30": "1513.82700", "2009-06-30": "1626.56200", "2009-03-31": "1816.14400", "2008-12-31": "2110.25200", "2008-09-30": "2565.58500", "2008-06-30": "1377.82300", "2008-03-31": "1344.14600", "2007-12-31": "1277.36400", "2007-09-30": "1487.96000", "2007-06-30": "1490.45400", "2007-03-31": "1513.84700", "2006-12-31": "1317.03600", "2006-09-30": "1394.30800", "2006-06-30": "1290.39800", "2006-03-31": "412.66900", "2005-12-31": "405.38600", "2005-09-30": "457.10800", "2005-06-30": "410.40500", "2005-03-31": "439.51500"}, "Total Liabilities": {"2020-09-30": "2951.40000", "2020-06-30": "2762.60000", "2020-03-31": "3186.20000", "2019-12-31": "2917.00000", "2019-09-30": "3049.20000", "2019-06-30": "3377.60000", "2019-03-31": "3665.00000", "2018-12-31": "3365.40000", "2018-09-30": "3342.30000", "2018-06-30": "3371.80000", "2018-03-31": "3364.30000", "2017-12-31": "3051.10000", "2017-09-30": "3401.00000", "2017-06-30": "3468.90000", "2017-03-31": "3448.40000", "2016-12-31": "3232.20000", "2016-09-30": "3431.70000", "2016-06-30": "3515.20000", "2016-03-31": "3479.10000", "2015-12-31": "3178.90000", "2015-09-30": "3505.10000", "2015-06-30": "3628.90000", "2015-03-31": "3877.00000", "2014-12-31": "3694.50000", "2014-09-30": "3915.10000", "2014-06-30": "3660.50000", "2014-03-31": "3646.70000", "2013-12-31": "3456.60000", "2013-09-30": "3661.30000", "2013-06-30": "3852.80000", "2013-03-31": "2325.20000", "2012-12-31": "2290.30000", "2012-09-30": "2544.90000", "2012-06-30": "2660.10000", "2012-03-31": "2657.30000", "2011-12-31": "2453.90000", "2011-09-30": "2635.30000", "2011-06-30": "2187.90000", "2011-03-31": "2159.70000", "2010-12-31": "1838.80000", "2010-09-30": "2036.07300", "2010-06-30": "1893.63300", "2010-03-31": "1905.95300", "2009-12-31": "1698.65500", "2009-09-30": "1962.10300", "2009-06-30": "2111.41600", "2009-03-31": "2362.24200", "2008-12-31": "2760.41700", "2008-09-30": "3678.70100", "2008-06-30": "2208.32000", "2008-03-31": "2072.10300", "2007-12-31": "1877.22800", "2007-09-30": "2127.07800", "2007-06-30": "2171.11500", "2007-03-31": "2211.06700", "2006-12-31": "1867.77500", "2006-09-30": "2059.49400", "2006-06-30": "1892.86300", "2006-03-31": "824.46200", "2005-12-31": "739.20500", "2005-09-30": "760.71500", "2005-06-30": "697.00400", "2005-03-31": "764.51400"}, "Common Stock Net": {"2020-09-30": "11.10000", "2020-06-30": "9.10000", "2020-03-31": "0.10000", "2019-12-31": "122.20000", "2019-09-30": "114.90000", "2019-06-30": "99.70000", "2019-03-31": "135.90000", "2018-12-31": "136.40000", "2018-09-30": "495.60000", "2018-06-30": "561.30000", "2018-03-31": "549.10000", "2017-12-31": "594.60000", "2017-09-30": "616.20000", "2017-06-30": "607.30000", "2017-03-31": "597.90000", "2016-12-31": "590.30000", "2016-09-30": "582.20000", "2016-06-30": "575.10000", "2016-03-31": "553.40000", "2015-12-31": "533.80000", "2015-09-30": "532.00000", "2015-06-30": "641.00000", "2015-03-31": "656.60000", "2014-12-31": "819.40000", "2014-09-30": "866.30000", "2014-06-30": "852.50000", "2014-03-31": "831.60000", "2013-12-31": "818.30000", "2013-09-30": "805.00000", "2013-06-30": "779.10000", "2013-03-31": "760.50000", "2012-12-31": "722.20000", "2012-09-30": "694.90000", "2012-06-30": "678.30000", "2012-03-31": "666.60000", "2011-12-31": "657.10000", "2011-09-30": "650.70000", "2011-06-30": "644.90000", "2011-03-31": "633.40000", "2010-12-31": "624.70000", "2010-09-30": "616.30000", "2010-06-30": "608.65100", "2010-03-31": "600.07300", "2009-12-31": "587.61200", "2009-09-30": "577.10700", "2009-06-30": "572.51500", "2009-03-31": "567.00900", "2008-12-31": "563.09200", "2008-09-30": "559.61800", "2008-06-30": "555.54300", "2008-03-31": "538.44500", "2007-12-31": "646.40600", "2007-09-30": "638.42000", "2007-06-30": "717.44700", "2007-03-31": "709.12200", "2006-12-31": "701.69000", "2006-09-30": "695.70300", "2006-06-30": "693.76000", "2006-03-31": "326.46800", "2005-12-31": "325.01000", "2005-09-30": "321.94700", "2005-06-30": "320.40200", "2005-03-31": "319.95100"}, "Retained Earnings (Accumulated Deficit)": {"2020-09-30": "5125.50000", "2020-06-30": "5068.90000", "2020-03-31": "5028.60000", "2019-12-31": "5189.50000", "2019-09-30": "5061.90000", "2019-06-30": "4936.00000", "2019-03-31": "4789.80000", "2018-12-31": "4637.90000", "2018-09-30": "4583.00000", "2018-06-30": "4470.60000", "2018-03-31": "4275.90000", "2017-12-31": "4144.10000", "2017-09-30": "3876.60000", "2017-06-30": "3812.20000", "2017-03-31": "3742.00000", "2016-12-31": "3663.20000", "2016-09-30": "3633.20000", "2016-06-30": "3614.50000", "2016-03-31": "3542.60000", "2015-12-31": "3480.00000", "2015-09-30": "3479.90000", "2015-06-30": "3457.60000", "2015-03-31": "3397.80000", "2014-12-31": "3328.50000", "2014-09-30": "3261.30000", "2014-06-30": "3193.10000", "2014-03-31": "3123.40000", "2013-12-31": "3063.00000", "2013-09-30": "3026.40000", "2013-06-30": "2955.60000", "2013-03-31": "2897.70000", "2012-12-31": "2837.70000", "2012-09-30": "2776.50000", "2012-06-30": "2697.50000", "2012-03-31": "2599.80000", "2011-12-31": "2495.60000", "2011-09-30": "2437.30000", "2011-06-30": "2360.70000", "2011-03-31": "2271.50000", "2010-12-31": "2188.70000", "2010-09-30": "2156.32200", "2010-06-30": "2114.68800", "2010-03-31": "2059.95300", "2009-12-31": "2020.34300", "2009-09-30": "1934.73200", "2009-06-30": "1900.53400", "2009-03-31": "1913.14600", "2008-12-31": "1900.36000", "2008-09-30": "1841.09000", "2008-06-30": "1695.72200", "2008-03-31": "1542.21600", "2007-12-31": "1439.59800", "2007-09-30": "1362.23000", "2007-06-30": "1274.57400", "2007-03-31": "1154.35200", "2006-12-31": "1046.33900", "2006-09-30": "974.55700", "2006-06-30": "871.39300", "2006-03-31": "775.16400", "2005-12-31": "704.53000", "2005-09-30": "645.90500", "2005-06-30": "599.14500", "2005-03-31": "552.93600"}, "Comprehensive Income": {"2020-09-30": "-96.80000", "2020-06-30": "-124.10000", "2020-03-31": "-136.50000", "2019-12-31": "-105.10000", "2019-09-30": "-103.40000", "2019-06-30": "-94.70000", "2019-03-31": "-95.90000", "2018-12-31": "-102.70000", "2018-09-30": "-83.10000", "2018-06-30": "-85.70000", "2018-03-31": "-74.50000", "2017-12-31": "-71.60000", "2017-09-30": "-77.90000", "2017-06-30": "-88.40000", "2017-03-31": "-94.80000", "2016-12-31": "-104.70000", "2016-09-30": "-92.00000", "2016-06-30": "-88.80000", "2016-03-31": "-84.00000", "2015-12-31": "-99.70000", "2015-09-30": "-92.10000", "2015-06-30": "-66.30000", "2015-03-31": "-73.70000", "2014-12-31": "-48.90000", "2014-09-30": "-18.30000", "2014-06-30": "-1.30000", "2014-03-31": "-15.50000", "2013-12-31": "-6.70000", "2013-09-30": "-10.20000", "2013-06-30": "-21.20000", "2013-03-31": "-11.40000", "2012-12-31": "-1.50000", "2012-09-30": "3.70000", "2012-06-30": "-10.40000", "2012-03-31": "-1.00000", "2011-12-31": "-8.80000", "2011-09-30": "-3.30000", "2011-06-30": "16.80000", "2011-03-31": "17.00000", "2010-12-31": "10.30000", "2010-09-30": "2.96600", "2010-06-30": "-2.56500", "2010-03-31": "3.69500", "2009-12-31": "-1.52300", "2009-09-30": "-11.82700", "2009-06-30": "-22.64800", "2009-03-31": "-37.15700", "2008-12-31": "-32.01600", "2008-09-30": "5.73500", "2008-06-30": "13.66800", "2008-03-31": "12.50700", "2007-12-31": "20.24500", "2007-09-30": "23.34300", "2007-06-30": "13.44400", "2007-03-31": "0.78400", "2006-12-31": "-1.63100", "2006-09-30": "2.93100", "2006-06-30": "2.67800", "2006-03-31": "0.78100", "2005-12-31": "0.32500", "2005-09-30": "-0.35100", "2005-06-30": "0.52100", "2005-03-31": "0.63200"}, "Other Share Holders Equity": {"2020-09-30": "", "2020-06-30": "", "2020-03-31": "", "2019-12-31": "", "2019-09-30": "", "2019-06-30": "", "2019-03-31": "", "2018-12-31": "", "2018-09-30": "", "2018-06-30": "", "2018-03-31": "", "2017-12-31": "", "2017-09-30": "", "2017-06-30": "", "2017-03-31": "", "2016-12-31": "", "2016-09-30": "", "2016-06-30": "", "2016-03-31": "", "2015-12-31": "", "2015-09-30": "", "2015-06-30": "", "2015-03-31": "", "2014-12-31": "", "2014-09-30": "", "2014-06-30": "", "2014-03-31": "", "2013-12-31": "", "2013-09-30": "", "2013-06-30": "", "2013-03-31": "", "2012-12-31": "", "2012-09-30": "", "2012-06-30": "", "2012-03-31": "", "2011-12-31": "", "2011-09-30": "", "2011-06-30": "", "2011-03-31": "", "2010-12-31": "", "2010-09-30": "", "2010-06-30": "", "2010-03-31": "", "2009-12-31": "", "2009-09-30": "", "2009-06-30": "", "2009-03-31": "", "2008-12-31": "", "2008-09-30": "", "2008-06-30": "", "2008-03-31": "", "2007-12-31": "", "2007-09-30": "", "2007-06-30": "", "2007-03-31": "", "2006-12-31": "", "2006-09-30": "", "2006-06-30": "", "2006-03-31": "", "2005-12-31": "", "2005-09-30": "", "2005-06-30": "", "2005-03-31": ""}, "Share Holder Equity": {"2020-09-30": "5047.30000", "2020-06-30": "4961.50000", "2020-03-31": "4899.30000", "2019-12-31": "5214.10000", "2019-09-30": "5081.70000", "2019-06-30": "4949.50000", "2019-03-31": "4839.20000", "2018-12-31": "4679.50000", "2018-09-30": "5030.30000", "2018-06-30": "4980.80000", "2018-03-31": "4783.60000", "2017-12-31": "4699.90000", "2017-09-30": "4445.90000", "2017-06-30": "4362.30000", "2017-03-31": "4276.00000", "2016-12-31": "4179.10000", "2016-09-30": "4153.20000", "2016-06-30": "4129.40000", "2016-03-31": "4040.40000", "2015-12-31": "3942.70000", "2015-09-30": "3950.50000", "2015-06-30": "4062.30000", "2015-03-31": "4010.60000", "2014-12-31": "4127.90000", "2014-09-30": "4119.60000", "2014-06-30": "4054.20000", "2014-03-31": "3950.00000", "2013-12-31": "3884.40000", "2013-09-30": "3831.00000", "2013-06-30": "3722.80000", "2013-03-31": "3655.90000", "2012-12-31": "3567.40000", "2012-09-30": "3485.50000", "2012-06-30": "3375.20000", "2012-03-31": "3274.50000", "2011-12-31": "3152.00000", "2011-09-30": "3092.70000", "2011-06-30": "3030.60000", "2011-03-31": "2928.80000", "2010-12-31": "2830.10000", "2010-09-30": "2781.45000", "2010-06-30": "2724.88700", "2010-03-31": "2665.74800", "2009-12-31": "2608.12200", "2009-09-30": "2502.23900", "2009-06-30": "2453.04300", "2009-03-31": "2445.26200", "2008-12-31": "2435.06800", "2008-09-30": "2406.44300", "2008-06-30": "2264.93300", "2008-03-31": "2093.16800", "2007-12-31": "2106.24900", "2007-09-30": "2023.99300", "2007-06-30": "2005.46500", "2007-03-31": "1864.25800", "2006-12-31": "1746.39800", "2006-09-30": "1673.19100", "2006-06-30": "1567.83100", "2006-03-31": "1102.41300", "2005-12-31": "1029.86500", "2005-09-30": "967.50100", "2005-06-30": "920.06800", "2005-03-31": "873.51900"}, "Total Liabilities And Share Holders Equity": {"2020-09-30": "7998.70000", "2020-06-30": "7724.10000", "2020-03-31": "8085.50000", "2019-12-31": "8131.10000", "2019-09-30": "8130.90000", "2019-06-30": "8327.10000", "2019-03-31": "8504.20000", "2018-12-31": "8044.90000", "2018-09-30": "8372.60000", "2018-06-30": "8352.60000", "2018-03-31": "8147.90000", "2017-12-31": "7751.00000", "2017-09-30": "7846.90000", "2017-06-30": "7831.20000", "2017-03-31": "7724.40000", "2016-12-31": "7411.30000", "2016-09-30": "7584.90000", "2016-06-30": "7644.60000", "2016-03-31": "7519.50000", "2015-12-31": "7121.60000", "2015-09-30": "7455.60000", "2015-06-30": "7691.20000", "2015-03-31": "7887.60000", "2014-12-31": "7822.40000", "2014-09-30": "8034.70000", "2014-06-30": "7714.70000", "2014-03-31": "7596.70000", "2013-12-31": "7341.00000", "2013-09-30": "7492.30000", "2013-06-30": "7575.60000", "2013-03-31": "5981.10000", "2012-12-31": "5857.70000", "2012-09-30": "6030.40000", "2012-06-30": "6035.30000", "2012-03-31": "5931.80000", "2011-12-31": "5605.90000", "2011-09-30": "5728.00000", "2011-06-30": "5218.50000", "2011-03-31": "5088.50000", "2010-12-31": "4668.90000", "2010-09-30": "4817.52300", "2010-06-30": "4618.52000", "2010-03-31": "4571.70100", "2009-12-31": "4306.77700", "2009-09-30": "4464.34200", "2009-06-30": "4564.45900", "2009-03-31": "4807.50400", "2008-12-31": "5195.48500", "2008-09-30": "6085.14400", "2008-06-30": "4473.25300", "2008-03-31": "4165.27100", "2007-12-31": "3983.47700", "2007-09-30": "4151.07100", "2007-06-30": "4176.58000", "2007-03-31": "4075.32500", "2006-12-31": "3614.17300", "2006-09-30": "3732.68500", "2006-06-30": "3460.69400", "2006-03-31": "1926.87500", "2005-12-31": "1769.07000", "2005-09-30": "1728.21600", "2005-06-30": "1617.07200", "2005-03-31": "1638.03300"}}, "cash flow statement": {"Net Income/Loss": {"2019-12-31": "706.10000", "2018-12-31": "641.80000", "2017-12-31": "621.00000", "2016-12-31": "309.10000", "2015-12-31": "316.20000", "2014-12-31": "376.30000", "2013-12-31": "324.70000", "2012-12-31": "408.30000", "2011-12-31": "349.20000", "2010-12-31": "197.90000", "2009-12-31": "149.20000", "2008-12-31": "483.63500", "2007-12-31": "408.28900", "2006-12-31": "354.50700", "2005-12-31": "205.43700"}, "Total Depreciation And Amortization - Cash Flow": {"2019-12-31": "219.30000", "2018-12-31": "215.20000", "2017-12-31": "218.40000", "2016-12-31": "222.00000", "2015-12-31": "218.50000", "2014-12-31": "213.80000", "2013-12-31": "192.40000", "2012-12-31": "149.00000", "2011-12-31": "133.10000", "2010-12-31": "120.60000", "2009-12-31": "118.90000", "2008-12-31": "97.92400", "2007-12-31": "79.87300", "2006-12-31": "60.32500", "2005-12-31": "46.63100"}, "Other Non-Cash Items": {"2019-12-31": "87.30000", "2018-12-31": "62.00000", "2017-12-31": "-157.80000", "2016-12-31": "80.30000", "2015-12-31": "55.30000", "2014-12-31": "-8.30000", "2013-12-31": "44.70000", "2012-12-31": "26.10000", "2011-12-31": "-6.80000", "2010-12-31": "60.90000", "2009-12-31": "61.30000", "2008-12-31": "28.30900", "2007-12-31": "11.47000", "2006-12-31": "7.22800", "2005-12-31": "11.16900"}, "Total Non-Cash Items": {"2019-12-31": "306.60000", "2018-12-31": "277.20000", "2017-12-31": "60.60000", "2016-12-31": "302.30000", "2015-12-31": "273.80000", "2014-12-31": "205.50000", "2013-12-31": "237.10000", "2012-12-31": "175.10000", "2011-12-31": "126.30000", "2010-12-31": "181.50000", "2009-12-31": "180.20000", "2008-12-31": "126.23300", "2007-12-31": "91.34300", "2006-12-31": "67.55300", "2005-12-31": "57.80000"}, "Change In Accounts Receivable": {"2019-12-31": "178.10000", "2018-12-31": "-153.30000", "2017-12-31": "-126.40000", "2016-12-31": "-36.40000", "2015-12-31": "222.50000", "2014-12-31": "-97.20000", "2013-12-31": "25.40000", "2012-12-31": "123.10000", "2011-12-31": "-145.90000", "2010-12-31": "-146.70000", "2009-12-31": "322.20000", "2008-12-31": "166.02500", "2007-12-31": "61.26500", "2006-12-31": "-50.56600", "2005-12-31": "-15.39100"}, "Change In Inventories": {"2019-12-31": "211.80000", "2018-12-31": "-88.80000", "2017-12-31": "-186.60000", "2016-12-31": "-30.40000", "2015-12-31": "306.80000", "2014-12-31": "-131.00000", "2013-12-31": "111.90000", "2012-12-31": "-1.30000", "2011-12-31": "-231.00000", "2010-12-31": "-121.90000", "2009-12-31": "569.90000", "2008-12-31": "191.47200", "2007-12-31": "129.58200", "2006-12-31": "-89.41400", "2005-12-31": "-11.34500"}, "Change In Accounts Payable": {"2019-12-31": "", "2018-12-31": "", "2017-12-31": "", "2016-12-31": "", "2015-12-31": "", "2014-12-31": "", "2013-12-31": "", "2012-12-31": "", "2011-12-31": "", "2010-12-31": "", "2009-12-31": "", "2008-12-31": "", "2007-12-31": "", "2006-12-31": "", "2005-12-31": ""}, "Change In Assets/Liabilities": {"2019-12-31": "31.90000", "2018-12-31": "-14.00000", "2017-12-31": "-11.50000", "2016-12-31": "26.70000", "2015-12-31": "-25.20000", "2014-12-31": "31.50000", "2013-12-31": "-17.30000", "2012-12-31": "-18.90000", "2011-12-31": "22.80000", "2010-12-31": "23.90000", "2009-12-31": "-56.40000", "2008-12-31": "-4.74800", "2007-12-31": "11.31800", "2006-12-31": "5.98700", "2005-12-31": "-2.62400"}, "Total Change In Assets/Liabilities": {"2019-12-31": "279.30000", "2018-12-31": "-266.70000", "2017-12-31": "-290.30000", "2016-12-31": "7.40000", "2015-12-31": "425.20000", "2014-12-31": "-220.90000", "2013-12-31": "70.30000", "2012-12-31": "14.10000", "2011-12-31": "-246.50000", "2010-12-31": "-165.30000", "2009-12-31": "613.60000", "2008-12-31": "54.81600", "2007-12-31": "139.33200", "2006-12-31": "-231.09600", "2005-12-31": "8.98200"}, "Cash Flow From Operating Activities": {"2019-12-31": "1301.50000", "2018-12-31": "664.60000", "2017-12-31": "399.00000", "2016-12-31": "626.50000", "2015-12-31": "1025.00000", "2014-12-31": "356.00000", "2013-12-31": "633.30000", "2012-12-31": "601.90000", "2011-12-31": "234.80000", "2010-12-31": "214.10000", "2009-12-31": "943.00000", "2008-12-31": "664.68400", "2007-12-31": "638.96400", "2006-12-31": "190.96400", "2005-12-31": "272.21900"}, "Net Change In Property, Plant, And Equipment": {"2019-12-31": "-234.20000", "2018-12-31": "-210.70000", "2017-12-31": "-134.00000", "2016-12-31": "-146.00000", "2015-12-31": "-164.80000", "2014-12-31": "-190.40000", "2013-12-31": "-156.10000", "2012-12-31": "-205.80000", "2011-12-31": "-147.40000", "2010-12-31": "-108.20000", "2009-12-31": "-68.60000", "2008-12-31": "-132.77400", "2007-12-31": "-119.08200", "2006-12-31": "-105.25500", "2005-12-31": "-52.25500"}, "Net Change In Intangible Assets": {"2019-12-31": "", "2018-12-31": "", "2017-12-31": "", "2016-12-31": "", "2015-12-31": "", "2014-12-31": "", "2013-12-31": "", "2012-12-31": "", "2011-12-31": "", "2010-12-31": "", "2009-12-31": "", "2008-12-31": "", "2007-12-31": "", "2006-12-31": "", "2005-12-31": ""}, "Net Acquisitions/Divestitures": {"2019-12-31": "-177.80000", "2018-12-31": "-77.60000", "2017-12-31": "-37.80000", "2016-12-31": "-348.70000", "2015-12-31": "-0.40000", "2014-12-31": "-182.00000", "2013-12-31": "-821.10000", "2012-12-31": "-166.90000", "2011-12-31": "-313.30000", "2010-12-31": "-100.30000", "2009-12-31": "", "2008-12-31": "-330.24900", "2007-12-31": "-269.95700", "2006-12-31": "-542.60400", "2005-12-31": "-94.37700"}, "Net Change In Short-term Investments": {"2019-12-31": "", "2018-12-31": "", "2017-12-31": "", "2016-12-31": "", "2015-12-31": "", "2014-12-31": "", "2013-12-31": "", "2012-12-31": "", "2011-12-31": "", "2010-12-31": "0.00000", "2009-12-31": "", "2008-12-31": "", "2007-12-31": "", "2006-12-31": "", "2005-12-31": ""}, "Net Change In Long-Term Investments": {"2019-12-31": "", "2018-12-31": "", "2017-12-31": "", "2016-12-31": "", "2015-12-31": "", "2014-12-31": "", "2013-12-31": "", "2012-12-31": "", "2011-12-31": "", "2010-12-31": "", "2009-12-31": "", "2008-12-31": "", "2007-12-31": "", "2006-12-31": "", "2005-12-31": ""}, "Net Change In Investments - Total": {"2019-12-31": "", "2018-12-31": "", "2017-12-31": "", "2016-12-31": "", "2015-12-31": "", "2014-12-31": "", "2013-12-31": "", "2012-12-31": "", "2011-12-31": "", "2010-12-31": "", "2009-12-31": "", "2008-12-31": "", "2007-12-31": "", "2006-12-31": "", "2005-12-31": ""}, "Investing Activities - Other": {"2019-12-31": "-7.10000", "2018-12-31": "7.30000", "2017-12-31": "-7.60000", "2016-12-31": "-10.40000", "2015-12-31": "-4.70000", "2014-12-31": "7.40000", "2013-12-31": "-1.80000", "2012-12-31": "-9.00000", "2011-12-31": "-13.90000", "2010-12-31": "46.70000", "2009-12-31": "-25.00000", "2008-12-31": "5.36900", "2007-12-31": "-30.76900", "2006-12-31": "-2.57500", "2005-12-31": ""}, "Cash Flow From Investing Activities": {"2019-12-31": "-419.10000", "2018-12-31": "-281.00000", "2017-12-31": "-179.40000", "2016-12-31": "-505.10000", "2015-12-31": "-169.90000", "2014-12-31": "-365.00000", "2013-12-31": "-979.00000", "2012-12-31": "-381.70000", "2011-12-31": "-474.60000", "2010-12-31": "-161.80000", "2009-12-31": "-93.60000", "2008-12-31": "-457.65400", "2007-12-31": "-419.80800", "2006-12-31": "-650.43400", "2005-12-31": "-146.63200"}, "Net Long-Term Debt": {"2019-12-31": "-617.60000", "2018-12-31": "326.50000", "2017-12-31": "-40.30000", "2016-12-31": "11.60010", "2015-12-31": "-389.30000", "2014-12-31": "166.80000", "2013-12-31": "843.39990", "2012-12-31": "-122.00000", "2011-12-31": "388.40000", "2010-12-31": "-21.60000", "2009-12-31": "-831.30000", "2008-12-31": "-104.94900", "2007-12-31": "-119.75000", "2006-12-31": "483.65990", "2005-12-31": "-93.51100"}, "Net Current Debt": {"2019-12-31": "-0.30000", "2018-12-31": "-48.40000", "2017-12-31": "8.40000", "2016-12-31": "-12.60000", "2015-12-31": "12.70000", "2014-12-31": "1.70000", "2013-12-31": "-473.00000", "2012-12-31": "-63.20000", "2011-12-31": "-104.70000", "2010-12-31": "3.20000", "2009-12-31": "0.10000", "2008-12-31": "-5.96200", "2007-12-31": "", "2006-12-31": "12.91900", "2005-12-31": ""}, "Debt Issuance/Retirement Net - Total": {"2019-12-31": "-617.90000", "2018-12-31": "278.10000", "2017-12-31": "-31.90000", "2016-12-31": "-0.99990", "2015-12-31": "-376.60000", "2014-12-31": "168.50000", "2013-12-31": "370.39990", "2012-12-31": "-185.20000", "2011-12-31": "283.70000", "2010-12-31": "-18.40000", "2009-12-31": "-831.20010", "2008-12-31": "-110.91100", "2007-12-31": "-119.75000", "2006-12-31": "496.57890", "2005-12-31": "-93.51100"}, "Net Common Equity Issued/Repurchased": {"2019-12-31": "-50.00000", "2018-12-31": "-484.90000", "2017-12-31": "-25.00000", "2016-12-31": "37.50000", "2015-12-31": "-340.40000", "2014-12-31": "-21.20000", "2013-12-31": "70.10000", "2012-12-31": "42.10000", "2011-12-31": "11.10000", "2010-12-31": "21.20000", "2009-12-31": "10.80000", "2008-12-31": "-96.50300", "2007-12-31": "-65.40400", "2006-12-31": "7.33700", "2005-12-31": "11.05700"}, "Net Total Equity Issued/Repurchased": {"2019-12-31": "-50.00000", "2018-12-31": "-484.90000", "2017-12-31": "-25.00000", "2016-12-31": "37.50000", "2015-12-31": "-340.40000", "2014-12-31": "-21.20000", "2013-12-31": "70.10000", "2012-12-31": "42.10000", "2011-12-31": "11.10000", "2010-12-31": "21.20000", "2009-12-31": "10.80000", "2008-12-31": "-96.50300", "2007-12-31": "-65.40400", "2006-12-31": "7.33700", "2005-12-31": "11.05700"}, "Total Common And Preferred Stock Dividends Paid": {"2019-12-31": "-151.30000", "2018-12-31": "-145.30000", "2017-12-31": "-132.00000", "2016-12-31": "-120.40000", "2015-12-31": "-120.10000", "2014-12-31": "-108.70000", "2013-12-31": "-96.90000", "2012-12-31": "-60.20000", "2011-12-31": "-35.90000", "2010-12-31": "-29.70000", "2009-12-31": "-29.40000", "2008-12-31": "-29.22900", "2007-12-31": "-24.20700", "2006-12-31": "-16.14500", "2005-12-31": "-12.53000"}, "Financial Activities - Other": {"2019-12-31": "-21.40000", "2018-12-31": "-51.80000", "2017-12-31": "-9.20000", "2016-12-31": "-16.30000", "2015-12-31": "-11.40000", "2014-12-31": "-5.60000", "2013-12-31": "-11.50000", "2012-12-31": "-4.30000", "2011-12-31": "-11.30000", "2010-12-31": "2.40000", "2009-12-31": "-10.00000", "2008-12-31": "5.15500", "2007-12-31": "9.51100", "2006-12-31": "-6.01500", "2005-12-31": "-7.15900"}, "Cash Flow From Financial Activities": {"2019-12-31": "-840.60000", "2018-12-31": "-403.90000", "2017-12-31": "-198.10000", "2016-12-31": "-100.20000", "2015-12-31": "-848.50000", "2014-12-31": "33.00000", "2013-12-31": "332.10000", "2012-12-31": "-207.60000", "2011-12-31": "247.60000", "2010-12-31": "-24.50000", "2009-12-31": "-859.80000", "2008-12-31": "-231.48800", "2007-12-31": "-199.85000", "2006-12-31": "481.75600", "2005-12-31": "-102.14300"}, "Net Cash Flow": {"2019-12-31": "46.10000", "2018-12-31": "-26.20000", "2017-12-31": "31.60000", "2016-12-31": "18.50000", "2015-12-31": "-1.90000", "2014-12-31": "22.60000", "2013-12-31": "-14.00000", "2012-12-31": "13.00000", "2011-12-31": "11.70000", "2010-12-31": "29.90000", "2009-12-31": "-9.00000", "2008-12-31": "-25.02800", "2007-12-31": "19.54800", "2006-12-31": "22.45300", "2005-12-31": "23.36300"}, "Stock-Based Compensation": {"2019-12-31": "51.20000", "2018-12-31": "45.50000", "2017-12-31": "33.40000", "2016-12-31": "24.40000", "2015-12-31": "21.30000", "2014-12-31": "22.80000", "2013-12-31": "26.00000", "2012-12-31": "23.00000", "2011-12-31": "21.30000", "2010-12-31": "17.30000", "2009-12-31": "15.50000", "2008-12-31": "13.18900", "2007-12-31": "10.12000", "2006-12-31": "6.06000", "2005-12-31": ""}, "Common Stock Dividends Paid": {"2019-12-31": "-151.30000", "2018-12-31": "-145.30000", "2017-12-31": "-132.00000", "2016-12-31": "-120.40000", "2015-12-31": "-120.10000", "2014-12-31": "-108.70000", "2013-12-31": "-96.90000", "2012-12-31": "-60.20000", "2011-12-31": "-35.90000", "2010-12-31": "-29.70000", "2009-12-31": "-29.40000", "2008-12-31": "-29.22900", "2007-12-31": "-24.20700", "2006-12-31": "-16.14500", "2005-12-31": "-12.53000"}}, "cash flow statement, quarterly": {"Net Income/Loss": {"2020-09-30": 98.3, "2020-06-30": 80.7, "2020-03-31": "62.90000", "2019-12-31": 166.3, "2019-09-30": 163.9, "2019-06-30": 184.3, "2019-03-31": "191.60000", "2018-12-31": 87.3, "2018-09-30": 150.3, "2018-06-30": 233.1, "2018-03-31": "171.10000", "2017-12-31": 303.8, "2017-09-30": 99, "2017-06-30": 104.8, "2017-03-31": "113.40000", "2016-12-31": 62.9, "2016-09-30": 50.6, "2016-06-30": 102.1, "2016-03-31": "93.50000", "2015-12-31": 68.9, "2015-09-30": 52.8, "2015-06-30": 91.6, "2015-03-31": "102.90000", "2014-12-31": 93.7, "2014-09-30": 96.9, "2014-06-30": 97.8, "2014-03-31": "87.90000", "2013-12-31": 62.3, "2013-09-30": 96, "2013-06-30": 81.9, "2013-03-31": "84.50000", "2012-12-31": 80.8, "2012-09-30": 99.4, "2012-06-30": 110.2, "2012-03-31": "117.90000", "2011-12-31": 69.1, "2011-09-30": 86.3, "2011-06-30": 100.2, "2011-03-31": "93.60000", "2010-12-31": 40.8, "2010-09-30": 49.3, "2010-06-30": 62.8, "2010-03-31": "45.00000", "2009-12-31": 92.291, "2009-09-30": 42.077, "2009-06-30": -5.556, "2009-03-31": "20.38800", "2008-12-31": 66.45, "2008-09-30": 153.122, "2008-06-30": 156.668, "2008-03-31": "107.39500", "2007-12-31": 80.244, "2007-09-30": 93.565, "2007-06-30": 122.784, "2007-03-31": "111.69600", "2006-12-31": 74.642, "2006-09-30": 107.505, "2006-06-30": 100.505, "2006-03-31": "71.85500", "2005-12-31": 60.588, "2005-09-30": 49.437, "2005-06-30": 49.049, "2005-03-31": "46.36300"}, "Total Depreciation And Amortization - Cash Flow": {"2020-09-30": 56.4, "2020-06-30": 57.4, "2020-03-31": "57.00000", "2019-12-31": 56.1, "2019-09-30": 54.8, "2019-06-30": 54.4, "2019-03-31": "54.00000", "2018-12-31": 53.4, "2018-09-30": 53.4, "2018-06-30": 54.3, "2018-03-31": "54.10000", "2017-12-31": 54.2, "2017-09-30": 54, "2017-06-30": 55, "2017-03-31": "55.20000", "2016-12-31": 55.3, "2016-09-30": 55.1, "2016-06-30": 55.5, "2016-03-31": "56.10000", "2015-12-31": 53.9, "2015-09-30": 54.4, "2015-06-30": 54.9, "2015-03-31": "55.30000", "2014-12-31": 55.2, "2014-09-30": 54, "2014-06-30": 52.7, "2014-03-31": "51.90000", "2013-12-31": 51.3, "2013-09-30": 49.9, "2013-06-30": 50.1, "2013-03-31": "41.10000", "2012-12-31": 39.7, "2012-09-30": 37.3, "2012-06-30": 36.5, "2012-03-31": "35.50000", "2011-12-31": 34.4, "2011-09-30": 34.2, "2011-06-30": 31.5, "2011-03-31": "33.00000", "2010-12-31": 31.7, "2010-09-30": 29.8, "2010-06-30": 30, "2010-03-31": "29.10000", "2009-12-31": 29.048, "2009-09-30": 30.425, "2009-06-30": 29.58, "2009-03-31": "29.84700", "2008-12-31": 28.104, "2008-09-30": 27.01, "2008-06-30": 21.445, "2008-03-31": "21.36500", "2007-12-31": 22.421, "2007-09-30": 19.791, "2007-06-30": 19.21, "2007-03-31": "18.45100", "2006-12-31": 16.972, "2006-09-30": 15.624, "2006-06-30": 15.908, "2006-03-31": "11.82100", "2005-12-31": 11.825, "2005-09-30": 11.537, "2005-06-30": 12.107, "2005-03-31": "11.16200"}, "Other Non-Cash Items": {"2020-09-30": 46.2, "2020-06-30": 26, "2020-03-31": "76.90000", "2019-12-31": 38.7, "2019-09-30": 19.9, "2019-06-30": 18.9, "2019-03-31": "9.80000", "2018-12-31": -11.4, "2018-09-30": 45.8, "2018-06-30": 17.7, "2018-03-31": "9.90000", "2017-12-31": -182, "2017-09-30": 5.6, "2017-06-30": 16.8, "2017-03-31": "1.80000", "2016-12-31": 11.4, "2016-09-30": 56.3, "2016-06-30": 7.5, "2016-03-31": "5.10000", "2015-12-31": -10.5, "2015-09-30": 55.7, "2015-06-30": 6.7, "2015-03-31": "3.40000", "2014-12-31": -23.8, "2014-09-30": 5.1, "2014-06-30": 6.7, "2014-03-31": "3.70000", "2013-12-31": 22.4, "2013-09-30": 6.7, "2013-06-30": 7.1, "2013-03-31": "8.50000", "2012-12-31": 15.4, "2012-09-30": 2.4, "2012-06-30": 6, "2012-03-31": "2.30000", "2011-12-31": -21.7, "2011-09-30": 7.2, "2011-06-30": 4.5, "2011-03-31": "3.20000", "2010-12-31": 52.6, "2010-09-30": 2.9, "2010-06-30": 4.8, "2010-03-31": "0.60000", "2009-12-31": 63.79, "2009-09-30": -6.211, "2009-06-30": 1.778, "2009-03-31": "1.94300", "2008-12-31": 29.31, "2008-09-30": 3.838, "2008-06-30": -4.43, "2008-03-31": "-0.40900", "2007-12-31": 13.128, "2007-09-30": 5.928, "2007-06-30": -6.269, "2007-03-31": "-1.31700", "2006-12-31": 6.721, "2006-09-30": 0.892, "2006-06-30": 0.362, "2006-03-31": "-0.74700", "2005-12-31": 2.738, "2005-09-30": 2.418, "2005-06-30": 1.937, "2005-03-31": "4.07600"}, "Total Non-Cash Items": {"2020-09-30": 102.6, "2020-06-30": 83.4, "2020-03-31": "133.90000", "2019-12-31": 94.8, "2019-09-30": 74.7, "2019-06-30": 73.3, "2019-03-31": "63.80000", "2018-12-31": 42, "2018-09-30": 99.2, "2018-06-30": 72, "2018-03-31": "64.00000", "2017-12-31": -127.8, "2017-09-30": 59.6, "2017-06-30": 71.8, "2017-03-31": "57.00000", "2016-12-31": 66.7, "2016-09-30": 111.4, "2016-06-30": 63, "2016-03-31": "61.20000", "2015-12-31": 43.4, "2015-09-30": 110.1, "2015-06-30": 61.6, "2015-03-31": "58.70000", "2014-12-31": 31.4, "2014-09-30": 59.1, "2014-06-30": 59.4, "2014-03-31": "55.60000", "2013-12-31": 73.7, "2013-09-30": 56.6, "2013-06-30": 57.2, "2013-03-31": "49.60000", "2012-12-31": 55.1, "2012-09-30": 39.7, "2012-06-30": 42.5, "2012-03-31": "37.80000", "2011-12-31": 12.7, "2011-09-30": 41.4, "2011-06-30": 36, "2011-03-31": "36.20000", "2010-12-31": 84.3, "2010-09-30": 32.7, "2010-06-30": 34.8, "2010-03-31": "29.70000", "2009-12-31": 92.838, "2009-09-30": 24.214, "2009-06-30": 31.358, "2009-03-31": "31.79000", "2008-12-31": 57.414, "2008-09-30": 30.848, "2008-06-30": 17.015, "2008-03-31": "20.95600", "2007-12-31": 35.549, "2007-09-30": 25.719, "2007-06-30": 12.941, "2007-03-31": "17.13400", "2006-12-31": 23.693, "2006-09-30": 16.516, "2006-06-30": 16.27, "2006-03-31": "11.07400", "2005-12-31": 14.563, "2005-09-30": 13.955, "2005-06-30": 14.044, "2005-03-31": "15.23800"}, "Change In Accounts Receivable": {"2020-09-30": -21.6, "2020-06-30": 291.8, "2020-03-31": "-155.80000", "2019-12-31": 192.3, "2019-09-30": 96.9, "2019-06-30": 69.6, "2019-03-31": "-180.70000", "2018-12-31": 186.3, "2018-09-30": -44.6, "2018-06-30": -60.8, "2018-03-31": "-234.20000", "2017-12-31": 82.5, "2017-09-30": 10.6, "2017-06-30": -32.8, "2017-03-31": "-186.70000", "2016-12-31": 75.6, "2016-09-30": -5.8, "2016-06-30": -25.9, "2016-03-31": "-80.30000", "2015-12-31": 157.1, "2015-09-30": 40.4, "2015-06-30": 98.6, "2015-03-31": "-73.60000", "2014-12-31": 116.7, "2014-09-30": -25.9, "2014-06-30": -10.4, "2014-03-31": "-177.60000", "2013-12-31": 92.2, "2013-09-30": 66.4, "2013-06-30": 1.6, "2013-03-31": "-134.80000", "2012-12-31": 183.7, "2012-09-30": 38, "2012-06-30": 45, "2012-03-31": "-143.60000", "2011-12-31": 124.8, "2011-09-30": -10.8, "2011-06-30": -44.8, "2011-03-31": "-215.10000", "2010-12-31": 80.5, "2010-09-30": -24.3, "2010-06-30": -45.3, "2010-03-31": "-157.60000", "2009-12-31": 55.663, "2009-09-30": -25.305, "2009-06-30": 131.801, "2009-03-31": "160.04100", "2008-12-31": 396.185, "2008-09-30": 27.005, "2008-06-30": -114.821, "2008-03-31": "-142.34400", "2007-12-31": 127.897, "2007-09-30": 48.192, "2007-06-30": -1.262, "2007-03-31": "-113.56200", "2006-12-31": 79.732, "2006-09-30": -11.412, "2006-06-30": -52.625, "2006-03-31": "-66.26100", "2005-12-31": 24.395, "2005-09-30": -7.747, "2005-06-30": 9.839, "2005-03-31": "-41.87800"}, "Change In Inventories": {"2020-09-30": 71.4, "2020-06-30": 138.1, "2020-03-31": "12.40000", "2019-12-31": 64.8, "2019-09-30": 115.8, "2019-06-30": 150.2, "2019-03-31": "-119.00000", "2018-12-31": 263.4, "2018-09-30": -20.2, "2018-06-30": -162.2, "2018-03-31": "-169.80000", "2017-12-31": 48.9, "2017-09-30": -19, "2017-06-30": -70, "2017-03-31": "-146.50000", "2016-12-31": 65.1, "2016-09-30": 31.1, "2016-06-30": -97.3, "2016-03-31": "-29.30000", "2015-12-31": 150, "2015-09-30": 81.5, "2015-06-30": 132.9, "2015-03-31": "-57.60000", "2014-12-31": 202, "2014-09-30": -102.6, "2014-06-30": -115.8, "2014-03-31": "-114.60000", "2013-12-31": 49.6, "2013-09-30": -0.5, "2013-06-30": 111, "2013-03-31": "-48.20000", "2012-12-31": 135.6, "2012-09-30": 46.5, "2012-06-30": -1.2, "2012-03-31": "-182.20000", "2011-12-31": 63.6, "2011-09-30": 4.4, "2011-06-30": -70.8, "2011-03-31": "-228.20000", "2010-12-31": 78.7, "2010-09-30": -23.2, "2010-06-30": -52.4, "2010-03-31": "-125.00000", "2009-12-31": 72.9, "2009-09-30": 26.84, "2009-06-30": 275.441, "2009-03-31": "194.71900", "2008-12-31": 485.632, "2008-09-30": -89.169, "2008-06-30": -154.427, "2008-03-31": "-50.56400", "2007-12-31": 113.128, "2007-09-30": 111.483, "2007-06-30": -33.73, "2007-03-31": "-61.29900", "2006-12-31": 83.318, "2006-09-30": -46.524, "2006-06-30": -72.273, "2006-03-31": "-53.93500", "2005-12-31": -20.273, "2005-09-30": 28.814, "2005-06-30": 13.484, "2005-03-31": "-33.37000"}, "Change In Accounts Payable": {"2020-09-30": 0, "2020-06-30": 0, "2020-03-31": "", "2019-12-31": 0, "2019-09-30": 0, "2019-06-30": 0, "2019-03-31": "", "2018-12-31": 0, "2018-09-30": 0, "2018-06-30": 0, "2018-03-31": "", "2017-12-31": 0, "2017-09-30": 0, "2017-06-30": 0, "2017-03-31": "", "2016-12-31": 0, "2016-09-30": 0, "2016-06-30": 0, "2016-03-31": "", "2015-12-31": 0, "2015-09-30": 0, "2015-06-30": 0, "2015-03-31": "", "2014-12-31": 0, "2014-09-30": 0, "2014-06-30": 0, "2014-03-31": "", "2013-12-31": 0, "2013-09-30": 0, "2013-06-30": 0, "2013-03-31": "", "2012-12-31": 0, "2012-09-30": 0, "2012-06-30": 0, "2012-03-31": "", "2011-12-31": 0, "2011-09-30": 0, "2011-06-30": 0, "2011-03-31": "", "2010-12-31": 0, "2010-09-30": 0, "2010-06-30": 0, "2010-03-31": "", "2009-12-31": 0, "2009-09-30": 0, "2009-06-30": 0, "2009-03-31": "", "2008-12-31": 0, "2008-09-30": 0, "2008-06-30": 0, "2008-03-31": "", "2007-12-31": 0, "2007-09-30": 0, "2007-06-30": 0, "2007-03-31": "", "2006-12-31": 0, "2006-09-30": 0, "2006-06-30": 0, "2006-03-31": "", "2005-12-31": 0, "2005-09-30": 0, "2005-06-30": 0, "2005-03-31": ""}, "Change In Assets/Liabilities": {"2020-09-30": 26.4, "2020-06-30": -12.8, "2020-03-31": "68.30000", "2019-12-31": -27.8, "2019-09-30": 24.4, "2019-06-30": -5.9, "2019-03-31": "41.20000", "2018-12-31": -23.9, "2018-09-30": 11.4, "2018-06-30": -17.4, "2018-03-31": "15.90000", "2017-12-31": -24.1, "2017-09-30": 11.2, "2017-06-30": -7.8, "2017-03-31": "9.20000", "2016-12-31": -8.5, "2016-09-30": 14.5, "2016-06-30": 3.7, "2016-03-31": "17.00000", "2015-12-31": -9.1, "2015-09-30": -16.5, "2015-06-30": -22.7, "2015-03-31": "23.10000", "2014-12-31": -14.6, "2014-09-30": 8.9, "2014-06-30": -6.7, "2014-03-31": "43.90000", "2013-12-31": -21.3, "2013-09-30": -7.3, "2013-06-30": -20, "2013-03-31": "31.30000", "2012-12-31": -2.6, "2012-09-30": -25.1, "2012-06-30": -0.2, "2012-03-31": "9.00000", "2011-12-31": -6.5, "2011-09-30": 2.1, "2011-06-30": -9, "2011-03-31": "36.20000", "2010-12-31": -14.6, "2010-09-30": -10.3, "2010-06-30": 25.5, "2010-03-31": "23.30000", "2009-12-31": -69.645, "2009-09-30": 20.488, "2009-06-30": -4.958, "2009-03-31": "-2.28500", "2008-12-31": -21.869, "2008-09-30": 1.179, "2008-06-30": -2.335, "2008-03-31": "18.27700", "2007-12-31": -4.732, "2007-09-30": -15.394, "2007-06-30": 32.897, "2007-03-31": "-1.45300", "2006-12-31": -4.1, "2006-09-30": 18.107, "2006-06-30": -5.84, "2006-03-31": "-2.18000", "2005-12-31": -0.186, "2005-09-30": -1.841, "2005-06-30": -1.15, "2005-03-31": "0.55300"}, "Total Change In Assets/Liabilities": {"2020-09-30": 95.4, "2020-06-30": 321.3, "2020-03-31": "-35.70000", "2019-12-31": 76.8, "2019-09-30": 252.3, "2019-06-30": 90.1, "2019-03-31": "-139.90000", "2018-12-31": 289.7, "2018-09-30": -113.2, "2018-06-30": -217.3, "2018-03-31": "-225.90000", "2017-12-31": 17, "2017-09-30": 24.5, "2017-06-30": -136.7, "2017-03-31": "-195.10000", "2016-12-31": 107.5, "2016-09-30": 17, "2016-06-30": -116.8, "2016-03-31": "-0.30000", "2015-12-31": 194.3, "2015-09-30": 86.9, "2015-06-30": 135.2, "2015-03-31": "8.80000", "2014-12-31": 79, "2014-09-30": -105.3, "2014-06-30": -118.4, "2014-03-31": "-76.20000", "2013-12-31": -17.3, "2013-09-30": 76.4, "2013-06-30": 71.5, "2013-03-31": "-60.30000", "2012-12-31": 194.9, "2012-09-30": 107.2, "2012-06-30": -69.1, "2012-03-31": "-218.90000", "2011-12-31": 129.9001, "2011-09-30": -24.9001, "2011-06-30": -120.3, "2011-03-31": "-231.20000", "2010-12-31": 41.3, "2010-09-30": 1.2, "2010-06-30": -78.8, "2010-03-31": "-129.00000", "2009-12-31": -49.333, "2009-09-30": 59.6539, "2009-06-30": 340.9241, "2009-03-31": "262.35500", "2008-12-31": 425.433, "2008-09-30": -196.964, "2008-06-30": -152.498, "2008-03-31": "-21.15500", "2007-12-31": 138.484, "2007-09-30": 95.164, "2007-06-30": -36.255, "2007-03-31": "-58.06100", "2006-12-31": 81.1, "2006-09-30": -35.325, "2006-06-30": -234.981, "2006-03-31": "-41.89000", "2005-12-31": 31.9, "2005-09-30": 18.475, "2005-06-30": -15.581, "2005-03-31": "-25.81200"}, "Cash Flow From Operating Activities": {"2020-09-30": 296.3, "2020-06-30": 475.7, "2020-03-31": "170.80000", "2019-12-31": 347.4, "2019-09-30": 490.9, "2019-06-30": 346, "2019-03-31": "117.20000", "2018-12-31": 431.3, "2018-09-30": 136.3, "2018-06-30": 83.7, "2018-03-31": "13.30000", "2017-12-31": 200.7, "2017-09-30": 183.1, "2017-06-30": 35.9, "2017-03-31": "-20.70000", "2016-12-31": 238.9, "2016-09-30": 182.4, "2016-06-30": 49.8, "2016-03-31": "155.40000", "2015-12-31": 308.7, "2015-09-30": 252.4, "2015-06-30": 292.5, "2015-03-31": "171.40000", "2014-12-31": 193.2, "2014-09-30": 53.3, "2014-06-30": 40.7, "2014-03-31": "68.80000", "2013-12-31": 120.3, "2013-09-30": 229.1, "2013-06-30": 211.7, "2013-03-31": "72.20000", "2012-12-31": 333.1, "2012-09-30": 247.6, "2012-06-30": 84.4, "2012-03-31": "-63.20000", "2011-12-31": 217.5, "2011-09-30": 102.8, "2011-06-30": 15.9, "2011-03-31": "-101.40000", "2010-12-31": 166.4, "2010-09-30": 83.2, "2010-06-30": 18.8, "2010-03-31": "-54.30000", "2009-12-31": 135.796, "2009-09-30": 125.945, "2009-06-30": 366.726, "2009-03-31": "314.53300", "2008-12-31": 549.297, "2008-09-30": -12.994, "2008-06-30": 21.185, "2008-03-31": "107.19600", "2007-12-31": 254.277, "2007-09-30": 214.448, "2007-06-30": 99.47, "2007-03-31": "70.76900", "2006-12-31": 179.435, "2006-09-30": 88.696, "2006-06-30": -118.206, "2006-03-31": "41.03900", "2005-12-31": 107.051, "2005-09-30": 81.867, "2005-06-30": 47.512, "2005-03-31": "35.78900"}, "Net Change In Property, Plant, And Equipment": {"2020-09-30": -38.2, "2020-06-30": -41, "2020-03-31": "-55.50000", "2019-12-31": -51.4, "2019-09-30": -58.9, "2019-06-30": -70.9, "2019-03-31": "-53.00000", "2018-12-31": -58.1, "2018-09-30": -54, "2018-06-30": -56.8, "2018-03-31": "-41.80000", "2017-12-31": -29.9, "2017-09-30": -31.3, "2017-06-30": -38.7, "2017-03-31": "-34.10000", "2016-12-31": -41.1, "2016-09-30": -33.2, "2016-06-30": -37.3, "2016-03-31": "-34.40000", "2015-12-31": -45.4, "2015-09-30": -42.3, "2015-06-30": -45.8, "2015-03-31": "-31.30000", "2014-12-31": -82.2, "2014-09-30": -21.3, "2014-06-30": -58, "2014-03-31": "-28.90000", "2013-12-31": -37.4, "2013-09-30": -44.4, "2013-06-30": -47.5, "2013-03-31": "-26.80000", "2012-12-31": -75.1, "2012-09-30": -46.7, "2012-06-30": -49.6, "2012-03-31": "-34.40000", "2011-12-31": -43.8, "2011-09-30": -44.6, "2011-06-30": -24.1, "2011-03-31": "-34.90000", "2010-12-31": -43.5, "2010-09-30": -26, "2010-06-30": -16.3, "2010-03-31": "-22.40000", "2009-12-31": -14.729, "2009-09-30": -13.766, "2009-06-30": -25.286, "2009-03-31": "-14.81900", "2008-12-31": -32.145, "2008-09-30": -30.226, "2008-06-30": -50.805, "2008-03-31": "-19.59800", "2007-12-31": -33.565, "2007-09-30": -29.444, "2007-06-30": -32.166, "2007-03-31": "-23.90700", "2006-12-31": -23.491, "2006-09-30": -24.317, "2006-06-30": -33.016, "2006-03-31": "-24.43100", "2005-12-31": -19.132, "2005-09-30": -13.192, "2005-06-30": -9.986, "2005-03-31": "-9.94500"}, "Net Change In Intangible Assets": {"2020-09-30": 0, "2020-06-30": 0, "2020-03-31": "", "2019-12-31": 0, "2019-09-30": 0, "2019-06-30": 0, "2019-03-31": "", "2018-12-31": 0, "2018-09-30": 0, "2018-06-30": 0, "2018-03-31": "", "2017-12-31": 0, "2017-09-30": 0, "2017-06-30": 0, "2017-03-31": "", "2016-12-31": 0, "2016-09-30": 0, "2016-06-30": 0, "2016-03-31": "", "2015-12-31": 0, "2015-09-30": 0, "2015-06-30": 0, "2015-03-31": "", "2014-12-31": 0, "2014-09-30": 0, "2014-06-30": 0, "2014-03-31": "", "2013-12-31": 0, "2013-09-30": 0, "2013-06-30": 0, "2013-03-31": "", "2012-12-31": 0, "2012-09-30": 0, "2012-06-30": 0, "2012-03-31": "", "2011-12-31": 0, "2011-09-30": 0, "2011-06-30": 0, "2011-03-31": "", "2010-12-31": 0, "2010-09-30": 0, "2010-06-30": 0, "2010-03-31": "", "2009-12-31": 0, "2009-09-30": 0, "2009-06-30": 0, "2009-03-31": "", "2008-12-31": 0, "2008-09-30": 0, "2008-06-30": 0, "2008-03-31": "", "2007-12-31": 0, "2007-09-30": 0, "2007-06-30": 0, "2007-03-31": "", "2006-12-31": 0, "2006-09-30": 0, "2006-06-30": 0, "2006-03-31": "", "2005-12-31": 0, "2005-09-30": 0, "2005-06-30": 0, "2005-03-31": ""}, "Net Acquisitions/Divestitures": {"2020-09-30": 0, "2020-06-30": 0, "2020-03-31": "", "2019-12-31": -176.8, "2019-09-30": 0, "2019-06-30": -1, "2019-03-31": "", "2018-12-31": -22, "2018-09-30": -16, "2018-06-30": 0, "2018-03-31": "-39.60000", "2017-12-31": -36.5, "2017-09-30": 0, "2017-06-30": 0, "2017-03-31": "-1.30000", "2016-12-31": 0.3, "2016-09-30": -26.6, "2016-06-30": -31.5, "2016-03-31": "-290.90000", "2015-12-31": -0.4, "2015-09-30": 0, "2015-06-30": 0, "2015-03-31": "", "2014-12-31": -37, "2014-09-30": -171.2, "2014-06-30": 26.2, "2014-03-31": "", "2013-12-31": -31.3, "2013-09-30": 4.9, "2013-06-30": -794.7, "2013-03-31": "", "2012-12-31": -83.9, "2012-09-30": -0.7, "2012-06-30": -72.3, "2012-03-31": "-10.00000", "2011-12-31": -6.8, "2011-09-30": -306.5, "2011-06-30": 0, "2011-03-31": "", "2010-12-31": -100.3, "2010-09-30": 0, "2010-06-30": 0, "2010-03-31": "", "2009-12-31": 0, "2009-09-30": 0, "2009-06-30": 0, "2009-03-31": "", "2008-12-31": -0.847, "2008-09-30": -316.152, "2008-06-30": -13.25, "2008-03-31": "", "2007-12-31": -12.317, "2007-09-30": -39.928, "2007-06-30": -0.364, "2007-03-31": "-217.34800", "2006-12-31": 16.789, "2006-09-30": -215.469, "2006-06-30": -309.098, "2006-03-31": "-34.82600", "2005-12-31": 0.006, "2005-09-30": -94.383, "2005-06-30": 0, "2005-03-31": ""}, "Net Change In Short-term Investments": {"2020-09-30": 0, "2020-06-30": 0, "2020-03-31": "", "2019-12-31": 0, "2019-09-30": 0, "2019-06-30": 0, "2019-03-31": "", "2018-12-31": 0, "2018-09-30": 0, "2018-06-30": 0, "2018-03-31": "", "2017-12-31": 0, "2017-09-30": 0, "2017-06-30": 0, "2017-03-31": "", "2016-12-31": 0, "2016-09-30": 0, "2016-06-30": 0, "2016-03-31": "", "2015-12-31": 0, "2015-09-30": 0, "2015-06-30": 0, "2015-03-31": "", "2014-12-31": 0, "2014-09-30": 0, "2014-06-30": 0, "2014-03-31": "", "2013-12-31": 0, "2013-09-30": 0, "2013-06-30": 0, "2013-03-31": "", "2012-12-31": 0, "2012-09-30": 0, "2012-06-30": 0, "2012-03-31": "", "2011-12-31": 0, "2011-09-30": 0, "2011-06-30": 0, "2011-03-31": "", "2010-12-31": 0, "2010-09-30": 0, "2010-06-30": 0, "2010-03-31": "", "2009-12-31": 0, "2009-09-30": 0, "2009-06-30": 0, "2009-03-31": "", "2008-12-31": 0, "2008-09-30": 0, "2008-06-30": 0, "2008-03-31": "", "2007-12-31": 0, "2007-09-30": 0, "2007-06-30": 0, "2007-03-31": "", "2006-12-31": 0, "2006-09-30": 0, "2006-06-30": 0, "2006-03-31": "", "2005-12-31": 0, "2005-09-30": 0, "2005-06-30": 0, "2005-03-31": ""}, "Net Change In Long-Term Investments": {"2020-09-30": 0, "2020-06-30": 0, "2020-03-31": "", "2019-12-31": 0, "2019-09-30": 0, "2019-06-30": 0, "2019-03-31": "", "2018-12-31": 0, "2018-09-30": 0, "2018-06-30": 0, "2018-03-31": "", "2017-12-31": 0, "2017-09-30": 0, "2017-06-30": 0, "2017-03-31": "", "2016-12-31": 0, "2016-09-30": 0, "2016-06-30": 0, "2016-03-31": "", "2015-12-31": 0, "2015-09-30": 0, "2015-06-30": 0, "2015-03-31": "", "2014-12-31": 0, "2014-09-30": 0, "2014-06-30": 0, "2014-03-31": "", "2013-12-31": 0, "2013-09-30": 0, "2013-06-30": 0, "2013-03-31": "", "2012-12-31": 0, "2012-09-30": 0, "2012-06-30": 0, "2012-03-31": "", "2011-12-31": 0, "2011-09-30": 0, "2011-06-30": 0, "2011-03-31": "", "2010-12-31": 0, "2010-09-30": 0, "2010-06-30": 0, "2010-03-31": "", "2009-12-31": 0, "2009-09-30": 0, "2009-06-30": 0, "2009-03-31": "", "2008-12-31": 0, "2008-09-30": 0, "2008-06-30": 0, "2008-03-31": "", "2007-12-31": 0, "2007-09-30": 0, "2007-06-30": 0, "2007-03-31": "", "2006-12-31": 0, "2006-09-30": 0, "2006-06-30": 0, "2006-03-31": "", "2005-12-31": 0, "2005-09-30": 0, "2005-06-30": 0, "2005-03-31": ""}, "Net Change In Investments - Total": {"2020-09-30": 0, "2020-06-30": 0, "2020-03-31": "", "2019-12-31": 0, "2019-09-30": 0, "2019-06-30": 0, "2019-03-31": "", "2018-12-31": 0, "2018-09-30": 0, "2018-06-30": 0, "2018-03-31": "", "2017-12-31": 0, "2017-09-30": 0, "2017-06-30": 0, "2017-03-31": "", "2016-12-31": 0, "2016-09-30": 0, "2016-06-30": 0, "2016-03-31": "", "2015-12-31": 0, "2015-09-30": 0, "2015-06-30": 0, "2015-03-31": "", "2014-12-31": 0, "2014-09-30": 0, "2014-06-30": 0, "2014-03-31": "", "2013-12-31": 0, "2013-09-30": 0, "2013-06-30": 0, "2013-03-31": "", "2012-12-31": 0, "2012-09-30": 0, "2012-06-30": 0, "2012-03-31": "", "2011-12-31": 0, "2011-09-30": 0, "2011-06-30": 0, "2011-03-31": "", "2010-12-31": 0, "2010-09-30": 0, "2010-06-30": 0, "2010-03-31": "", "2009-12-31": 0, "2009-09-30": 0, "2009-06-30": 0, "2009-03-31": "", "2008-12-31": 0, "2008-09-30": 0, "2008-06-30": 0, "2008-03-31": "", "2007-12-31": 0, "2007-09-30": 0, "2007-06-30": 0, "2007-03-31": "", "2006-12-31": 0, "2006-09-30": 0, "2006-06-30": 0, "2006-03-31": "", "2005-12-31": 0, "2005-09-30": 0, "2005-06-30": 0, "2005-03-31": ""}, "Investing Activities - Other": {"2020-09-30": 6.9, "2020-06-30": -0.4, "2020-03-31": "0.50000", "2019-12-31": -19, "2019-09-30": 4.9, "2019-06-30": 2.7, "2019-03-31": "4.30000", "2018-12-31": -11.9, "2018-09-30": 10, "2018-06-30": 5.1, "2018-03-31": "4.10000", "2017-12-31": -13.2, "2017-09-30": -1.6, "2017-06-30": 3.8, "2017-03-31": "3.40000", "2016-12-31": -6.3, "2016-09-30": -2.8, "2016-06-30": 4.9, "2016-03-31": "-6.20000", "2015-12-31": -10.3, "2015-09-30": 7.1, "2015-06-30": -5.6, "2015-03-31": "4.10000", "2014-12-31": 15.4, "2014-09-30": 1, "2014-06-30": 0.1, "2014-03-31": "-9.10000", "2013-12-31": -11.9, "2013-09-30": 1.6, "2013-06-30": 1.2, "2013-03-31": "7.30000", "2012-12-31": -8.9, "2012-09-30": 0.9, "2012-06-30": -3.8, "2012-03-31": "2.80000", "2011-12-31": -17.5, "2011-09-30": 1.3, "2011-06-30": 2.2, "2011-03-31": "0.10000", "2010-12-31": 42.8, "2010-09-30": 0, "2010-06-30": 2.1, "2010-03-31": "1.80000", "2009-12-31": -31.576, "2009-09-30": 2.182, "2009-06-30": 1.931, "2009-03-31": "2.46300", "2008-12-31": 4.088, "2008-09-30": -1.155, "2008-06-30": 0, "2008-03-31": "2.43600", "2007-12-31": -30.007, "2007-09-30": -0.5, "2007-06-30": -0.198, "2007-03-31": "-0.06400", "2006-12-31": -1.891, "2006-09-30": -0.446, "2006-06-30": -0.238, "2006-03-31": "", "2005-12-31": 0, "2005-09-30": 0, "2005-06-30": 0, "2005-03-31": ""}, "Cash Flow From Investing Activities": {"2020-09-30": -31.3, "2020-06-30": -41.4, "2020-03-31": "-55.00000", "2019-12-31": -247.2, "2019-09-30": -54, "2019-06-30": -69.2, "2019-03-31": "-48.70000", "2018-12-31": -92, "2018-09-30": -60, "2018-06-30": -51.7, "2018-03-31": "-77.30000", "2017-12-31": -79.6, "2017-09-30": -32.9, "2017-06-30": -34.9, "2017-03-31": "-32.00000", "2016-12-31": -47.1, "2016-09-30": -62.6, "2016-06-30": -63.9, "2016-03-31": "-331.50000", "2015-12-31": -56.1, "2015-09-30": -35.2, "2015-06-30": -51.4, "2015-03-31": "-27.20000", "2014-12-31": -103.8, "2014-09-30": -191.5, "2014-06-30": -31.7, "2014-03-31": "-38.00000", "2013-12-31": -80.6, "2013-09-30": -37.9, "2013-06-30": -841, "2013-03-31": "-19.50000", "2012-12-31": -167.9, "2012-09-30": -46.5, "2012-06-30": -125.7, "2012-03-31": "-41.60000", "2011-12-31": -68.1, "2011-09-30": -349.8, "2011-06-30": -21.9, "2011-03-31": "-34.80000", "2010-12-31": -101, "2010-09-30": -26, "2010-06-30": -14.2, "2010-03-31": "-20.60000", "2009-12-31": -46.305, "2009-09-30": -11.584, "2009-06-30": -23.355, "2009-03-31": "-12.35600", "2008-12-31": -28.904, "2008-09-30": -347.533, "2008-06-30": -64.055, "2008-03-31": "-17.16200", "2007-12-31": -75.889, "2007-09-30": -69.872, "2007-06-30": -32.728, "2007-03-31": "-241.31900", "2006-12-31": -8.593, "2006-09-30": -240.232, "2006-06-30": -342.352, "2006-03-31": "-59.25700", "2005-12-31": -19.126, "2005-09-30": -107.575, "2005-06-30": -9.986, "2005-03-31": "-9.94500"}, "Net Long-Term Debt": {"2020-09-30": 156.2999, "2020-06-30": -346, "2020-03-31": "248.00000", "2019-12-31": -55.3, "2019-09-30": -367.3, "2019-06-30": -178, "2019-03-31": "-17.00000", "2018-12-31": 138, "2018-09-30": 51.8, "2018-06-30": -7.6, "2018-03-31": "144.30000", "2017-12-31": -79.8, "2017-09-30": -94.8, "2017-06-30": 37.4, "2017-03-31": "96.90000", "2016-12-31": -176.1999, "2016-09-30": -60.1, "2016-06-30": 36.9, "2016-03-31": "211.00000", "2015-12-31": -170.3, "2015-09-30": -109.2, "2015-06-30": -161.8, "2015-03-31": "52.00000", "2014-12-31": -0.3, "2014-09-30": 140.4, "2014-06-30": 8.4, "2014-03-31": "18.30000", "2013-12-31": -40.5, "2013-09-30": -182.4001, "2013-06-30": 1126.3, "2013-03-31": "-60.00000", "2012-12-31": -155.1, "2012-09-30": -165.4, "2012-06-30": 99.7, "2012-03-31": "98.80000", "2011-12-31": -145.1, "2011-09-30": 364.6, "2011-06-30": 23.9, "2011-03-31": "145.00000", "2010-12-31": -175.8, "2010-09-30": 80.5, "2010-06-30": -5.2, "2010-03-31": "78.90000", "2009-12-31": -135.883, "2009-09-30": -194.156, "2009-06-30": -191.636, "2009-03-31": "-309.62500", "2008-12-31": -499.5359, "2008-09-30": 325.1889, "2008-06-30": 23.339, "2008-03-31": "46.05900", "2007-12-31": -210.149, "2007-09-30": -25.85, "2007-06-30": -23.516, "2007-03-31": "139.76500", "2006-12-31": -141.5331, "2006-09-30": 167.468, "2006-06-30": 438.182, "2006-03-31": "19.54300", "2005-12-31": -63.13, "2005-09-30": 22.869, "2005-06-30": -26, "2005-03-31": "-27.25000"}, "Net Current Debt": {"2020-09-30": 0.7, "2020-06-30": 0, "2020-03-31": "", "2019-12-31": -0.3, "2019-09-30": 0, "2019-06-30": 0, "2019-03-31": "", "2018-12-31": -23.8, "2018-09-30": -22.5, "2018-06-30": -3.1, "2018-03-31": "1.00000", "2017-12-31": 4.8, "2017-09-30": 0.3, "2017-06-30": 7.1, "2017-03-31": "-3.80000", "2016-12-31": -0.7, "2016-09-30": 1.6, "2016-06-30": -7.3, "2016-03-31": "-6.20000", "2015-12-31": 2.8, "2015-09-30": 3.1, "2015-06-30": 5.7, "2015-03-31": "1.10000", "2014-12-31": -2.6, "2014-09-30": 7.9, "2014-06-30": -3.9, "2014-03-31": "0.30000", "2013-12-31": -3, "2013-09-30": -0.7, "2013-06-30": -472.4, "2013-03-31": "3.10000", "2012-12-31": -35.1, "2012-09-30": 1.3, "2012-06-30": -29, "2012-03-31": "-0.40000", "2011-12-31": -1.9, "2011-09-30": -103.6, "2011-06-30": 0.8, "2011-03-31": "", "2010-12-31": -0.7, "2010-09-30": 3.5, "2010-06-30": 0, "2010-03-31": "0.40000", "2009-12-31": 1.207, "2009-09-30": 1.563, "2009-06-30": -2.67, "2009-03-31": "", "2008-12-31": -5.962, "2008-09-30": 0, "2008-06-30": 0, "2008-03-31": "", "2007-12-31": 0, "2007-09-30": 0, "2007-06-30": 0, "2007-03-31": "", "2006-12-31": 12.919, "2006-09-30": 0, "2006-06-30": 0, "2006-03-31": "", "2005-12-31": 0, "2005-09-30": 0, "2005-06-30": 0, "2005-03-31": ""}, "Debt Issuance/Retirement Net - Total": {"2020-09-30": 156.9999, "2020-06-30": -346, "2020-03-31": "248.00000", "2019-12-31": -55.6, "2019-09-30": -367.3, "2019-06-30": -178, "2019-03-31": "-17.00000", "2018-12-31": 114.2, "2018-09-30": 29.3, "2018-06-30": -10.7, "2018-03-31": "145.30000", "2017-12-31": -75, "2017-09-30": -94.5, "2017-06-30": 44.5, "2017-03-31": "93.10000", "2016-12-31": -176.9, "2016-09-30": -58.4999, "2016-06-30": 29.6, "2016-03-31": "204.80000", "2015-12-31": -167.5, "2015-09-30": -106.1, "2015-06-30": -156.1, "2015-03-31": "53.10000", "2014-12-31": -2.9, "2014-09-30": 148.3, "2014-06-30": 4.5, "2014-03-31": "18.60000", "2013-12-31": -43.5, "2013-09-30": -183.1, "2013-06-30": 653.8999, "2013-03-31": "-56.90000", "2012-12-31": -190.2, "2012-09-30": -164.1, "2012-06-30": 70.7, "2012-03-31": "98.40000", "2011-12-31": -147, "2011-09-30": 261, "2011-06-30": 24.7, "2011-03-31": "145.00000", "2010-12-31": -176.5, "2010-09-30": 84, "2010-06-30": -5.2, "2010-03-31": "79.30000", "2009-12-31": -134.6761, "2009-09-30": -192.593, "2009-06-30": -194.306, "2009-03-31": "-309.62500", "2008-12-31": -505.4979, "2008-09-30": 325.1889, "2008-06-30": 23.339, "2008-03-31": "46.05900", "2007-12-31": -210.149, "2007-09-30": -25.85, "2007-06-30": -23.516, "2007-03-31": "139.76500", "2006-12-31": -128.6141, "2006-09-30": 167.468, "2006-06-30": 438.182, "2006-03-31": "19.54300", "2005-12-31": -63.13, "2005-09-30": 22.869, "2005-06-30": -26, "2005-03-31": "-27.25000"}, "Net Common Equity Issued/Repurchased": {"2020-09-30": -0.2, "2020-06-30": 0, "2020-03-31": "-300.00000", "2019-12-31": 0, "2019-09-30": 0, "2019-06-30": -50, "2019-03-31": "", "2018-12-31": -354.8, "2018-09-30": -80.1, "2018-06-30": -0.7, "2018-03-31": "-49.30000", "2017-12-31": -28.4, "2017-09-30": 0.6, "2017-06-30": 0, "2017-03-31": "2.80000", "2016-12-31": 6.2, "2016-09-30": 1.2, "2016-06-30": 13.6, "2016-03-31": "16.50000", "2015-12-31": -37.5, "2015-09-30": -113.5, "2015-06-30": -24.3, "2015-03-31": "-165.10000", "2014-12-31": -49.1, "2014-09-30": 6.6, "2014-06-30": 12.9, "2014-03-31": "8.40000", "2013-12-31": 8.6, "2013-09-30": 19.1, "2013-06-30": 10.8, "2013-03-31": "31.60000", "2012-12-31": 21.5, "2012-09-30": 10.9, "2012-06-30": 5.1, "2012-03-31": "4.60000", "2011-12-31": 1.5, "2011-09-30": 0.2, "2011-06-30": 5.5, "2011-03-31": "3.90000", "2010-12-31": 3.8, "2010-09-30": 17.4, "2010-06-30": -8.8, "2010-03-31": "8.80000", "2009-12-31": 6.483, "2009-09-30": 0.583, "2009-06-30": 3.414, "2009-03-31": "0.32000", "2008-12-31": 0.906, "2008-09-30": 0.225, "2008-06-30": 13.297, "2008-03-31": "-110.93100", "2007-12-31": 5.435, "2007-09-30": -81.916, "2007-06-30": 5.457, "2007-03-31": "5.62000", "2006-12-31": 4.263, "2006-09-30": 0.319, "2006-06-30": 1.297, "2006-03-31": "1.45800", "2005-12-31": 3.063, "2005-09-30": 1.545, "2005-06-30": 0.451, "2005-03-31": "5.99800"}, "Net Total Equity Issued/Repurchased": {"2020-09-30": -0.2, "2020-06-30": 0, "2020-03-31": "-300.00000", "2019-12-31": 0, "2019-09-30": 0, "2019-06-30": -50, "2019-03-31": "", "2018-12-31": -354.8, "2018-09-30": -80.1, "2018-06-30": -0.7, "2018-03-31": "-49.30000", "2017-12-31": -28.4, "2017-09-30": 0.6, "2017-06-30": 0, "2017-03-31": "2.80000", "2016-12-31": 6.2, "2016-09-30": 1.2, "2016-06-30": 13.6, "2016-03-31": "16.50000", "2015-12-31": -37.5, "2015-09-30": -113.5, "2015-06-30": -24.3, "2015-03-31": "-165.10000", "2014-12-31": -49.1, "2014-09-30": 6.6, "2014-06-30": 12.9, "2014-03-31": "8.40000", "2013-12-31": 8.6, "2013-09-30": 19.1, "2013-06-30": 10.8, "2013-03-31": "31.60000", "2012-12-31": 21.5, "2012-09-30": 10.9, "2012-06-30": 5.1, "2012-03-31": "4.60000", "2011-12-31": 1.5, "2011-09-30": 0.2, "2011-06-30": 5.5, "2011-03-31": "3.90000", "2010-12-31": 3.8, "2010-09-30": 17.4, "2010-06-30": -8.8, "2010-03-31": "8.80000", "2009-12-31": 6.483, "2009-09-30": 0.583, "2009-06-30": 3.414, "2009-03-31": "0.32000", "2008-12-31": 0.906, "2008-09-30": 0.225, "2008-06-30": 13.297, "2008-03-31": "-110.93100", "2007-12-31": 5.435, "2007-09-30": -81.916, "2007-06-30": 5.457, "2007-03-31": "5.62000", "2006-12-31": 4.263, "2006-09-30": 0.319, "2006-06-30": 1.297, "2006-03-31": "1.45800", "2005-12-31": 3.063, "2005-09-30": 1.545, "2005-06-30": 0.451, "2005-03-31": "5.99800"}, "Total Common And Preferred Stock Dividends Paid": {"2020-09-30": -41, "2020-06-30": -39.9, "2020-03-31": "-41.90000", "2019-12-31": -38, "2019-09-30": -36.8, "2019-06-30": -36.9, "2019-03-31": "-39.60000", "2018-12-31": -34.8, "2018-09-30": -35.9, "2018-06-30": -36.1, "2018-03-31": "-38.50000", "2017-12-31": -32.7, "2017-09-30": -32.8, "2017-06-30": -32.8, "2017-03-31": "-33.70000", "2016-12-31": -30.9, "2016-09-30": -31.5, "2016-06-30": -29, "2016-03-31": "-29.00000", "2015-12-31": -29.4, "2015-09-30": -29.3, "2015-06-30": -29.7, "2015-03-31": "-31.70000", "2014-12-31": -27, "2014-09-30": -27.3, "2014-06-30": -27.3, "2014-03-31": "-27.10000", "2013-12-31": -25.5, "2013-09-30": -25.4, "2013-06-30": -23.1, "2013-03-31": "-22.90000", "2012-12-31": -18.9, "2012-09-30": -18.8, "2012-06-30": -11.3, "2012-03-31": "-11.20000", "2011-12-31": -9, "2011-09-30": -9, "2011-06-30": -8.9, "2011-03-31": "-9.00000", "2010-12-31": -7.5, "2010-09-30": -7.4, "2010-06-30": -7.4, "2010-03-31": "-7.40000", "2009-12-31": -7.381, "2009-09-30": -7.349, "2009-06-30": -7.338, "2009-03-31": "-7.33200", "2008-12-31": -7.33, "2008-09-30": -7.324, "2008-06-30": -7.316, "2008-03-31": "-7.25900", "2007-12-31": -5.991, "2007-09-30": -6.042, "2007-06-30": -6.101, "2007-03-31": "-6.07300", "2006-12-31": -4.537, "2006-09-30": -4.527, "2006-06-30": -3.765, "2006-03-31": "-3.31600", "2005-12-31": -3.31, "2005-09-30": -3.297, "2005-06-30": -2.962, "2005-03-31": "-2.96100"}, "Financial Activities - Other": {"2020-09-30": -17.1, "2020-06-30": -0.3, "2020-03-31": "-13.50000", "2019-12-31": -8.2, "2019-09-30": -1.6, "2019-06-30": -2.8, "2019-03-31": "-8.80000", "2018-12-31": -44.7, "2018-09-30": -1.9, "2018-06-30": -2.6, "2018-03-31": "-2.60000", "2017-12-31": -3.9, "2017-09-30": -2, "2017-06-30": -1.5, "2017-03-31": "-1.80000", "2016-12-31": -5.4, "2016-09-30": -7.3, "2016-06-30": -1, "2016-03-31": "-2.60000", "2015-12-31": -5.9, "2015-09-30": -1.2, "2015-06-30": -2, "2015-03-31": "-2.30000", "2014-12-31": -3.5, "2014-09-30": -1, "2014-06-30": -1.4, "2014-03-31": "0.30000", "2013-12-31": -0.3, "2013-09-30": 0.8, "2013-06-30": -10.5, "2013-03-31": "-1.50000", "2012-12-31": -2.2, "2012-09-30": -0.9, "2012-06-30": -0.4, "2012-03-31": "-0.80000", "2011-12-31": -1.2, "2011-09-30": -8.8, "2011-06-30": -0.5, "2011-03-31": "-0.80000", "2010-12-31": -0.1, "2010-09-30": -12.8, "2010-06-30": 13, "2010-03-31": "2.30000", "2009-12-31": 0.522, "2009-09-30": -7.786, "2009-06-30": 0.505, "2009-03-31": "-3.24100", "2008-12-31": -0.913, "2008-09-30": -3.119, "2008-06-30": 6.705, "2008-03-31": "2.48200", "2007-12-31": 3.449, "2007-09-30": 0.133, "2007-06-30": 3.539, "2007-03-31": "2.39000", "2006-12-31": -6.493, "2006-09-30": 0.185, "2006-06-30": 0.621, "2006-03-31": "-0.32800", "2005-12-31": 0, "2005-09-30": -0.989, "2005-06-30": -5.629, "2005-03-31": "-0.54100"}, "Cash Flow From Financial Activities": {"2020-09-30": 98.7, "2020-06-30": -386.2, "2020-03-31": "-107.40000", "2019-12-31": -101.8, "2019-09-30": -405.7, "2019-06-30": -267.7, "2019-03-31": "-65.40000", "2018-12-31": -320.1, "2018-09-30": -88.6, "2018-06-30": -50.1, "2018-03-31": "54.90000", "2017-12-31": -140, "2017-09-30": -128.7, "2017-06-30": 10.2, "2017-03-31": "60.40000", "2016-12-31": -207, "2016-09-30": -96.1, "2016-06-30": 13.2, "2016-03-31": "189.70000", "2015-12-31": -240.3, "2015-09-30": -250.1, "2015-06-30": -212.1, "2015-03-31": "-146.00000", "2014-12-31": -82.5, "2014-09-30": 126.6, "2014-06-30": -11.3, "2014-03-31": "0.20000", "2013-12-31": -60.7, "2013-09-30": -188.6, "2013-06-30": 631.1, "2013-03-31": "-49.70000", "2012-12-31": -189.8, "2012-09-30": -172.9, "2012-06-30": 64.1, "2012-03-31": "91.00000", "2011-12-31": -155.7, "2011-09-30": 243.4, "2011-06-30": 20.8, "2011-03-31": "139.10000", "2010-12-31": -180.3, "2010-09-30": 81.2, "2010-06-30": -8.4, "2010-03-31": "83.00000", "2009-12-31": -135.052, "2009-09-30": -207.145, "2009-06-30": -197.725, "2009-03-31": "-319.87800", "2008-12-31": -512.835, "2008-09-30": 314.971, "2008-06-30": 36.025, "2008-03-31": "-69.64900", "2007-12-31": -207.256, "2007-09-30": -113.675, "2007-06-30": -20.621, "2007-03-31": "141.70200", "2006-12-31": -135.381, "2006-09-30": 163.445, "2006-06-30": 436.335, "2006-03-31": "17.35700", "2005-12-31": -63.377, "2005-09-30": 20.128, "2005-06-30": -34.14, "2005-03-31": "-24.75400"}, "Net Cash Flow": {"2020-09-30": 368.9, "2020-06-30": 50.6, "2020-03-31": "-2.20000", "2019-12-31": 8.3, "2019-09-30": 24.5, "2019-06-30": 7.9, "2019-03-31": "5.40000", "2018-12-31": 16.1, "2018-09-30": -12.2, "2018-06-30": -21.1, "2018-03-31": "-9.00000", "2017-12-31": -15.8, "2017-09-30": 23.7, "2017-06-30": 12.7, "2017-03-31": "11.00000", "2016-12-31": -20.5, "2016-09-30": 26.8, "2016-06-30": -4, "2016-03-31": "16.20000", "2015-12-31": 10.2, "2015-09-30": -37.8, "2015-06-30": 30.3, "2015-03-31": "-4.60000", "2014-12-31": 5.5, "2014-09-30": -12.8, "2014-06-30": -0.1, "2014-03-31": "30.00000", "2013-12-31": -21.3, "2013-09-30": 4.1, "2013-06-30": 0.7, "2013-03-31": "2.50000", "2012-12-31": -23, "2012-09-30": 27, "2012-06-30": 23.6, "2012-03-31": "-14.60000", "2011-12-31": -6.5, "2011-09-30": -0.9, "2011-06-30": 15.2, "2011-03-31": "3.90000", "2010-12-31": -113.6, "2010-09-30": 139.1, "2010-06-30": -4.9, "2010-03-31": "9.30000", "2009-12-31": -44.869, "2009-09-30": -91.549, "2009-06-30": 145.77, "2009-03-31": "-18.35200", "2008-12-31": 8.313, "2008-09-30": -46.161, "2008-06-30": -6.887, "2008-03-31": "19.70700", "2007-12-31": -28.98, "2007-09-30": 31.053, "2007-06-30": 46.372, "2007-03-31": "-28.89700", "2006-12-31": 35.434, "2006-09-30": 11.937, "2006-06-30": -24.355, "2006-03-31": "-0.56300", "2005-12-31": 24.603, "2005-09-30": -5.791, "2005-06-30": 3.215, "2005-03-31": "1.33600"}, "Stock-Based Compensation": {"2020-09-30": 11.9, "2020-06-30": 9.1, "2020-03-31": "8.90000", "2019-12-31": 13.9, "2019-09-30": 15.2, "2019-06-30": 13.9, "2019-03-31": "8.20000", "2018-12-31": 11.7, "2018-09-30": 14.5, "2018-06-30": 12.9, "2018-03-31": "6.40000", "2017-12-31": 10.1, "2017-09-30": 8.4, "2017-06-30": 9.4, "2017-03-31": "5.50000", "2016-12-31": 6.6, "2016-09-30": 6.4, "2016-06-30": 8.1, "2016-03-31": "3.30000", "2015-12-31": 3.7, "2015-09-30": 5.2, "2015-06-30": 8.7, "2015-03-31": "3.70000", "2014-12-31": 2.7, "2014-09-30": 7.2, "2014-06-30": 8, "2014-03-31": "4.90000", "2013-12-31": 4.7, "2013-09-30": 6.8, "2013-06-30": 7.8, "2013-03-31": "6.70000", "2012-12-31": 5.8, "2012-09-30": 5.7, "2012-06-30": 6.6, "2012-03-31": "4.90000", "2011-12-31": 4.9, "2011-09-30": 5.6, "2011-06-30": 6, "2011-03-31": "4.80000", "2010-12-31": 4.6, "2010-09-30": 4.6, "2010-06-30": 4.4, "2010-03-31": "3.70000", "2009-12-31": 4.044, "2009-09-30": 4.009, "2009-06-30": 3.85, "2009-03-31": "3.59700", "2008-12-31": 2.568, "2008-09-30": 3.85, "2008-06-30": 3.801, "2008-03-31": "2.97000", "2007-12-31": 2.551, "2007-09-30": 2.889, "2007-06-30": 2.868, "2007-03-31": "1.81200", "2006-12-31": 1.724, "2006-09-30": 1.624, "2006-06-30": 1.58, "2006-03-31": "1.13200", "2005-12-31": 0, "2005-09-30": 0, "2005-06-30": 0, "2005-03-31": ""}, "Common Stock Dividends Paid": {"2020-09-30": -41, "2020-06-30": -39.9, "2020-03-31": "-41.90000", "2019-12-31": -38, "2019-09-30": -36.8, "2019-06-30": -36.9, "2019-03-31": "-39.60000", "2018-12-31": -34.8, "2018-09-30": -35.9, "2018-06-30": -36.1, "2018-03-31": "-38.50000", "2017-12-31": -32.7, "2017-09-30": -32.8, "2017-06-30": -32.8, "2017-03-31": "-33.70000", "2016-12-31": -30.9, "2016-09-30": -31.5, "2016-06-30": -29, "2016-03-31": "-29.00000", "2015-12-31": -29.4, "2015-09-30": -29.3, "2015-06-30": -29.7, "2015-03-31": "-31.70000", "2014-12-31": -27, "2014-09-30": -27.3, "2014-06-30": -27.3, "2014-03-31": "-27.10000", "2013-12-31": -25.5, "2013-09-30": -25.4, "2013-06-30": -23.1, "2013-03-31": "-22.90000", "2012-12-31": -18.9, "2012-09-30": -18.8, "2012-06-30": -11.3, "2012-03-31": "-11.20000", "2011-12-31": -9, "2011-09-30": -9, "2011-06-30": -8.9, "2011-03-31": "-9.00000", "2010-12-31": -7.5, "2010-09-30": -7.4, "2010-06-30": -7.4, "2010-03-31": "-7.40000", "2009-12-31": -7.381, "2009-09-30": -7.349, "2009-06-30": -7.338, "2009-03-31": "-7.33200", "2008-12-31": -7.33, "2008-09-30": -7.324, "2008-06-30": -7.316, "2008-03-31": "-7.25900", "2007-12-31": -5.991, "2007-09-30": -6.042, "2007-06-30": -6.101, "2007-03-31": "-6.07300", "2006-12-31": -4.537, "2006-09-30": -4.527, "2006-06-30": -3.765, "2006-03-31": "-3.31600", "2005-12-31": -3.31, "2005-09-30": -3.297, "2005-06-30": -2.962, "2005-03-31": "-2.96100"}}, "financial ratios": {"Current Ratio": {"2019-12-31": "4.45760", "2018-12-31": "4.69890", "2017-12-31": "4.33610", "2016-12-31": "4.09830", "2015-12-31": "2.58080", "2014-12-31": "4.70900", "2013-12-31": "4.77660", "2012-12-31": "3.93880", "2011-12-31": "3.94640", "2010-12-31": "3.34430", "2009-12-31": "3.33100", "2008-12-31": "3.54120", "2007-12-31": "2.86970", "2006-12-31": "3.04210", "2005-12-31": "2.53830"}, "Long-term Debt / Capital": {"2019-12-31": "0.22610", "2018-12-31": "0.31370", "2017-12-31": "0.27800", "2016-12-31": "0.30650", "2015-12-31": "0.26590", "2014-12-31": "0.34850", "2013-12-31": "0.34790", "2012-12-31": "0.23960", "2011-12-31": "0.29500", "2010-12-31": "0.23200", "2009-12-31": "0.24570", "2008-12-31": "0.40760", "2007-12-31": "0.32480", "2006-12-31": "0.38390", "2005-12-31": "0.22950"}, "Debt/Equity Ratio": {"2019-12-31": "0.30470", "2018-12-31": "0.47090", "2017-12-31": "0.40460", "2016-12-31": "0.46160", "2015-12-31": "0.48920", "2014-12-31": "0.55770", "2013-12-31": "0.54290", "2012-12-31": "0.33850", "2011-12-31": "0.42230", "2010-12-31": "0.33260", "2009-12-31": "0.35880", "2008-12-31": "0.72690", "2007-12-31": "0.51550", "2006-12-31": "0.63610", "2005-12-31": "0.34650"}, "Gross Margin": {"2019-12-31": "30.33950", "2018-12-31": "28.44940", "2017-12-31": "28.67810", "2016-12-31": "30.07290", "2015-12-31": "27.23810", "2014-12-31": "25.07750", "2013-12-31": "25.99360", "2012-12-31": "26.14100", "2011-12-31": "24.41390", "2010-12-31": "25.10610", "2009-12-31": "26.31580", "2008-12-31": "24.79800", "2007-12-31": "25.32520", "2006-12-31": "26.31600", "2005-12-31": "27.34490"}, "Operating Margin": {"2019-12-31": "9.23560", "2018-12-31": "8.12780", "2017-12-31": "6.81410", "2016-12-31": "6.01160", "2015-12-31": "5.87990", "2014-12-31": "5.90720", "2013-12-31": "5.98340", "2012-12-31": "7.80830", "2011-12-31": "7.04140", "2010-12-31": "5.71380", "2009-12-31": "4.70840", "2008-12-31": "9.78310", "2007-12-31": "9.97160", "2006-12-31": "10.92470", "2005-12-31": "10.89340"}, "EBIT Margin": {"2019-12-31": "9.23560", "2018-12-31": "8.12780", "2017-12-31": "6.81410", "2016-12-31": "6.01160", "2015-12-31": "5.87990", "2014-12-31": "5.90720", "2013-12-31": "5.98340", "2012-12-31": "7.80830", "2011-12-31": "7.04140", "2010-12-31": "5.71380", "2009-12-31": "4.70840", "2008-12-31": "9.78310", "2007-12-31": "9.97160", "2006-12-31": "10.92470", "2005-12-31": "10.89340"}, "EBITDA Margin": {"2019-12-31": "11.23400", "2018-12-31": "9.99350", "2017-12-31": "9.06080", "2016-12-31": "8.58890", "2015-12-31": "8.21670", "2014-12-31": "7.95280", "2013-12-31": "8.06930", "2012-12-31": "9.57320", "2011-12-31": "8.67760", "2010-12-31": "7.62420", "2009-12-31": "6.94420", "2008-12-31": "10.90620", "2007-12-31": "11.07240", "2006-12-31": "11.97520", "2005-12-31": "12.27680"}, "Pre-Tax Profit Margin": {"2019-12-31": "8.46840", "2018-12-31": "7.37440", "2017-12-31": "6.00560", "2016-12-31": "4.98290", "2015-12-31": "4.90560", "2014-12-31": "5.22700", "2013-12-31": "5.18550", "2012-12-31": "7.21840", "2011-12-31": "6.28910", "2010-12-31": "4.69680", "2009-12-31": "3.67610", "2008-12-31": "8.79190", "2007-12-31": "9.02360", "2006-12-31": "9.94550", "2005-12-31": "9.88550"}, "Net Profit Margin": {"2019-12-31": "6.39250", "2018-12-31": "5.49400", "2017-12-31": "6.31010", "2016-12-31": "3.53290", "2015-12-31": "3.33140", "2014-12-31": "3.55450", "2013-12-31": "3.48660", "2012-12-31": "4.77950", "2011-12-31": "4.22630", "2010-12-31": "3.07950", "2009-12-31": "2.78670", "2008-12-31": "5.53720", "2007-12-31": "5.62260", "2006-12-31": "6.17330", "2005-12-31": "6.09470"}, "Asset Turnover": {"2019-12-31": "1.34960", "2018-12-31": "1.43380", "2017-12-31": "1.25420", "2016-12-31": "1.16220", "2015-12-31": "1.31300", "2014-12-31": "1.33610", "2013-12-31": "1.25650", "2012-12-31": "1.44120", "2011-12-31": "1.45110", "2010-12-31": "1.35210", "2009-12-31": "1.23480", "2008-12-31": "1.67820", "2007-12-31": "1.82140", "2006-12-31": "1.58890", "2005-12-31": "1.90540"}, "Inventory Turnover Ratio": {"2019-12-31": "4.64510", "2018-12-31": "4.54190", "2017-12-31": "4.01690", "2016-12-31": "3.93000", "2015-12-31": "4.73790", "2014-12-31": "4.46930", "2013-12-31": "4.43260", "2012-12-31": "4.90090", "2011-12-31": "5.06980", "2010-12-31": "5.49630", "2009-12-31": "5.44310", "2008-12-31": "5.10460", "2007-12-31": "5.94540", "2006-12-31": "4.67910", "2005-12-31": "6.32190"}, "Receiveable Turnover": {"2019-12-31": "9.93100", "2018-12-31": "9.16750", "2017-12-31": "8.91670", "2016-12-31": "8.97040", "2015-12-31": "9.81060", "2014-12-31": "9.13120", "2013-12-31": "9.06610", "2012-12-31": "10.09720", "2011-12-31": "9.07690", "2010-12-31": "8.70370", "2009-12-31": "9.04610", "2008-12-31": "10.12410", "2007-12-31": "10.23320", "2006-12-31": "8.30560", "2005-12-31": "9.11180"}, "Days Sales In Receivables": {"2019-12-31": "36.75350", "2018-12-31": "39.81470", "2017-12-31": "40.93440", "2016-12-31": "40.68930", "2015-12-31": "37.20460", "2014-12-31": "39.97270", "2013-12-31": "40.26010", "2012-12-31": "36.14850", "2011-12-31": "40.21210", "2010-12-31": "41.93620", "2009-12-31": "40.34900", "2008-12-31": "36.05250", "2007-12-31": "35.66840", "2006-12-31": "43.94650", "2005-12-31": "40.05810"}, "ROE - Return On Equity": {"2019-12-31": "13.54210", "2018-12-31": "13.71510", "2017-12-31": "13.21310", "2016-12-31": "7.39630", "2015-12-31": "8.01990", "2014-12-31": "9.11600", "2013-12-31": "8.35910", "2012-12-31": "11.44530", "2011-12-31": "11.07870", "2010-12-31": "6.99270", "2009-12-31": "5.72060", "2008-12-31": "19.86130", "2007-12-31": "19.38470", "2006-12-31": "20.29930", "2005-12-31": "19.94800"}, "Return On Tangible Equity": {"2019-12-31": "32.40180", "2018-12-31": "36.95520", "2017-12-31": "35.58330", "2016-12-31": "25.74980", "2015-12-31": "28.94280", "2014-12-31": "32.32540", "2013-12-31": "33.16650", "2012-12-31": "31.01880", "2011-12-31": "34.51280", "2010-12-31": "20.51420", "2009-12-31": "18.63740", "2008-12-31": "77.02910", "2007-12-31": "54.02030", "2006-12-31": "58.37120", "2005-12-31": "34.19670"}, "ROA - Return On Assets": {"2019-12-31": "8.68390", "2018-12-31": "7.97770", "2017-12-31": "8.01190", "2016-12-31": "4.17070", "2015-12-31": "4.44000", "2014-12-31": "4.81050", "2013-12-31": "4.42310", "2012-12-31": "6.97030", "2011-12-31": "6.22920", "2010-12-31": "4.23870", "2009-12-31": "3.46430", "2008-12-31": "9.30880", "2007-12-31": "10.24960", "2006-12-31": "9.80880", "2005-12-31": "11.61270"}, "ROI - Return On Investment": {"2019-12-31": "10.47980", "2018-12-31": "9.41330", "2017-12-31": "9.54020", "2016-12-31": "5.12960", "2015-12-31": "5.88760", "2014-12-31": "5.93910", "2013-12-31": "5.45080", "2012-12-31": "8.70350", "2011-12-31": "7.81030", "2010-12-31": "5.37010", "2009-12-31": "4.31530", "2008-12-31": "11.76550", "2007-12-31": "13.08830", "2006-12-31": "12.50710", "2005-12-31": "15.36950"}, "Book Value Per Share": {"2019-12-31": "77.99240", "2018-12-31": "69.96650", "2017-12-31": "64.72800", "2016-12-31": "57.49760", "2015-12-31": "54.95900", "2014-12-31": "53.37550", "2013-12-31": "50.12650", "2012-12-31": "46.91290", "2011-12-31": "42.02220", "2010-12-31": "37.91720", "2009-12-31": "35.36390", "2008-12-31": "33.21470", "2007-12-31": "28.11820", "2006-12-31": "23.06940", "2005-12-31": "15.55260"}, "Operating Cash Flow Per Share": {"2019-12-31": 10.0062, "2018-12-31": 3.7487, "2017-12-31": -3.1423, "2016-12-31": -5.1166, "2015-12-31": 9.1563, "2014-12-31": -3.6279, "2013-12-31": 0.2044, "2012-12-31": 4.8229, "2011-12-31": 0.254, "2010-12-31": -9.9199, "2009-12-31": 3.7635, "2008-12-31": 0.6311, "2007-12-31": 5.8056, "2006-12-31": -1.5178, "2005-12-31": 4.1124}, "Free Cash Flow Per Share": {"2019-12-31": 9.4633, "2018-12-31": 2.6623, "2017-12-31": -2.9678, "2016-12-31": -4.913, "2015-12-31": 9.3779, "2014-12-31": -4.0394, "2013-12-31": 0.9129, "2012-12-31": 4.0682, "2011-12-31": -0.2573, "2010-12-31": -10.442, "2009-12-31": 4.6368, "2008-12-31": 0.3925, "2007-12-31": 5.6702, "2006-12-31": -2.1585, "2005-12-31": 3.323}}, "financial ratios, quarterly": {"Current Ratio": {"2020-09-30": "5.03740", "2020-06-30": "4.24720", "2020-03-31": "4.19580", "2019-12-31": "4.45760", "2019-09-30": "4.01400", "2019-06-30": "4.42420", "2019-03-31": "4.05840", "2018-12-31": "4.69890", "2018-09-30": "4.39600", "2018-06-30": "4.05630", "2018-03-31": "3.93270", "2017-12-31": "4.33610", "2017-09-30": "4.05670", "2017-06-30": "4.20490", "2017-03-31": "3.94990", "2016-12-31": "4.09830", "2016-09-30": "2.83840", "2016-06-30": "2.64730", "2016-03-31": "2.55730", "2015-12-31": "2.58080", "2015-09-30": "4.13980", "2015-06-30": "4.27230", "2015-03-31": "4.09660", "2014-12-31": "4.70900", "2014-09-30": "3.86520", "2014-06-30": "4.13820", "2014-03-31": "4.05400", "2013-12-31": "4.77660", "2013-09-30": "4.02000", "2013-06-30": "3.77510", "2013-03-31": "3.61500", "2012-12-31": "3.93880", "2012-09-30": "3.68650", "2012-06-30": "4.53280", "2012-03-31": "3.82700", "2011-12-31": "3.94640", "2011-09-30": "3.76990", "2011-06-30": "3.21180", "2011-03-31": "3.04240", "2010-12-31": "3.34430", "2010-09-30": "2.91560", "2010-06-30": "3.19830", "2010-03-31": "3.04950", "2009-12-31": "3.33100", "2009-09-30": "3.51610", "2009-06-30": "3.46050", "2009-03-31": "3.53650", "2008-12-31": "3.54120", "2008-09-30": "2.77210", "2008-06-30": "2.60850", "2008-03-31": "2.60510", "2007-12-31": "2.86970", "2007-09-30": "3.06150", "2007-06-30": "2.99050", "2007-03-31": "2.80060", "2006-12-31": "3.04210", "2006-09-30": "2.72210", "2006-06-30": "2.67640", "2006-03-31": "2.35510", "2005-12-31": "2.53830", "2005-09-30": "2.68130", "2005-06-30": "2.74840", "2005-03-31": "2.48930"}, "Long-term Debt / Capital": {"2020-09-30": "0.24500", "2020-06-30": "0.22340", "2020-03-31": "0.26560", "2019-12-31": "0.22610", "2019-09-30": "0.23700", "2019-06-30": "0.28210", "2019-03-31": "0.30490", "2018-12-31": "0.31370", "2018-09-30": "0.28260", "2018-06-30": "0.27960", "2018-03-31": "0.28930", "2017-12-31": "0.27800", "2017-09-30": "0.29900", "2017-06-30": "0.31330", "2017-03-31": "0.31340", "2016-12-31": "0.30650", "2016-09-30": "0.28800", "2016-06-30": "0.28980", "2016-03-31": "0.28870", "2015-12-31": "0.26590", "2015-09-30": "0.33460", "2015-06-30": "0.34020", "2015-03-31": "0.36130", "2014-12-31": "0.34850", "2014-09-30": "0.35120", "2014-06-30": "0.34050", "2014-03-31": "0.34610", "2013-12-31": "0.34790", "2013-09-30": "0.35550", "2013-06-30": "0.37360", "2013-03-31": "0.22540", "2012-12-31": "0.23960", "2012-09-30": "0.26840", "2012-06-30": "0.31040", "2012-03-31": "0.30230", "2011-12-31": "0.29500", "2011-09-30": "0.32130", "2011-06-30": "0.25050", "2011-03-31": "0.25270", "2010-12-31": "0.23200", "2010-09-30": "0.25340", "2010-06-30": "0.25310", "2010-03-31": "0.25890", "2009-12-31": "0.24570", "2009-09-30": "0.29870", "2009-06-30": "0.32570", "2009-03-31": "0.36040", "2008-12-31": "0.40760", "2008-09-30": "0.47270", "2008-06-30": "0.32880", "2008-03-31": "0.34030", "2007-12-31": "0.32480", "2007-09-30": "0.38070", "2007-06-30": "0.38330", "2007-03-31": "0.40550", "2006-12-31": "0.38390", "2006-09-30": "0.40900", "2006-06-30": "0.39910", "2006-03-31": "0.23110", "2005-12-31": "0.22950", "2005-09-30": "0.27710", "2005-06-30": "0.26130", "2005-03-31": "0.28700"}, "Debt/Equity Ratio": {"2020-09-30": "0.32570", "2020-06-30": "0.30070", "2020-03-31": "0.37500", "2019-12-31": "0.30470", "2019-09-30": "0.32340", "2019-06-30": "0.40610", "2019-03-31": "0.45200", "2018-12-31": "0.47090", "2018-09-30": "0.41150", "2018-06-30": "0.40900", "2018-03-31": "0.42820", "2017-12-31": "0.40460", "2017-09-30": "0.44440", "2017-06-30": "0.47430", "2017-03-31": "0.47320", "2016-12-31": "0.46160", "2016-09-30": "0.50710", "2016-06-30": "0.52540", "2016-03-31": "0.52820", "2015-12-31": "0.48920", "2015-09-30": "0.53040", "2015-06-30": "0.54190", "2015-03-31": "0.59060", "2014-12-31": "0.55770", "2014-09-30": "0.56360", "2014-06-30": "0.52600", "2014-03-31": "0.53870", "2013-12-31": "0.54290", "2013-09-30": "0.56180", "2013-06-30": "0.62710", "2013-03-31": "0.31470", "2012-12-31": "0.33850", "2012-09-30": "0.39240", "2012-06-30": "0.45370", "2012-03-31": "0.43700", "2011-12-31": "0.42230", "2011-09-30": "0.47790", "2011-06-30": "0.36710", "2011-03-31": "0.37130", "2010-12-31": "0.33260", "2010-09-30": "0.39370", "2010-06-30": "0.37080", "2010-03-31": "0.38230", "2009-12-31": "0.35880", "2009-09-30": "0.42930", "2009-06-30": "0.51640", "2009-03-31": "0.59720", "2008-12-31": "0.72690", "2008-09-30": "0.94620", "2008-06-30": "0.51030", "2008-03-31": "0.54070", "2007-12-31": "0.51550", "2007-09-30": "0.63170", "2007-06-30": "0.63870", "2007-03-31": "0.69980", "2006-12-31": "0.63610", "2006-09-30": "0.75010", "2006-06-30": "0.69420", "2006-03-31": "0.34140", "2005-12-31": "0.34650", "2005-09-30": "0.43410", "2005-06-30": "0.40650", "2005-03-31": "0.45790"}, "Gross Margin": {"2020-09-30": "32.41750", "2020-06-30": "30.44130", "2020-03-31": "30.34320", "2019-12-31": "32.44550", "2019-09-30": "30.33250", "2019-06-30": "29.60290", "2019-03-31": "29.32080", "2018-12-31": "25.22390", "2018-09-30": "28.04840", "2018-06-30": "30.69690", "2018-03-31": "29.73780", "2017-12-31": "28.55580", "2017-09-30": "27.97850", "2017-06-30": "28.36540", "2017-03-31": "29.82680", "2016-12-31": "29.77790", "2016-09-30": "29.95610", "2016-06-30": "31.08580", "2016-03-31": "29.44010", "2015-12-31": "28.72370", "2015-09-30": "27.91970", "2015-06-30": "27.06190", "2015-03-31": "25.65410", "2014-12-31": "24.15100", "2014-09-30": "25.07120", "2014-06-30": "25.72990", "2014-03-31": "25.35060", "2013-12-31": "26.19320", "2013-09-30": "26.31470", "2013-06-30": "25.38910", "2013-03-31": "26.10970", "2012-12-31": "27.76070", "2012-09-30": "26.04490", "2012-06-30": "25.76820", "2012-03-31": "25.25020", "2011-12-31": "23.35410", "2011-09-30": "23.09460", "2011-06-30": "24.92320", "2011-03-31": "26.47040", "2010-12-31": "24.85640", "2010-09-30": "23.95700", "2010-06-30": "25.71890", "2010-03-31": "26.00230", "2009-12-31": "31.86460", "2009-09-30": "28.66950", "2009-06-30": "22.75870", "2009-03-31": "22.74200", "2008-12-31": "21.41320", "2008-09-30": "24.25530", "2008-06-30": "28.01500", "2008-03-31": "25.79850", "2007-12-31": "25.05330", "2007-09-30": "24.27930", "2007-06-30": "26.23880", "2007-03-31": "25.66550", "2006-12-31": "24.62100", "2006-09-30": "26.65870", "2006-06-30": "26.94600", "2006-03-31": "27.44090", "2005-12-31": "28.99060", "2005-09-30": "26.40060", "2005-06-30": "27.28550", "2005-03-31": "26.65620"}, "Operating Margin": {"2020-09-30": "7.69560", "2020-06-30": "5.87330", "2020-03-31": "4.01490", "2019-12-31": "9.18790", "2019-09-30": "8.98020", "2019-06-30": "9.24570", "2019-03-31": "9.49740", "2018-12-31": "5.30920", "2018-09-30": "7.20790", "2018-06-30": "10.95050", "2018-03-31": "8.93690", "2017-12-31": "5.98800", "2017-09-30": "6.47730", "2017-06-30": "6.91660", "2017-03-31": "7.86180", "2016-12-31": "5.69950", "2016-09-30": "4.33830", "2016-06-30": "7.91320", "2016-03-31": "6.06190", "2015-12-31": "5.85330", "2015-09-30": "4.44840", "2015-06-30": "6.60970", "2015-03-31": "6.47570", "2014-12-31": "5.28190", "2014-09-30": "5.59310", "2014-06-30": "6.71430", "2014-03-31": "6.04390", "2013-12-31": "4.91170", "2013-09-30": "6.67490", "2013-06-30": "5.94290", "2013-03-31": "6.41880", "2012-12-31": "7.18900", "2012-09-30": "7.42470", "2012-06-30": "8.42650", "2012-03-31": "8.06710", "2011-12-31": "5.52140", "2011-09-30": "6.55100", "2011-06-30": "8.08000", "2011-03-31": "8.09330", "2010-12-31": "4.92960", "2010-09-30": "5.33320", "2010-06-30": "7.07150", "2010-03-31": "5.48790", "2009-12-31": "9.63910", "2009-09-30": "5.97430", "2009-06-30": "0.43680", "2009-03-31": "3.07730", "2008-12-31": "5.90610", "2008-09-30": "10.46380", "2008-06-30": "12.78790", "2008-03-31": "9.91970", "2007-12-31": "8.37330", "2007-09-30": "9.27970", "2007-06-30": "11.27290", "2007-03-31": "10.79230", "2006-12-31": "8.55740", "2006-09-30": "11.83810", "2006-06-30": "11.41940", "2006-03-31": "12.38770", "2005-12-31": "12.41850", "2005-09-30": "10.12960", "2005-06-30": "10.67950", "2005-03-31": "10.29530"}, "EBIT Margin": {"2020-09-30": "7.69560", "2020-06-30": "5.87330", "2020-03-31": "4.01490", "2019-12-31": "9.18780", "2019-09-30": "8.98020", "2019-06-30": "9.24570", "2019-03-31": "9.49740", "2018-12-31": "5.30920", "2018-09-30": "7.20790", "2018-06-30": "10.95050", "2018-03-31": "8.93690", "2017-12-31": "5.98800", "2017-09-30": "6.47730", "2017-06-30": "6.91660", "2017-03-31": "7.86180", "2016-12-31": "5.69950", "2016-09-30": "4.33830", "2016-06-30": "7.91320", "2016-03-31": "6.06190", "2015-12-31": "5.85330", "2015-09-30": "4.44840", "2015-06-30": "6.60970", "2015-03-31": "6.47570", "2014-12-31": "5.28190", "2014-09-30": "5.59310", "2014-06-30": "6.71430", "2014-03-31": "6.04390", "2013-12-31": "4.91170", "2013-09-30": "6.67490", "2013-06-30": "5.94290", "2013-03-31": "6.41880", "2012-12-31": "7.18900", "2012-09-30": "7.42470", "2012-06-30": "8.42650", "2012-03-31": "8.06710", "2011-12-31": "5.52140", "2011-09-30": "6.55100", "2011-06-30": "8.08000", "2011-03-31": "8.09330", "2010-12-31": "4.92960", "2010-09-30": "5.33320", "2010-06-30": "7.07150", "2010-03-31": "5.48790", "2009-12-31": "9.63910", "2009-09-30": "5.97430", "2009-06-30": "0.43680", "2009-03-31": "3.07730", "2008-12-31": "5.90610", "2008-09-30": "10.46380", "2008-06-30": "12.78790", "2008-03-31": "9.91970", "2007-12-31": "8.37330", "2007-09-30": "9.27970", "2007-06-30": "11.27290", "2007-03-31": "10.79230", "2006-12-31": "8.55740", "2006-09-30": "11.83810", "2006-06-30": "11.41940", "2006-03-31": "12.38770", "2005-12-31": "12.41860", "2005-09-30": "10.12960", "2005-06-30": "10.67950", "2005-03-31": "10.29530"}, "EBITDA Margin": {"2020-09-30": "", "2020-06-30": "", "2020-03-31": "", "2019-12-31": "", "2019-09-30": "", "2019-06-30": "", "2019-03-31": "", "2018-12-31": "", "2018-09-30": "", "2018-06-30": "", "2018-03-31": "", "2017-12-31": "", "2017-09-30": "", "2017-06-30": "", "2017-03-31": "", "2016-12-31": "", "2016-09-30": "", "2016-06-30": "", "2016-03-31": "", "2015-12-31": "", "2015-09-30": "", "2015-06-30": "", "2015-03-31": "", "2014-12-31": "", "2014-09-30": "", "2014-06-30": "", "2014-03-31": "", "2013-12-31": "", "2013-09-30": "", "2013-06-30": "", "2013-03-31": "", "2012-12-31": "", "2012-09-30": "", "2012-06-30": "", "2012-03-31": "", "2011-12-31": "", "2011-09-30": "", "2011-06-30": "", "2011-03-31": "", "2010-12-31": "", "2010-09-30": "", "2010-06-30": "", "2010-03-31": "", "2009-12-31": "", "2009-09-30": "", "2009-06-30": "", "2009-03-31": "", "2008-12-31": "", "2008-09-30": "", "2008-06-30": "", "2008-03-31": "", "2007-12-31": "", "2007-09-30": "", "2007-06-30": "", "2007-03-31": "", "2006-12-31": "", "2006-09-30": "", "2006-06-30": "", "2006-03-31": "", "2005-12-31": "", "2005-09-30": "", "2005-06-30": "", "2005-03-31": ""}, "Pre-Tax Profit Margin": {"2020-09-30": "6.08940", "2020-06-30": "5.05130", "2020-03-31": "3.22980", "2019-12-31": "8.56280", "2019-09-30": "8.13140", "2019-06-30": "8.52440", "2019-03-31": "8.64170", "2018-12-31": "4.40300", "2018-09-30": "6.55240", "2018-06-30": "10.25800", "2018-03-31": "8.16800", "2017-12-31": "5.07910", "2017-09-30": "5.80380", "2017-06-30": "6.15710", "2017-03-31": "6.96480", "2016-12-31": "4.74870", "2016-09-30": "3.22620", "2016-06-30": "6.87870", "2016-03-31": "5.04920", "2015-12-31": "4.66390", "2015-09-30": "3.39870", "2015-06-30": "5.60710", "2015-03-31": "5.76040", "2014-12-31": "4.95210", "2014-09-30": "4.82050", "2014-06-30": "5.89270", "2014-03-31": "5.25260", "2013-12-31": "4.03170", "2013-09-30": "5.84000", "2013-06-30": "5.01570", "2013-03-31": "5.91520", "2012-12-31": "6.42140", "2012-09-30": "6.99650", "2012-06-30": "7.58930", "2012-03-31": "7.71750", "2011-12-31": "4.83800", "2011-09-30": "5.54570", "2011-06-30": "7.52380", "2011-03-31": "7.34040", "2010-12-31": "3.82500", "2010-09-30": "4.43830", "2010-06-30": "5.96690", "2010-03-31": "4.52510", "2009-12-31": "8.86390", "2009-09-30": "4.94710", "2009-06-30": "-0.75910", "2009-03-31": "1.96140", "2008-12-31": "4.56260", "2008-09-30": "9.53220", "2008-06-30": "11.99270", "2008-03-31": "9.02880", "2007-12-31": "7.61490", "2007-09-30": "8.26130", "2007-06-30": "10.36140", "2007-03-31": "9.70070", "2006-12-31": "7.64820", "2006-09-30": "10.64940", "2006-06-30": "10.33370", "2006-03-31": "11.81060", "2005-12-31": "11.45120", "2005-09-30": "9.14980", "2005-06-30": "9.68250", "2005-03-31": "9.20290"}, "Net Profit Margin": {"2020-09-30": "4.67970", "2020-06-30": "3.97170", "2020-03-31": "2.39810", "2019-12-31": "6.76530", "2019-09-30": "6.05760", "2019-06-30": "6.34990", "2019-03-31": "6.42970", "2018-12-31": "3.04190", "2018-09-30": "4.98570", "2018-06-30": "7.72190", "2018-03-31": "6.12960", "2017-12-31": "12.68310", "2017-09-30": "3.97130", "2017-06-30": "4.16130", "2017-03-31": "4.61700", "2016-12-31": "2.99280", "2016-09-30": "2.26520", "2016-06-30": "4.57820", "2016-03-31": "4.26320", "2015-12-31": "3.38560", "2015-09-30": "2.24830", "2015-06-30": "3.72160", "2015-03-31": "3.87470", "2014-12-31": "3.58210", "2014-09-30": "3.53040", "2014-06-30": "3.68770", "2014-03-31": "3.41560", "2013-12-31": "2.67920", "2013-09-30": "3.89200", "2013-06-30": "3.30840", "2013-03-31": "4.13270", "2012-12-31": "4.25620", "2012-09-30": "4.77300", "2012-06-30": "4.92370", "2012-03-31": "5.07800", "2011-12-31": "3.33840", "2011-09-30": "3.96990", "2011-06-30": "4.81580", "2011-03-31": "4.82560", "2010-12-31": "2.49320", "2010-09-30": "2.94470", "2010-06-30": "3.79490", "2010-03-31": "3.07410", "2009-12-31": "7.23460", "2009-09-30": "3.35840", "2009-06-30": "-0.46560", "2009-03-31": "1.29080", "2008-12-31": "3.09360", "2008-09-30": "5.92720", "2008-06-30": "7.47450", "2008-03-31": "5.62820", "2007-12-31": "4.68600", "2007-09-30": "5.16340", "2007-06-30": "6.47580", "2007-03-31": "6.06300", "2006-12-31": "4.76780", "2006-09-30": "6.60270", "2006-06-30": "6.44430", "2006-03-31": "7.26350", "2005-12-31": "6.96700", "2005-09-30": "5.67280", "2005-06-30": "6.00320", "2005-03-31": "5.70570"}, "Asset Turnover": {"2020-09-30": "0.26070", "2020-06-30": "0.26140", "2020-03-31": "0.31820", "2019-12-31": "0.30100", "2019-09-30": "0.33030", "2019-06-30": "0.34630", "2019-03-31": "0.34770", "2018-12-31": "0.34980", "2018-09-30": "0.35530", "2018-06-30": "0.35780", "2018-03-31": "0.33840", "2017-12-31": "0.30660", "2017-09-30": "0.31220", "2017-06-30": "0.31610", "2017-03-31": "0.31320", "2016-12-31": "0.27820", "2016-09-30": "0.28810", "2016-06-30": "0.28830", "2016-03-31": "0.28760", "2015-12-31": "0.28450", "2015-09-30": "0.30660", "2015-06-30": "0.31510", "2015-03-31": "0.33150", "2014-12-31": "0.32940", "2014-09-30": "0.33670", "2014-06-30": "0.33920", "2014-03-31": "0.33610", "2013-12-31": "0.31420", "2013-09-30": "0.32610", "2013-06-30": "0.32320", "2013-03-31": "0.33860", "2012-12-31": "0.32250", "2012-09-30": "0.34080", "2012-06-30": "0.36610", "2012-03-31": "0.38580", "2011-12-31": "0.36280", "2011-09-30": "0.37340", "2011-06-30": "0.39270", "2011-03-31": "0.37590", "2010-12-31": "0.33930", "2010-09-30": "0.34330", "2010-06-30": "0.35090", "2010-03-31": "0.31810", "2009-12-31": "0.29560", "2009-09-30": "0.27850", "2009-06-30": "0.27230", "2009-03-31": "0.32420", "2008-12-31": "0.41240", "2008-09-30": "0.42280", "2008-06-30": "0.46840", "2008-03-31": "0.45810", "2007-12-31": "0.42810", "2007-09-30": "0.43650", "2007-06-30": "0.45400", "2007-03-31": "0.45210", "2006-12-31": "0.43320", "2006-09-30": "0.43620", "2006-06-30": "0.45070", "2006-03-31": "0.51340", "2005-12-31": "0.49160", "2005-09-30": "0.50430", "2005-06-30": "0.50530", "2005-03-31": "0.49610"}, "Inventory Turnover Ratio": {"2020-09-30": "0.99050", "2020-06-30": "0.94100", "2020-03-31": "1.09950", "2019-12-31": "1.00480", "2019-09-30": "1.12080", "2019-06-30": "1.13590", "2019-03-31": "1.07890", "2018-12-31": "1.15800", "2018-09-30": "1.02710", "2018-06-30": "1.00450", "2018-03-31": "1.01800", "2017-12-31": "0.98370", "2017-09-30": "0.99550", "2017-06-30": "1.01240", "2017-03-31": "1.01040", "2016-12-31": "0.94460", "2016-09-30": "0.95660", "2016-06-30": "0.93530", "2016-03-31": "1.00020", "2015-12-31": "1.00570", "2015-09-30": "1.03820", "2015-06-30": "1.05680", "2015-03-31": "1.07790", "2014-12-31": "1.11550", "2014-09-30": "1.04240", "2014-06-30": "1.09810", "2014-03-31": "1.15070", "2013-12-31": "1.10550", "2013-09-30": "1.13750", "2013-06-30": "1.15100", "2013-03-31": "1.13580", "2012-12-31": "1.07250", "2012-09-30": "1.09950", "2012-06-30": "1.15190", "2012-03-31": "1.22230", "2011-12-31": "1.28540", "2011-09-30": "1.28830", "2011-06-30": "1.32600", "2011-03-31": "1.29070", "2010-12-31": "1.38400", "2010-09-30": "1.36510", "2010-06-30": "1.34250", "2010-03-31": "1.27300", "2009-12-31": "1.20500", "2009-09-30": "1.11970", "2009-06-30": "1.17490", "2009-03-31": "1.10640", "2008-12-31": "1.31100", "2008-09-30": "1.10760", "2008-06-30": "1.36290", "2008-03-31": "1.49310", "2007-12-31": "1.40240", "2007-09-30": "1.36210", "2007-06-30": "1.27090", "2007-03-31": "1.28730", "2006-12-31": "1.30500", "2006-09-30": "1.20920", "2006-06-30": "1.32310", "2006-03-31": "1.61520", "2005-12-31": "1.59410", "2005-09-30": "1.74710", "2005-06-30": "1.60720", "2005-03-31": "1.55550"}, "Receiveable Turnover": {"2020-09-30": "2.19350", "2020-06-30": "2.18890", "2020-03-31": "2.11570", "2019-12-31": "2.21520", "2019-09-30": "2.13180", "2019-06-30": "2.11420", "2019-03-31": "2.07920", "2018-12-31": "2.23650", "2018-09-30": "2.08620", "2018-06-30": "2.16710", "2018-03-31": "2.08290", "2017-12-31": "2.17980", "2017-09-30": "2.10130", "2017-06-30": "2.10210", "2017-03-31": "2.10800", "2016-12-31": "2.14710", "2016-09-30": "2.08510", "2016-06-30": "2.09320", "2016-03-31": "2.08290", "2015-12-31": "2.12590", "2015-09-30": "2.05430", "2015-06-30": "2.14150", "2015-03-31": "2.15340", "2014-12-31": "2.25120", "2014-09-30": "2.15860", "2014-06-30": "2.23810", "2014-03-31": "2.20070", "2013-12-31": "2.26730", "2013-09-30": "2.23050", "2013-06-30": "2.10860", "2013-03-31": "2.14640", "2012-12-31": "2.25930", "2012-09-30": "2.03130", "2012-06-30": "2.17580", "2012-03-31": "2.19140", "2011-12-31": "2.26950", "2011-09-30": "2.09770", "2011-06-30": "2.13910", "2011-03-31": "2.09380", "2010-12-31": "2.18430", "2010-09-30": "2.13310", "2010-06-30": "2.17990", "2010-03-31": "1.99660", "2009-12-31": "2.16570", "2009-09-30": "2.11350", "2009-06-30": "2.13410", "2009-03-31": "2.19340", "2008-12-31": "2.48810", "2008-09-30": "2.05140", "2008-06-30": "2.21450", "2008-03-31": "2.30120", "2007-12-31": "2.40510", "2007-09-30": "2.20320", "2007-06-30": "2.26270", "2007-03-31": "2.20580", "2006-12-31": "2.26430", "2006-09-30": "2.18250", "2006-06-30": "2.28160", "2006-03-31": "2.26210", "2005-12-31": "2.35080", "2005-09-30": "2.21000", "2005-06-30": "2.25680", "2005-03-31": "2.18510"}, "Days Sales In Receivables": {"2020-09-30": "41.02990", "2020-06-30": "41.11570", "2020-03-31": "42.53920", "2019-12-31": "40.62830", "2019-09-30": "42.21710", "2019-06-30": "42.57010", "2019-03-31": "43.28620", "2018-12-31": "40.24090", "2018-09-30": "43.14070", "2018-06-30": "41.52970", "2018-03-31": "43.20950", "2017-12-31": "41.28850", "2017-09-30": "42.83090", "2017-06-30": "42.81470", "2017-03-31": "42.69540", "2016-12-31": "41.91790", "2016-09-30": "43.16310", "2016-06-30": "42.99700", "2016-03-31": "43.20850", "2015-12-31": "42.33490", "2015-09-30": "43.81110", "2015-06-30": "42.02750", "2015-03-31": "41.79510", "2014-12-31": "39.97910", "2014-09-30": "41.69460", "2014-06-30": "40.21250", "2014-03-31": "40.89660", "2013-12-31": "39.69570", "2013-09-30": "40.34990", "2013-06-30": "42.68230", "2013-03-31": "41.93160", "2012-12-31": "39.83540", "2012-09-30": "44.30590", "2012-06-30": "41.36490", "2012-03-31": "41.06890", "2011-12-31": "39.65680", "2011-09-30": "42.90420", "2011-06-30": "42.07320", "2011-03-31": "42.98370", "2010-12-31": "41.20240", "2010-09-30": "42.19130", "2010-06-30": "41.28660", "2010-03-31": "45.07690", "2009-12-31": "41.55640", "2009-09-30": "42.58290", "2009-06-30": "42.17210", "2009-03-31": "41.03240", "2008-12-31": "36.17160", "2008-09-30": "43.87230", "2008-06-30": "40.64180", "2008-03-31": "39.10990", "2007-12-31": "37.42090", "2007-09-30": "40.85030", "2007-06-30": "39.77470", "2007-03-31": "40.80220", "2006-12-31": "39.74800", "2006-09-30": "41.23620", "2006-06-30": "39.44670", "2006-03-31": "39.78590", "2005-12-31": "38.28460", "2005-09-30": "40.72360", "2005-06-30": "39.87890", "2005-03-31": "41.18800"}, "ROE - Return On Equity": {"2020-09-30": "1.94760", "2020-06-30": "1.62650", "2020-03-31": "1.28390", "2019-12-31": "3.18940", "2019-09-30": "3.22530", "2019-06-30": "3.72360", "2019-03-31": "3.95930", "2018-12-31": "1.86560", "2018-09-30": "2.98790", "2018-06-30": "4.68000", "2018-03-31": "3.57680", "2017-12-31": "6.46400", "2017-09-30": "2.22680", "2017-06-30": "2.40240", "2017-03-31": "2.65200", "2016-12-31": "1.50510", "2016-09-30": "1.21830", "2016-06-30": "2.47250", "2016-03-31": "2.31410", "2015-12-31": "1.74750", "2015-09-30": "1.33650", "2015-06-30": "2.25490", "2015-03-31": "2.56570", "2014-12-31": "2.26990", "2014-09-30": "2.35220", "2014-06-30": "2.41230", "2014-03-31": "2.22530", "2013-12-31": "1.60390", "2013-09-30": "2.50590", "2013-06-30": "2.20000", "2013-03-31": "2.31130", "2012-12-31": "2.26500", "2012-09-30": "2.85180", "2012-06-30": "3.26500", "2012-03-31": "3.60060", "2011-12-31": "2.19230", "2011-09-30": "2.79040", "2011-06-30": "3.30630", "2011-03-31": "3.19580", "2010-12-31": "1.44160", "2010-09-30": "1.77250", "2010-06-30": "2.30470", "2010-03-31": "1.68810", "2009-12-31": "3.53860", "2009-09-30": "1.68160", "2009-06-30": "-0.22650", "2009-03-31": "0.83380", "2008-12-31": "2.72890", "2008-09-30": "6.36300", "2008-06-30": "6.91430", "2008-03-31": "5.13370", "2007-12-31": "3.80980", "2007-09-30": "4.62280", "2007-06-30": "6.12250", "2007-03-31": "5.99140", "2006-12-31": "4.27410", "2006-09-30": "6.42510", "2006-06-30": "6.41040", "2006-03-31": "6.51800", "2005-12-31": "5.88310", "2005-09-30": "5.10980", "2005-06-30": "5.33100", "2005-03-31": "5.30760"}, "Return On Tangible Equity": {"2020-09-30": "4.53690", "2020-06-30": "3.91080", "2020-03-31": "3.18880", "2019-12-31": "7.63120", "2019-09-30": "7.55930", "2019-06-30": "9.10800", "2019-03-31": "10.05720", "2018-12-31": "5.02680", "2018-09-30": "7.11480", "2018-06-30": "11.47940", "2018-03-31": "9.41300", "2017-12-31": "17.40780", "2017-09-30": "6.62160", "2017-06-30": "7.46230", "2017-03-31": "8.66770", "2016-12-31": "5.23990", "2016-09-30": "4.36920", "2016-06-30": "9.33960", "2016-03-31": "9.25010", "2015-12-31": "6.30660", "2015-09-30": "4.87620", "2015-06-30": "8.07760", "2015-03-31": "9.70660", "2014-12-31": "8.04910", "2014-09-30": "8.14420", "2014-06-30": "8.20680", "2014-03-31": "8.26900", "2013-12-31": "6.36360", "2013-09-30": "10.91280", "2013-06-30": "10.91860", "2013-03-31": "5.94570", "2012-12-31": "6.13840", "2012-09-30": "7.67920", "2012-06-30": "9.32320", "2012-03-31": "10.39680", "2011-12-31": "6.82940", "2011-09-30": "9.07180", "2011-06-30": "8.50230", "2011-03-31": "8.76320", "2010-12-31": "4.22930", "2010-09-30": "4.97210", "2010-06-30": "6.74030", "2010-03-31": "5.21620", "2009-12-31": "11.52860", "2009-09-30": "6.08560", "2009-06-30": "-0.85840", "2009-03-31": "3.16080", "2008-12-31": "10.58360", "2008-09-30": "31.33860", "2008-06-30": "17.21140", "2008-03-31": "14.35610", "2007-12-31": "10.61700", "2007-09-30": "13.66820", "2007-06-30": "17.42720", "2007-03-31": "19.91310", "2006-12-31": "12.29020", "2006-09-30": "19.13350", "2006-06-30": "19.35980", "2006-03-31": "10.11850", "2005-12-31": "10.08540", "2005-09-30": "8.78040", "2005-06-30": "8.48180", "2005-03-31": "8.71910"}, "ROA - Return On Assets": {"2020-09-30": "1.22900", "2020-06-30": "1.04480", "2020-03-31": "0.77790", "2019-12-31": "2.04520", "2019-09-30": "2.01580", "2019-06-30": "2.21330", "2019-03-31": "2.25300", "2018-12-31": "1.08520", "2018-09-30": "1.79510", "2018-06-30": "2.79070", "2018-03-31": "2.09990", "2017-12-31": "3.91950", "2017-09-30": "1.26160", "2017-06-30": "1.33820", "2017-03-31": "1.46810", "2016-12-31": "0.84870", "2016-09-30": "0.66710", "2016-06-30": "1.33560", "2016-03-31": "1.24340", "2015-12-31": "0.96750", "2015-09-30": "0.70820", "2015-06-30": "1.19100", "2015-03-31": "1.30460", "2014-12-31": "1.19780", "2014-09-30": "1.20600", "2014-06-30": "1.26770", "2014-03-31": "1.15710", "2013-12-31": "0.84870", "2013-09-30": "1.28130", "2013-06-30": "1.08110", "2013-03-31": "1.41280", "2012-12-31": "1.37940", "2012-09-30": "1.64830", "2012-06-30": "1.82590", "2012-03-31": "1.98760", "2011-12-31": "1.23260", "2011-09-30": "1.50660", "2011-06-30": "1.92010", "2011-03-31": "1.83940", "2010-12-31": "0.87390", "2010-09-30": "1.02330", "2010-06-30": "1.35970", "2010-03-31": "0.98430", "2009-12-31": "2.14290", "2009-09-30": "0.94250", "2009-06-30": "-0.12170", "2009-03-31": "0.42410", "2008-12-31": "1.27900", "2008-09-30": "2.51630", "2008-06-30": "3.50090", "2008-03-31": "2.57990", "2007-12-31": "2.01440", "2007-09-30": "2.25400", "2007-06-30": "2.93980", "2007-03-31": "2.74080", "2006-12-31": "2.06530", "2006-09-30": "2.88010", "2006-06-30": "2.90420", "2006-03-31": "3.72910", "2005-12-31": "3.42490", "2005-09-30": "2.86060", "2005-06-30": "3.03320", "2005-03-31": "2.83040"}, "ROI - Return On Investment": {"2020-09-30": "1.47030", "2020-06-30": "1.26320", "2020-03-31": "0.94280", "2019-12-31": "2.46820", "2019-09-30": "2.46100", "2019-06-30": "2.67320", "2019-03-31": "2.75230", "2018-12-31": "1.28040", "2018-09-30": "2.14370", "2018-06-30": "3.37170", "2018-03-31": "2.54210", "2017-12-31": "4.66720", "2017-09-30": "1.56100", "2017-06-30": "1.64980", "2017-03-31": "1.82080", "2016-12-31": "1.04380", "2016-09-30": "0.86750", "2016-06-30": "1.75610", "2016-03-31": "1.64590", "2015-12-31": "1.28290", "2015-09-30": "0.88940", "2015-06-30": "1.48780", "2015-03-31": "1.63880", "2014-12-31": "1.47890", "2014-09-30": "1.52600", "2014-06-30": "1.59090", "2014-03-31": "1.45510", "2013-12-31": "1.04580", "2013-09-30": "1.61510", "2013-06-30": "1.37820", "2013-03-31": "1.79040", "2012-12-31": "1.72240", "2012-09-30": "2.08640", "2012-06-30": "2.25160", "2012-03-31": "2.51200", "2011-12-31": "1.54550", "2011-09-30": "1.89400", "2011-06-30": "2.47810", "2011-03-31": "2.38820", "2010-12-31": "1.10710", "2010-09-30": "1.32320", "2010-06-30": "1.72130", "2010-03-31": "1.25100", "2009-12-31": "2.66930", "2009-09-30": "1.17930", "2009-06-30": "-0.15270", "2009-03-31": "0.53330", "2008-12-31": "1.61650", "2008-09-30": "3.35520", "2008-06-30": "4.64080", "2008-03-31": "3.38680", "2007-12-31": "2.57230", "2007-09-30": "2.86290", "2007-06-30": "3.77570", "2007-03-31": "3.56170", "2006-12-31": "2.63340", "2006-09-30": "3.79700", "2006-06-30": "3.85200", "2006-03-31": "5.01170", "2005-12-31": "4.53280", "2005-09-30": "3.69400", "2005-06-30": "3.93800", "2005-03-31": "3.78440"}, "Book Value Per Share": {"2020-09-30": "79.16590", "2020-06-30": "77.94480", "2020-03-31": "76.98340", "2019-12-31": "75.72690", "2019-09-30": "76.23770", "2019-06-30": "74.25660", "2019-03-31": "71.97440", "2018-12-31": "69.96650", "2018-09-30": "70.41000", "2018-06-30": "68.84310", "2018-03-31": "66.12390", "2017-12-31": "64.72800", "2017-09-30": "60.97460", "2017-06-30": "59.83790", "2017-03-31": "58.67180", "2016-12-31": "57.49760", "2016-09-30": "57.23580", "2016-06-30": "56.95410", "2016-03-31": "55.94340", "2015-12-31": "54.95900", "2015-09-30": "54.56420", "2015-06-30": "54.61620", "2015-03-31": "53.65350", "2014-12-31": "53.37550", "2014-09-30": "52.76530", "2014-06-30": "52.01630", "2014-03-31": "50.85880", "2013-12-31": "50.12650", "2013-09-30": "49.54350", "2013-06-30": "48.39770", "2013-03-31": "47.69730", "2012-12-31": "46.91290", "2012-09-30": "46.14050", "2012-06-30": "44.83650", "2012-03-31": "43.58910", "2011-12-31": "42.02220", "2011-09-30": "41.25420", "2011-06-30": "40.47550", "2011-03-31": "39.19020", "2010-12-31": "37.91720", "2010-09-30": "37.33440", "2010-06-30": "36.69440", "2010-03-31": "35.97310", "2009-12-31": "35.36390", "2009-09-30": "34.04920", "2009-06-30": "33.39110", "2009-03-31": "33.34780", "2008-12-31": "33.21470", "2008-09-30": "32.85520", "2008-06-30": "30.92860", "2008-03-31": "28.80650", "2007-12-31": "28.11820", "2007-09-30": "27.12470", "2007-06-30": "26.29050", "2007-03-31": "24.52810", "2006-12-31": "23.06940", "2006-09-30": "22.17290", "2006-06-30": "20.78330", "2006-03-31": "16.62260", "2005-12-31": "15.55260", "2005-09-30": "14.66490", "2005-06-30": "13.97180", "2005-03-31": "13.27290"}, "Operating Cash Flow Per Share": {"2020-09-30": 4.5641, "2020-06-30": 7.4706, "2020-03-31": "2.53990", "2019-12-31": 5.0884, "2019-09-30": 7.2781, "2019-06-30": 5.0887, "2019-03-31": "1.72540", "2018-12-31": 5.9777, "2018-09-30": 1.8677, "2018-06-30": 1.1479, "2018-03-31": "0.18110", "2017-12-31": 2.732, "2017-09-30": 2.4869, "2017-06-30": 0.4888, "2017-03-31": "-0.28200", "2016-12-31": 3.2788, "2016-09-30": 2.4826, "2016-06-30": 0.6693, "2016-03-31": "2.13730", "2015-12-31": 4.0226, "2015-09-30": 3.4844, "2015-06-30": 3.9754, "2015-03-31": "2.20220", "2014-12-31": 2.4645, "2014-09-30": 0.6738, "2014-06-30": 0.512, "2014-03-31": "0.87800", "2013-12-31": 1.5673, "2013-09-30": 2.9242, "2013-06-30": 2.728, "2013-03-31": "0.93670", "2012-12-31": 4.4014, "2012-09-30": 3.2696, "2012-06-30": 1.1187, "2012-03-31": "-0.83790", "2011-12-31": 2.8981, "2011-09-30": 1.3685, "2011-06-30": 0.2139, "2011-03-31": "-1.35160", "2010-12-31": 2.2338, "2010-09-30": 1.1175, "2010-06-30": 0.2556, "2010-03-31": "-0.73200", "2009-12-31": 1.8547, "2009-09-30": 1.6556, "2009-06-30": 4.9949, "2009-03-31": "4.28960", "2008-12-31": 7.4673, "2008-09-30": -0.1766, "2008-06-30": 0.2831, "2008-03-31": "1.45750", "2007-12-31": 3.3701, "2007-09-30": 2.8244, "2007-06-30": 1.28, "2007-03-31": "0.92570", "2006-12-31": 2.4429, "2006-09-30": 1.1687, "2006-06-30": -1.6277, "2006-03-31": "0.61070", "2005-12-31": 1.6224, "2005-09-30": 1.2311, "2005-06-30": 0.7162, "2005-03-31": "0.54270"}, "Free Cash Flow Per Share": {"2020-09-30": 3.976, "2020-06-30": 6.8018, "2020-03-31": "1.71450", "2019-12-31": 4.3369, "2019-09-30": 6.4008, "2019-06-30": 4.0463, "2019-03-31": "0.94510", "2018-12-31": 5.16, "2018-09-30": 1.1277, "2018-06-30": 0.3661, "2018-03-31": "-0.38800", "2017-12-31": 2.3239, "2017-09-30": 2.0633, "2017-06-30": -0.0373, "2017-03-31": "-0.74640", "2016-12-31": 2.7135, "2016-09-30": 2.0319, "2016-06-30": 0.1617, "2016-03-31": "1.66420", "2015-12-31": 3.4329, "2015-09-30": 2.9005, "2015-06-30": 3.3509, "2015-03-31": "1.80000", "2014-12-31": 1.4142, "2014-09-30": 0.4053, "2014-06-30": -0.2223, "2014-03-31": "0.50920", "2013-12-31": 1.0815, "2013-09-30": 2.3587, "2013-06-30": 2.1166, "2013-03-31": "0.58900", "2012-12-31": 3.4088, "2012-09-30": 2.6558, "2012-06-30": 0.4623, "2012-03-31": "-1.29400", "2011-12-31": 2.3159, "2011-09-30": 0.7716, "2011-06-30": -0.106, "2011-03-31": "-1.81680", "2010-12-31": 1.6505, "2010-09-30": 0.7672, "2010-06-30": 0.0382, "2010-03-31": "-1.03390", "2009-12-31": 1.654, "2009-09-30": 1.4721, "2009-06-30": 4.6504, "2009-03-31": "4.08750", "2008-12-31": 7.0272, "2008-09-30": -0.5861, "2008-06-30": -0.4049, "2008-03-31": "1.19100", "2007-12-31": 2.9228, "2007-09-30": 2.4327, "2007-06-30": 0.8662, "2007-03-31": "0.61300", "2006-12-31": 2.0884, "2006-09-30": 0.8503, "2006-06-30": -2.0214, "2006-03-31": "0.24720", "2005-12-31": 1.3323, "2005-09-30": 1.033, "2005-06-30": 0.5658, "2005-03-31": "0.39190"}}, "revenue": {"Reliance Steel & Aluminum Annual Revenue (Millions of US $)": {"2019": "$10,974", "2018": "$11,535", "2017": "$9,721", "2016": "$8,613", "2015": "$9,351", "2014": "$10,452", "2013": "$9,224", "2012": "$8,442", "2011": "$8,135", "2010": "$6,313", "2009": "$5,318", "2008": "$8,719", "2007": "$7,256", "2006": "$5,743", "2005": "$3,371"}, "Reliance Steel & Aluminum Quarterly Revenue (Millions of US $)": {"2020-09-30": "$2,086", "2020-06-30": "$2,019", "2020-03-31": "$2,573", "2019-12-31": "$2,448", "2019-09-30": "$2,686", "2019-06-30": "$2,884", "2019-03-31": "$2,957", "2018-12-31": "$2,814", "2018-09-30": "$2,975", "2018-06-30": "$2,989", "2018-03-31": "$2,757", "2017-12-31": "$2,376", "2017-09-30": "$2,450", "2017-06-30": "$2,475", "2017-03-31": "$2,419", "2016-12-31": "$2,062", "2016-09-30": "$2,185", "2016-06-30": "$2,204", "2016-03-31": "$2,163", "2015-12-31": "$2,026", "2015-09-30": "$2,286", "2015-06-30": "$2,424", "2015-03-31": "$2,614", "2014-12-31": "$2,577", "2014-09-30": "$2,705", "2014-06-30": "$2,617", "2014-03-31": "$2,553", "2013-12-31": "$2,307", "2013-09-30": "$2,444", "2013-06-30": "$2,448", "2013-03-31": "$2,025", "2012-12-31": "$1,889", "2012-09-30": "$2,055", "2012-06-30": "$2,210", "2012-03-31": "$2,288", "2011-12-31": "$2,034", "2011-09-30": "$2,139", "2011-06-30": "$2,050", "2011-03-31": "$1,913", "2010-12-31": "$1,584", "2010-09-30": "$1,654", "2010-06-30": "$1,621", "2010-03-31": "$1,454", "2009-12-31": "$1,273", "2009-09-30": "$1,243", "2009-06-30": "$1,243", "2009-03-31": "$1,559", "2008-12-31": "$2,143", "2008-09-30": "$2,573", "2008-06-30": "$2,095", "2008-03-31": "$1,908", "2007-12-31": "$1,705", "2007-09-30": "$1,812", "2007-06-30": "$1,896", "2007-03-31": "$1,842", "2006-12-31": "$1,566", "2006-09-30": "$1,628", "2006-06-30": "$1,560", "2006-03-31": "$989", "2005-12-31": "$870", "2005-09-30": "$871", "2005-06-30": "$817", "2005-03-31": "$813"}}, "gross-profit": {"Reliance Steel & Aluminum Annual Gross Profit (Millions of US $)": {"2019": "$3,329", "2018": "$3,282", "2017": "$2,788", "2016": "$2,590", "2015": "$2,547", "2014": "$2,621", "2013": "$2,398", "2012": "$2,207", "2011": "$1,986", "2010": "$1,585", "2009": "$1,400", "2008": "$2,162", "2007": "$1,838", "2006": "$1,511", "2005": "$922"}, "Reliance Steel & Aluminum Quarterly Gross Profit (Millions of US $)": {"2020-09-30": "$676", "2020-06-30": "$615", "2020-03-31": "$781", "2019-12-31": "$794", "2019-09-30": "$815", "2019-06-30": "$854", "2019-03-31": "$867", "2018-12-31": "$710", "2018-09-30": "$834", "2018-06-30": "$918", "2018-03-31": "$820", "2017-12-31": "$679", "2017-09-30": "$686", "2017-06-30": "$702", "2017-03-31": "$722", "2016-12-31": "$614", "2016-09-30": "$655", "2016-06-30": "$685", "2016-03-31": "$637", "2015-12-31": "$582", "2015-09-30": "$638", "2015-06-30": "$656", "2015-03-31": "$671", "2014-12-31": "$622", "2014-09-30": "$678", "2014-06-30": "$673", "2014-03-31": "$647", "2013-12-31": "$604", "2013-09-30": "$643", "2013-06-30": "$622", "2013-03-31": "$529", "2012-12-31": "$524", "2012-09-30": "$535", "2012-06-30": "$569", "2012-03-31": "$578", "2011-12-31": "$475", "2011-09-30": "$494", "2011-06-30": "$511", "2011-03-31": "$506", "2010-12-31": "$394", "2010-09-30": "$396", "2010-06-30": "$417", "2010-03-31": "$378", "2009-12-31": "$406", "2009-09-30": "$356", "2009-06-30": "$283", "2009-03-31": "$354", "2008-12-31": "$459", "2008-09-30": "$624", "2008-06-30": "$587", "2008-03-31": "$492", "2007-12-31": "$427", "2007-09-30": "$440", "2007-06-30": "$497", "2007-03-31": "$473", "2006-12-31": "$385", "2006-09-30": "$434", "2006-06-30": "$420", "2006-03-31": "$271", "2005-12-31": "$252", "2005-09-30": "$230", "2005-06-30": "$223", "2005-03-31": "$217"}}, "operating-income": {"Reliance Steel & Aluminum Annual Operating Income (Millions of US $)": {"2019": "$1,014", "2018": "$938", "2017": "$662", "2016": "$518", "2015": "$550", "2014": "$617", "2013": "$552", "2012": "$659", "2011": "$573", "2010": "$361", "2009": "$250", "2008": "$853", "2007": "$724", "2006": "$627", "2005": "$367"}, "Reliance Steel & Aluminum Quarterly Operating Income (Millions of US $)": {"2020-09-30": "$161", "2020-06-30": "$119", "2020-03-31": "$103", "2019-12-31": "$225", "2019-09-30": "$241", "2019-06-30": "$267", "2019-03-31": "$281", "2018-12-31": "$149", "2018-09-30": "$214", "2018-06-30": "$327", "2018-03-31": "$246", "2017-12-31": "$142", "2017-09-30": "$159", "2017-06-30": "$171", "2017-03-31": "$190", "2016-12-31": "$118", "2016-09-30": "$95", "2016-06-30": "$174", "2016-03-31": "$131", "2015-12-31": "$119", "2015-09-30": "$102", "2015-06-30": "$160", "2015-03-31": "$169", "2014-12-31": "$136", "2014-09-30": "$151", "2014-06-30": "$176", "2014-03-31": "$154", "2013-12-31": "$113", "2013-09-30": "$163", "2013-06-30": "$146", "2013-03-31": "$130", "2012-12-31": "$136", "2012-09-30": "$153", "2012-06-30": "$186", "2012-03-31": "$185", "2011-12-31": "$112", "2011-09-30": "$140", "2011-06-30": "$166", "2011-03-31": "$155", "2010-12-31": "$78", "2010-09-30": "$88", "2010-06-30": "$115", "2010-03-31": "$80", "2009-12-31": "$123", "2009-09-30": "$74", "2009-06-30": "$5", "2009-03-31": "$48", "2008-12-31": "$127", "2008-09-30": "$269", "2008-06-30": "$268", "2008-03-31": "$189", "2007-12-31": "$143", "2007-09-30": "$168", "2007-06-30": "$214", "2007-03-31": "$199", "2006-12-31": "$134", "2006-09-30": "$193", "2006-06-30": "$178", "2006-03-31": "$123", "2005-12-31": "$108", "2005-09-30": "$88", "2005-06-30": "$87", "2005-03-31": "$84"}}, "ebitda": {"Reliance Steel & Aluminum Annual EBITDA (Millions of US $)": {"2019": "$1,233", "2018": "$1,153", "2017": "$881", "2016": "$740", "2015": "$768", "2014": "$831", "2013": "$744", "2012": "$808", "2011": "$706", "2010": "$481", "2009": "$369", "2008": "$951", "2007": "$803", "2006": "$688", "2005": "$414"}, "Reliance Steel & Aluminum Quarterly EBITDA (Millions of US $)": {"2020-09-30": "$217", "2020-06-30": "$176", "2020-03-31": "$160", "2019-12-31": "$281", "2019-09-30": "$296", "2019-06-30": "$321", "2019-03-31": "$335", "2018-12-31": "$203", "2018-09-30": "$268", "2018-06-30": "$382", "2018-03-31": "$301", "2017-12-31": "$197", "2017-09-30": "$213", "2017-06-30": "$226", "2017-03-31": "$245", "2016-12-31": "$173", "2016-09-30": "$150", "2016-06-30": "$230", "2016-03-31": "$187", "2015-12-31": "$173", "2015-09-30": "$156", "2015-06-30": "$215", "2015-03-31": "$225", "2014-12-31": "$191", "2014-09-30": "$205", "2014-06-30": "$228", "2014-03-31": "$206", "2013-12-31": "$165", "2013-09-30": "$213", "2013-06-30": "$196", "2013-03-31": "$171", "2012-12-31": "$176", "2012-09-30": "$190", "2012-06-30": "$223", "2012-03-31": "$220", "2011-12-31": "$147", "2011-09-30": "$174", "2011-06-30": "$197", "2011-03-31": "$188", "2010-12-31": "$110", "2010-09-30": "$118", "2010-06-30": "$145", "2010-03-31": "$109", "2009-12-31": "$152", "2009-09-30": "$105", "2009-06-30": "$35", "2009-03-31": "$78", "2008-12-31": "$155", "2008-09-30": "$296", "2008-06-30": "$289", "2008-03-31": "$211", "2007-12-31": "$165", "2007-09-30": "$188", "2007-06-30": "$233", "2007-03-31": "$217", "2006-12-31": "$151", "2006-09-30": "$208", "2006-06-30": "$194", "2006-03-31": "$134", "2005-12-31": "$120", "2005-09-30": "$100", "2005-06-30": "$99", "2005-03-31": "$95"}}, "net-income": {"Reliance Steel & Aluminum Annual Net Income (Millions of US $)": {"2019": "$702", "2018": "$634", "2017": "$613", "2016": "$304", "2015": "$312", "2014": "$372", "2013": "$322", "2012": "$404", "2011": "$344", "2010": "$194", "2009": "$148", "2008": "$483", "2007": "$408", "2006": "$355", "2005": "$205"}, "Reliance Steel & Aluminum Quarterly Net Income (Millions of US $)": {"2020-09-30": "$98", "2020-06-30": "$80", "2020-03-31": "$62", "2019-12-31": "$166", "2019-09-30": "$163", "2019-06-30": "$183", "2019-03-31": "$190", "2018-12-31": "$86", "2018-09-30": "$148", "2018-06-30": "$231", "2018-03-31": "$169", "2017-12-31": "$301", "2017-09-30": "$97", "2017-06-30": "$103", "2017-03-31": "$112", "2016-12-31": "$62", "2016-09-30": "$50", "2016-06-30": "$101", "2016-03-31": "$92", "2015-12-31": "$69", "2015-09-30": "$51", "2015-06-30": "$90", "2015-03-31": "$101", "2014-12-31": "$92", "2014-09-30": "$96", "2014-06-30": "$97", "2014-03-31": "$87", "2013-12-31": "$62", "2013-09-30": "$95", "2013-06-30": "$81", "2013-03-31": "$84", "2012-12-31": "$80", "2012-09-30": "$98", "2012-06-30": "$109", "2012-03-31": "$116", "2011-12-31": "$68", "2011-09-30": "$85", "2011-06-30": "$99", "2011-03-31": "$92", "2010-12-31": "$40", "2010-09-30": "$49", "2010-06-30": "$62", "2010-03-31": "$45", "2009-12-31": "$92", "2009-09-30": "$42", "2009-06-30": "$-6", "2009-03-31": "$20", "2008-12-31": "$66", "2008-09-30": "$152", "2008-06-30": "$157", "2008-03-31": "$107", "2007-12-31": "$80", "2007-09-30": "$94", "2007-06-30": "$123", "2007-03-31": "$112", "2006-12-31": "$75", "2006-09-30": "$108", "2006-06-30": "$101", "2006-03-31": "$72", "2005-12-31": "$61", "2005-09-30": "$49", "2005-06-30": "$49", "2005-03-31": "$46"}}, "eps-earnings-per-share-diluted": {"Reliance Steel & Aluminum Annual EPS": {"2019": "$10.34", "2018": "$8.75", "2017": "$8.34", "2016": "$4.16", "2015": "$4.16", "2014": "$4.73", "2013": "$4.14", "2012": "$5.33", "2011": "$4.58", "2010": "$2.61", "2009": "$2.01", "2008": "$6.56", "2007": "$5.36", "2006": "$4.82", "2005": "$3.10"}, "Reliance Steel & Aluminum Quarterly EPS": {"2020-09-30": "$1.51", "2020-06-30": "$1.24", "2020-03-31": "$0.92", "2019-12-31": "$2.45", "2019-09-30": "$2.40", "2019-06-30": "$2.69", "2019-03-31": "$2.80", "2018-12-31": "$1.26", "2018-09-30": "$2.03", "2018-06-30": "$3.16", "2018-03-31": "$2.30", "2017-12-31": "$4.10", "2017-09-30": "$1.32", "2017-06-30": "$1.40", "2017-03-31": "$1.52", "2016-12-31": "$0.83", "2016-09-30": "$0.68", "2016-06-30": "$1.38", "2016-03-31": "$1.27", "2015-12-31": "$0.97", "2015-09-30": "$0.69", "2015-06-30": "$1.20", "2015-03-31": "$1.30", "2014-12-31": "$1.19", "2014-09-30": "$1.21", "2014-06-30": "$1.22", "2014-03-31": "$1.11", "2013-12-31": "$0.78", "2013-09-30": "$1.22", "2013-06-30": "$1.05", "2013-03-31": "$1.09", "2012-12-31": "$1.05", "2012-09-30": "$1.30", "2012-06-30": "$1.44", "2012-03-31": "$1.54", "2011-12-31": "$0.91", "2011-09-30": "$1.13", "2011-06-30": "$1.31", "2011-03-31": "$1.23", "2010-12-31": "$0.53", "2010-09-30": "$0.65", "2010-06-30": "$0.83", "2010-03-31": "$0.60", "2009-12-31": "$1.25", "2009-09-30": "$0.57", "2009-06-30": "$-0.08", "2009-03-31": "$0.27", "2008-12-31": "$0.91", "2008-09-30": "$2.07", "2008-06-30": "$2.12", "2008-03-31": "$1.46", "2007-12-31": "$1.09", "2007-09-30": "$1.22", "2007-06-30": "$1.59", "2007-03-31": "$1.46", "2006-12-31": "$1.02", "2006-09-30": "$1.41", "2006-06-30": "$1.32", "2006-03-31": "$1.07", "2005-12-31": "$0.91", "2005-09-30": "$0.75", "2005-06-30": "$0.74", "2005-03-31": "$0.71"}}, "shares-outstanding": {"Reliance Steel & Aluminum Annual Shares Outstanding (Millions of Shares)": {"2019": "68", "2018": "72", "2017": "74", "2016": "73", "2015": "75", "2014": "79", "2013": "78", "2012": "76", "2011": "75", "2010": "74", "2009": "74", "2008": "74", "2007": "76", "2006": "74", "2005": "66"}, "Reliance Steel & Aluminum Quarterly Shares Outstanding (Millions of Shares)": {"2020-09-30": "65", "2020-06-30": "65", "2020-03-31": "67", "2019-12-31": "68", "2019-09-30": "68", "2019-06-30": "68", "2019-03-31": "68", "2018-12-31": "72", "2018-09-30": "73", "2018-06-30": "73", "2018-03-31": "73", "2017-12-31": "74", "2017-09-30": "74", "2017-06-30": "74", "2017-03-31": "73", "2016-12-31": "73", "2016-09-30": "73", "2016-06-30": "73", "2016-03-31": "73", "2015-12-31": "75", "2015-09-30": "74", "2015-06-30": "75", "2015-03-31": "78", "2014-12-31": "79", "2014-09-30": "79", "2014-06-30": "79", "2014-03-31": "78", "2013-12-31": "78", "2013-09-30": "78", "2013-06-30": "77", "2013-03-31": "77", "2012-12-31": "76", "2012-09-30": "76", "2012-06-30": "76", "2012-03-31": "75", "2011-12-31": "75", "2011-09-30": "75", "2011-06-30": "75", "2011-03-31": "75", "2010-12-31": "74", "2010-09-30": "74", "2010-06-30": "75", "2010-03-31": "74", "2009-12-31": "74", "2009-09-30": "74", "2009-06-30": "73", "2009-03-31": "73", "2008-12-31": "74", "2008-09-30": "74", "2008-06-30": "74", "2008-03-31": "74", "2007-12-31": "76", "2007-09-30": "76", "2007-06-30": "77", "2007-03-31": "76", "2006-12-31": "74", "2006-09-30": "76", "2006-06-30": "76", "2006-03-31": "67", "2005-12-31": "66", "2005-09-30": "66", "2005-06-30": "66", "2005-03-31": "66"}}, "total-assets": {"Reliance Steel & Aluminum Annual Total Assets (Millions of US $)": {"2019": "$8,131", "2018": "$8,045", "2017": "$7,751", "2016": "$7,411", "2015": "$7,122", "2014": "$7,822", "2013": "$7,341", "2012": "$5,858", "2011": "$5,606", "2010": "$4,669", "2009": "$4,307", "2008": "$5,195", "2007": "$3,983", "2006": "$3,614", "2005": "$1,769"}, "Reliance Steel & Aluminum Quarterly Total Assets (Millions of US $)": {"2020-09-30": "$7,999", "2020-06-30": "$7,724", "2020-03-31": "$8,086", "2019-12-31": "$8,131", "2019-09-30": "$8,131", "2019-06-30": "$8,327", "2019-03-31": "$8,504", "2018-12-31": "$8,045", "2018-09-30": "$8,373", "2018-06-30": "$8,353", "2018-03-31": "$8,148", "2017-12-31": "$7,751", "2017-09-30": "$7,847", "2017-06-30": "$7,831", "2017-03-31": "$7,724", "2016-12-31": "$7,411", "2016-09-30": "$7,585", "2016-06-30": "$7,645", "2016-03-31": "$7,520", "2015-12-31": "$7,122", "2015-09-30": "$7,456", "2015-06-30": "$7,691", "2015-03-31": "$7,888", "2014-12-31": "$7,822", "2014-09-30": "$8,035", "2014-06-30": "$7,715", "2014-03-31": "$7,597", "2013-12-31": "$7,341", "2013-09-30": "$7,492", "2013-06-30": "$7,576", "2013-03-31": "$5,981", "2012-12-31": "$5,858", "2012-09-30": "$6,030", "2012-06-30": "$6,035", "2012-03-31": "$5,932", "2011-12-31": "$5,606", "2011-09-30": "$5,728", "2011-06-30": "$5,219", "2011-03-31": "$5,089", "2010-12-31": "$4,669", "2010-09-30": "$4,818", "2010-06-30": "$4,619", "2010-03-31": "$4,572", "2009-12-31": "$4,307", "2009-09-30": "$4,464", "2009-06-30": "$4,564", "2009-03-31": "$4,808", "2008-12-31": "$5,195", "2008-09-30": "$6,085", "2008-06-30": "$4,473", "2008-03-31": "$4,165", "2007-12-31": "$3,983", "2007-09-30": "$4,151", "2007-06-30": "$4,177", "2007-03-31": "$4,075", "2006-12-31": "$3,614", "2006-09-30": "$3,733", "2006-06-30": "$3,461", "2006-03-31": "$1,927", "2005-12-31": "$1,769", "2005-09-30": "$1,728", "2005-06-30": "$1,617", "2005-03-31": "$1,638"}}, "cash-on-hand": {"Reliance Steel & Aluminum Annual Cash on Hand (Millions of US $)": {"2019": "$174", "2018": "$128", "2017": "$154", "2016": "$123", "2015": "$104", "2014": "$106", "2013": "$84", "2012": "$98", "2011": "$85", "2010": "$73", "2009": "$43", "2008": "$52", "2007": "$77", "2006": "$57", "2005": "$35"}, "Reliance Steel & Aluminum Quarterly Cash on Hand (Millions of US $)": {"2020-09-30": "$592", "2020-06-30": "$223", "2020-03-31": "$172", "2019-12-31": "$174", "2019-09-30": "$166", "2019-06-30": "$142", "2019-03-31": "$134", "2018-12-31": "$128", "2018-09-30": "$112", "2018-06-30": "$124", "2018-03-31": "$145", "2017-12-31": "$154", "2017-09-30": "$170", "2017-06-30": "$147", "2017-03-31": "$134", "2016-12-31": "$123", "2016-09-30": "$143", "2016-06-30": "$117", "2016-03-31": "$121", "2015-12-31": "$104", "2015-09-30": "$94", "2015-06-30": "$132", "2015-03-31": "$102", "2014-12-31": "$106", "2014-09-30": "$101", "2014-06-30": "$114", "2014-03-31": "$114", "2013-12-31": "$84", "2013-09-30": "$105", "2013-06-30": "$101", "2013-03-31": "$100", "2012-12-31": "$98", "2012-09-30": "$121", "2012-06-30": "$94", "2012-03-31": "$70", "2011-12-31": "$85", "2011-09-30": "$91", "2011-06-30": "$92", "2011-03-31": "$77", "2010-12-31": "$73", "2010-09-30": "$186", "2010-06-30": "$47", "2010-03-31": "$52", "2009-12-31": "$43", "2009-09-30": "$88", "2009-06-30": "$179", "2009-03-31": "$34", "2008-12-31": "$52", "2008-09-30": "$44", "2008-06-30": "$90", "2008-03-31": "$97", "2007-12-31": "$77", "2007-09-30": "$106", "2007-06-30": "$75", "2007-03-31": "$29", "2006-12-31": "$57", "2006-09-30": "$22", "2006-06-30": "$10", "2006-03-31": "$34", "2005-12-31": "$35", "2005-09-30": "$10", "2005-06-30": "$16", "2005-03-31": "$13"}}, "long-term-debt": {"Reliance Steel & Aluminum Annual Long Term Debt (Millions of US $)": {"2019": "$1,524", "2018": "$2,139", "2017": "$1,809", "2016": "$1,847", "2015": "$1,428", "2014": "$2,208", "2013": "$2,073", "2012": "$1,124", "2011": "$1,319", "2010": "$855", "2009": "$849", "2008": "$1,676", "2007": "$1,013", "2006": "$1,088", "2005": "$307"}, "Reliance Steel & Aluminum Quarterly Long Term Debt (Millions of US $)": {"2020-09-30": "$1,638", "2020-06-30": "$1,427", "2020-03-31": "$1,772", "2019-12-31": "$1,524", "2019-09-30": "$1,578", "2019-06-30": "$1,945", "2019-03-31": "$2,122", "2018-12-31": "$2,139", "2018-09-30": "$1,981", "2018-06-30": "$1,933", "2018-03-31": "$1,947", "2017-12-31": "$1,809", "2017-09-30": "$1,896", "2017-06-30": "$1,990", "2017-03-31": "$1,952", "2016-12-31": "$1,847", "2016-09-30": "$1,680", "2016-06-30": "$1,685", "2016-03-31": "$1,640", "2015-12-31": "$1,428", "2015-09-30": "$1,986", "2015-06-30": "$2,094", "2015-03-31": "$2,269", "2014-12-31": "$2,208", "2014-09-30": "$2,230", "2014-06-30": "$2,093", "2014-03-31": "$2,091", "2013-12-31": "$2,073", "2013-09-30": "$2,113", "2013-06-30": "$2,220", "2013-03-31": "$1,064", "2012-12-31": "$1,124", "2012-09-30": "$1,279", "2012-06-30": "$1,519", "2012-03-31": "$1,419", "2011-12-31": "$1,319", "2011-09-30": "$1,464", "2011-06-30": "$1,013", "2011-03-31": "$991", "2010-12-31": "$855", "2010-09-30": "$944", "2010-06-30": "$923", "2010-03-31": "$931", "2009-12-31": "$849", "2009-09-30": "$1,066", "2009-06-30": "$1,185", "2009-03-31": "$1,378", "2008-12-31": "$1,676", "2008-09-30": "$2,157", "2008-06-30": "$1,110", "2008-03-31": "$1,080", "2007-12-31": "$1,013", "2007-09-30": "$1,244", "2007-06-30": "$1,247", "2007-03-31": "$1,272", "2006-12-31": "$1,088", "2006-09-30": "$1,158", "2006-06-30": "$1,041", "2006-03-31": "$331", "2005-12-31": "$307", "2005-09-30": "$371", "2005-06-30": "$325", "2005-03-31": "$352"}}, "total-liabilities": {"Reliance Steel & Aluminum Annual Total Liabilities (Millions of US $)": {"2019": "$2,917", "2018": "$3,365", "2017": "$3,051", "2016": "$3,232", "2015": "$3,179", "2014": "$3,695", "2013": "$3,457", "2012": "$2,290", "2011": "$2,454", "2010": "$1,839", "2009": "$1,699", "2008": "$2,760", "2007": "$1,877", "2006": "$1,868", "2005": "$739"}, "Reliance Steel & Aluminum Quarterly Total Liabilities (Millions of US $)": {"2020-09-30": "$2,951", "2020-06-30": "$2,763", "2020-03-31": "$3,186", "2019-12-31": "$2,917", "2019-09-30": "$3,049", "2019-06-30": "$3,378", "2019-03-31": "$3,665", "2018-12-31": "$3,365", "2018-09-30": "$3,342", "2018-06-30": "$3,372", "2018-03-31": "$3,364", "2017-12-31": "$3,051", "2017-09-30": "$3,401", "2017-06-30": "$3,469", "2017-03-31": "$3,448", "2016-12-31": "$3,232", "2016-09-30": "$3,432", "2016-06-30": "$3,515", "2016-03-31": "$3,479", "2015-12-31": "$3,179", "2015-09-30": "$3,505", "2015-06-30": "$3,629", "2015-03-31": "$3,877", "2014-12-31": "$3,695", "2014-09-30": "$3,915", "2014-06-30": "$3,661", "2014-03-31": "$3,647", "2013-12-31": "$3,457", "2013-09-30": "$3,661", "2013-06-30": "$3,853", "2013-03-31": "$2,325", "2012-12-31": "$2,290", "2012-09-30": "$2,545", "2012-06-30": "$2,660", "2012-03-31": "$2,657", "2011-12-31": "$2,454", "2011-09-30": "$2,635", "2011-06-30": "$2,188", "2011-03-31": "$2,160", "2010-12-31": "$1,839", "2010-09-30": "$2,036", "2010-06-30": "$1,894", "2010-03-31": "$1,906", "2009-12-31": "$1,699", "2009-09-30": "$1,962", "2009-06-30": "$2,111", "2009-03-31": "$2,362", "2008-12-31": "$2,760", "2008-09-30": "$3,679", "2008-06-30": "$2,208", "2008-03-31": "$2,072", "2007-12-31": "$1,877", "2007-09-30": "$2,127", "2007-06-30": "$2,171", "2007-03-31": "$2,211", "2006-12-31": "$1,868", "2006-09-30": "$2,059", "2006-06-30": "$1,893", "2006-03-31": "$824", "2005-12-31": "$739", "2005-09-30": "$761", "2005-06-30": "$697", "2005-03-31": "$765"}}, "total-share-holder-equity": {"Reliance Steel & Aluminum Annual Share Holder Equity (Millions of US $)": {"2019": "$5,214", "2018": "$4,680", "2017": "$4,700", "2016": "$4,179", "2015": "$3,943", "2014": "$4,128", "2013": "$3,884", "2012": "$3,567", "2011": "$3,152", "2010": "$2,830", "2009": "$2,608", "2008": "$2,435", "2007": "$2,106", "2006": "$1,746", "2005": "$1,030"}, "Reliance Steel & Aluminum Quarterly Share Holder Equity (Millions of US $)": {"2020-09-30": "$5,047", "2020-06-30": "$4,962", "2020-03-31": "$4,899", "2019-12-31": "$5,214", "2019-09-30": "$5,082", "2019-06-30": "$4,950", "2019-03-31": "$4,839", "2018-12-31": "$4,680", "2018-09-30": "$5,030", "2018-06-30": "$4,981", "2018-03-31": "$4,784", "2017-12-31": "$4,700", "2017-09-30": "$4,446", "2017-06-30": "$4,362", "2017-03-31": "$4,276", "2016-12-31": "$4,179", "2016-09-30": "$4,153", "2016-06-30": "$4,129", "2016-03-31": "$4,040", "2015-12-31": "$3,943", "2015-09-30": "$3,951", "2015-06-30": "$4,062", "2015-03-31": "$4,011", "2014-12-31": "$4,128", "2014-09-30": "$4,120", "2014-06-30": "$4,054", "2014-03-31": "$3,950", "2013-12-31": "$3,884", "2013-09-30": "$3,831", "2013-06-30": "$3,723", "2013-03-31": "$3,656", "2012-12-31": "$3,567", "2012-09-30": "$3,486", "2012-06-30": "$3,375", "2012-03-31": "$3,275", "2011-12-31": "$3,152", "2011-09-30": "$3,093", "2011-06-30": "$3,031", "2011-03-31": "$2,929", "2010-12-31": "$2,830", "2010-09-30": "$2,781", "2010-06-30": "$2,725", "2010-03-31": "$2,666", "2009-12-31": "$2,608", "2009-09-30": "$2,502", "2009-06-30": "$2,453", "2009-03-31": "$2,445", "2008-12-31": "$2,435", "2008-09-30": "$2,406", "2008-06-30": "$2,265", "2008-03-31": "$2,093", "2007-12-31": "$2,106", "2007-09-30": "$2,024", "2007-06-30": "$2,005", "2007-03-31": "$1,864", "2006-12-31": "$1,746", "2006-09-30": "$1,673", "2006-06-30": "$1,568", "2006-03-31": "$1,102", "2005-12-31": "$1,030", "2005-09-30": "$968", "2005-06-30": "$920", "2005-03-31": "$874"}}, "profit-margins": {"current": "4.44%"}, "gross margin": {"2020-09-30": "31.40%", "2020-06-30": "30.90%", "2020-03-31": "30.63%", "2019-12-31": "30.34%", "2019-09-30": "28.62%", "2019-06-30": "28.07%", "2019-03-31": "28.37%", "2018-12-31": "28.45%", "2018-09-30": "29.30%", "2018-06-30": "29.35%", "2018-03-31": "28.70%", "2017-12-31": "28.69%", "2017-09-30": "28.96%", "2017-06-30": "29.46%", "2017-03-31": "30.17%", "2016-12-31": "30.08%", "2016-09-30": "29.83%", "2016-06-30": "29.29%", "2016-03-31": "28.24%", "2015-12-31": "27.24%", "2015-09-30": "26.13%", "2015-06-30": "25.46%", "2015-03-31": "25.15%", "2014-12-31": "25.07%", "2014-09-30": "25.55%", "2014-06-30": "25.87%", "2014-03-31": "25.80%", "2013-12-31": "26.00%", "2013-09-30": "26.32%", "2013-06-30": "26.26%", "2013-03-31": "26.37%", "2012-12-31": "26.13%", "2012-09-30": "25.12%", "2012-06-30": "24.40%", "2012-03-31": "24.18%", "2011-12-31": "24.41%", "2011-09-30": "24.79%", "2011-06-30": "25.09%", "2011-03-31": "25.30%", "2010-12-31": "25.11%", "2010-09-30": "26.61%", "2010-06-30": "27.85%", "2010-03-31": "27.30%", "2009-12-31": "26.31%", "2009-09-30": "23.46%", "2009-06-30": "22.88%", "2009-03-31": "24.18%", "2008-12-31": "24.80%", "2008-09-30": "25.72%", "2008-06-30": "25.88%", "2008-03-31": "25.35%", "2007-12-31": "25.32%", "2007-09-30": "25.22%", "2007-06-30": "25.81%", "2007-03-31": "25.96%", "2006-12-31": "26.29%", "2006-09-30": "27.28%", "2006-06-30": "27.34%", "2006-03-31": "27.52%", "2005-12-31": "27.35%"}, "operating margin": {"2020-09-30": "6.66%", "2020-06-30": "7.07%", "2020-03-31": "7.89%", "2019-12-31": "9.24%", "2019-09-30": "8.27%", "2019-06-30": "7.83%", "2019-03-31": "8.27%", "2018-12-31": "8.11%", "2018-09-30": "8.37%", "2018-06-30": "8.27%", "2018-03-31": "7.14%", "2017-12-31": "6.81%", "2017-09-30": "6.78%", "2017-06-30": "6.28%", "2017-03-31": "6.51%", "2016-12-31": "6.01%", "2016-09-30": "6.05%", "2016-06-30": "6.06%", "2016-03-31": "5.75%", "2015-12-31": "5.88%", "2015-09-30": "5.73%", "2015-06-30": "5.97%", "2015-03-31": "6.01%", "2014-12-31": "5.90%", "2014-09-30": "5.83%", "2014-06-30": "6.11%", "2014-03-31": "5.91%", "2013-12-31": "5.98%", "2013-09-30": "6.53%", "2013-06-30": "6.71%", "2013-03-31": "7.40%", "2012-12-31": "7.82%", "2012-09-30": "7.41%", "2012-06-30": "7.18%", "2012-03-31": "7.08%", "2011-12-31": "7.04%", "2011-09-30": "7.01%", "2011-06-30": "6.76%", "2011-03-31": "6.44%", "2010-12-31": "5.72%", "2010-09-30": "6.76%", "2010-06-30": "7.01%", "2010-03-31": "5.41%", "2009-12-31": "4.70%", "2009-09-30": "4.10%", "2009-06-30": "5.97%", "2009-03-31": "8.51%", "2008-12-31": "9.78%", "2008-09-30": "10.49%", "2008-06-30": "10.21%", "2008-03-31": "9.75%", "2007-12-31": "9.98%", "2007-09-30": "10.05%", "2007-06-30": "10.68%", "2007-03-31": "10.67%", "2006-12-31": "10.94%", "2006-09-30": "11.93%", "2006-06-30": "11.59%", "2006-03-31": "11.45%", "2005-12-31": "10.89%"}, "ebitda margin": {"2020-09-30": "9.14%", "2020-06-30": "9.39%", "2020-03-31": "9.99%", "2019-12-31": "11.23%", "2019-09-30": "10.18%", "2019-06-30": "9.69%", "2019-03-31": "10.12%", "2018-12-31": "10.00%", "2018-09-30": "10.34%", "2018-06-30": "10.33%", "2018-03-31": "9.31%", "2017-12-31": "9.05%", "2017-09-30": "9.11%", "2017-06-30": "8.69%", "2017-03-31": "9.00%", "2016-12-31": "8.59%", "2016-09-30": "8.62%", "2016-06-30": "8.58%", "2016-03-31": "8.20%", "2015-12-31": "8.21%", "2015-09-30": "7.95%", "2015-06-30": "8.10%", "2015-03-31": "8.08%", "2014-12-31": "7.94%", "2014-09-30": "7.90%", "2014-06-30": "8.18%", "2014-03-31": "8.00%", "2013-12-31": "8.08%", "2013-09-30": "8.59%", "2013-06-30": "8.71%", "2013-03-31": "9.29%", "2012-12-31": "9.58%", "2012-09-30": "9.08%", "2012-06-30": "8.81%", "2012-03-31": "8.67%", "2011-12-31": "8.68%", "2011-09-30": "8.70%", "2011-06-30": "8.51%", "2011-03-31": "8.28%", "2010-12-31": "7.64%", "2010-09-30": "8.73%", "2010-06-30": "9.14%", "2010-03-31": "7.69%", "2009-12-31": "6.96%", "2009-09-30": "6.03%", "2009-06-30": "7.50%", "2009-03-31": "9.77%", "2008-12-31": "10.91%", "2008-09-30": "11.60%", "2008-06-30": "11.34%", "2008-03-31": "10.89%", "2007-12-31": "11.07%", "2007-09-30": "11.09%", "2007-06-30": "11.67%", "2007-03-31": "11.67%", "2006-12-31": "11.96%", "2006-09-30": "13.00%", "2006-06-30": "12.77%", "2006-03-31": "12.77%", "2005-12-31": "12.28%"}, "pre tax profit margin": {"2020-09-30": "5.72%", "2020-06-30": "6.30%", "2020-03-31": "7.15%", "2019-12-31": "8.47%", "2019-09-30": "7.44%", "2019-06-30": "7.06%", "2019-03-31": "7.52%", "2018-12-31": "7.38%", "2018-09-30": "7.64%", "2018-06-30": "7.52%", "2018-03-31": "6.36%", "2017-12-31": "6.01%", "2017-09-30": "5.96%", "2017-06-30": "5.36%", "2017-03-31": "5.52%", "2016-12-31": "4.99%", "2016-09-30": "4.98%", "2016-06-30": "5.00%", "2016-03-31": "4.70%", "2015-12-31": "4.92%", "2015-09-30": "4.98%", "2015-06-30": "5.28%", "2015-03-31": "5.36%", "2014-12-31": "5.22%", "2014-09-30": "5.02%", "2014-06-30": "5.28%", "2014-03-31": "5.06%", "2013-12-31": "5.19%", "2013-09-30": "5.76%", "2013-06-30": "6.04%", "2013-03-31": "6.76%", "2012-12-31": "7.23%", "2012-09-30": "6.84%", "2012-06-30": "6.48%", "2012-03-31": "6.44%", "2011-12-31": "6.28%", "2011-09-30": "6.17%", "2011-06-30": "5.94%", "2011-03-31": "5.48%", "2010-12-31": "4.70%", "2010-09-30": "5.81%", "2010-06-30": "6.05%", "2010-03-31": "4.45%", "2009-12-31": "3.70%", "2009-09-30": "2.94%", "2009-06-30": "4.86%", "2009-03-31": "7.47%", "2008-12-31": "8.79%", "2008-09-30": "9.64%", "2008-06-30": "9.35%", "2008-03-31": "8.85%", "2007-12-31": "9.03%", "2007-09-30": "9.06%", "2007-06-30": "9.64%", "2007-03-31": "9.60%", "2006-12-31": "9.94%", "2006-09-30": "10.92%", "2006-06-30": "10.68%", "2006-03-31": "10.60%", "2005-12-31": "9.91%"}, "net profit margin": {"2020-09-30": "4.45%", "2020-06-30": "4.84%", "2020-03-31": "5.42%", "2019-12-31": "6.40%", "2019-09-30": "5.48%", "2019-06-30": "5.22%", "2019-03-31": "5.58%", "2018-12-31": "5.50%", "2018-09-30": "7.65%", "2018-06-30": "7.55%", "2018-03-31": "6.66%", "2017-12-31": "6.31%", "2017-09-30": "3.98%", "2017-06-30": "3.58%", "2017-03-31": "3.66%", "2016-12-31": "3.54%", "2016-09-30": "3.64%", "2016-06-30": "3.61%", "2016-03-31": "3.39%", "2015-12-31": "3.33%", "2015-09-30": "3.37%", "2015-06-30": "3.67%", "2015-03-31": "3.67%", "2014-12-31": "3.56%", "2014-09-30": "3.36%", "2014-06-30": "3.44%", "2014-03-31": "3.33%", "2013-12-31": "3.49%", "2013-09-30": "3.86%", "2013-06-30": "4.08%", "2013-03-31": "4.54%", "2012-12-31": "4.77%", "2012-09-30": "4.55%", "2012-06-30": "4.36%", "2012-03-31": "4.32%", "2011-12-31": "4.23%", "2011-09-30": "4.11%", "2011-06-30": "3.89%", "2011-03-31": "3.59%", "2010-12-31": "3.10%", "2010-09-30": "4.13%", "2010-06-30": "4.31%", "2010-03-31": "3.32%", "2009-12-31": "2.78%", "2009-09-30": "1.97%", "2009-06-30": "3.09%", "2009-03-31": "4.72%", "2008-12-31": "5.53%", "2008-09-30": "5.99%", "2008-06-30": "5.82%", "2008-03-31": "5.52%", "2007-12-31": "5.64%", "2007-09-30": "5.68%", "2007-06-30": "6.03%", "2007-03-31": "6.00%", "2006-12-31": "6.20%", "2006-09-30": "6.78%", "2006-06-30": "6.60%", "2006-03-31": "6.51%", "2005-12-31": "6.08%"}, "pe ratio": {"current": "15.24", "2021-02-05": "20.25", "2020-09-30": "16.61", "2020-06-30": "13.41", "2020-03-31": "10.19", "2019-12-31": "11.31", "2019-09-30": "10.62", "2019-06-30": "10.51", "2019-03-31": "9.45", "2018-12-31": "7.83", "2018-09-30": "7.02", "2018-06-30": "7.63", "2018-03-31": "8.87", "2017-12-31": "9.65", "2017-09-30": "13.96", "2017-06-30": "15.18", "2017-03-31": "16.65", "2016-12-31": "17.45", "2016-09-30": "15.35", "2016-06-30": "16.26", "2016-03-31": "15.19", "2015-12-31": "12.54", "2015-09-30": "10.98", "2015-06-30": "10.91", "2015-03-31": "10.91", "2014-12-31": "11.30", "2014-09-30": "13.68", "2014-06-30": "14.64", "2014-03-31": "14.53", "2013-12-31": "15.60", "2013-09-30": "14.08", "2013-06-30": "12.32", "2013-03-31": "12.25", "2012-12-31": "9.66", "2012-09-30": "8.34", "2012-06-30": "8.28", "2012-03-31": "9.48", "2011-12-31": "8.70", "2011-09-30": "6.61", "2011-06-30": "10.86", "2011-03-31": "14.47", "2010-12-31": "15.85", "2010-09-30": "10.08", "2010-06-30": "8.96", "2010-03-31": "16.92", "2009-12-31": "17.25", "2009-09-30": "20.52", "2009-06-30": "9.70", "2009-03-31": "3.91", "2008-12-31": "2.41", "2008-09-30": "4.46", "2008-06-30": "10.35", "2008-03-31": "8.82", "2007-12-31": "7.97", "2007-09-30": "8.43", "2007-06-30": "8.08", "2007-03-31": "5.81", "2006-12-31": "5.02"}, "price sales": {"2021-02-05": "0.90", "2020-09-30": "0.74", "2020-06-30": "0.65", "2020-03-31": "0.55", "2019-12-31": "0.72", "2019-09-30": "0.59", "2019-06-30": "0.55", "2019-03-31": "0.53", "2018-12-31": "0.43", "2018-09-30": "0.54", "2018-06-30": "0.58", "2018-03-31": "0.59", "2017-12-31": "0.61", "2017-09-30": "0.55", "2017-06-30": "0.54", "2017-03-31": "0.61", "2016-12-31": "0.62", "2016-09-30": "0.56", "2016-06-30": "0.59", "2016-03-31": "0.52", "2015-12-31": "0.42", "2015-09-30": "0.37", "2015-06-30": "0.40", "2015-03-31": "0.40", "2014-12-31": "0.40", "2014-09-30": "0.46", "2014-06-30": "0.50", "2014-03-31": "0.48", "2013-12-31": "0.54", "2013-09-30": "0.55", "2013-06-30": "0.50", "2013-03-31": "0.56", "2012-12-31": "0.46", "2012-09-30": "0.38", "2012-06-30": "0.36", "2012-03-31": "0.41", "2011-12-31": "0.37", "2011-09-30": "0.27", "2011-06-30": "0.42", "2011-03-31": "0.52", "2010-12-31": "0.49", "2010-09-30": "0.41", "2010-06-30": "0.39", "2010-03-31": "0.56", "2009-12-31": "0.48", "2009-09-30": "0.40", "2009-06-30": "0.30", "2009-03-31": "0.18", "2008-12-31": "0.13", "2008-09-30": "0.27", "2008-06-30": "0.60", "2008-03-31": "0.49", "2007-12-31": "0.45", "2007-09-30": "0.47", "2007-06-30": "0.48", "2007-03-31": "0.43", "2006-12-31": "0.39"}, "price book": {"current": "1.56", "2021-02-05": "1.56", "2020-09-30": "1.28", "2020-06-30": "1.20", "2020-03-31": "1.12", "2019-12-31": "1.54", "2019-09-30": "1.27", "2019-06-30": "1.24", "2019-03-31": "1.21", "2018-12-31": "0.97", "2018-09-30": "1.15", "2018-06-30": "1.20", "2018-03-31": "1.22", "2017-12-31": "1.24", "2017-09-30": "1.16", "2017-06-30": "1.13", "2017-03-31": "1.25", "2016-12-31": "1.27", "2016-09-30": "1.15", "2016-06-30": "1.22", "2016-03-31": "1.11", "2015-12-31": "0.94", "2015-09-30": "0.88", "2015-06-30": "0.98", "2015-03-31": "1.00", "2014-12-31": "1.00", "2014-09-30": "1.12", "2014-06-30": "1.22", "2014-03-31": "1.19", "2013-12-31": "1.29", "2013-09-30": "1.26", "2013-06-30": "1.15", "2013-03-31": "1.26", "2012-12-31": "1.10", "2012-09-30": "0.94", "2012-06-30": "0.93", "2012-03-31": "1.06", "2011-12-31": "0.95", "2011-09-30": "0.67", "2011-06-30": "1.00", "2011-03-31": "1.20", "2010-12-31": "1.09", "2010-09-30": "0.90", "2010-06-30": "0.79", "2010-03-31": "1.10", "2009-12-31": "0.98", "2009-09-30": "1.00", "2009-06-30": "0.92", "2009-03-31": "0.63", "2008-12-31": "0.48", "2008-09-30": "0.91", "2008-06-30": "1.96", "2008-03-31": "1.63", "2007-12-31": "1.51", "2007-09-30": "1.63", "2007-06-30": "1.67", "2007-03-31": "1.54", "2006-12-31": "1.33", "2006-09-30": "1.13", "2006-06-30": "1.55", "2006-03-31": "2.19"}, "price fcf": {"2021-02-05": "", "2020-09-30": "$16.83", "2020-06-30": "$19.25", "2020-03-31": "$16.50", "2019-12-31": "$15.73", "2019-09-30": "$16.55", "2019-06-30": "$11.28", "2019-03-31": "$7.60", "2018-12-31": "$6.27", "2018-09-30": "$3.43", "2018-06-30": "$4.37", "2018-03-31": "$3.96", "2017-12-31": "$3.60", "2017-09-30": "$3.99", "2017-06-30": "$3.96", "2017-03-31": "$4.16", "2016-12-31": "$6.57", "2016-09-30": "$7.29", "2016-06-30": "$8.16", "2016-03-31": "$11.35", "2015-12-31": "$11.48", "2015-09-30": "$9.47", "2015-06-30": "$6.97", "2015-03-31": "$3.40", "2014-12-31": "$2.11", "2014-09-30": "$1.77", "2014-06-30": "$3.73", "2014-03-31": "$6.07", "2013-12-31": "$6.15", "2013-09-30": "$8.47", "2013-06-30": "$8.77", "2013-03-31": "$7.12", "2012-12-31": "$5.23", "2012-09-30": "$4.14", "2012-06-30": "$2.26", "2012-03-31": "$1.69", "2011-12-31": "$1.16", "2011-09-30": "$0.50", "2011-06-30": "$0.49", "2011-03-31": "$0.64", "2010-12-31": "$1.42", "2010-09-30": "$1.43", "2010-06-30": "$2.13", "2010-03-31": "$6.74", "2009-12-31": "$11.86", "2009-09-30": "$17.24", "2009-06-30": "$15.18", "2009-03-31": "$10.12", "2008-12-31": "$7.23", "2008-09-30": "$3.12", "2008-06-30": "$6.14", "2008-03-31": "$7.41", "2007-12-31": "$6.83", "2007-09-30": "$6.00", "2007-06-30": "$4.42", "2007-03-31": "$1.53", "2006-12-31": "$1.16"}, "net worth": {"value": "$7.89B"}, "current ratio": {"current": "5.04", "2020-09-30": "5.04", "2020-06-30": "4.25", "2020-03-31": "4.20", "2019-12-31": "4.46", "2019-09-30": "4.01", "2019-06-30": "4.42", "2019-03-31": "4.06", "2018-12-31": "4.70", "2018-09-30": "4.40", "2018-06-30": "4.06", "2018-03-31": "3.93", "2017-12-31": "4.34", "2017-09-30": "4.06", "2017-06-30": "4.21", "2017-03-31": "3.95", "2016-12-31": "4.10", "2016-09-30": "2.84", "2016-06-30": "2.65", "2016-03-31": "2.56", "2015-12-31": "2.58", "2015-09-30": "4.14", "2015-06-30": "4.27", "2015-03-31": "4.10", "2014-12-31": "4.71", "2014-09-30": "3.87", "2014-06-30": "4.14", "2014-03-31": "4.05", "2013-12-31": "4.78", "2013-09-30": "4.02", "2013-06-30": "3.78", "2013-03-31": "3.62", "2012-12-31": "3.94", "2012-09-30": "3.69", "2012-06-30": "4.53", "2012-03-31": "3.83", "2011-12-31": "3.95", "2011-09-30": "3.77", "2011-06-30": "3.21", "2011-03-31": "3.04", "2010-12-31": "3.34", "2010-09-30": "2.92", "2010-06-30": "3.20", "2010-03-31": "3.05", "2009-12-31": "3.33", "2009-09-30": "3.52", "2009-06-30": "3.46", "2009-03-31": "3.54", "2008-12-31": "3.54", "2008-09-30": "2.77", "2008-06-30": "2.61", "2008-03-31": "2.61", "2007-12-31": "2.87", "2007-09-30": "3.06", "2007-06-30": "2.99", "2007-03-31": "2.80", "2006-12-31": "3.04", "2006-09-30": "2.72", "2006-06-30": "2.68", "2006-03-31": "2.36", "2005-12-31": "2.54", "2005-09-30": "2.68", "2005-06-30": "2.75", "2005-03-31": "2.49"}, "quick ratio": {"2020-09-30": "2.67", "2020-06-30": "1.92", "2020-03-31": "1.98", "2019-12-31": "2.02", "2019-09-30": "1.90", "2019-06-30": "2.08", "2019-03-31": "1.85", "2018-12-31": "2.10", "2018-09-30": "1.92", "2018-06-30": "1.76", "2018-03-31": "1.76", "2017-12-31": "1.88", "2017-09-30": "1.79", "2017-06-30": "1.86", "2017-03-31": "1.76", "2016-12-31": "1.76", "2016-09-30": "1.24", "2016-06-30": "1.14", "2016-03-31": "1.13", "2015-12-31": "1.13", "2015-09-30": "1.87", "2015-06-30": "1.92", "2015-03-31": "1.80", "2014-12-31": "2.07", "2014-09-30": "1.65", "2014-06-30": "1.82", "2014-03-31": "1.83", "2013-12-31": "2.09", "2013-09-30": "1.80", "2013-06-30": "1.73", "2013-03-31": "1.65", "2012-12-31": "1.74", "2012-09-30": "1.71", "2012-06-30": "2.06", "2012-03-31": "1.76", "2011-12-31": "1.84", "2011-09-30": "1.79", "2011-06-30": "1.56", "2011-03-31": "1.48", "2010-12-31": "1.65", "2010-09-30": "1.52", "2010-06-30": "1.53", "2010-03-31": "1.50", "2009-12-31": "1.61", "2009-09-30": "1.75", "2009-06-30": "1.78", "2009-03-31": "1.54", "2008-12-31": "1.57", "2008-09-30": "1.19", "2008-06-30": "1.28", "2008-03-31": "1.30", "2007-12-31": "1.35", "2007-09-30": "1.49", "2007-06-30": "1.37", "2007-03-31": "1.28", "2006-12-31": "1.40", "2006-09-30": "1.24", "2006-06-30": "1.25", "2006-03-31": "1.28", "2005-12-31": "1.38", "2005-09-30": "1.47", "2005-06-30": "1.46", "2005-03-31": "1.31"}, "debt equity ratio": {"current": "0.32", "2020-09-30": "0.59", "2020-06-30": "0.56", "2020-03-31": "0.65", "2019-12-31": "0.56", "2019-09-30": "0.60", "2019-06-30": "0.68", "2019-03-31": "0.76", "2018-12-31": "0.72", "2018-09-30": "0.66", "2018-06-30": "0.68", "2018-03-31": "0.70", "2017-12-31": "0.65", "2017-09-30": "0.77", "2017-06-30": "0.80", "2017-03-31": "0.81", "2016-12-31": "0.77", "2016-09-30": "0.83", "2016-06-30": "0.85", "2016-03-31": "0.86", "2015-12-31": "0.81", "2015-09-30": "0.89", "2015-06-30": "0.89", "2015-03-31": "0.97", "2014-12-31": "0.90", "2014-09-30": "0.95", "2014-06-30": "0.90", "2014-03-31": "0.92", "2013-12-31": "0.89", "2013-09-30": "0.96", "2013-06-30": "1.04", "2013-03-31": "0.64", "2012-12-31": "0.64", "2012-09-30": "0.73", "2012-06-30": "0.79", "2012-03-31": "0.81", "2011-12-31": "0.78", "2011-09-30": "0.85", "2011-06-30": "0.72", "2011-03-31": "0.74", "2010-12-31": "0.65", "2010-09-30": "0.73", "2010-06-30": "0.70", "2010-03-31": "0.72", "2009-12-31": "0.65", "2009-09-30": "0.78", "2009-06-30": "0.86", "2009-03-31": "0.97", "2008-12-31": "1.13", "2008-09-30": "1.53", "2008-06-30": "0.98", "2008-03-31": "0.99", "2007-12-31": "0.89", "2007-09-30": "1.05", "2007-06-30": "1.08", "2007-03-31": "1.19", "2006-12-31": "1.07", "2006-09-30": "1.23", "2006-06-30": "1.21", "2006-03-31": "0.75", "2005-12-31": "0.72", "2005-09-30": "0.79", "2005-06-30": "0.76", "2005-03-31": "0.88"}, "return on equity": {"2020-09-30": "8.07%", "2020-06-30": "9.35%", "2020-03-31": "11.40%", "2019-12-31": "13.98%", "2019-09-30": "12.73%", "2019-06-30": "12.45%", "2019-03-31": "13.42%", "2018-12-31": "13.02%", "2018-09-30": "17.42%", "2018-06-30": "16.88%", "2018-03-31": "14.65%", "2017-12-31": "13.79%", "2017-09-30": "8.67%", "2017-06-30": "7.71%", "2017-03-31": "7.77%", "2016-12-31": "7.39%", "2016-09-30": "7.67%", "2016-06-30": "7.79%", "2016-03-31": "7.55%", "2015-12-31": "7.79%", "2015-09-30": "8.27%", "2015-06-30": "9.29%", "2015-03-31": "9.46%", "2014-12-31": "9.16%", "2014-09-30": "8.55%", "2014-06-30": "8.68%", "2014-03-31": "8.45%", "2013-12-31": "8.53%", "2013-09-30": "9.20%", "2013-06-30": "9.51%", "2013-03-31": "10.54%", "2012-12-31": "11.76%", "2012-09-30": "11.77%", "2012-06-30": "11.73%", "2012-03-31": "11.73%", "2011-12-31": "11.27%", "2011-09-30": "10.64%", "2011-06-30": "9.68%", "2011-03-31": "8.63%", "2010-12-31": "7.13%", "2010-09-30": "9.20%", "2010-06-30": "9.18%", "2010-03-31": "6.77%", "2009-12-31": "5.92%", "2009-09-30": "4.96%", "2009-06-30": "9.53%", "2009-03-31": "16.54%", "2008-12-31": "20.96%", "2008-09-30": "22.37%", "2008-06-30": "20.64%", "2008-03-31": "19.64%", "2007-12-31": "20.45%", "2007-09-30": "21.15%", "2007-06-30": "22.94%", "2007-03-31": "23.12%", "2006-12-31": "23.39%", "2006-09-30": "25.46%", "2006-06-30": "24.25%", "2006-03-31": "22.99%", "2005-12-31": "21.62%"}, "return on assets": {"2020-09-30": "5.08%", "2020-06-30": "5.87%", "2020-03-31": "7.03%", "2019-12-31": "8.49%", "2019-09-30": "7.54%", "2019-06-30": "7.30%", "2019-03-31": "7.87%", "2018-12-31": "7.70%", "2018-09-30": "10.41%", "2018-06-30": "9.94%", "2018-03-31": "8.49%", "2017-12-31": "7.87%", "2017-09-30": "4.86%", "2017-06-30": "4.28%", "2017-03-31": "4.28%", "2016-12-31": "4.04%", "2016-09-30": "4.18%", "2016-06-30": "4.21%", "2016-03-31": "4.06%", "2015-12-31": "4.13%", "2015-09-30": "4.33%", "2015-06-30": "4.82%", "2015-03-31": "4.91%", "2014-12-31": "4.77%", "2014-09-30": "4.46%", "2014-06-30": "4.52%", "2014-03-31": "4.33%", "2013-12-31": "4.54%", "2013-09-30": "5.05%", "2013-06-30": "5.39%", "2013-03-31": "6.21%", "2012-12-31": "6.76%", "2012-09-30": "6.63%", "2012-06-30": "6.49%", "2012-03-31": "6.55%", "2011-12-31": "6.36%", "2011-09-30": "6.10%", "2011-06-30": "5.66%", "2011-03-31": "5.06%", "2010-12-31": "4.20%", "2010-09-30": "5.42%", "2010-06-30": "5.37%", "2010-03-31": "3.86%", "2009-12-31": "3.26%", "2009-09-30": "2.56%", "2009-06-30": "4.49%", "2009-03-31": "7.68%", "2008-12-31": "9.68%", "2008-09-30": "10.61%", "2008-06-30": "10.45%", "2008-03-31": "9.81%", "2007-12-31": "9.98%", "2007-09-30": "10.09%", "2007-06-30": "10.72%", "2007-03-31": "10.64%", "2006-12-31": "11.18%", "2006-09-30": "12.56%", "2006-06-30": "12.74%", "2006-03-31": "13.12%", "2005-12-31": "12.14%"}, "return on investments": {"2020-09-30": "9.18%", "2020-06-30": "10.40%", "2020-03-31": "12.40%", "2019-12-31": "14.88%", "2019-09-30": "13.73%", "2019-06-30": "13.16%", "2019-03-31": "14.02%", "2018-12-31": "13.63%", "2018-09-30": "13.68%", "2018-06-30": "13.19%", "2018-03-31": "11.07%", "2017-12-31": "10.41%", "2017-09-30": "10.23%", "2017-06-30": "9.39%", "2017-03-31": "9.66%", "2016-12-31": "8.87%", "2016-09-30": "9.15%", "2016-06-30": "9.23%", "2016-03-31": "8.85%", "2015-12-31": "9.27%", "2015-09-30": "9.18%", "2015-06-30": "9.81%", "2015-03-31": "10.07%", "2014-12-31": "9.92%", "2014-09-30": "9.70%", "2014-06-30": "10.06%", "2014-03-31": "9.65%", "2013-12-31": "9.79%", "2013-09-30": "10.80%", "2013-06-30": "11.23%", "2013-03-31": "12.69%", "2012-12-31": "13.86%", "2012-09-30": "13.52%", "2012-06-30": "13.39%", "2012-03-31": "13.58%", "2011-12-31": "13.49%", "2011-09-30": "13.31%", "2011-06-30": "12.67%", "2011-03-31": "11.64%", "2010-12-31": "9.85%", "2010-09-30": "11.26%", "2010-06-30": "10.99%", "2010-03-31": "7.91%", "2009-12-31": "6.90%", "2009-09-30": "6.71%", "2009-06-30": "11.13%", "2009-03-31": "17.94%", "2008-12-31": "22.41%", "2008-09-30": "24.43%", "2008-06-30": "23.75%", "2008-03-31": "22.29%", "2007-12-31": "22.67%", "2007-09-30": "22.90%", "2007-06-30": "24.56%", "2007-03-31": "24.68%", "2006-12-31": "25.88%", "2006-09-30": "29.33%", "2006-06-30": "29.59%", "2006-03-31": "30.33%", "2005-12-31": "28.53%"}, "return on tangible equity": {"2020-09-30": "19.37%", "2020-06-30": "22.47%", "2020-03-31": "27.52%", "2019-12-31": "33.93%", "2019-09-30": "31.76%", "2019-06-30": "31.21%", "2019-03-31": "33.65%", "2018-12-31": "32.94%", "2018-09-30": "44.06%", "2018-06-30": "45.03%", "2018-03-31": "41.47%", "2017-12-31": "41.20%", "2017-09-30": "27.67%", "2017-06-30": "25.80%", "2017-03-31": "27.32%", "2016-12-31": "27.34%", "2016-09-30": "28.66%", "2016-06-30": "29.25%", "2016-03-31": "27.96%", "2015-12-31": "28.47%", "2015-09-30": "30.08%", "2015-06-30": "33.33%", "2015-03-31": "33.52%", "2014-12-31": "32.28%", "2014-09-30": "30.92%", "2014-06-30": "33.16%", "2014-03-31": "35.40%", "2013-12-31": "31.96%", "2013-09-30": "31.14%", "2013-06-30": "28.70%", "2013-03-31": "28.47%", "2012-12-31": "32.72%", "2012-09-30": "33.84%", "2012-06-30": "35.34%", "2012-03-31": "34.42%", "2011-12-31": "32.68%", "2011-09-30": "30.36%", "2011-06-30": "26.64%", "2011-03-31": "24.56%", "2010-12-31": "20.90%", "2010-09-30": "27.65%", "2010-06-30": "29.33%", "2010-03-31": "23.05%", "2009-12-31": "21.26%", "2009-09-30": "18.69%", "2009-06-30": "38.52%", "2009-03-31": "59.13%", "2008-12-31": "69.45%", "2008-09-30": "68.32%", "2008-06-30": "56.52%", "2008-03-31": "55.82%", "2007-12-31": "60.44%", "2007-09-30": "63.17%", "2007-06-30": "68.67%", "2007-03-31": "70.43%", "2006-12-31": "59.38%", "2006-09-30": "57.19%", "2006-06-30": "47.30%", "2006-03-31": "37.68%", "2005-12-31": "36.06%"}, "dividend yield history": {"last payout": "$2.50", "last yield": "2.02%"}}