{"ticker": "RNR", "price": {"title": "RenaissanceRe Holdings Historical Annual Stock Price Data", "value": 159.35, "historical": {"2021": {"Average Stock Price": "159.2621", "Year Open": "161.7600", "Year High": "168.1000", "Year Low": "147.9300", "Year Close": "159.3500", "Annual % Change": "-3.90%"}, "2020": {"Average Stock Price": "172.1784", "Year Open": "195.1900", "Year High": "202.1800", "Year Low": "119.7100", "Year Close": "165.8200", "Annual % Change": "-15.41%"}, "2019": {"Average Stock Price": "170.3483", "Year Open": "130.3900", "Year High": "200.8200", "Year Low": "128.3100", "Year Close": "196.0200", "Annual % Change": "46.61%"}, "2018": {"Average Stock Price": "129.6913", "Year Open": "121.6500", "Year High": "140.6700", "Year Low": "116.6100", "Year Close": "133.7000", "Annual % Change": "6.46%"}, "2017": {"Average Stock Price": "139.6290", "Year Open": "135.8600", "Year High": "150.3500", "Year Low": "123.8800", "Year Close": "125.5900", "Annual % Change": "-7.80%"}, "2016": {"Average Stock Price": "118.5949", "Year Open": "112.3500", "Year High": "136.4500", "Year Low": "108.9300", "Year Close": "136.2200", "Annual % Change": "20.35%"}, "2015": {"Average Stock Price": "104.7191", "Year Open": "96.1800", "Year High": "115.4700", "Year Low": "94.5000", "Year Close": "113.1900", "Annual % Change": "16.43%"}, "2014": {"Average Stock Price": "99.5812", "Year Open": "94.0800", "Year High": "108.4200", "Year Low": "89.8000", "Year Close": "97.2200", "Annual % Change": "-0.12%"}, "2013": {"Average Stock Price": "88.7644", "Year Open": "80.9700", "Year High": "97.3400", "Year Low": "80.2000", "Year Close": "97.3400", "Annual % Change": "19.79%"}, "2012": {"Average Stock Price": "76.2959", "Year Open": "73.0000", "Year High": "82.7600", "Year Low": "71.6900", "Year Close": "81.2600", "Annual % Change": "9.26%"}, "2011": {"Average Stock Price": "67.8169", "Year Open": "64.0000", "Year High": "75.0500", "Year Low": "60.1300", "Year Close": "74.3700", "Annual % Change": "16.77%"}, "2010": {"Average Stock Price": "57.4727", "Year Open": "52.9100", "Year High": "64.2300", "Year Low": "51.4100", "Year Close": "63.6900", "Annual % Change": "19.83%"}, "2009": {"Average Stock Price": "50.0437", "Year Open": "51.0000", "Year High": "56.8000", "Year Low": "41.9900", "Year Close": "53.1500", "Annual % Change": "3.08%"}, "2008": {"Average Stock Price": "50.1308", "Year Open": "58.8600", "Year High": "59.2700", "Year Low": "35.1600", "Year Close": "51.5600", "Annual % Change": "-14.41%"}, "2007": {"Average Stock Price": "57.1111", "Year Open": "59.8000", "Year High": "65.8200", "Year Low": "49.7000", "Year Close": "60.2400", "Annual % Change": "0.40%"}, "2006": {"Average Stock Price": "49.4330", "Year Open": "45.2500", "Year High": "60.5000", "Year Low": "41.2800", "Year Close": "60.0000", "Annual % Change": "36.02%"}, "2005": {"Average Stock Price": "45.8171", "Year Open": "51.8300", "Year High": "51.8300", "Year Low": "36.5500", "Year Close": "44.1100", "Annual % Change": "-15.30%"}, "2004": {"Average Stock Price": "51.4808", "Year Open": "49.5900", "Year High": "56.3400", "Year Low": "46.8200", "Year Close": "52.0800", "Annual % Change": "6.18%"}, "2003": {"Average Stock Price": "43.4087", "Year Open": "39.7900", "Year High": "49.3500", "Year Low": "34.4000", "Year Close": "49.0500", "Annual % Change": "23.86%"}, "2002": {"Average Stock Price": "36.7138", "Year Open": "31.6667", "Year High": "43.2400", "Year Low": "28.9000", "Year Close": "39.6000", "Annual % Change": "24.53%"}, "2001": {"Average Stock Price": "26.0902", "Year Open": "25.4167", "Year High": "34.5667", "Year Low": "20.8333", "Year Close": "31.8000", "Annual % Change": "21.82%"}, "2000": {"Average Stock Price": "16.5187", "Year Open": "13.5000", "Year High": "26.7933", "Year Low": "11.9800", "Year Close": "26.1033", "Annual % Change": "91.56%"}, "1999": {"Average Stock Price": "11.9665", "Year Open": "12.2700", "Year High": "14.0433", "Year Low": "10.3133", "Year Close": "13.6267", "Annual % Change": "11.63%"}, "1998": {"Average Stock Price": "14.5250", "Year Open": "14.7500", "Year High": "16.7500", "Year Low": "11.6033", "Year Close": "12.2067", "Annual % Change": "-17.00%"}, "1997": {"Average Stock Price": "13.3744", "Year Open": "10.9567", "Year High": "16.6467", "Year Low": "10.8733", "Year Close": "14.7067", "Annual % Change": "33.70%"}, "1996": {"Average Stock Price": "9.8497", "Year Open": "10.3333", "Year High": "12.0000", "Year Low": "8.9167", "Year Close": "11.0000", "Annual % Change": "8.62%"}}}, "market cap": {"value": "$8.1B"}, "income statement": {"Revenue": {"2020-12-31": "5172.31600", "2019-12-31": "4201.95400", "2018-12-31": "2074.94100", "2017-12-31": "2103.67900", "2016-12-31": "1727.83700", "2015-12-31": "1515.10200", "2014-12-31": "1260.07700", "2013-12-31": "1380.48200", "2012-12-31": "1424.29500", "2011-12-31": "1141.29200", "2010-12-31": "1224.67100", "2009-12-31": "1270.76300", "2008-12-31": "816.58100", "2007-12-31": "1665.55400", "2006-12-31": "1840.73700", "2005-12-31": "1655.90700"}, "Cost Of Goods Sold": {"2020-12-31": "3822.28600", "2019-12-31": "2859.25300", "2018-12-31": "1553.00700", "2017-12-31": "2208.32000", "2016-12-31": "820.15400", "2015-12-31": "686.83000", "2014-12-31": "342.42300", "2013-12-31": "296.78800", "2012-12-31": "438.75300", "2011-12-31": "958.55500", "2010-12-31": "224.30600", "2009-12-31": "33.45200", "2008-12-31": "623.11400", "2007-12-31": "734.20400", "2006-12-31": "726.92700", "2005-12-31": "1873.25000"}, "Gross Profit": {"2020-12-31": "1350.03000", "2019-12-31": "1342.70100", "2018-12-31": "521.93400", "2017-12-31": "-104.64110", "2016-12-31": "907.68300", "2015-12-31": "828.27200", "2014-12-31": "917.65410", "2013-12-31": "1083.69400", "2012-12-31": "985.54210", "2011-12-31": "182.73700", "2010-12-31": "1000.36500", "2009-12-31": "1237.31100", "2008-12-31": "193.46700", "2007-12-31": "931.35000", "2006-12-31": "1113.81000", "2005-12-31": "-217.34300"}, "Research And Development Expenses": {"2020-12-31": "", "2019-12-31": "", "2018-12-31": "", "2017-12-31": "", "2016-12-31": "", "2015-12-31": "", "2014-12-31": "", "2013-12-31": "", "2012-12-31": "", "2011-12-31": "", "2010-12-31": "", "2009-12-31": "", "2008-12-31": "", "2007-12-31": "", "2006-12-31": "", "2005-12-31": ""}, "SG&A Expenses": {"2020-12-31": "206.68700", "2019-12-31": "222.73300", "2018-12-31": "178.26700", "2017-12-31": "160.77800", "2016-12-31": "197.74900", "2015-12-31": "219.11200", "2014-12-31": "190.63900", "2013-12-31": "191.10500", "2012-12-31": "179.15100", "2011-12-31": "169.66100", "2010-12-31": "166.04200", "2009-12-31": "153.55200", "2008-12-31": "94.41400", "2007-12-31": "110.46400", "2006-12-31": "109.58600", "2005-12-31": "85.83800"}, "Other Operating Income Or Expenses": {"2020-12-31": "", "2019-12-31": "", "2018-12-31": "", "2017-12-31": "", "2016-12-31": "", "2015-12-31": "", "2014-12-31": "", "2013-12-31": "", "2012-12-31": "", "2011-12-31": "", "2010-12-31": "", "2009-12-31": "", "2008-12-31": "", "2007-12-31": "", "2006-12-31": "", "2005-12-31": ""}, "Operating Expenses": {"2020-12-31": "4176.39600", "2019-12-31": "3234.47200", "2018-12-31": "1812.32600", "2017-12-31": "2431.86300", "2016-12-31": "1097.44900", "2015-12-31": "1018.72600", "2014-12-31": "573.21300", "2013-12-31": "539.44400", "2012-12-31": "657.45700", "2011-12-31": "1169.74000", "2010-12-31": "432.31300", "2009-12-31": "214.77300", "2008-12-31": "766.45400", "2007-12-31": "907.15390", "2006-12-31": "898.53300", "2005-12-31": "2059.11900"}, "Operating Income": {"2020-12-31": "995.91990", "2019-12-31": "967.48220", "2018-12-31": "262.61500", "2017-12-31": "-328.18430", "2016-12-31": "630.38810", "2015-12-31": "496.37600", "2014-12-31": "686.86400", "2013-12-31": "841.03810", "2012-12-31": "766.83810", "2011-12-31": "-28.44800", "2010-12-31": "792.35800", "2009-12-31": "1055.99000", "2008-12-31": "50.12700", "2007-12-31": "758.40000", "2006-12-31": "942.20410", "2005-12-31": "-403.21220"}, "Total Non-Operating Income/Expense": {"2020-12-31": "", "2019-12-31": "", "2018-12-31": "", "2017-12-31": "", "2016-12-31": "", "2015-12-31": "", "2014-12-31": "", "2013-12-31": "", "2012-12-31": "", "2011-12-31": "", "2010-12-31": "", "2009-12-31": "", "2008-12-31": "", "2007-12-31": "", "2006-12-31": "-144.15900", "2005-12-31": "156.44900"}, "Pre-Tax Income": {"2020-12-31": "995.92000", "2019-12-31": "967.48200", "2018-12-31": "262.61500", "2017-12-31": "-328.18400", "2016-12-31": "630.38800", "2015-12-31": "496.37600", "2014-12-31": "686.86400", "2013-12-31": "841.03800", "2012-12-31": "766.83800", "2011-12-31": "-28.44800", "2010-12-31": "792.35800", "2009-12-31": "1055.99000", "2008-12-31": "50.12700", "2007-12-31": "758.40000", "2006-12-31": "798.04500", "2005-12-31": "-246.76300"}, "Income Taxes": {"2020-12-31": "2.86200", "2019-12-31": "17.21500", "2018-12-31": "-6.30200", "2017-12-31": "26.48700", "2016-12-31": "0.34000", "2015-12-31": "-45.86600", "2014-12-31": "0.60800", "2013-12-31": "1.69200", "2012-12-31": "1.41300", "2011-12-31": "10.38500", "2010-12-31": "-6.12400", "2009-12-31": "10.03100", "2008-12-31": "-0.18000", "2007-12-31": "-18.43200", "2006-12-31": "0.93500", "2005-12-31": ""}, "Income After Taxes": {"2020-12-31": "993.05800", "2019-12-31": "950.26700", "2018-12-31": "268.91700", "2017-12-31": "-354.67100", "2016-12-31": "630.04800", "2015-12-31": "542.24200", "2014-12-31": "686.25600", "2013-12-31": "839.34600", "2012-12-31": "765.42500", "2011-12-31": "-38.83300", "2010-12-31": "798.48200", "2009-12-31": "1045.95900", "2008-12-31": "50.30700", "2007-12-31": "776.83200", "2006-12-31": "797.11000", "2005-12-31": "-246.76300"}, "Other Income": {"2020-12-31": "", "2019-12-31": "", "2018-12-31": "", "2017-12-31": "", "2016-12-31": "", "2015-12-31": "", "2014-12-31": "", "2013-12-31": "", "2012-12-31": "", "2011-12-31": "", "2010-12-31": "", "2009-12-31": "", "2008-12-31": "", "2007-12-31": "", "2006-12-31": "", "2005-12-31": ""}, "Income From Continuous Operations": {"2020-12-31": "993.05800", "2019-12-31": "950.26700", "2018-12-31": "268.91700", "2017-12-31": "-354.67100", "2016-12-31": "630.04800", "2015-12-31": "542.24200", "2014-12-31": "686.25600", "2013-12-31": "839.34600", "2012-12-31": "765.42500", "2011-12-31": "-38.83300", "2010-12-31": "798.48200", "2009-12-31": "1045.95900", "2008-12-31": "50.30700", "2007-12-31": "776.83200", "2006-12-31": "797.11000", "2005-12-31": "-246.76300"}, "Income From Discontinued Operations": {"2020-12-31": "", "2019-12-31": "", "2018-12-31": "", "2017-12-31": "", "2016-12-31": "", "2015-12-31": "", "2014-12-31": "", "2013-12-31": "2.42200", "2012-12-31": "-16.47600", "2011-12-31": "-51.55900", "2010-12-31": "62.67000", "2009-12-31": "6.70000", "2008-12-31": "33.84600", "2007-12-31": "", "2006-12-31": "", "2005-12-31": ""}, "Net Income": {"2020-12-31": "731.48200", "2019-12-31": "703.49700", "2018-12-31": "195.15500", "2017-12-31": "-245.22700", "2016-12-31": "474.91500", "2015-12-31": "404.09000", "2014-12-31": "503.57700", "2013-12-31": "656.15600", "2012-12-31": "557.04100", "2011-12-31": "-93.22500", "2010-12-31": "684.84800", "2009-12-31": "820.38500", "2008-12-31": "-13.22100", "2007-12-31": "561.90800", "2006-12-31": "761.63500", "2005-12-31": "-281.41300"}, "EBITDA": {"2020-12-31": "1046.37300", "2019-12-31": "966.88220", "2018-12-31": "309.80700", "2017-12-31": "-252.74930", "2016-12-31": "701.83610", "2015-12-31": "550.82510", "2014-12-31": "752.03700", "2013-12-31": "910.56310", "2012-12-31": "849.63010", "2011-12-31": "37.21800", "2010-12-31": "873.90600", "2009-12-31": "1080.31400", "2008-12-31": "65.88900", "2007-12-31": "772.25200", "2006-12-31": "967.52710", "2005-12-31": "-365.35920"}, "EBIT": {"2020-12-31": "1046.37300", "2019-12-31": "1025.84600", "2018-12-31": "309.68400", "2017-12-31": "-283.99130", "2016-12-31": "672.53200", "2015-12-31": "532.64610", "2014-12-31": "704.26600", "2013-12-31": "858.96710", "2012-12-31": "789.93510", "2011-12-31": "-5.08000", "2010-12-31": "814.18700", "2009-12-31": "1071.10100", "2008-12-31": "74.76000", "2007-12-31": "792.02600", "2006-12-31": "979.80610", "2005-12-31": "-374.99420"}, "Basic Shares Outstanding": {"2020-12-31": "47.10300", "2019-12-31": "43.11900", "2018-12-31": "39.73200", "2017-12-31": "39.85400", "2016-12-31": "41.31400", "2015-12-31": "43.15700", "2014-12-31": "39.42500", "2013-12-31": "43.34900", "2012-12-31": "48.87300", "2011-12-31": "50.74700", "2010-12-31": "55.14500", "2009-12-31": "60.77500", "2008-12-31": "62.53100", "2007-12-31": "70.52000", "2006-12-31": "71.06400", "2005-12-31": "70.59200"}, "Shares Outstanding": {"2020-12-31": "47.17800", "2019-12-31": "43.17500", "2018-12-31": "39.75500", "2017-12-31": "39.85400", "2016-12-31": "41.55900", "2015-12-31": "43.52600", "2014-12-31": "39.96800", "2013-12-31": "44.12800", "2012-12-31": "49.60300", "2011-12-31": "50.74700", "2010-12-31": "55.64100", "2009-12-31": "61.21000", "2008-12-31": "63.41100", "2007-12-31": "71.82500", "2006-12-31": "72.07300", "2005-12-31": "71.90000"}, "Basic EPS": {"2020-12-31": "15.34000", "2019-12-31": "16.32000", "2018-12-31": "4.91000", "2017-12-31": "-6.15000", "2016-12-31": "11.50000", "2015-12-31": "9.36000", "2014-12-31": "12.77000", "2013-12-31": "15.14000", "2012-12-31": "11.40000", "2011-12-31": "-1.84000", "2010-12-31": "12.42000", "2009-12-31": "13.50000", "2008-12-31": "-0.21000", "2007-12-31": "8.08000", "2006-12-31": "10.72000", "2005-12-31": "-3.99000"}, "EPS - Earnings Per Share": {"2020-12-31": "15.31000", "2019-12-31": "16.29000", "2018-12-31": "4.91000", "2017-12-31": "-6.15000", "2016-12-31": "11.43000", "2015-12-31": "9.28000", "2014-12-31": "12.60000", "2013-12-31": "14.87000", "2012-12-31": "11.23000", "2011-12-31": "-1.84000", "2010-12-31": "12.31000", "2009-12-31": "13.40000", "2008-12-31": "-0.21000", "2007-12-31": "7.93000", "2006-12-31": "10.57000", "2005-12-31": "-3.99000"}}, "income statement, quarterly": {"Revenue": {"2020-12-31": "1395.32300", "2020-09-30": "1332.29300", "2020-06-30": "1548.43600", "2020-03-31": "896.26400", "2019-12-31": "1105.30500", "2019-09-30": "1051.14800", "2019-06-30": "1238.38000", "2019-03-31": "807.12100", "2018-12-31": "547.99690", "2018-09-30": "629.75400", "2018-06-30": "479.20400", "2018-03-31": "417.98600", "2017-12-31": "491.29300", "2017-09-30": "634.73500", "2017-06-30": "505.58500", "2017-03-31": "472.06600", "2016-12-31": "353.96710", "2016-09-30": "442.46600", "2016-06-30": "483.28400", "2016-03-31": "448.12000", "2015-12-31": "377.37500", "2015-09-30": "358.24000", "2015-06-30": "397.56700", "2015-03-31": "381.92000", "2014-12-31": "318.79800", "2014-09-30": "266.49600", "2014-06-30": "331.17400", "2014-03-31": "343.60900", "2013-12-31": "405.20900", "2013-09-30": "391.57200", "2013-06-30": "250.23500", "2013-03-31": "333.46600", "2012-12-31": "366.76700", "2012-09-30": "390.49900", "2012-06-30": "310.49800", "2012-03-31": "356.53100", "2011-12-31": "254.76300", "2011-09-30": "217.94700", "2011-06-30": "280.92200", "2011-03-31": "387.66000", "2010-12-31": "187.09200", "2010-09-30": "382.01900", "2010-06-30": "306.40800", "2010-03-31": "349.15200", "2009-12-31": "294.38000", "2009-09-30": "438.58700", "2009-06-30": "508.78000", "2009-03-31": "323.76400", "2008-12-31": "149.99900", "2008-09-30": "315.53800", "2008-06-30": "395.71400", "2008-03-31": "369.94500", "2007-12-31": "283.51400", "2007-09-30": "424.82500", "2007-06-30": "468.83200", "2007-03-31": "488.38300", "2006-12-31": "468.55910", "2006-09-30": "461.63100", "2006-06-30": "487.30100", "2006-03-31": "423.24600", "2005-12-31": "481.59390", "2005-09-30": "422.77800", "2005-06-30": "404.24200", "2005-03-31": "347.29300"}, "Cost Of Goods Sold": {"2020-12-31": "1139.63600", "2020-09-30": "1157.21000", "2020-06-30": "743.88200", "2020-03-31": "781.55800", "2019-12-31": "970.71110", "2019-09-30": "856.70100", "2019-06-30": "680.85500", "2019-03-31": "350.98600", "2018-12-31": "598.10300", "2018-09-30": "520.27100", "2018-06-30": "165.21900", "2018-03-31": "269.41400", "2017-12-31": "402.66190", "2017-09-30": "1298.45700", "2017-06-30": "230.83800", "2017-03-31": "276.36300", "2016-12-31": "198.04700", "2016-09-30": "193.15500", "2016-06-30": "236.75500", "2016-03-31": "192.19700", "2015-12-31": "157.41200", "2015-09-30": "178.15400", "2015-06-30": "231.01000", "2015-03-31": "120.25400", "2014-12-31": "27.74600", "2014-09-30": "107.19700", "2014-06-30": "114.86500", "2014-03-31": "92.61500", "2013-12-31": "10.17200", "2013-09-30": "98.62700", "2013-06-30": "135.72900", "2013-03-31": "52.26000", "2012-12-31": "226.27800", "2012-09-30": "97.65300", "2012-06-30": "75.15900", "2012-03-31": "39.66300", "2011-12-31": "28.65200", "2011-09-30": "103.88700", "2011-06-30": "165.14400", "2011-03-31": "660.87200", "2010-12-31": "-8.32500", "2010-09-30": "104.07900", "2010-06-30": "4.77700", "2010-03-31": "123.77500", "2009-12-31": "-18.31500", "2009-09-30": "82.77000", "2009-06-30": "119.31800", "2009-03-31": "130.80100", "2008-12-31": "88.05000", "2008-09-30": "589.57800", "2008-06-30": "167.83000", "2008-03-31": "128.58400", "2007-12-31": "130.70100", "2007-09-30": "195.41900", "2007-06-30": "198.36300", "2007-03-31": "209.72100", "2006-12-31": "170.56800", "2006-09-30": "106.43400", "2006-06-30": "281.93300", "2006-03-31": "167.99200", "2005-12-31": "737.03700", "2005-09-30": "728.68400", "2005-06-30": "154.37300", "2005-03-31": "253.15600"}, "Gross Profit": {"2020-12-31": "255.68700", "2020-09-30": "175.08300", "2020-06-30": "804.55400", "2020-03-31": "114.70600", "2019-12-31": "134.59410", "2019-09-30": "194.44690", "2019-06-30": "557.52500", "2019-03-31": "456.13500", "2018-12-31": "-50.10600", "2018-09-30": "109.48300", "2018-06-30": "313.98500", "2018-03-31": "148.57200", "2017-12-31": "88.63110", "2017-09-30": "-663.72200", "2017-06-30": "274.74700", "2017-03-31": "195.70300", "2016-12-31": "155.92010", "2016-09-30": "249.31100", "2016-06-30": "246.52900", "2016-03-31": "255.92300", "2015-12-31": "219.96300", "2015-09-30": "180.08600", "2015-06-30": "166.55700", "2015-03-31": "261.66600", "2014-12-31": "291.05200", "2014-09-30": "159.29900", "2014-06-30": "216.30900", "2014-03-31": "250.99400", "2013-12-31": "395.03700", "2013-09-30": "292.94500", "2013-06-30": "114.50600", "2013-03-31": "281.20600", "2012-12-31": "140.48900", "2012-09-30": "292.84600", "2012-06-30": "235.33900", "2012-03-31": "316.86800", "2011-12-31": "226.11090", "2011-09-30": "114.06000", "2011-06-30": "115.77800", "2011-03-31": "-273.21200", "2010-12-31": "195.41700", "2010-09-30": "277.94000", "2010-06-30": "301.63100", "2010-03-31": "225.37700", "2009-12-31": "312.69500", "2009-09-30": "355.81700", "2009-06-30": "389.46200", "2009-03-31": "192.96300", "2008-12-31": "61.94900", "2008-09-30": "-274.04000", "2008-06-30": "227.88400", "2008-03-31": "241.36100", "2007-12-31": "152.81300", "2007-09-30": "229.40600", "2007-06-30": "270.46900", "2007-03-31": "278.66200", "2006-12-31": "297.99110", "2006-09-30": "355.19700", "2006-06-30": "205.36800", "2006-03-31": "255.25400", "2005-12-31": "-255.44310", "2005-09-30": "-305.90600", "2005-06-30": "249.86900", "2005-03-31": "94.13700"}, "Research And Development Expenses": {"2020-12-31": "", "2020-09-30": "", "2020-06-30": "", "2020-03-31": "", "2019-12-31": "", "2019-09-30": "", "2019-06-30": "", "2019-03-31": "", "2018-12-31": "", "2018-09-30": "", "2018-06-30": "", "2018-03-31": "", "2017-12-31": "", "2017-09-30": "", "2017-06-30": "", "2017-03-31": "", "2016-12-31": "", "2016-09-30": "", "2016-06-30": "", "2016-03-31": "", "2015-12-31": "", "2015-09-30": "", "2015-06-30": "", "2015-03-31": "", "2014-12-31": "", "2014-09-30": "", "2014-06-30": "", "2014-03-31": "", "2013-12-31": "", "2013-09-30": "", "2013-06-30": "", "2013-03-31": "", "2012-12-31": "", "2012-09-30": "", "2012-06-30": "", "2012-03-31": "", "2011-12-31": "", "2011-09-30": "", "2011-06-30": "", "2011-03-31": "", "2010-12-31": "", "2010-09-30": "", "2010-06-30": "", "2010-03-31": "", "2009-12-31": "", "2009-09-30": "", "2009-06-30": "", "2009-03-31": "", "2008-12-31": "", "2008-09-30": "", "2008-06-30": "", "2008-03-31": "", "2007-12-31": "", "2007-09-30": "", "2007-06-30": "", "2007-03-31": "", "2006-12-31": "", "2006-09-30": "", "2006-06-30": "", "2006-03-31": "", "2005-12-31": "", "2005-09-30": "", "2005-06-30": "", "2005-03-31": ""}, "SG&A Expenses": {"2020-12-31": "41.10400", "2020-09-30": "49.04500", "2020-06-30": "49.07700", "2020-03-31": "67.46100", "2019-12-31": "64.57100", "2019-09-30": "53.41500", "2019-06-30": "59.81400", "2019-03-31": "44.93300", "2018-12-31": "58.85900", "2018-09-30": "40.59300", "2018-06-30": "37.54300", "2018-03-31": "41.27200", "2017-12-31": "29.19200", "2017-09-30": "42.53700", "2017-06-30": "41.76600", "2017-03-31": "47.28300", "2016-12-31": "49.94800", "2016-09-30": "40.49300", "2016-06-30": "51.07300", "2016-03-31": "56.23500", "2015-12-31": "64.30000", "2015-09-30": "54.51800", "2015-06-30": "54.67300", "2015-03-31": "45.62100", "2014-12-31": "55.20200", "2014-09-30": "46.97200", "2014-06-30": "45.84100", "2014-03-31": "42.62400", "2013-12-31": "57.65800", "2013-09-30": "44.67200", "2013-06-30": "42.78900", "2013-03-31": "45.98600", "2012-12-31": "53.00500", "2012-09-30": "42.35600", "2012-06-30": "41.40700", "2012-03-31": "42.38300", "2011-12-31": "43.36300", "2011-09-30": "42.16900", "2011-06-30": "42.29900", "2011-03-31": "41.83000", "2010-12-31": "45.88200", "2010-09-30": "36.97000", "2010-06-30": "38.04000", "2010-03-31": "45.15000", "2009-12-31": "43.71200", "2009-09-30": "45.49800", "2009-06-30": "46.86500", "2009-03-31": "39.75700", "2008-12-31": "28.26200", "2008-09-30": "30.29600", "2008-06-30": "33.49400", "2008-03-31": "30.11300", "2007-12-31": "28.28700", "2007-09-30": "27.12600", "2007-06-30": "26.52700", "2007-03-31": "28.52400", "2006-12-31": "32.23500", "2006-09-30": "27.36400", "2006-06-30": "29.05600", "2006-03-31": "20.93100", "2005-12-31": "20.75900", "2005-09-30": "22.85900", "2005-06-30": "23.37700", "2005-03-31": "18.84300"}, "Other Operating Income Or Expenses": {"2020-12-31": "", "2020-09-30": "", "2020-06-30": "", "2020-03-31": "", "2019-12-31": "", "2019-09-30": "", "2019-06-30": "", "2019-03-31": "", "2018-12-31": "", "2018-09-30": "", "2018-06-30": "", "2018-03-31": "", "2017-12-31": "", "2017-09-30": "", "2017-06-30": "", "2017-03-31": "", "2016-12-31": "", "2016-09-30": "", "2016-06-30": "", "2016-03-31": "", "2015-12-31": "", "2015-09-30": "", "2015-06-30": "", "2015-03-31": "", "2014-12-31": "", "2014-09-30": "", "2014-06-30": "", "2014-03-31": "", "2013-12-31": "", "2013-09-30": "", "2013-06-30": "", "2013-03-31": "", "2012-12-31": "", "2012-09-30": "", "2012-06-30": "", "2012-03-31": "", "2011-12-31": "", "2011-09-30": "", "2011-06-30": "", "2011-03-31": "", "2010-12-31": "", "2010-09-30": "", "2010-06-30": "", "2010-03-31": "", "2009-12-31": "", "2009-09-30": "", "2009-06-30": "", "2009-03-31": "", "2008-12-31": "", "2008-09-30": "", "2008-06-30": "", "2008-03-31": "", "2007-12-31": "", "2007-09-30": "", "2007-06-30": "", "2007-03-31": "", "2006-12-31": "", "2006-09-30": "", "2006-06-30": "", "2006-03-31": "", "2005-12-31": "", "2005-09-30": "", "2005-06-30": "", "2005-03-31": ""}, "Operating Expenses": {"2020-12-31": "1213.61200", "2020-09-30": "1266.14800", "2020-06-30": "816.69900", "2020-03-31": "879.93700", "2019-12-31": "1068.42000", "2019-09-30": "939.54000", "2019-06-30": "780.05000", "2019-03-31": "446.46200", "2018-12-31": "680.83500", "2018-09-30": "579.47400", "2018-06-30": "222.83100", "2018-03-31": "329.18600", "2017-12-31": "447.86840", "2017-09-30": "1357.20600", "2017-06-30": "287.33100", "2017-03-31": "339.45800", "2016-12-31": "270.41690", "2016-09-30": "255.72100", "2016-06-30": "304.11600", "2016-03-31": "267.19500", "2015-12-31": "243.05300", "2015-09-30": "250.53600", "2015-06-30": "308.41300", "2015-03-31": "216.72400", "2014-12-31": "97.82000", "2014-09-30": "162.36400", "2014-06-30": "168.95200", "2014-03-31": "144.07700", "2013-12-31": "75.43100", "2013-09-30": "151.90400", "2013-06-30": "204.34700", "2013-03-31": "107.76200", "2012-12-31": "288.83700", "2012-09-30": "149.69600", "2012-06-30": "126.34900", "2012-03-31": "92.57500", "2011-12-31": "86.23500", "2011-09-30": "155.36000", "2011-06-30": "217.18400", "2011-03-31": "710.96110", "2010-12-31": "48.60400", "2010-09-30": "152.80300", "2010-06-30": "53.51600", "2010-03-31": "177.39000", "2009-12-31": "33.31700", "2009-09-30": "127.69700", "2009-06-30": "176.72200", "2009-03-31": "181.28200", "2008-12-31": "129.53000", "2008-09-30": "628.36910", "2008-06-30": "214.37200", "2008-03-31": "174.20400", "2007-12-31": "175.98490", "2007-09-30": "236.92900", "2007-06-30": "237.01200", "2007-03-31": "257.22800", "2006-12-31": "219.22900", "2006-09-30": "148.41100", "2006-06-30": "326.93000", "2006-03-31": "203.96300", "2005-12-31": "795.47120", "2005-09-30": "780.29400", "2005-06-30": "193.41100", "2005-03-31": "289.94300"}, "Operating Income": {"2020-12-31": "181.71110", "2020-09-30": "66.14490", "2020-06-30": "731.73700", "2020-03-31": "16.32700", "2019-12-31": "36.88530", "2019-09-30": "111.60790", "2019-06-30": "458.33000", "2019-03-31": "360.65900", "2018-12-31": "-132.83800", "2018-09-30": "50.28000", "2018-06-30": "256.37300", "2018-03-31": "88.80000", "2017-12-31": "43.42460", "2017-09-30": "-722.47090", "2017-06-30": "218.25400", "2017-03-31": "132.60800", "2016-12-31": "83.55020", "2016-09-30": "186.74500", "2016-06-30": "179.16800", "2016-03-31": "180.92500", "2015-12-31": "134.32200", "2015-09-30": "107.70400", "2015-06-30": "89.15400", "2015-03-31": "165.19600", "2014-12-31": "220.97800", "2014-09-30": "104.13200", "2014-06-30": "162.22200", "2014-03-31": "199.53200", "2013-12-31": "329.77810", "2013-09-30": "239.66800", "2013-06-30": "45.88800", "2013-03-31": "225.70400", "2012-12-31": "77.93010", "2012-09-30": "240.80300", "2012-06-30": "184.14900", "2012-03-31": "263.95600", "2011-12-31": "168.52800", "2011-09-30": "62.58700", "2011-06-30": "63.73800", "2011-03-31": "-323.30110", "2010-12-31": "138.48800", "2010-09-30": "229.21600", "2010-06-30": "252.89200", "2010-03-31": "171.76200", "2009-12-31": "261.06300", "2009-09-30": "310.89000", "2009-06-30": "332.05800", "2009-03-31": "142.48200", "2008-12-31": "20.46900", "2008-09-30": "-312.83110", "2008-06-30": "181.34200", "2008-03-31": "195.74100", "2007-12-31": "107.52910", "2007-09-30": "187.89600", "2007-06-30": "231.82000", "2007-03-31": "231.15500", "2006-12-31": "249.33010", "2006-09-30": "313.22000", "2006-06-30": "160.37100", "2006-03-31": "219.28300", "2005-12-31": "-313.87730", "2005-09-30": "-357.51600", "2005-06-30": "210.83100", "2005-03-31": "57.35000"}, "Total Non-Operating Income/Expense": {"2020-12-31": "", "2020-09-30": "", "2020-06-30": "", "2020-03-31": "", "2019-12-31": "", "2019-09-30": "", "2019-06-30": "", "2019-03-31": "", "2018-12-31": "", "2018-09-30": "", "2018-06-30": "", "2018-03-31": "", "2017-12-31": "", "2017-09-30": "", "2017-06-30": "", "2017-03-31": "", "2016-12-31": "", "2016-09-30": "", "2016-06-30": "", "2016-03-31": "", "2015-12-31": "", "2015-09-30": "", "2015-06-30": "", "2015-03-31": "", "2014-12-31": "", "2014-09-30": "", "2014-06-30": "", "2014-03-31": "", "2013-12-31": "", "2013-09-30": "", "2013-06-30": "", "2013-03-31": "", "2012-12-31": "", "2012-09-30": "", "2012-06-30": "", "2012-03-31": "", "2011-12-31": "", "2011-09-30": "", "2011-06-30": "", "2011-03-31": "", "2010-12-31": "", "2010-09-30": "", "2010-06-30": "", "2010-03-31": "", "2009-12-31": "", "2009-09-30": "", "2009-06-30": "", "2009-03-31": "", "2008-12-31": "", "2008-09-30": "", "2008-06-30": "", "2008-03-31": "", "2007-12-31": "", "2007-09-30": "-43.82000", "2007-06-30": "-37.39900", "2007-03-31": "-29.10700", "2006-12-31": "-38.66500", "2006-09-30": "-52.83000", "2006-06-30": "-21.20700", "2006-03-31": "-31.45700", "2005-12-31": "112.13800", "2005-09-30": "78.97800", "2005-06-30": "-30.28300", "2005-03-31": "-4.38400"}, "Pre-Tax Income": {"2020-12-31": "181.71100", "2020-09-30": "66.14500", "2020-06-30": "731.73700", "2020-03-31": "16.32700", "2019-12-31": "36.88500", "2019-09-30": "111.60800", "2019-06-30": "458.33000", "2019-03-31": "360.65900", "2018-12-31": "-132.83800", "2018-09-30": "50.28000", "2018-06-30": "256.37300", "2018-03-31": "88.80000", "2017-12-31": "43.42500", "2017-09-30": "-722.47100", "2017-06-30": "218.25400", "2017-03-31": "132.60800", "2016-12-31": "83.55000", "2016-09-30": "186.74500", "2016-06-30": "179.16800", "2016-03-31": "180.92500", "2015-12-31": "134.32200", "2015-09-30": "107.70400", "2015-06-30": "89.15400", "2015-03-31": "165.19600", "2014-12-31": "220.97800", "2014-09-30": "104.13200", "2014-06-30": "162.22200", "2014-03-31": "199.53200", "2013-12-31": "329.77800", "2013-09-30": "239.66800", "2013-06-30": "45.88800", "2013-03-31": "225.70400", "2012-12-31": "77.93010", "2012-09-30": "240.80300", "2012-06-30": "184.14900", "2012-03-31": "263.95600", "2011-12-31": "168.52800", "2011-09-30": "62.58700", "2011-06-30": "63.73800", "2011-03-31": "-323.30100", "2010-12-31": "138.48800", "2010-09-30": "229.21600", "2010-06-30": "252.89200", "2010-03-31": "171.76200", "2009-12-31": "261.06300", "2009-09-30": "310.89000", "2009-06-30": "332.05800", "2009-03-31": "142.48200", "2008-12-31": "20.46900", "2008-09-30": "-312.83100", "2008-06-30": "181.34200", "2008-03-31": "195.74100", "2007-12-31": "217.85500", "2007-09-30": "144.07600", "2007-06-30": "194.42100", "2007-03-31": "202.04800", "2006-12-31": "210.66500", "2006-09-30": "260.39000", "2006-06-30": "139.16400", "2006-03-31": "187.82600", "2005-12-31": "-201.73900", "2005-09-30": "-278.53800", "2005-06-30": "180.54800", "2005-03-31": "52.96600"}, "Income Taxes": {"2020-12-31": "-9.92300", "2020-09-30": "-8.24400", "2020-06-30": "29.87500", "2020-03-31": "-8.84600", "2019-12-31": "-3.45500", "2019-09-30": "3.66400", "2019-06-30": "9.47500", "2019-03-31": "7.53100", "2018-12-31": "-8.85200", "2018-09-30": "1.45100", "2018-06-30": "4.50600", "2018-03-31": "-3.40700", "2017-12-31": "41.22600", "2017-09-30": "-18.97700", "2017-06-30": "3.90400", "2017-03-31": "0.33400", "2016-12-31": "-7.70000", "2016-09-30": "-1.31600", "2016-06-30": "6.61200", "2016-03-31": "2.74400", "2015-12-31": "8.45300", "2015-09-30": "-4.57300", "2015-06-30": "-1.84200", "2015-03-31": "-47.90400", "2014-12-31": "0.40100", "2014-09-30": "0.24500", "2014-06-30": "-0.20400", "2014-03-31": "0.16600", "2013-12-31": "1.33600", "2013-09-30": "0.22300", "2013-06-30": "0.01100", "2013-03-31": "0.12200", "2012-12-31": "0.40800", "2012-09-30": "0.14400", "2012-06-30": "0.89800", "2012-03-31": "-0.03700", "2011-12-31": "13.64500", "2011-09-30": "-1.43500", "2011-06-30": "-1.77300", "2011-03-31": "-0.05200", "2010-12-31": "0.19600", "2010-09-30": "-2.39900", "2010-06-30": "-0.95800", "2010-03-31": "-2.96300", "2009-12-31": "2.22800", "2009-09-30": "3.99300", "2009-06-30": "0.65200", "2009-03-31": "-0.85200", "2008-12-31": "-0.36800", "2008-09-30": "-0.45500", "2008-06-30": "-6.29500", "2008-03-31": "7.68600", "2007-12-31": "-19.32000", "2007-09-30": "0.10100", "2007-06-30": "0.68000", "2007-03-31": "0.10700", "2006-12-31": "0.04200", "2006-09-30": "0.61600", "2006-06-30": "0.09400", "2006-03-31": "0.18300", "2005-12-31": "", "2005-09-30": "", "2005-06-30": "", "2005-03-31": ""}, "Income After Taxes": {"2020-12-31": "191.63400", "2020-09-30": "74.38900", "2020-06-30": "701.86200", "2020-03-31": "25.17300", "2019-12-31": "40.34000", "2019-09-30": "107.94400", "2019-06-30": "448.85500", "2019-03-31": "353.12800", "2018-12-31": "-123.98600", "2018-09-30": "48.82900", "2018-06-30": "251.86700", "2018-03-31": "92.20700", "2017-12-31": "2.19900", "2017-09-30": "-703.49400", "2017-06-30": "214.35000", "2017-03-31": "132.27400", "2016-12-31": "91.25000", "2016-09-30": "188.06100", "2016-06-30": "172.55600", "2016-03-31": "178.18100", "2015-12-31": "125.86900", "2015-09-30": "112.27700", "2015-06-30": "90.99600", "2015-03-31": "213.10000", "2014-12-31": "220.57700", "2014-09-30": "103.88700", "2014-06-30": "162.42600", "2014-03-31": "199.36600", "2013-12-31": "328.44200", "2013-09-30": "239.44500", "2013-06-30": "45.87700", "2013-03-31": "225.58200", "2012-12-31": "77.52200", "2012-09-30": "240.65900", "2012-06-30": "183.25100", "2012-03-31": "263.99300", "2011-12-31": "154.88300", "2011-09-30": "64.02200", "2011-06-30": "65.51100", "2011-03-31": "-323.24900", "2010-12-31": "138.29200", "2010-09-30": "231.61500", "2010-06-30": "253.85000", "2010-03-31": "174.72500", "2009-12-31": "258.83500", "2009-09-30": "306.89700", "2009-06-30": "331.40600", "2009-03-31": "143.33400", "2008-12-31": "20.83700", "2008-09-30": "-312.37600", "2008-06-30": "187.63700", "2008-03-31": "188.05500", "2007-12-31": "237.17500", "2007-09-30": "143.97500", "2007-06-30": "193.74100", "2007-03-31": "201.94100", "2006-12-31": "210.62290", "2006-09-30": "259.77400", "2006-06-30": "139.07000", "2006-03-31": "187.64300", "2005-12-31": "-201.73900", "2005-09-30": "-278.53800", "2005-06-30": "180.54800", "2005-03-31": "52.96600"}, "Other Income": {"2020-12-31": "", "2020-09-30": "", "2020-06-30": "", "2020-03-31": "", "2019-12-31": "", "2019-09-30": "", "2019-06-30": "", "2019-03-31": "", "2018-12-31": "", "2018-09-30": "", "2018-06-30": "", "2018-03-31": "", "2017-12-31": "", "2017-09-30": "", "2017-06-30": "", "2017-03-31": "", "2016-12-31": "", "2016-09-30": "", "2016-06-30": "", "2016-03-31": "", "2015-12-31": "", "2015-09-30": "", "2015-06-30": "", "2015-03-31": "", "2014-12-31": "", "2014-09-30": "", "2014-06-30": "", "2014-03-31": "", "2013-12-31": "", "2013-09-30": "", "2013-06-30": "", "2013-03-31": "", "2012-12-31": "", "2012-09-30": "", "2012-06-30": "", "2012-03-31": "", "2011-12-31": "", "2011-09-30": "", "2011-06-30": "", "2011-03-31": "", "2010-12-31": "", "2010-09-30": "", "2010-06-30": "", "2010-03-31": "", "2009-12-31": "", "2009-09-30": "", "2009-06-30": "", "2009-03-31": "", "2008-12-31": "", "2008-09-30": "", "2008-06-30": "", "2008-03-31": "", "2007-12-31": "", "2007-09-30": "", "2007-06-30": "", "2007-03-31": "", "2006-12-31": "", "2006-09-30": "", "2006-06-30": "", "2006-03-31": "", "2005-12-31": "", "2005-09-30": "", "2005-06-30": "", "2005-03-31": ""}, "Income From Continuous Operations": {"2020-12-31": "191.63400", "2020-09-30": "74.38900", "2020-06-30": "701.86200", "2020-03-31": "25.17300", "2019-12-31": "40.34000", "2019-09-30": "107.94400", "2019-06-30": "448.85500", "2019-03-31": "353.12800", "2018-12-31": "-123.98600", "2018-09-30": "48.82900", "2018-06-30": "251.86700", "2018-03-31": "92.20700", "2017-12-31": "2.19900", "2017-09-30": "-703.49400", "2017-06-30": "214.35000", "2017-03-31": "132.27400", "2016-12-31": "91.25000", "2016-09-30": "188.06100", "2016-06-30": "172.55600", "2016-03-31": "178.18100", "2015-12-31": "125.86900", "2015-09-30": "112.27700", "2015-06-30": "90.99600", "2015-03-31": "213.10000", "2014-12-31": "220.57700", "2014-09-30": "103.88700", "2014-06-30": "162.42600", "2014-03-31": "199.36600", "2013-12-31": "328.44200", "2013-09-30": "239.44500", "2013-06-30": "45.87700", "2013-03-31": "225.58200", "2012-12-31": "77.52200", "2012-09-30": "240.65900", "2012-06-30": "183.25100", "2012-03-31": "263.99300", "2011-12-31": "154.88300", "2011-09-30": "64.02200", "2011-06-30": "65.51100", "2011-03-31": "-323.24900", "2010-12-31": "138.29200", "2010-09-30": "231.61500", "2010-06-30": "253.85000", "2010-03-31": "174.72500", "2009-12-31": "258.83500", "2009-09-30": "306.89700", "2009-06-30": "331.40600", "2009-03-31": "143.33400", "2008-12-31": "20.83700", "2008-09-30": "-312.37600", "2008-06-30": "187.63700", "2008-03-31": "188.05500", "2007-12-31": "237.17500", "2007-09-30": "143.97500", "2007-06-30": "193.74100", "2007-03-31": "201.94100", "2006-12-31": "210.62290", "2006-09-30": "259.77400", "2006-06-30": "139.07000", "2006-03-31": "187.64300", "2005-12-31": "-201.73900", "2005-09-30": "-278.53800", "2005-06-30": "180.54800", "2005-03-31": "52.96600"}, "Income From Discontinued Operations": {"2020-12-31": "", "2020-09-30": "", "2020-06-30": "", "2020-03-31": "", "2019-12-31": "", "2019-09-30": "", "2019-06-30": "", "2019-03-31": "", "2018-12-31": "", "2018-09-30": "", "2018-06-30": "", "2018-03-31": "", "2017-12-31": "", "2017-09-30": "", "2017-06-30": "", "2017-03-31": "", "2016-12-31": "", "2016-09-30": "", "2016-06-30": "", "2016-03-31": "", "2015-12-31": "", "2015-09-30": "", "2015-06-30": "", "2015-03-31": "", "2014-12-31": "", "2014-09-30": "", "2014-06-30": "", "2014-03-31": "", "2013-12-31": "", "2013-09-30": "-9.77900", "2013-06-30": "2.42700", "2013-03-31": "9.77400", "2012-12-31": "-17.53000", "2012-09-30": "-0.16600", "2012-06-30": "1.39300", "2012-03-31": "-0.17300", "2011-12-31": "-38.97400", "2011-09-30": "-0.96500", "2011-06-30": "-10.09400", "2011-03-31": "-1.52600", "2010-12-31": "11.10800", "2010-09-30": "21.23400", "2010-06-30": "18.88100", "2010-03-31": "11.44700", "2009-12-31": "12.18700", "2009-09-30": "", "2009-06-30": "", "2009-03-31": "", "2008-12-31": "", "2008-09-30": "", "2008-06-30": "", "2008-03-31": "", "2007-12-31": "", "2007-09-30": "", "2007-06-30": "", "2007-03-31": "", "2006-12-31": "", "2006-09-30": "", "2006-06-30": "", "2006-03-31": "", "2005-12-31": "", "2005-09-30": "", "2005-06-30": "", "2005-03-31": ""}, "Net Income": {"2020-12-31": "189.81200", "2020-09-30": "47.21700", "2020-06-30": "568.25200", "2020-03-31": "-82.12000", "2019-12-31": "33.18800", "2019-09-30": "36.25200", "2019-06-30": "363.46100", "2019-03-31": "270.59600", "2018-12-31": "-85.73300", "2018-09-30": "32.38700", "2018-06-30": "191.78800", "2018-03-31": "56.71300", "2017-12-31": "-2.32400", "2017-09-30": "-504.81200", "2017-06-30": "169.55700", "2017-03-31": "92.35200", "2016-12-31": "65.33100", "2016-09-30": "146.82500", "2016-06-30": "134.76400", "2016-03-31": "127.99500", "2015-12-31": "90.32900", "2015-09-30": "75.52900", "2015-06-30": "72.41400", "2015-03-31": "165.81800", "2014-12-31": "164.00700", "2014-09-30": "67.81500", "2014-06-30": "120.75200", "2014-03-31": "151.00300", "2013-12-31": "259.13600", "2013-09-30": "179.74000", "2013-06-30": "26.80600", "2013-03-31": "190.47400", "2012-12-31": "41.10900", "2012-09-30": "177.87300", "2012-06-30": "140.03400", "2012-03-31": "198.02500", "2011-12-31": "75.82600", "2011-09-30": "48.35200", "2011-06-30": "24.30300", "2011-03-31": "-241.70600", "2010-12-31": "119.47500", "2010-09-30": "199.60300", "2010-06-30": "204.91900", "2010-03-31": "160.85100", "2009-12-31": "211.76700", "2009-09-30": "252.56100", "2009-06-30": "265.17200", "2009-03-31": "95.47500", "2008-12-31": "-55.19200", "2008-09-30": "-228.07300", "2008-06-30": "133.86700", "2008-03-31": "135.35200", "2007-12-31": "54.53700", "2007-09-30": "133.40000", "2007-06-30": "183.16600", "2007-03-31": "190.80500", "2006-12-31": "201.13500", "2006-09-30": "251.11200", "2006-06-30": "130.40800", "2006-03-31": "178.98000", "2005-12-31": "-210.40200", "2005-09-30": "-287.29600", "2005-06-30": "171.98200", "2005-03-31": "44.30300"}, "EBITDA": {"2020-12-31": "", "2020-09-30": "84.59190", "2020-06-30": "739.45800", "2020-03-31": "26.84900", "2019-12-31": "20.65630", "2019-09-30": "116.47790", "2019-06-30": "460.94100", "2019-03-31": "368.80700", "2018-12-31": "-151.88600", "2018-09-30": "68.24400", "2018-06-30": "279.14200", "2018-03-31": "114.30700", "2017-12-31": "67.85760", "2017-09-30": "-703.58500", "2017-06-30": "233.45400", "2017-03-31": "149.52400", "2016-12-31": "105.04520", "2016-09-30": "204.58800", "2016-06-30": "191.98800", "2016-03-31": "200.21500", "2015-12-31": "159.21400", "2015-09-30": "109.68800", "2015-06-30": "106.59800", "2015-03-31": "175.32500", "2014-12-31": "243.00600", "2014-09-30": "123.27300", "2014-06-30": "173.62800", "2014-03-31": "212.13000", "2013-12-31": "343.24810", "2013-09-30": "259.66800", "2013-06-30": "63.92000", "2013-03-31": "243.72700", "2012-12-31": "98.09410", "2012-09-30": "263.21200", "2012-06-30": "205.06900", "2012-03-31": "283.25500", "2011-12-31": "189.50700", "2011-09-30": "78.10000", "2011-06-30": "76.19400", "2011-03-31": "-306.58300", "2010-12-31": "164.48400", "2010-09-30": "248.70300", "2010-06-30": "271.81400", "2010-03-31": "188.90500", "2009-12-31": "271.55400", "2009-09-30": "317.99100", "2009-06-30": "335.39400", "2009-03-31": "145.87800", "2008-12-31": "19.51900", "2008-09-30": "-308.32510", "2008-06-30": "190.12100", "2008-03-31": "199.16800", "2007-12-31": "105.80010", "2007-09-30": "191.28700", "2007-06-30": "234.84300", "2007-03-31": "240.32200", "2006-12-31": "254.18210", "2006-09-30": "317.98300", "2006-06-30": "167.55400", "2006-03-31": "227.80800", "2005-12-31": "-304.74830", "2005-09-30": "-347.93900", "2005-06-30": "220.40100", "2005-03-31": "66.92700"}, "EBIT": {"2020-12-31": "193.55210", "2020-09-30": "77.98790", "2020-06-30": "743.57900", "2020-03-31": "31.25400", "2019-12-31": "52.38130", "2019-09-30": "127.18790", "2019-06-30": "473.86400", "2019-03-31": "372.41300", "2018-12-31": "-121.07300", "2018-09-30": "62.04900", "2018-06-30": "268.14100", "2018-03-31": "100.56700", "2017-12-31": "55.20160", "2017-09-30": "-710.67190", "2017-06-30": "228.34500", "2017-03-31": "143.13400", "2016-12-31": "94.08410", "2016-09-30": "197.28100", "2016-06-30": "189.70400", "2016-03-31": "191.46300", "2015-12-31": "144.87210", "2015-09-30": "118.24600", "2015-06-30": "99.01600", "2015-03-31": "170.51200", "2014-12-31": "225.50500", "2014-09-30": "108.42200", "2014-06-30": "166.51400", "2014-03-31": "203.82500", "2013-12-31": "334.07510", "2013-09-30": "243.96600", "2013-06-30": "50.18800", "2013-03-31": "230.73800", "2012-12-31": "83.70210", "2012-09-30": "246.69400", "2012-06-30": "189.86500", "2012-03-31": "269.67400", "2011-12-31": "174.24900", "2011-09-30": "68.30900", "2011-06-30": "69.46800", "2011-03-31": "-317.10600", "2010-12-31": "144.79100", "2010-09-30": "235.38000", "2010-06-30": "259.09800", "2010-03-31": "174.91800", "2009-12-31": "264.09000", "2009-09-30": "314.63800", "2009-06-30": "336.25800", "2009-03-31": "146.61800", "2008-12-31": "26.98200", "2008-09-30": "-307.45210", "2008-06-30": "187.27900", "2008-03-31": "202.54500", "2007-12-31": "114.75500", "2007-09-30": "195.12200", "2007-06-30": "239.01500", "2007-03-31": "243.13400", "2006-12-31": "257.76910", "2006-09-30": "322.71200", "2006-06-30": "170.74100", "2006-03-31": "228.58400", "2005-12-31": "-306.16720", "2005-09-30": "-350.58000", "2005-06-30": "217.79800", "2005-03-31": "63.95500"}, "Basic Shares Outstanding": {"2020-12-31": "50.02200", "2020-09-30": "50.00900", "2020-06-30": "44.93900", "2020-03-31": "43.44100", "2019-12-31": "43.11900", "2019-09-30": "43.46200", "2019-06-30": "43.48300", "2019-03-31": "42.06500", "2018-12-31": "39.73200", "2018-09-30": "39.62400", "2018-06-30": "39.64100", "2018-03-31": "39.55200", "2017-12-31": "39.85400", "2017-09-30": "39.59100", "2017-06-30": "39.93700", "2017-03-31": "40.40800", "2016-12-31": "41.31400", "2016-09-30": "40.51300", "2016-06-30": "41.69300", "2016-03-31": "42.57700", "2015-12-31": "43.15700", "2015-09-30": "44.56400", "2015-06-30": "45.30300", "2015-03-31": "39.63100", "2014-12-31": "39.42500", "2014-09-30": "38.97500", "2014-06-30": "39.73600", "2014-03-31": "41.23800", "2013-12-31": "43.34900", "2013-09-30": "43.33000", "2013-06-30": "43.37200", "2013-03-31": "43.46100", "2012-12-31": "48.87300", "2012-09-30": "48.39400", "2012-06-30": "50.27800", "2012-03-31": "50.37700", "2011-12-31": "50.74700", "2011-09-30": "50.50100", "2011-06-30": "50.49300", "2011-03-31": "51.50400", "2010-12-31": "55.14500", "2010-09-30": "53.46700", "2010-06-30": "55.53800", "2010-03-31": "58.40700", "2009-12-31": "60.60400", "2009-09-30": "60.89800", "2009-06-30": "60.96300", "2009-03-31": "60.63500", "2008-12-31": "60.73200", "2008-09-30": "60.94300", "2008-06-30": "62.92100", "2008-03-31": "65.52800", "2007-12-31": "70.52000", "2007-09-30": "70.57500", "2007-06-30": "71.25900", "2007-03-31": "71.28100", "2006-12-31": "71.06400", "2006-09-30": "71.09300", "2006-06-30": "71.04900", "2006-03-31": "70.93500", "2005-12-31": "70.59200", "2005-09-30": "70.63200", "2005-06-30": "70.58500", "2005-03-31": "70.35800"}, "Shares Outstanding": {"2020-12-31": "50.11100", "2020-09-30": "50.09400", "2020-06-30": "45.00300", "2020-03-31": "43.44100", "2019-12-31": "43.17500", "2019-09-30": "43.53700", "2019-06-30": "43.52100", "2019-03-31": "42.09100", "2018-12-31": "39.75500", "2018-09-30": "39.63700", "2018-06-30": "39.65400", "2018-03-31": "39.59900", "2017-12-31": "39.85400", "2017-09-30": "39.59100", "2017-06-30": "40.02400", "2017-03-31": "40.62300", "2016-12-31": "41.55900", "2016-09-30": "40.73300", "2016-06-30": "41.88500", "2016-03-31": "42.91200", "2015-12-31": "43.52600", "2015-09-30": "44.91300", "2015-06-30": "45.65700", "2015-03-31": "40.02100", "2014-12-31": "39.96800", "2014-09-30": "39.43300", "2014-06-30": "40.39500", "2014-03-31": "41.90300", "2013-12-31": "44.12800", "2013-09-30": "44.13500", "2013-06-30": "44.42300", "2013-03-31": "44.29000", "2012-12-31": "49.60300", "2012-09-30": "49.11900", "2012-06-30": "51.01200", "2012-03-31": "50.98100", "2011-12-31": "50.74700", "2011-09-30": "50.97300", "2011-06-30": "51.05000", "2011-03-31": "51.50400", "2010-12-31": "55.64100", "2010-09-30": "53.96500", "2010-06-30": "56.04400", "2010-03-31": "58.88700", "2009-12-31": "61.16100", "2009-09-30": "61.36700", "2009-06-30": "61.32200", "2009-03-31": "60.98900", "2008-12-31": "61.26900", "2008-09-30": "61.69400", "2008-06-30": "63.87700", "2008-03-31": "66.80300", "2007-12-31": "71.82500", "2007-09-30": "71.94500", "2007-06-30": "72.43000", "2007-03-31": "72.51300", "2006-12-31": "72.07300", "2006-09-30": "72.11500", "2006-06-30": "71.92500", "2006-03-31": "71.78600", "2005-12-31": "71.90000", "2005-09-30": "71.83900", "2005-06-30": "72.01600", "2005-03-31": "71.95100"}, "Basic EPS": {"2020-12-31": "3.75000", "2020-09-30": "0.94000", "2020-06-30": "12.64000", "2020-03-31": "-1.89000", "2019-12-31": "0.70000", "2019-09-30": "0.83000", "2019-06-30": "8.36000", "2019-03-31": "6.43000", "2018-12-31": "-2.11000", "2018-09-30": "0.82000", "2018-06-30": "4.78000", "2018-03-31": "1.42000", "2017-12-31": "0.09000", "2017-09-30": "-12.75000", "2017-06-30": "4.25000", "2017-03-31": "2.26000", "2016-12-31": "1.72000", "2016-09-30": "3.58000", "2016-06-30": "3.23000", "2016-03-31": "2.97000", "2015-12-31": "1.90000", "2015-09-30": "1.68000", "2015-06-30": "1.60000", "2015-03-31": "4.18000", "2014-12-31": "4.44000", "2014-09-30": "1.72000", "2014-06-30": "3.00000", "2014-03-31": "3.61000", "2013-12-31": "6.12000", "2013-09-30": "4.09000", "2013-06-30": "0.61000", "2013-03-31": "4.32000", "2012-12-31": "1.02000", "2012-09-30": "3.67000", "2012-06-30": "2.78000", "2012-03-31": "3.93000", "2011-12-31": "1.41000", "2011-09-30": "0.96000", "2011-06-30": "0.48000", "2011-03-31": "-4.69000", "2010-12-31": "2.25000", "2010-09-30": "3.73000", "2010-06-30": "3.69000", "2010-03-31": "2.75000", "2009-12-31": "3.41000", "2009-09-30": "4.15000", "2009-06-30": "4.35000", "2009-03-31": "1.57000", "2008-12-31": "-0.91000", "2008-09-30": "-3.79000", "2008-06-30": "2.16000", "2008-03-31": "2.09000", "2007-12-31": "0.94000", "2007-09-30": "1.89000", "2007-06-30": "2.57000", "2007-03-31": "2.68000", "2006-12-31": "2.83000", "2006-09-30": "3.53000", "2006-06-30": "1.84000", "2006-03-31": "2.52000", "2005-12-31": "-2.99000", "2005-09-30": "-4.07000", "2005-06-30": "2.44000", "2005-03-31": "0.63000"}, "EPS - Earnings Per Share": {"2020-12-31": "3.74000", "2020-09-30": "0.94000", "2020-06-30": "12.63000", "2020-03-31": "-1.89000", "2019-12-31": "0.68000", "2019-09-30": "0.83000", "2019-06-30": "8.35000", "2019-03-31": "6.43000", "2018-12-31": "-2.11000", "2018-09-30": "0.82000", "2018-06-30": "4.78000", "2018-03-31": "1.42000", "2017-12-31": "0.11000", "2017-09-30": "-12.75000", "2017-06-30": "4.24000", "2017-03-31": "2.25000", "2016-12-31": "1.70000", "2016-09-30": "3.56000", "2016-06-30": "3.22000", "2016-03-31": "2.95000", "2015-12-31": "1.89000", "2015-09-30": "1.66000", "2015-06-30": "1.59000", "2015-03-31": "4.14000", "2014-12-31": "4.39000", "2014-09-30": "1.70000", "2014-06-30": "2.95000", "2014-03-31": "3.56000", "2013-12-31": "6.03000", "2013-09-30": "4.01000", "2013-06-30": "0.60000", "2013-03-31": "4.23000", "2012-12-31": "0.98000", "2012-09-30": "3.62000", "2012-06-30": "2.75000", "2012-03-31": "3.88000", "2011-12-31": "1.42000", "2011-09-30": "0.95000", "2011-06-30": "0.48000", "2011-03-31": "-4.69000", "2010-12-31": "2.22000", "2010-09-30": "3.70000", "2010-06-30": "3.66000", "2010-03-31": "2.73000", "2009-12-31": "3.38000", "2009-09-30": "4.12000", "2009-06-30": "4.32000", "2009-03-31": "1.57000", "2008-12-31": "-0.91000", "2008-09-30": "-3.79000", "2008-06-30": "2.13000", "2008-03-31": "2.05000", "2007-12-31": "0.92000", "2007-09-30": "1.85000", "2007-06-30": "2.53000", "2007-03-31": "2.63000", "2006-12-31": "2.79000", "2006-09-30": "3.48000", "2006-06-30": "1.81000", "2006-03-31": "2.49000", "2005-12-31": "-2.93000", "2005-09-30": "-4.07000", "2005-06-30": "2.39000", "2005-03-31": "0.62000"}}, "balance sheet": {"Cash On Hand": {"2020-12-31": "1736.81300", "2019-12-31": "1379.06800", "2018-12-31": "1107.92200", "2017-12-31": "1361.59200", "2016-12-31": "421.15700", "2015-12-31": "506.88500", "2014-12-31": "525.58400", "2013-12-31": "408.03200", "2012-12-31": "304.14500", "2011-12-31": "216.98400", "2010-12-31": "277.73800", "2009-12-31": "203.11200", "2008-12-31": "274.69200", "2007-12-31": "330.22600", "2006-12-31": "214.39900", "2005-12-31": "174.00100"}, "Receivables": {"2020-12-31": "7212.51600", "2019-12-31": "6237.34300", "2018-12-31": "4782.01000", "2017-12-31": "3527.94300", "2016-12-31": "1813.98800", "2015-12-31": "1364.04000", "2014-12-31": "653.90100", "2013-12-31": "717.08900", "2012-12-31": "929.63200", "2011-12-31": "1051.54600", "2010-12-31": "583.66000", "2009-12-31": "491.29800", "2008-12-31": "1189.66800", "2007-12-31": "910.30300", "2006-12-31": "916.03600", "2005-12-31": "1093.42900"}, "Inventory": {"2020-12-31": "", "2019-12-31": "", "2018-12-31": "", "2017-12-31": "", "2016-12-31": "", "2015-12-31": "", "2014-12-31": "", "2013-12-31": "", "2012-12-31": "", "2011-12-31": "", "2010-12-31": "", "2009-12-31": "", "2008-12-31": "", "2007-12-31": "", "2006-12-31": "", "2005-12-31": ""}, "Pre-Paid Expenses": {"2020-12-31": "", "2019-12-31": "", "2018-12-31": "", "2017-12-31": "", "2016-12-31": "", "2015-12-31": "", "2014-12-31": "", "2013-12-31": "", "2012-12-31": "", "2011-12-31": "", "2010-12-31": "", "2009-12-31": "", "2008-12-31": "", "2007-12-31": "", "2006-12-31": "", "2005-12-31": ""}, "Other Current Assets": {"2020-12-31": "", "2019-12-31": "", "2018-12-31": "", "2017-12-31": "", "2016-12-31": "", "2015-12-31": "", "2014-12-31": "", "2013-12-31": "", "2012-12-31": "", "2011-12-31": "", "2010-12-31": "", "2009-12-31": "", "2008-12-31": "", "2007-12-31": "", "2006-12-31": "", "2005-12-31": ""}, "Total Current Assets": {"2020-12-31": "8949.32900", "2019-12-31": "7616.41100", "2018-12-31": "5889.93200", "2017-12-31": "4889.53500", "2016-12-31": "2235.14500", "2015-12-31": "1870.92500", "2014-12-31": "1179.48500", "2013-12-31": "1125.12100", "2012-12-31": "1233.77700", "2011-12-31": "1268.53000", "2010-12-31": "861.39790", "2009-12-31": "694.41000", "2008-12-31": "1464.36000", "2007-12-31": "1240.52900", "2006-12-31": "1130.43500", "2005-12-31": "1267.43000"}, "Property, Plant, And Equipment": {"2020-12-31": "", "2019-12-31": "", "2018-12-31": "", "2017-12-31": "", "2016-12-31": "", "2015-12-31": "", "2014-12-31": "", "2013-12-31": "", "2012-12-31": "", "2011-12-31": "", "2010-12-31": "", "2009-12-31": "", "2008-12-31": "", "2007-12-31": "", "2006-12-31": "", "2005-12-31": ""}, "Long-Term Investments": {"2020-12-31": "20624.92000", "2019-12-31": "17441.25000", "2018-12-31": "11937.06000", "2017-12-31": "9545.67500", "2016-12-31": "9355.04400", "2015-12-31": "9038.81700", "2014-12-31": "6770.25900", "2013-12-31": "6855.77700", "2012-12-31": "6388.87200", "2011-12-31": "6242.77500", "2010-12-31": "6134.77200", "2009-12-31": "6045.78800", "2008-12-31": "6069.19600", "2007-12-31": "6673.43200", "2006-12-31": "6384.03900", "2005-12-31": "5316.96100"}, "Goodwill And Intangible Assets": {"2020-12-31": "249.64100", "2019-12-31": "262.22600", "2018-12-31": "237.41800", "2017-12-31": "243.14500", "2016-12-31": "251.18600", "2015-12-31": "265.15400", "2014-12-31": "7.90200", "2013-12-31": "8.11100", "2012-12-31": "8.48600", "2011-12-31": "8.89400", "2010-12-31": "14.69000", "2009-12-31": "15.30600", "2008-12-31": "74.18100", "2007-12-31": "6.23700", "2006-12-31": "", "2005-12-31": ""}, "Other Long-Term Assets": {"2020-12-31": "363.17000", "2019-12-31": "346.21600", "2018-12-31": "135.12700", "2017-12-31": "121.22600", "2016-12-31": "175.38200", "2015-12-31": "181.01100", "2014-12-31": "135.84500", "2013-12-31": "108.43800", "2012-12-31": "110.77700", "2011-12-31": "180.99200", "2010-12-31": "219.62300", "2009-12-31": "200.43300", "2008-12-31": "294.41000", "2007-12-31": "261.94500", "2006-12-31": "147.63400", "2005-12-31": "178.91900"}, "Total Long-Term Assets": {"2020-12-31": "21871.25000", "2019-12-31": "18713.68000", "2018-12-31": "12786.26000", "2017-12-31": "10336.60000", "2016-12-31": "10116.94000", "2015-12-31": "9684.36200", "2014-12-31": "7024.06500", "2013-12-31": "7054.01000", "2012-12-31": "6694.85100", "2011-12-31": "6476.38200", "2010-12-31": "7276.88000", "2009-12-31": "7231.80200", "2008-12-31": "6519.69100", "2007-12-31": "7045.82600", "2006-12-31": "6638.59100", "2005-12-31": "5603.83100"}, "Total Assets": {"2020-12-31": "30820.58000", "2019-12-31": "26330.09000", "2018-12-31": "18676.20000", "2017-12-31": "15226.13000", "2016-12-31": "12352.08000", "2015-12-31": "11555.29000", "2014-12-31": "8203.55000", "2013-12-31": "8179.13100", "2012-12-31": "7928.62800", "2011-12-31": "7744.91200", "2010-12-31": "8138.27800", "2009-12-31": "7926.21200", "2008-12-31": "7984.05100", "2007-12-31": "8286.35500", "2006-12-31": "7769.02600", "2005-12-31": "6871.26100"}, "Total Current Liabilities": {"2020-12-31": "16633.09000", "2019-12-31": "14746.02000", "2018-12-31": "9694.34800", "2017-12-31": "7547.10700", "2016-12-31": "4753.85000", "2015-12-31": "4180.12100", "2014-12-31": "2379.47600", "2013-12-31": "2334.64000", "2012-12-31": "2569.31300", "2011-12-31": "2596.89200", "2010-12-31": "1862.05000", "2009-12-31": "2046.38600", "2008-12-31": "2986.24800", "2007-12-31": "2867.26200", "2006-12-31": "3071.66200", "2005-12-31": "3408.60200"}, "Long Term Debt": {"2020-12-31": "1136.26500", "2019-12-31": "1384.10500", "2018-12-31": "991.12700", "2017-12-31": "989.62300", "2016-12-31": "948.66300", "2015-12-31": "960.49500", "2014-12-31": "249.52200", "2013-12-31": "249.43000", "2012-12-31": "349.33900", "2011-12-31": "353.62000", "2010-12-31": "549.15500", "2009-12-31": "300.00000", "2008-12-31": "450.00000", "2007-12-31": "451.95100", "2006-12-31": "450.00000", "2005-12-31": "500.00000"}, "Other Non-Current Liabilities": {"2020-12-31": "2102.65900", "2019-12-31": "1157.29900", "2018-12-31": "893.94100", "2017-12-31": "1001.52000", "2016-12-31": "607.39800", "2015-12-31": "636.52300", "2014-12-31": "577.12900", "2013-12-31": "590.81700", "2012-12-31": "477.22100", "2011-12-31": "514.63300", "2010-12-31": "431.69300", "2009-12-31": "286.75200", "2008-12-31": "746.52900", "2007-12-31": "674.18800", "2006-12-31": "316.58300", "2005-12-31": "245.90800"}, "Total Long Term Liabilities": {"2020-12-31": "6627.24300", "2019-12-31": "5612.71200", "2018-12-31": "3936.76800", "2017-12-31": "3287.64900", "2016-12-31": "2731.65500", "2015-12-31": "2642.98200", "2014-12-31": "1958.35900", "2013-12-31": "1940.10700", "2012-12-31": "1852.25900", "2011-12-31": "1539.48700", "2010-12-31": "2337.01400", "2009-12-31": "2039.04000", "2008-12-31": "1965.06000", "2007-12-31": "1941.59000", "2006-12-31": "1416.86700", "2005-12-31": "1208.81900"}, "Total Liabilities": {"2020-12-31": "23260.33000", "2019-12-31": "20358.73000", "2018-12-31": "13631.12000", "2017-12-31": "10834.76000", "2016-12-31": "7485.50500", "2015-12-31": "6823.10300", "2014-12-31": "4337.83500", "2013-12-31": "4274.74700", "2012-12-31": "4421.57200", "2011-12-31": "4136.37900", "2010-12-31": "4199.06400", "2009-12-31": "4085.42600", "2008-12-31": "4951.30800", "2007-12-31": "4808.85200", "2006-12-31": "4488.52900", "2005-12-31": "4617.42100"}, "Common Stock Net": {"2020-12-31": "50.81100", "2019-12-31": "44.14800", "2018-12-31": "42.20700", "2017-12-31": "40.02400", "2016-12-31": "41.18700", "2015-12-31": "43.70100", "2014-12-31": "38.44200", "2013-12-31": "43.64600", "2012-12-31": "45.54200", "2011-12-31": "51.54300", "2010-12-31": "54.11000", "2009-12-31": "61.74500", "2008-12-31": "61.50300", "2007-12-31": "68.92000", "2006-12-31": "72.14000", "2005-12-31": "71.52300"}, "Retained Earnings (Accumulated Deficit)": {"2020-12-31": "5373.87300", "2019-12-31": "4710.88100", "2018-12-31": "4058.20700", "2017-12-31": "3913.77200", "2016-12-31": "4207.69900", "2015-12-31": "3778.70100", "2014-12-31": "3423.85700", "2013-12-31": "3456.60700", "2012-12-31": "3043.90100", "2011-12-31": "2991.89000", "2010-12-31": "3312.39200", "2009-12-31": "3087.60300", "2008-12-31": "2245.85300", "2007-12-31": "2605.99700", "2006-12-31": "2099.01700", "2005-12-31": "1397.79500"}, "Comprehensive Income": {"2020-12-31": "-12.64200", "2019-12-31": "-1.93900", "2018-12-31": "-1.43300", "2017-12-31": "0.22400", "2016-12-31": "1.13300", "2015-12-31": "2.10800", "2014-12-31": "3.41600", "2013-12-31": "4.13100", "2012-12-31": "13.62200", "2011-12-31": "11.76000", "2010-12-31": "19.82300", "2009-12-31": "41.43800", "2008-12-31": "75.38700", "2007-12-31": "44.71900", "2006-12-31": "25.21700", "2005-12-31": "4.76000"}, "Other Share Holders Equity": {"2020-12-31": "", "2019-12-31": "", "2018-12-31": "", "2017-12-31": "", "2016-12-31": "", "2015-12-31": "", "2014-12-31": "", "2013-12-31": "", "2012-12-31": "", "2011-12-31": "", "2010-12-31": "", "2009-12-31": "", "2008-12-31": "", "2007-12-31": "", "2006-12-31": "", "2005-12-31": ""}, "Share Holder Equity": {"2020-12-31": "7560.24800", "2019-12-31": "5971.36700", "2018-12-31": "5045.08000", "2017-12-31": "4391.37500", "2016-12-31": "4866.57700", "2015-12-31": "4732.18400", "2014-12-31": "3865.71500", "2013-12-31": "3904.38400", "2012-12-31": "3507.05600", "2011-12-31": "3608.53300", "2010-12-31": "3939.21400", "2009-12-31": "3840.78600", "2008-12-31": "3032.74300", "2007-12-31": "3477.50300", "2006-12-31": "3280.49700", "2005-12-31": "2253.84000"}, "Total Liabilities And Share Holders Equity": {"2020-12-31": "30820.58000", "2019-12-31": "26330.09000", "2018-12-31": "18676.20000", "2017-12-31": "15226.13000", "2016-12-31": "12352.08000", "2015-12-31": "11555.29000", "2014-12-31": "8203.55000", "2013-12-31": "8179.13100", "2012-12-31": "7928.62800", "2011-12-31": "7744.91200", "2010-12-31": "8138.27800", "2009-12-31": "7926.21200", "2008-12-31": "7984.05100", "2007-12-31": "8286.35500", "2006-12-31": "7769.02600", "2005-12-31": "6871.26100"}}, "balance sheet, quarterly": {"Cash On Hand": {"2020-12-31": "1736.81300", "2020-09-30": "1287.37800", "2020-06-30": "1185.84400", "2020-03-31": "896.21600", "2019-12-31": "1379.06800", "2019-09-30": "871.25100", "2019-06-30": "670.62600", "2019-03-31": "1021.27500", "2018-12-31": "1107.92200", "2018-09-30": "453.04100", "2018-06-30": "548.47200", "2018-03-31": "647.97300", "2017-12-31": "1361.59200", "2017-09-30": "581.57600", "2017-06-30": "623.15000", "2017-03-31": "454.08700", "2016-12-31": "421.15700", "2016-09-30": "493.33000", "2016-06-30": "455.52100", "2016-03-31": "449.14900", "2015-12-31": "506.88500", "2015-09-30": "524.54600", "2015-06-30": "398.09000", "2015-03-31": "557.61800", "2014-12-31": "525.58400", "2014-09-30": "300.54700", "2014-06-30": "294.45700", "2014-03-31": "327.16300", "2013-12-31": "408.03200", "2013-09-30": "266.35000", "2013-06-30": "285.59400", "2013-03-31": "335.62500", "2012-12-31": "304.14500", "2012-09-30": "249.12300", "2012-06-30": "264.23200", "2012-03-31": "260.98200", "2011-12-31": "216.98400", "2011-09-30": "235.05800", "2011-06-30": "237.73700", "2011-03-31": "252.63100", "2010-12-31": "277.73800", "2010-09-30": "351.77500", "2010-06-30": "285.05400", "2010-03-31": "358.77300", "2009-12-31": "203.11200", "2009-09-30": "347.99300", "2009-06-30": "209.93300", "2009-03-31": "249.34000", "2008-12-31": "274.69200", "2008-09-30": "427.17600", "2008-06-30": "262.95100", "2008-03-31": "335.40900", "2007-12-31": "330.22600", "2007-09-30": "317.29500", "2007-06-30": "266.45500", "2007-03-31": "270.60800", "2006-12-31": "214.39900", "2006-09-30": "245.81700", "2006-06-30": "187.34000", "2006-03-31": "240.68400", "2005-12-31": "174.00100", "2005-09-30": "156.87800", "2005-06-30": "186.96800", "2005-03-31": "161.69900"}, "Receivables": {"2020-12-31": "7212.51600", "2020-09-30": "8056.13400", "2020-06-30": "8208.98400", "2020-03-31": "7364.73600", "2019-12-31": "6237.34300", "2019-09-30": "6435.44700", "2019-06-30": "7560.15900", "2019-03-31": "7158.64000", "2018-12-31": "4782.01000", "2018-09-30": "4192.71200", "2018-06-30": "4846.04600", "2018-03-31": "4163.30300", "2017-12-31": "3527.94300", "2017-09-30": "3939.08400", "2017-06-30": "2780.15200", "2017-03-31": "2554.13300", "2016-12-31": "1813.98800", "2016-09-30": "2126.59200", "2016-06-30": "2290.93000", "2016-03-31": "1910.60400", "2015-12-31": "1364.04000", "2015-09-30": "1585.81500", "2015-06-30": "1630.57700", "2015-03-31": "1303.70600", "2014-12-31": "653.90100", "2014-09-30": "1052.94500", "2014-06-30": "1248.39900", "2014-03-31": "1059.89800", "2013-12-31": "717.08900", "2013-09-30": "1291.66900", "2013-06-30": "1655.83200", "2013-03-31": "1151.11600", "2012-12-31": "929.63200", "2012-09-30": "1444.68900", "2012-06-30": "1760.22300", "2012-03-31": "1364.39200", "2011-12-31": "1051.54600", "2011-09-30": "1328.05400", "2011-06-30": "1769.51500", "2011-03-31": "1161.33600", "2010-12-31": "583.66000", "2010-09-30": "1301.20500", "2010-06-30": "1631.55600", "2010-03-31": "844.35100", "2009-12-31": "491.29800", "2009-09-30": "1475.62800", "2009-06-30": "1921.64700", "2009-03-31": "1252.20600", "2008-12-31": "1189.66800", "2008-09-30": "1551.92200", "2008-06-30": "1573.95200", "2008-03-31": "1123.40500", "2007-12-31": "910.30300", "2007-09-30": "1325.99900", "2007-06-30": "1599.52200", "2007-03-31": "1012.89300", "2006-12-31": "916.03600", "2006-09-30": "1250.64300", "2006-06-30": "1563.55800", "2006-03-31": "1255.50900", "2005-12-31": "1093.42900", "2005-09-30": "1119.19100", "2005-06-30": "879.28900", "2005-03-31": "802.73190"}, "Inventory": {"2020-12-31": "", "2020-09-30": "", "2020-06-30": "", "2020-03-31": "", "2019-12-31": "", "2019-09-30": "", "2019-06-30": "", "2019-03-31": "", "2018-12-31": "", "2018-09-30": "", "2018-06-30": "", "2018-03-31": "", "2017-12-31": "", "2017-09-30": "", "2017-06-30": "", "2017-03-31": "", "2016-12-31": "", "2016-09-30": "", "2016-06-30": "", "2016-03-31": "", "2015-12-31": "", "2015-09-30": "", "2015-06-30": "", "2015-03-31": "", "2014-12-31": "", "2014-09-30": "", "2014-06-30": "", "2014-03-31": "", "2013-12-31": "", "2013-09-30": "", "2013-06-30": "", "2013-03-31": "", "2012-12-31": "", "2012-09-30": "", "2012-06-30": "", "2012-03-31": "", "2011-12-31": "", "2011-09-30": "", "2011-06-30": "", "2011-03-31": "", "2010-12-31": "", "2010-09-30": "", "2010-06-30": "", "2010-03-31": "", "2009-12-31": "", "2009-09-30": "", "2009-06-30": "", "2009-03-31": "", "2008-12-31": "", "2008-09-30": "", "2008-06-30": "", "2008-03-31": "", "2007-12-31": "", "2007-09-30": "", "2007-06-30": "", "2007-03-31": "", "2006-12-31": "", "2006-09-30": "", "2006-06-30": "", "2006-03-31": "", "2005-12-31": "", "2005-09-30": "", "2005-06-30": "", "2005-03-31": ""}, "Pre-Paid Expenses": {"2020-12-31": "", "2020-09-30": "", "2020-06-30": "", "2020-03-31": "", "2019-12-31": "", "2019-09-30": "", "2019-06-30": "", "2019-03-31": "", "2018-12-31": "", "2018-09-30": "", "2018-06-30": "", "2018-03-31": "", "2017-12-31": "", "2017-09-30": "", "2017-06-30": "", "2017-03-31": "", "2016-12-31": "", "2016-09-30": "", "2016-06-30": "", "2016-03-31": "", "2015-12-31": "", "2015-09-30": "", "2015-06-30": "", "2015-03-31": "", "2014-12-31": "", "2014-09-30": "", "2014-06-30": "", "2014-03-31": "", "2013-12-31": "", "2013-09-30": "", "2013-06-30": "", "2013-03-31": "", "2012-12-31": "", "2012-09-30": "", "2012-06-30": "", "2012-03-31": "", "2011-12-31": "", "2011-09-30": "", "2011-06-30": "", "2011-03-31": "", "2010-12-31": "", "2010-09-30": "", "2010-06-30": "", "2010-03-31": "", "2009-12-31": "", "2009-09-30": "", "2009-06-30": "", "2009-03-31": "", "2008-12-31": "", "2008-09-30": "", "2008-06-30": "", "2008-03-31": "", "2007-12-31": "", "2007-09-30": "", "2007-06-30": "", "2007-03-31": "", "2006-12-31": "", "2006-09-30": "", "2006-06-30": "", "2006-03-31": "", "2005-12-31": "", "2005-09-30": "", "2005-06-30": "", "2005-03-31": ""}, "Other Current Assets": {"2020-12-31": "", "2020-09-30": "", "2020-06-30": "", "2020-03-31": "", "2019-12-31": "", "2019-09-30": "", "2019-06-30": "", "2019-03-31": "", "2018-12-31": "", "2018-09-30": "", "2018-06-30": "", "2018-03-31": "", "2017-12-31": "", "2017-09-30": "", "2017-06-30": "", "2017-03-31": "", "2016-12-31": "", "2016-09-30": "", "2016-06-30": "", "2016-03-31": "", "2015-12-31": "", "2015-09-30": "", "2015-06-30": "", "2015-03-31": "", "2014-12-31": "", "2014-09-30": "", "2014-06-30": "", "2014-03-31": "", "2013-12-31": "", "2013-09-30": "", "2013-06-30": "", "2013-03-31": "", "2012-12-31": "", "2012-09-30": "", "2012-06-30": "", "2012-03-31": "", "2011-12-31": "", "2011-09-30": "", "2011-06-30": "", "2011-03-31": "", "2010-12-31": "", "2010-09-30": "", "2010-06-30": "", "2010-03-31": "", "2009-12-31": "", "2009-09-30": "", "2009-06-30": "", "2009-03-31": "", "2008-12-31": "", "2008-09-30": "", "2008-06-30": "", "2008-03-31": "", "2007-12-31": "", "2007-09-30": "", "2007-06-30": "", "2007-03-31": "", "2006-12-31": "", "2006-09-30": "", "2006-06-30": "", "2006-03-31": "", "2005-12-31": "", "2005-09-30": "", "2005-06-30": "", "2005-03-31": ""}, "Total Current Assets": {"2020-12-31": "8949.32900", "2020-09-30": "9343.51300", "2020-06-30": "9394.82800", "2020-03-31": "8260.95200", "2019-12-31": "7616.41100", "2019-09-30": "7306.69800", "2019-06-30": "8230.78500", "2019-03-31": "8179.91500", "2018-12-31": "5889.93200", "2018-09-30": "4645.75300", "2018-06-30": "5394.51800", "2018-03-31": "4811.27600", "2017-12-31": "4889.53500", "2017-09-30": "4520.66000", "2017-06-30": "3403.30200", "2017-03-31": "3008.22000", "2016-12-31": "2235.14500", "2016-09-30": "2619.92200", "2016-06-30": "2746.45100", "2016-03-31": "2359.75300", "2015-12-31": "1870.92500", "2015-09-30": "2110.36100", "2015-06-30": "2028.66700", "2015-03-31": "1861.32400", "2014-12-31": "1179.48500", "2014-09-30": "1353.49200", "2014-06-30": "1542.85600", "2014-03-31": "1387.06100", "2013-12-31": "1125.12100", "2013-09-30": "1558.01900", "2013-06-30": "1941.42600", "2013-03-31": "1486.74100", "2012-12-31": "1233.77700", "2012-09-30": "1693.81200", "2012-06-30": "2024.45500", "2012-03-31": "1625.37400", "2011-12-31": "1268.53000", "2011-09-30": "1563.11200", "2011-06-30": "2007.25200", "2011-03-31": "1413.96700", "2010-12-31": "861.39790", "2010-09-30": "1652.98000", "2010-06-30": "1916.61000", "2010-03-31": "1203.12400", "2009-12-31": "694.41000", "2009-09-30": "1823.62100", "2009-06-30": "2131.58000", "2009-03-31": "1501.54600", "2008-12-31": "1464.36000", "2008-09-30": "1979.09800", "2008-06-30": "1836.90300", "2008-03-31": "1458.81400", "2007-12-31": "1240.52900", "2007-09-30": "1643.29400", "2007-06-30": "1865.97700", "2007-03-31": "1283.50100", "2006-12-31": "1130.43500", "2006-09-30": "1496.46000", "2006-06-30": "1750.89800", "2006-03-31": "1496.19300", "2005-12-31": "1267.43000", "2005-09-30": "1276.06900", "2005-06-30": "1066.25700", "2005-03-31": "964.43090"}, "Property, Plant, And Equipment": {"2020-12-31": "", "2020-09-30": "", "2020-06-30": "", "2020-03-31": "", "2019-12-31": "", "2019-09-30": "", "2019-06-30": "", "2019-03-31": "", "2018-12-31": "", "2018-09-30": "", "2018-06-30": "", "2018-03-31": "", "2017-12-31": "", "2017-09-30": "", "2017-06-30": "", "2017-03-31": "", "2016-12-31": "", "2016-09-30": "", "2016-06-30": "", "2016-03-31": "", "2015-12-31": "", "2015-09-30": "", "2015-06-30": "", "2015-03-31": "", "2014-12-31": "", "2014-09-30": "", "2014-06-30": "", "2014-03-31": "", "2013-12-31": "", "2013-09-30": "", "2013-06-30": "", "2013-03-31": "", "2012-12-31": "", "2012-09-30": "", "2012-06-30": "", "2012-03-31": "", "2011-12-31": "", "2011-09-30": "", "2011-06-30": "", "2011-03-31": "", "2010-12-31": "", "2010-09-30": "", "2010-06-30": "", "2010-03-31": "", "2009-12-31": "", "2009-09-30": "", "2009-06-30": "", "2009-03-31": "", "2008-12-31": "", "2008-09-30": "", "2008-06-30": "", "2008-03-31": "", "2007-12-31": "", "2007-09-30": "", "2007-06-30": "", "2007-03-31": "", "2006-12-31": "", "2006-09-30": "", "2006-06-30": "", "2006-03-31": "", "2005-12-31": "", "2005-09-30": "", "2005-06-30": "", "2005-03-31": ""}, "Long-Term Investments": {"2020-12-31": "20624.92000", "2020-09-30": "20391.28000", "2020-06-30": "19793.65000", "2020-03-31": "17892.09000", "2019-12-31": "17441.25000", "2019-09-30": "17021.40000", "2019-06-30": "16465.27000", "2019-03-31": "14917.46000", "2018-12-31": "11937.06000", "2018-09-30": "11592.38000", "2018-06-30": "10755.47000", "2018-03-31": "10264.77000", "2017-12-31": "9545.67500", "2017-09-30": "9680.54400", "2017-06-30": "9449.02600", "2017-03-31": "9500.41700", "2016-12-31": "9355.04400", "2016-09-30": "9251.80000", "2016-06-30": "9048.11700", "2016-03-31": "9077.69300", "2015-12-31": "9038.81700", "2015-09-30": "9040.61900", "2015-06-30": "9317.74700", "2015-03-31": "8724.63600", "2014-12-31": "6770.25900", "2014-09-30": "6756.93800", "2014-06-30": "6734.92100", "2014-03-31": "6550.44400", "2013-12-31": "6855.77700", "2013-09-30": "6454.39900", "2013-06-30": "6195.86700", "2013-03-31": "6330.36000", "2012-12-31": "6388.87200", "2012-09-30": "6792.87800", "2012-06-30": "6626.54800", "2012-03-31": "6442.32500", "2011-12-31": "6242.77500", "2011-09-30": "6290.24700", "2011-06-30": "5831.75300", "2011-03-31": "6336.64600", "2010-12-31": "6134.77200", "2010-09-30": "6616.08800", "2010-06-30": "6269.23900", "2010-03-31": "6383.41500", "2009-12-31": "6045.78800", "2009-09-30": "6326.84300", "2009-06-30": "6205.21400", "2009-03-31": "6146.29300", "2008-12-31": "6069.19600", "2008-09-30": "6138.74600", "2008-06-30": "6240.89000", "2008-03-31": "6376.53100", "2007-12-31": "6673.43200", "2007-09-30": "6828.83200", "2007-06-30": "6386.26500", "2007-03-31": "6240.90600", "2006-12-31": "6384.03900", "2006-09-30": "5810.85500", "2006-06-30": "5743.01000", "2006-03-31": "5434.93500", "2005-12-31": "5316.96100", "2005-09-30": "5338.30900", "2005-06-30": "5092.63400", "2005-03-31": "4949.65100"}, "Goodwill And Intangible Assets": {"2020-12-31": "249.64100", "2020-09-30": "257.43700", "2020-06-30": "258.59100", "2020-03-31": "260.07600", "2019-12-31": "262.22600", "2019-09-30": "263.25900", "2019-06-30": "265.21700", "2019-03-31": "267.15100", "2018-12-31": "237.41800", "2018-09-30": "238.80300", "2018-06-30": "240.18700", "2018-03-31": "241.57200", "2017-12-31": "243.14500", "2017-09-30": "244.78700", "2017-06-30": "246.43000", "2017-03-31": "248.32500", "2016-12-31": "251.18600", "2016-09-30": "254.67800", "2016-06-30": "258.17000", "2016-03-31": "261.66200", "2015-12-31": "265.15400", "2015-09-30": "270.21300", "2015-06-30": "275.74300", "2015-03-31": "281.33400", "2014-12-31": "7.90200", "2014-09-30": "7.95400", "2014-06-30": "8.00700", "2014-03-31": "8.05900", "2013-12-31": "8.11100", "2013-09-30": "8.97800", "2013-06-30": "8.28200", "2013-03-31": "8.38400", "2012-12-31": "8.48600", "2012-09-30": "8.58800", "2012-06-30": "8.69000", "2012-03-31": "9.07700", "2011-12-31": "8.89400", "2011-09-30": "14.23000", "2011-06-30": "14.38300", "2011-03-31": "14.53700", "2010-12-31": "14.69000", "2010-09-30": "72.96500", "2010-06-30": "74.14300", "2010-03-31": "75.41600", "2009-12-31": "15.30600", "2009-09-30": "69.17500", "2009-06-30": "70.84300", "2009-03-31": "72.53700", "2008-12-31": "74.18100", "2008-09-30": "71.94200", "2008-06-30": "74.16900", "2008-03-31": "", "2007-12-31": "6.23700", "2007-09-30": "", "2007-06-30": "", "2007-03-31": "", "2006-12-31": "", "2006-09-30": "", "2006-06-30": "", "2006-03-31": "", "2005-12-31": "", "2005-09-30": "", "2005-06-30": "", "2005-03-31": ""}, "Other Long-Term Assets": {"2020-12-31": "363.17000", "2020-09-30": "306.26500", "2020-06-30": "298.39600", "2020-03-31": "312.52300", "2019-12-31": "346.21600", "2019-09-30": "344.59300", "2019-06-30": "344.93800", "2019-03-31": "353.54300", "2018-12-31": "135.12700", "2018-09-30": "121.72400", "2018-06-30": "122.04800", "2018-03-31": "127.57100", "2017-12-31": "121.22600", "2017-09-30": "164.01900", "2017-06-30": "176.81600", "2017-03-31": "173.98400", "2016-12-31": "175.38200", "2016-09-30": "181.29000", "2016-06-30": "160.87300", "2016-03-31": "167.51400", "2015-12-31": "181.01100", "2015-09-30": "271.92900", "2015-06-30": "257.62100", "2015-03-31": "273.85100", "2014-12-31": "135.84500", "2014-09-30": "108.44300", "2014-06-30": "89.07600", "2014-03-31": "96.25100", "2013-12-31": "108.43800", "2013-09-30": "113.15900", "2013-06-30": "196.12600", "2013-03-31": "193.52100", "2012-12-31": "110.77700", "2012-09-30": "215.00800", "2012-06-30": "193.79800", "2012-03-31": "205.66000", "2011-12-31": "180.99200", "2011-09-30": "176.11400", "2011-06-30": "219.22600", "2011-03-31": "190.81300", "2010-12-31": "219.62300", "2010-09-30": "218.08500", "2010-06-30": "192.34200", "2010-03-31": "199.22800", "2009-12-31": "200.43300", "2009-09-30": "229.44600", "2009-06-30": "282.96400", "2009-03-31": "241.82300", "2008-12-31": "294.41000", "2008-09-30": "285.41500", "2008-06-30": "263.99500", "2008-03-31": "228.28700", "2007-12-31": "261.94500", "2007-09-30": "147.04100", "2007-06-30": "134.19000", "2007-03-31": "138.42700", "2006-12-31": "147.63400", "2006-09-30": "93.32000", "2006-06-30": "86.12100", "2006-03-31": "88.33200", "2005-12-31": "178.91900", "2005-09-30": "55.63700", "2005-06-30": "51.39200", "2005-03-31": "46.21100"}, "Total Long-Term Assets": {"2020-12-31": "21871.25000", "2020-09-30": "21652.33000", "2020-06-30": "21084.93000", "2020-03-31": "19204.57000", "2019-12-31": "18713.68000", "2019-09-30": "18337.51000", "2019-06-30": "17856.18000", "2019-03-31": "16379.69000", "2018-12-31": "12786.26000", "2018-09-30": "12450.64000", "2018-06-30": "11628.86000", "2018-03-31": "11110.93000", "2017-12-31": "10336.60000", "2017-09-30": "10524.26000", "2017-06-30": "10302.38000", "2017-03-31": "10311.41000", "2016-12-31": "10116.94000", "2016-09-30": "10039.61000", "2016-06-30": "9798.31300", "2016-03-31": "9794.16000", "2015-12-31": "9684.36200", "2015-09-30": "9796.35900", "2015-06-30": "10024.52000", "2015-03-31": "9425.87300", "2014-12-31": "7024.06500", "2014-09-30": "7003.44300", "2014-06-30": "6972.76900", "2014-03-31": "6776.64400", "2013-12-31": "7054.01000", "2013-09-30": "6795.93700", "2013-06-30": "6525.95800", "2013-03-31": "6610.17900", "2012-12-31": "6694.85100", "2012-09-30": "7099.69600", "2012-06-30": "6935.06300", "2012-03-31": "6728.22500", "2011-12-31": "6476.38200", "2011-09-30": "6554.29600", "2011-06-30": "6159.08800", "2011-03-31": "6601.13300", "2010-12-31": "7276.88000", "2010-09-30": "6987.44400", "2010-06-30": "6636.44900", "2010-03-31": "6732.54800", "2009-12-31": "7231.80200", "2009-09-30": "6721.07800", "2009-06-30": "6673.85600", "2009-03-31": "6558.36300", "2008-12-31": "6519.69100", "2008-09-30": "6610.14100", "2008-06-30": "6713.37300", "2008-03-31": "6711.12800", "2007-12-31": "7045.82600", "2007-09-30": "7118.04400", "2007-06-30": "6692.38600", "2007-03-31": "6503.61500", "2006-12-31": "6638.59100", "2006-09-30": "6043.09700", "2006-06-30": "5987.73100", "2006-03-31": "5662.06900", "2005-12-31": "5603.83100", "2005-09-30": "5515.53500", "2005-06-30": "5263.95800", "2005-03-31": "5100.84800"}, "Total Assets": {"2020-12-31": "30820.58000", "2020-09-30": "30995.84000", "2020-06-30": "30479.75000", "2020-03-31": "27465.52000", "2019-12-31": "26330.09000", "2019-09-30": "25644.21000", "2019-06-30": "26086.96000", "2019-03-31": "24559.60000", "2018-12-31": "18676.20000", "2018-09-30": "17096.39000", "2018-06-30": "17023.38000", "2018-03-31": "15922.20000", "2017-12-31": "15226.13000", "2017-09-30": "15044.92000", "2017-06-30": "13705.68000", "2017-03-31": "13319.63000", "2016-12-31": "12352.08000", "2016-09-30": "12659.53000", "2016-06-30": "12544.76000", "2016-03-31": "12153.91000", "2015-12-31": "11555.29000", "2015-09-30": "11906.72000", "2015-06-30": "12053.19000", "2015-03-31": "11287.20000", "2014-12-31": "8203.55000", "2014-09-30": "8356.93500", "2014-06-30": "8515.62500", "2014-03-31": "8163.70500", "2013-12-31": "8179.13100", "2013-09-30": "8353.95500", "2013-06-30": "8467.38300", "2013-03-31": "8096.92000", "2012-12-31": "7928.62800", "2012-09-30": "8793.50800", "2012-06-30": "8959.51800", "2012-03-31": "8353.59800", "2011-12-31": "7744.91200", "2011-09-30": "8117.40900", "2011-06-30": "8166.34000", "2011-03-31": "8015.10000", "2010-12-31": "8138.27800", "2010-09-30": "8640.42400", "2010-06-30": "8553.05900", "2010-03-31": "7935.67200", "2009-12-31": "7926.21200", "2009-09-30": "8544.69900", "2009-06-30": "8805.43700", "2009-03-31": "8059.90900", "2008-12-31": "7984.05100", "2008-09-30": "8589.23900", "2008-06-30": "8550.27600", "2008-03-31": "8169.94200", "2007-12-31": "8286.35500", "2007-09-30": "8761.33800", "2007-06-30": "8558.36300", "2007-03-31": "7787.11600", "2006-12-31": "7769.02600", "2006-09-30": "7539.55700", "2006-06-30": "7738.62900", "2006-03-31": "7158.26200", "2005-12-31": "6871.26100", "2005-09-30": "6791.60400", "2005-06-30": "6330.21500", "2005-03-31": "6065.27900"}, "Total Current Liabilities": {"2020-12-31": "16633.09000", "2020-09-30": "17092.58000", "2020-06-30": "17009.14000", "2020-03-31": "16428.00000", "2019-12-31": "14746.02000", "2019-09-30": "14480.57000", "2019-06-30": "15127.42000", "2019-03-31": "14589.65000", "2018-12-31": "9694.34800", "2018-09-30": "8982.26200", "2018-06-30": "9054.82900", "2018-03-31": "8633.42100", "2017-12-31": "7547.10700", "2017-09-30": "7939.83600", "2017-06-30": "5889.50600", "2017-03-31": "5503.44900", "2016-12-31": "4753.85000", "2016-09-30": "5069.89600", "2016-06-30": "5116.04800", "2016-03-31": "4691.32100", "2015-12-31": "4180.12100", "2015-09-30": "4371.24800", "2015-06-30": "4515.26300", "2015-03-31": "4259.75000", "2014-12-31": "2379.47600", "2014-09-30": "2792.20700", "2014-06-30": "3040.32600", "2014-03-31": "2784.84800", "2013-12-31": "2334.64000", "2013-09-30": "2796.77400", "2013-06-30": "3067.85000", "2013-03-31": "2794.93100", "2012-12-31": "2569.31300", "2012-09-30": "2857.07700", "2012-06-30": "3162.41500", "2012-03-31": "2790.14300", "2011-12-31": "2596.89200", "2011-09-30": "3167.22800", "2011-06-30": "3404.81900", "2011-03-31": "2826.92300", "2010-12-31": "1862.05000", "2010-09-30": "2761.50100", "2010-06-30": "3083.96400", "2010-03-31": "2551.43100", "2009-12-31": "2046.38600", "2009-09-30": "3101.02500", "2009-06-30": "3506.81400", "2009-03-31": "2998.18400", "2008-12-31": "2986.24800", "2008-09-30": "3551.87300", "2008-06-30": "3412.53700", "2008-03-31": "2923.69700", "2007-12-31": "2867.26200", "2007-09-30": "3367.69100", "2007-06-30": "3618.90000", "2007-03-31": "3111.57800", "2006-12-31": "3071.66200", "2006-09-30": "3492.99900", "2006-06-30": "3938.39300", "2006-03-31": "3541.50100", "2005-12-31": "3408.60200", "2005-09-30": "3347.48800", "2005-06-30": "2564.36900", "2005-03-31": "2567.22100"}, "Long Term Debt": {"2020-12-31": "1136.26500", "2020-09-30": "1135.74000", "2020-06-30": "1135.21600", "2020-03-31": "1134.69500", "2019-12-31": "1384.10500", "2019-09-30": "1383.49800", "2019-06-30": "1382.89000", "2019-03-31": "1191.49900", "2018-12-31": "991.12700", "2018-09-30": "990.74900", "2018-06-30": "990.37100", "2018-03-31": "989.99500", "2017-12-31": "989.62300", "2017-09-30": "989.24500", "2017-06-30": "988.86600", "2017-03-31": "945.70100", "2016-12-31": "948.66300", "2016-09-30": "951.62000", "2016-06-30": "954.57700", "2016-03-31": "957.53600", "2015-12-31": "960.49500", "2015-09-30": "969.22100", "2015-06-30": "972.36200", "2015-03-31": "826.77400", "2014-12-31": "249.52200", "2014-09-30": "249.49900", "2014-06-30": "249.47600", "2014-03-31": "249.45300", "2013-12-31": "249.43000", "2013-09-30": "249.40700", "2013-06-30": "250.41100", "2013-03-31": "254.31500", "2012-12-31": "349.33900", "2012-09-30": "358.59500", "2012-06-30": "354.29300", "2012-03-31": "351.99900", "2011-12-31": "353.62000", "2011-09-30": "349.22400", "2011-06-30": "349.20100", "2011-03-31": "549.17800", "2010-12-31": "549.15500", "2010-09-30": "549.13200", "2010-06-30": "549.10900", "2010-03-31": "549.08600", "2009-12-31": "300.00000", "2009-09-30": "450.00000", "2009-06-30": "450.00000", "2009-03-31": "450.00000", "2008-12-31": "450.00000", "2008-09-30": "450.00000", "2008-06-30": "450.00000", "2008-03-31": "450.99900", "2007-12-31": "451.95100", "2007-09-30": "450.54000", "2007-06-30": "450.00000", "2007-03-31": "450.00000", "2006-12-31": "450.00000", "2006-09-30": "410.00000", "2006-06-30": "485.00000", "2006-03-31": "500.00000", "2005-12-31": "500.00000", "2005-09-30": "350.00000", "2005-06-30": "350.00000", "2005-03-31": "350.00000"}, "Other Non-Current Liabilities": {"2020-12-31": "2102.65900", "2020-09-30": "1989.38700", "2020-06-30": "1601.13000", "2020-03-31": "987.45600", "2019-12-31": "1157.29900", "2019-09-30": "1049.87100", "2019-06-30": "951.34700", "2019-03-31": "1115.01400", "2018-12-31": "893.94100", "2018-09-30": "702.88400", "2018-06-30": "624.68900", "2018-03-31": "437.16900", "2017-12-31": "1001.52000", "2017-09-30": "679.10200", "2017-06-30": "629.97000", "2017-03-31": "821.64900", "2016-12-31": "607.39800", "2016-09-30": "665.67300", "2016-06-30": "648.51800", "2016-03-31": "663.12600", "2015-12-31": "636.52300", "2015-09-30": "846.58100", "2015-06-30": "739.80500", "2015-03-31": "449.95400", "2014-12-31": "577.12900", "2014-09-30": "488.20300", "2014-06-30": "365.99000", "2014-03-31": "380.14500", "2013-12-31": "590.81700", "2013-09-30": "591.15000", "2013-06-30": "680.00900", "2013-03-31": "605.05200", "2012-12-31": "477.22100", "2012-09-30": "782.76100", "2012-06-30": "693.05200", "2012-03-31": "603.71700", "2011-12-31": "514.63300", "2011-09-30": "407.70600", "2011-06-30": "255.39800", "2011-03-31": "596.97400", "2010-12-31": "431.69300", "2010-09-30": "614.87800", "2010-06-30": "437.20300", "2010-03-31": "385.33900", "2009-12-31": "286.75200", "2009-09-30": "526.50600", "2009-06-30": "744.45900", "2009-03-31": "839.55900", "2008-12-31": "746.52900", "2008-09-30": "846.59100", "2008-06-30": "519.80700", "2008-03-31": "650.44300", "2007-12-31": "674.18800", "2007-09-30": "659.54100", "2007-06-30": "315.23900", "2007-03-31": "242.41000", "2006-12-31": "316.58300", "2006-09-30": "226.92000", "2006-06-30": "221.28400", "2006-03-31": "168.94300", "2005-12-31": "245.90800", "2005-09-30": "303.64300", "2005-06-30": "211.41200", "2005-03-31": "161.19700"}, "Total Long Term Liabilities": {"2020-12-31": "6627.24300", "2020-09-30": "6512.44300", "2020-06-30": "6123.44500", "2020-03-31": "5353.99700", "2019-12-31": "5612.71200", "2019-09-30": "5212.40200", "2019-06-30": "5046.70300", "2019-03-31": "4415.91300", "2018-12-31": "3936.76800", "2018-09-30": "3227.61100", "2018-06-30": "3108.48800", "2018-03-31": "2852.52800", "2017-12-31": "3287.64900", "2017-09-30": "2702.07600", "2017-06-30": "2860.91900", "2017-03-31": "2955.34100", "2016-12-31": "2731.65500", "2016-09-30": "2781.84600", "2016-06-30": "2725.49800", "2016-03-31": "2701.99900", "2015-12-31": "2642.98200", "2015-09-30": "2837.83000", "2015-06-30": "2700.97900", "2015-03-31": "2245.15900", "2014-12-31": "1958.35900", "2014-09-30": "1828.86800", "2014-06-30": "1639.35800", "2014-03-31": "1616.57900", "2013-12-31": "1940.10700", "2013-09-30": "1842.74700", "2013-06-30": "1827.54300", "2013-03-31": "1735.13700", "2012-12-31": "1852.25900", "2012-09-30": "2093.49600", "2012-06-30": "1950.18200", "2012-03-31": "1764.99800", "2011-12-31": "1539.48700", "2011-09-30": "1399.14000", "2011-06-30": "1242.82000", "2011-03-31": "1685.11500", "2010-12-31": "2337.01400", "2010-09-30": "1905.11300", "2010-06-30": "1693.85300", "2010-03-31": "1592.95000", "2009-12-31": "2039.04000", "2009-09-30": "1723.20400", "2009-06-30": "1895.02100", "2009-03-31": "1940.32200", "2008-12-31": "1965.06000", "2008-09-30": "1996.12500", "2008-06-30": "1764.30600", "2008-03-31": "1860.29300", "2007-12-31": "1941.59000", "2007-09-30": "1871.89600", "2007-06-30": "1479.42500", "2007-03-31": "1371.97800", "2006-12-31": "1416.86700", "2006-09-30": "1249.35100", "2006-06-30": "1261.71700", "2006-03-31": "1200.87200", "2005-12-31": "1208.81900", "2005-09-30": "953.42300", "2005-06-30": "942.88600", "2005-03-31": "860.40410"}, "Total Liabilities": {"2020-12-31": "23260.33000", "2020-09-30": "23605.02000", "2020-06-30": "23132.58000", "2020-03-31": "21781.99000", "2019-12-31": "20358.73000", "2019-09-30": "19692.97000", "2019-06-30": "20174.12000", "2019-03-31": "19005.57000", "2018-12-31": "13631.12000", "2018-09-30": "12209.87000", "2018-06-30": "12163.32000", "2018-03-31": "11485.95000", "2017-12-31": "10834.76000", "2017-09-30": "10641.91000", "2017-06-30": "8750.42500", "2017-03-31": "8458.79000", "2016-12-31": "7485.50500", "2016-09-30": "7851.74100", "2016-06-30": "7841.54600", "2016-03-31": "7393.32000", "2015-12-31": "6823.10300", "2015-09-30": "7209.07800", "2015-06-30": "7216.24200", "2015-03-31": "6504.90900", "2014-12-31": "4337.83500", "2014-09-30": "4621.07500", "2014-06-30": "4679.68400", "2014-03-31": "4401.42700", "2013-12-31": "4274.74700", "2013-09-30": "4639.52100", "2013-06-30": "4895.39300", "2013-03-31": "4530.06800", "2012-12-31": "4421.57200", "2012-09-30": "4950.57300", "2012-06-30": "5112.59700", "2012-03-31": "4555.14100", "2011-12-31": "4136.37900", "2011-09-30": "4566.36800", "2011-06-30": "4647.63900", "2011-03-31": "4512.03800", "2010-12-31": "4199.06400", "2010-09-30": "4666.61400", "2010-06-30": "4777.81700", "2010-03-31": "4144.38100", "2009-12-31": "4085.42600", "2009-09-30": "4824.22900", "2009-06-30": "5401.83500", "2009-03-31": "4938.50600", "2008-12-31": "4951.30800", "2008-09-30": "5547.99800", "2008-06-30": "5176.84300", "2008-03-31": "4783.99000", "2007-12-31": "4808.85200", "2007-09-30": "5239.58700", "2007-06-30": "5098.32500", "2007-03-31": "4483.55600", "2006-12-31": "4488.52900", "2006-09-30": "4742.35000", "2006-06-30": "5200.11000", "2006-03-31": "4742.37300", "2005-12-31": "4617.42100", "2005-09-30": "4300.91100", "2005-06-30": "3507.25500", "2005-03-31": "3427.62500"}, "Common Stock Net": {"2020-12-31": "50.81100", "2020-09-30": "50.81000", "2020-06-30": "50.81100", "2020-03-31": "44.03400", "2019-12-31": "44.14800", "2019-09-30": "44.15200", "2019-06-30": "44.16200", "2019-03-31": "44.15900", "2018-12-31": "42.20700", "2018-09-30": "40.26600", "2018-06-30": "40.26300", "2018-03-31": "40.24600", "2017-12-31": "40.02400", "2017-09-30": "40.02900", "2017-06-30": "40.28200", "2017-03-31": "40.78500", "2016-12-31": "41.18700", "2016-09-30": "41.15600", "2016-06-30": "41.49600", "2016-03-31": "43.09500", "2015-12-31": "43.70100", "2015-09-30": "44.12100", "2015-06-30": "46.01300", "2015-03-31": "46.02600", "2014-12-31": "38.44200", "2014-09-30": "38.88800", "2014-06-30": "40.52300", "2014-03-31": "40.85600", "2013-12-31": "43.64600", "2013-09-30": "44.39100", "2013-06-30": "44.38500", "2013-03-31": "44.51000", "2012-12-31": "45.54200", "2012-09-30": "48.22800", "2012-06-30": "50.60900", "2012-03-31": "51.76500", "2011-12-31": "51.54300", "2011-09-30": "51.78700", "2011-06-30": "51.75300", "2011-03-31": "51.74200", "2010-12-31": "54.11000", "2010-09-30": "54.87500", "2010-06-30": "54.87200", "2010-03-31": "58.32000", "2009-12-31": "61.74500", "2009-09-30": "62.39000", "2009-06-30": "62.34500", "2009-03-31": "62.32400", "2008-12-31": "61.50300", "2008-09-30": "61.40100", "2008-06-30": "62.86200", "2008-03-31": "64.92700", "2007-12-31": "68.92000", "2007-09-30": "70.85200", "2007-06-30": "72.26600", "2007-03-31": "72.28900", "2006-12-31": "72.14000", "2006-09-30": "358.70000", "2006-06-30": "356.46200", "2006-03-31": "352.05500", "2005-12-31": "71.52300", "2005-09-30": "339.81100", "2005-06-30": "337.67500", "2005-03-31": "333.79600"}, "Retained Earnings (Accumulated Deficit)": {"2020-12-31": "5373.87300", "2020-09-30": "5201.76600", "2020-06-30": "5171.68900", "2020-03-31": "4613.54800", "2019-12-31": "4710.88100", "2019-09-30": "4691.92900", "2019-06-30": "4670.33900", "2019-03-31": "4317.45500", "2018-12-31": "4058.20700", "2018-09-30": "4155.34300", "2018-06-30": "4135.80500", "2018-03-31": "3957.26100", "2017-12-31": "3913.77200", "2017-09-30": "3929.97000", "2017-06-30": "4447.52900", "2017-03-31": "4289.23700", "2016-12-31": "4207.69900", "2016-09-30": "4150.96000", "2016-06-30": "4016.82300", "2016-03-31": "3893.41100", "2015-12-31": "3778.70100", "2015-09-30": "3699.57900", "2015-06-30": "3637.45400", "2015-03-31": "3577.98000", "2014-12-31": "3423.85700", "2014-09-30": "3293.14300", "2014-06-30": "3391.50000", "2014-03-31": "3317.45900", "2013-12-31": "3456.60700", "2013-09-30": "3261.75700", "2013-06-30": "3119.00300", "2013-03-31": "3112.54500", "2012-12-31": "3043.90100", "2012-09-30": "3226.66100", "2012-06-30": "3229.87000", "2012-03-31": "3179.43300", "2011-12-31": "2991.89000", "2011-09-30": "2925.60400", "2011-06-30": "2889.71900", "2011-03-31": "2878.31500", "2010-12-31": "3312.39200", "2010-09-30": "3239.32100", "2010-06-30": "3048.21700", "2010-03-31": "3052.20000", "2009-12-31": "3087.60300", "2009-09-30": "2904.24800", "2009-06-30": "2660.59200", "2009-03-31": "2328.17600", "2008-12-31": "2245.85300", "2008-09-30": "2313.29600", "2008-06-30": "2625.00900", "2008-03-31": "2605.66200", "2007-12-31": "2605.99700", "2007-09-30": "2558.95300", "2007-06-30": "2441.14000", "2007-03-31": "2273.87200", "2006-12-31": "2099.01700", "2006-09-30": "1913.03500", "2006-06-30": "1677.06400", "2006-03-31": "1561.74600", "2005-12-31": "1397.79500", "2005-09-30": "1622.50000", "2005-06-30": "1923.92400", "2005-03-31": "1766.18000"}, "Comprehensive Income": {"2020-12-31": "-12.64200", "2020-09-30": "-2.08300", "2020-06-30": "-3.06600", "2020-03-31": "-1.66400", "2019-12-31": "-1.93900", "2019-09-30": "4.98800", "2019-06-30": "-3.86900", "2019-03-31": "-1.47000", "2018-12-31": "-1.43300", "2018-09-30": "-1.48300", "2018-06-30": "-1.10100", "2018-03-31": "0.19400", "2017-12-31": "0.22400", "2017-09-30": "0.16100", "2017-06-30": "-0.13900", "2017-03-31": "-0.35800", "2016-12-31": "1.13300", "2016-09-30": "2.62100", "2016-06-30": "2.33700", "2016-03-31": "1.66500", "2015-12-31": "2.10800", "2015-09-30": "2.26000", "2015-06-30": "2.99300", "2015-03-31": "3.34200", "2014-12-31": "3.41600", "2014-09-30": "3.82900", "2014-06-30": "3.91800", "2014-03-31": "3.96300", "2013-12-31": "4.13100", "2013-09-30": "4.56600", "2013-06-30": "4.90900", "2013-03-31": "6.05000", "2012-12-31": "13.62200", "2012-09-30": "14.06700", "2012-06-30": "12.53100", "2012-03-31": "12.98800", "2011-12-31": "11.76000", "2011-09-30": "11.09200", "2011-06-30": "18.03100", "2011-03-31": "19.84500", "2010-12-31": "19.82300", "2010-09-30": "23.77400", "2010-06-30": "22.15300", "2010-03-31": "30.77100", "2009-12-31": "41.43800", "2009-09-30": "78.33800", "2009-06-30": "12.06500", "2009-03-31": "69.53000", "2008-12-31": "75.38700", "2008-09-30": "16.54400", "2008-06-30": "35.56200", "2008-03-31": "65.36300", "2007-12-31": "44.71900", "2007-09-30": "29.64900", "2007-06-30": "12.93900", "2007-03-31": "27.42000", "2006-12-31": "25.21700", "2006-09-30": "25.47200", "2006-06-30": "4.99300", "2006-03-31": "2.08800", "2005-12-31": "4.76000", "2005-09-30": "28.38200", "2005-06-30": "61.36100", "2005-03-31": "37.67800"}, "Other Share Holders Equity": {"2020-12-31": "", "2020-09-30": "", "2020-06-30": "", "2020-03-31": "", "2019-12-31": "", "2019-09-30": "", "2019-06-30": "", "2019-03-31": "", "2018-12-31": "", "2018-09-30": "", "2018-06-30": "", "2018-03-31": "", "2017-12-31": "", "2017-09-30": "", "2017-06-30": "", "2017-03-31": "", "2016-12-31": "", "2016-09-30": "", "2016-06-30": "", "2016-03-31": "", "2015-12-31": "", "2015-09-30": "", "2015-06-30": "", "2015-03-31": "", "2014-12-31": "", "2014-09-30": "", "2014-06-30": "", "2014-03-31": "", "2013-12-31": "", "2013-09-30": "", "2013-06-30": "", "2013-03-31": "", "2012-12-31": "", "2012-09-30": "", "2012-06-30": "", "2012-03-31": "", "2011-12-31": "", "2011-09-30": "", "2011-06-30": "", "2011-03-31": "", "2010-12-31": "", "2010-09-30": "", "2010-06-30": "", "2010-03-31": "", "2009-12-31": "", "2009-09-30": "", "2009-06-30": "", "2009-03-31": "", "2008-12-31": "", "2008-09-30": "", "2008-06-30": "", "2008-03-31": "", "2007-12-31": "", "2007-09-30": "", "2007-06-30": "", "2007-03-31": "", "2006-12-31": "", "2006-09-30": "", "2006-06-30": "", "2006-03-31": "", "2005-12-31": "", "2005-09-30": "", "2005-06-30": "", "2005-03-31": ""}, "Share Holder Equity": {"2020-12-31": "7560.24800", "2020-09-30": "7390.82100", "2020-06-30": "7347.17200", "2020-03-31": "5683.52600", "2019-12-31": "5971.36700", "2019-09-30": "5951.23500", "2019-06-30": "5912.84200", "2019-03-31": "5554.03300", "2018-12-31": "5045.08000", "2018-09-30": "4886.52100", "2018-06-30": "4860.06100", "2018-03-31": "4436.25300", "2017-12-31": "4391.37500", "2017-09-30": "4403.01200", "2017-06-30": "4955.25500", "2017-03-31": "4860.83700", "2016-12-31": "4866.57700", "2016-09-30": "4807.79000", "2016-06-30": "4703.21700", "2016-03-31": "4760.59300", "2015-12-31": "4732.18400", "2015-09-30": "4697.64300", "2015-06-30": "4836.94400", "2015-03-31": "4782.28900", "2014-12-31": "3865.71500", "2014-09-30": "3735.86000", "2014-06-30": "3835.94100", "2014-03-31": "3762.27800", "2013-12-31": "3904.38400", "2013-09-30": "3714.43400", "2013-06-30": "3571.99000", "2013-03-31": "3566.85200", "2012-12-31": "3507.05600", "2012-09-30": "3842.93500", "2012-06-30": "3846.92100", "2012-03-31": "3798.45700", "2011-12-31": "3608.53300", "2011-09-30": "3551.04100", "2011-06-30": "3518.70100", "2011-03-31": "3503.06200", "2010-12-31": "3939.21400", "2010-09-30": "3973.81000", "2010-06-30": "3775.24200", "2010-03-31": "3791.29100", "2009-12-31": "3840.78600", "2009-09-30": "3720.47000", "2009-06-30": "3403.60200", "2009-03-31": "3121.40300", "2008-12-31": "3032.74300", "2008-09-30": "3041.24100", "2008-06-30": "3373.43300", "2008-03-31": "3385.95200", "2007-12-31": "3477.50300", "2007-09-30": "3521.75100", "2007-06-30": "3460.03800", "2007-03-31": "3303.56000", "2006-12-31": "3280.49700", "2006-09-30": "2797.20700", "2006-06-30": "2538.51900", "2006-03-31": "2415.88900", "2005-12-31": "2253.84000", "2005-09-30": "2490.69300", "2005-06-30": "2822.96000", "2005-03-31": "2637.65400"}, "Total Liabilities And Share Holders Equity": {"2020-12-31": "30820.58000", "2020-09-30": "30995.84000", "2020-06-30": "30479.75000", "2020-03-31": "27465.52000", "2019-12-31": "26330.09000", "2019-09-30": "25644.21000", "2019-06-30": "26086.96000", "2019-03-31": "24559.60000", "2018-12-31": "18676.20000", "2018-09-30": "17096.39000", "2018-06-30": "17023.38000", "2018-03-31": "15922.20000", "2017-12-31": "15226.13000", "2017-09-30": "15044.92000", "2017-06-30": "13705.68000", "2017-03-31": "13319.63000", "2016-12-31": "12352.08000", "2016-09-30": "12659.53000", "2016-06-30": "12544.76000", "2016-03-31": "12153.91000", "2015-12-31": "11555.29000", "2015-09-30": "11906.72000", "2015-06-30": "12053.19000", "2015-03-31": "11287.20000", "2014-12-31": "8203.55000", "2014-09-30": "8356.93500", "2014-06-30": "8515.62500", "2014-03-31": "8163.70500", "2013-12-31": "8179.13100", "2013-09-30": "8353.95500", "2013-06-30": "8467.38300", "2013-03-31": "8096.92000", "2012-12-31": "7928.62800", "2012-09-30": "8793.50800", "2012-06-30": "8959.51800", "2012-03-31": "8353.59800", "2011-12-31": "7744.91200", "2011-09-30": "8117.40900", "2011-06-30": "8166.34000", "2011-03-31": "8015.10000", "2010-12-31": "8138.27800", "2010-09-30": "8640.42400", "2010-06-30": "8553.05900", "2010-03-31": "7935.67200", "2009-12-31": "7926.21200", "2009-09-30": "8544.69900", "2009-06-30": "8805.43700", "2009-03-31": "8059.90900", "2008-12-31": "7984.05100", "2008-09-30": "8589.23900", "2008-06-30": "8550.27600", "2008-03-31": "8169.94200", "2007-12-31": "8286.35500", "2007-09-30": "8761.33800", "2007-06-30": "8558.36300", "2007-03-31": "7787.11600", "2006-12-31": "7769.02600", "2006-09-30": "7539.55700", "2006-06-30": "7738.62900", "2006-03-31": "7158.26200", "2005-12-31": "6871.26100", "2005-09-30": "6791.60400", "2005-06-30": "6330.21500", "2005-03-31": "6065.27900"}}, "cash flow statement": {"Net Income/Loss": {"2020-12-31": "0.00000", "2019-12-31": "950.26700", "2018-12-31": "268.91700", "2017-12-31": "-354.67100", "2016-12-31": "630.04800", "2015-12-31": "542.24200", "2014-12-31": "686.25600", "2013-12-31": "841.76800", "2012-12-31": "748.94900", "2011-12-31": "-90.39200", "2010-12-31": "861.15200", "2009-12-31": "1052.65900", "2008-12-31": "84.15300", "2007-12-31": "776.83200", "2006-12-31": "797.11000", "2005-12-31": "-246.76300"}, "Total Depreciation And Amortization - Cash Flow": {"2020-12-31": "", "2019-12-31": "-58.96400", "2018-12-31": "0.12300", "2017-12-31": "31.24200", "2016-12-31": "29.30400", "2015-12-31": "18.17900", "2014-12-31": "47.77100", "2013-12-31": "51.59600", "2012-12-31": "59.69500", "2011-12-31": "42.29800", "2010-12-31": "59.71900", "2009-12-31": "9.21300", "2008-12-31": "-8.87100", "2007-12-31": "-19.77400", "2006-12-31": "-12.27900", "2005-12-31": "9.63500"}, "Other Non-Cash Items": {"2020-12-31": "", "2019-12-31": "-427.46600", "2018-12-31": "179.60600", "2017-12-31": "-154.26400", "2016-12-31": "-147.36600", "2015-12-31": "72.80600", "2014-12-31": "-58.41800", "2013-12-31": "-113.51500", "2012-12-31": "-220.63100", "2011-12-31": "-14.97600", "2010-12-31": "-196.30200", "2009-12-31": "-180.19600", "2008-12-31": "463.81300", "2007-12-31": "86.20200", "2006-12-31": "124.64800", "2005-12-31": "-185.89500"}, "Total Non-Cash Items": {"2020-12-31": "", "2019-12-31": "-486.43000", "2018-12-31": "179.72900", "2017-12-31": "-123.02200", "2016-12-31": "-118.06200", "2015-12-31": "90.98500", "2014-12-31": "-10.64700", "2013-12-31": "-61.91900", "2012-12-31": "-160.93600", "2011-12-31": "27.32200", "2010-12-31": "-136.58300", "2009-12-31": "-170.98300", "2008-12-31": "454.94200", "2007-12-31": "66.42800", "2006-12-31": "112.36900", "2005-12-31": "-176.26000"}, "Change In Accounts Receivable": {"2020-12-31": "", "2019-12-31": "-424.97300", "2018-12-31": "-232.56600", "2017-12-31": "-317.29900", "2016-12-31": "-209.31400", "2015-12-31": "-105.28100", "2014-12-31": "34.08000", "2013-12-31": "17.27800", "2012-12-31": "-19.48700", "2011-12-31": "-149.79800", "2010-12-31": "-23.21500", "2009-12-31": "-24.19700", "2008-12-31": "-90.55500", "2007-12-31": "-55.92500", "2006-12-31": "-56.04500", "2005-12-31": "-156.29200"}, "Change In Inventories": {"2020-12-31": "", "2019-12-31": "", "2018-12-31": "", "2017-12-31": "", "2016-12-31": "", "2015-12-31": "", "2014-12-31": "", "2013-12-31": "", "2012-12-31": "", "2011-12-31": "", "2010-12-31": "", "2009-12-31": "", "2008-12-31": "", "2007-12-31": "", "2006-12-31": "", "2005-12-31": ""}, "Change In Accounts Payable": {"2020-12-31": "", "2019-12-31": "698.07700", "2018-12-31": "1068.73900", "2017-12-31": "468.85700", "2016-12-31": "281.89100", "2015-12-31": "80.55400", "2014-12-31": "167.37800", "2013-12-31": "91.92400", "2012-12-31": "66.83800", "2011-12-31": "2.45200", "2010-12-31": "-61.42500", "2009-12-31": "-1.27200", "2008-12-31": "6.76700", "2007-12-31": "-108.68600", "2006-12-31": "102.61900", "2005-12-31": "244.32100"}, "Change In Assets/Liabilities": {"2020-12-31": "", "2019-12-31": "1400.25400", "2018-12-31": "-63.11800", "2017-12-31": "1351.92200", "2016-12-31": "-99.79100", "2015-12-31": "-183.51500", "2014-12-31": "-216.41000", "2013-12-31": "-93.33000", "2012-12-31": "81.56500", "2011-12-31": "376.34900", "2010-12-31": "-145.20900", "2009-12-31": "-267.31800", "2008-12-31": "90.56900", "2007-12-31": "111.84000", "2006-12-31": "-142.73700", "2005-12-31": "670.60700"}, "Total Change In Assets/Liabilities": {"2020-12-31": "", "2019-12-31": "1673.35800", "2018-12-31": "773.05510", "2017-12-31": "1503.48000", "2016-12-31": "-27.21400", "2015-12-31": "-208.24200", "2014-12-31": "-14.95200", "2013-12-31": "15.87200", "2012-12-31": "128.91600", "2011-12-31": "229.00300", "2010-12-31": "-229.84900", "2009-12-31": "-292.78700", "2008-12-31": "6.78100", "2007-12-31": "-52.77100", "2006-12-31": "-96.16300", "2005-12-31": "758.63600"}, "Cash Flow From Operating Activities": {"2020-12-31": "", "2019-12-31": "2137.19500", "2018-12-31": "1221.70100", "2017-12-31": "1025.78700", "2016-12-31": "484.77200", "2015-12-31": "424.98500", "2014-12-31": "660.65700", "2013-12-31": "795.72100", "2012-12-31": "716.92900", "2011-12-31": "165.93300", "2010-12-31": "494.72000", "2009-12-31": "588.88900", "2008-12-31": "545.87600", "2007-12-31": "790.48900", "2006-12-31": "813.31600", "2005-12-31": "335.61300"}, "Net Change In Property, Plant, And Equipment": {"2020-12-31": "", "2019-12-31": "", "2018-12-31": "", "2017-12-31": "", "2016-12-31": "", "2015-12-31": "", "2014-12-31": "", "2013-12-31": "", "2012-12-31": "", "2011-12-31": "", "2010-12-31": "", "2009-12-31": "", "2008-12-31": "", "2007-12-31": "", "2006-12-31": "", "2005-12-31": ""}, "Net Change In Intangible Assets": {"2020-12-31": "", "2019-12-31": "", "2018-12-31": "", "2017-12-31": "", "2016-12-31": "", "2015-12-31": "", "2014-12-31": "", "2013-12-31": "", "2012-12-31": "", "2011-12-31": "", "2010-12-31": "", "2009-12-31": "", "2008-12-31": "", "2007-12-31": "", "2006-12-31": "", "2005-12-31": ""}, "Net Acquisitions/Divestitures": {"2020-12-31": "", "2019-12-31": "-276.20600", "2018-12-31": "", "2017-12-31": "", "2016-12-31": "", "2015-12-31": "-678.15200", "2014-12-31": "", "2013-12-31": "", "2012-12-31": "", "2011-12-31": "", "2010-12-31": "", "2009-12-31": "-2.74100", "2008-12-31": "-77.63100", "2007-12-31": "", "2006-12-31": "", "2005-12-31": ""}, "Net Change In Short-term Investments": {"2020-12-31": "", "2019-12-31": "-1900.74100", "2018-12-31": "-1436.38900", "2017-12-31": "364.01100", "2016-12-31": "-118.61700", "2015-12-31": "669.11600", "2014-12-31": "45.02300", "2013-12-31": "-246.97100", "2012-12-31": "68.77700", "2011-12-31": "103.14800", "2010-12-31": "-26.75200", "2009-12-31": "1170.03700", "2008-12-31": "-350.79400", "2007-12-31": "589.42200", "2006-12-31": "-757.35300", "2005-12-31": "-1045.32600"}, "Net Change In Long-Term Investments": {"2020-12-31": "", "2019-12-31": "-807.58980", "2018-12-31": "-1102.72400", "2017-12-31": "-486.44530", "2016-12-31": "-46.31450", "2015-12-31": "-334.50290", "2014-12-31": "90.63040", "2013-12-31": "-130.72460", "2012-12-31": "-127.37500", "2011-12-31": "-115.95510", "2010-12-31": "140.92290", "2009-12-31": "-1263.72900", "2008-12-31": "370.81150", "2007-12-31": "-758.91110", "2006-12-31": "-199.95560", "2005-12-31": "488.76170"}, "Net Change In Investments - Total": {"2020-12-31": "", "2019-12-31": "-2708.33100", "2018-12-31": "-2539.11300", "2017-12-31": "-122.43430", "2016-12-31": "-164.93150", "2015-12-31": "334.61310", "2014-12-31": "135.65340", "2013-12-31": "-377.69560", "2012-12-31": "-58.59800", "2011-12-31": "-12.80710", "2010-12-31": "114.17090", "2009-12-31": "-93.69150", "2008-12-31": "20.01750", "2007-12-31": "-169.48910", "2006-12-31": "-957.30860", "2005-12-31": "-556.56430"}, "Investing Activities - Other": {"2020-12-31": "", "2019-12-31": "-4.10800", "2018-12-31": "2.50000", "2017-12-31": "", "2016-12-31": "0.40000", "2015-12-31": "4.50000", "2014-12-31": "6.00000", "2013-12-31": "62.18100", "2012-12-31": "-13.07900", "2011-12-31": "327.83800", "2010-12-31": "-5.56100", "2009-12-31": "-19.38500", "2008-12-31": "6.50000", "2007-12-31": "", "2006-12-31": "", "2005-12-31": ""}, "Cash Flow From Investing Activities": {"2020-12-31": "", "2019-12-31": "-2988.64400", "2018-12-31": "-2536.61300", "2017-12-31": "-122.43400", "2016-12-31": "-164.53200", "2015-12-31": "-339.03900", "2014-12-31": "141.65300", "2013-12-31": "-315.51500", "2012-12-31": "-71.67700", "2011-12-31": "315.03100", "2010-12-31": "108.61000", "2009-12-31": "-115.81700", "2008-12-31": "-51.11400", "2007-12-31": "-169.48900", "2006-12-31": "-957.30900", "2005-12-31": "-556.56600"}, "Net Long-Term Debt": {"2020-12-31": "", "2019-12-31": "396.41100", "2018-12-31": "", "2017-12-31": "45.86600", "2016-12-31": "", "2015-12-31": "445.58900", "2014-12-31": "", "2013-12-31": "-102.43600", "2012-12-31": "-1.93700", "2011-12-31": "-200.00000", "2010-12-31": "249.04600", "2009-12-31": "-150.00000", "2008-12-31": "-13.45100", "2007-12-31": "-12.22200", "2006-12-31": "-50.00000", "2005-12-31": "150.00000"}, "Net Current Debt": {"2020-12-31": "", "2019-12-31": "", "2018-12-31": "", "2017-12-31": "", "2016-12-31": "", "2015-12-31": "", "2014-12-31": "", "2013-12-31": "", "2012-12-31": "", "2011-12-31": "", "2010-12-31": "", "2009-12-31": "-50.04200", "2008-12-31": "50.00000", "2007-12-31": "", "2006-12-31": "", "2005-12-31": ""}, "Debt Issuance/Retirement Net - Total": {"2020-12-31": "", "2019-12-31": "396.41100", "2018-12-31": "", "2017-12-31": "45.86600", "2016-12-31": "", "2015-12-31": "445.58900", "2014-12-31": "", "2013-12-31": "-102.43600", "2012-12-31": "-1.93700", "2011-12-31": "-200.00000", "2010-12-31": "249.04600", "2009-12-31": "-200.04200", "2008-12-31": "36.54900", "2007-12-31": "-12.22200", "2006-12-31": "-50.00000", "2005-12-31": "150.00000"}, "Net Common Equity Issued/Repurchased": {"2020-12-31": "", "2019-12-31": "827.08300", "2018-12-31": "915.68300", "2017-12-31": "71.88400", "2016-12-31": "-312.42400", "2015-12-31": "-452.90600", "2014-12-31": "-626.38490", "2013-12-31": "-213.16000", "2012-12-31": "-298.38200", "2011-12-31": "-253.77600", "2010-12-31": "-585.58400", "2009-12-31": "-183.69000", "2008-12-31": "-484.85700", "2007-12-31": "-240.17100", "2006-12-31": "", "2005-12-31": "-0.73800"}, "Net Total Equity Issued/Repurchased": {"2020-12-31": "", "2019-12-31": "827.08300", "2018-12-31": "1157.13100", "2017-12-31": "71.88400", "2016-12-31": "-312.42400", "2015-12-31": "-452.90600", "2014-12-31": "-626.38490", "2013-12-31": "-222.30400", "2012-12-31": "-448.38200", "2011-12-31": "-253.77600", "2010-12-31": "-685.58400", "2009-12-31": "-183.69000", "2008-12-31": "-484.85700", "2007-12-31": "-390.17100", "2006-12-31": "291.12700", "2005-12-31": "-0.73800"}, "Total Common And Preferred Stock Dividends Paid": {"2020-12-31": "", "2019-12-31": "-96.12400", "2018-12-31": "-82.92900", "2017-12-31": "-73.75100", "2016-12-31": "-73.96400", "2015-12-31": "-76.34800", "2014-12-31": "-68.29300", "2013-12-31": "-74.21500", "2012-12-31": "-88.25100", "2011-12-31": "-88.46000", "2010-12-31": "-98.05400", "2009-12-31": "-102.04000", "2008-12-31": "-100.15000", "2007-12-31": "-105.45600", "2006-12-31": "-95.06300", "2005-12-31": "-91.62800"}, "Financial Activities - Other": {"2020-12-31": "", "2019-12-31": "-7.25300", "2018-12-31": "-7.86200", "2017-12-31": "-15.13900", "2016-12-31": "-14.94300", "2015-12-31": "-10.24800", "2014-12-31": "", "2013-12-31": "", "2012-12-31": "", "2011-12-31": "", "2010-12-31": "3.00000", "2009-12-31": "", "2008-12-31": "", "2007-12-31": "", "2006-12-31": "38.32700", "2005-12-31": "270.58000"}, "Cash Flow From Financial Activities": {"2020-12-31": "", "2019-12-31": "1120.11700", "2018-12-31": "1066.34000", "2017-12-31": "28.86000", "2016-12-31": "-401.33100", "2015-12-31": "-93.91300", "2014-12-31": "-694.67800", "2013-12-31": "-398.95500", "2012-12-31": "-538.57000", "2011-12-31": "-542.23600", "2010-12-31": "-531.59200", "2009-12-31": "-485.77200", "2008-12-31": "-548.45800", "2007-12-31": "-507.84900", "2006-12-31": "184.39100", "2005-12-31": "328.21400"}, "Net Cash Flow": {"2020-12-31": "", "2019-12-31": "271.14600", "2018-12-31": "-253.67000", "2017-12-31": "940.43500", "2016-12-31": "-85.72800", "2015-12-31": "-18.69900", "2014-12-31": "117.55200", "2013-12-31": "103.88700", "2012-12-31": "122.32000", "2011-12-31": "-44.31300", "2010-12-31": "74.62600", "2009-12-31": "17.98500", "2008-12-31": "-71.99900", "2007-12-31": "115.82700", "2006-12-31": "40.39800", "2005-12-31": "107.26100"}, "Stock-Based Compensation": {"2020-12-31": "", "2019-12-31": "", "2018-12-31": "", "2017-12-31": "", "2016-12-31": "", "2015-12-31": "", "2014-12-31": "", "2013-12-31": "", "2012-12-31": "", "2011-12-31": "", "2010-12-31": "", "2009-12-31": "", "2008-12-31": "", "2007-12-31": "", "2006-12-31": "", "2005-12-31": ""}, "Common Stock Dividends Paid": {"2020-12-31": "", "2019-12-31": "-59.36800", "2018-12-31": "-52.84100", "2017-12-31": "-51.37000", "2016-12-31": "-51.58300", "2015-12-31": "-53.96700", "2014-12-31": "-45.91200", "2013-12-31": "-49.26700", "2012-12-31": "-53.35600", "2011-12-31": "-53.46000", "2010-12-31": "-55.93600", "2009-12-31": "-59.74000", "2008-12-31": "-57.85000", "2007-12-31": "-62.59500", "2006-12-31": "-60.41300", "2005-12-31": "-56.97800"}}, "cash flow statement, quarterly": {"Net Income/Loss": {"2020-12-31": -801.424, "2020-09-30": 74.389, "2020-06-30": 701.862, "2020-03-31": "25.17300", "2019-12-31": 40.34, "2019-09-30": 107.944, "2019-06-30": 448.855, "2019-03-31": "353.12800", "2018-12-31": -123.986, "2018-09-30": 48.829, "2018-06-30": 251.867, "2018-03-31": "92.20700", "2017-12-31": 2.199, "2017-09-30": -703.494, "2017-06-30": 214.35, "2017-03-31": "132.27400", "2016-12-31": 91.25, "2016-09-30": 188.061, "2016-06-30": 172.556, "2016-03-31": "178.18100", "2015-12-31": 125.869, "2015-09-30": 112.277, "2015-06-30": 90.996, "2015-03-31": "213.10000", "2014-12-31": 220.577, "2014-09-30": 103.887, "2014-06-30": 162.426, "2014-03-31": "199.36600", "2013-12-31": 328.442, "2013-09-30": 229.666, "2013-06-30": 48.304, "2013-03-31": "235.35600", "2012-12-31": 59.992, "2012-09-30": 240.493, "2012-06-30": 184.644, "2012-03-31": "263.82000", "2011-12-31": 115.909, "2011-09-30": 63.057, "2011-06-30": 55.417, "2011-03-31": "-324.77500", "2010-12-31": 149.4, "2010-09-30": 252.849, "2010-06-30": 272.731, "2010-03-31": "186.17200", "2009-12-31": 271.022, "2009-09-30": 306.897, "2009-06-30": 331.406, "2009-03-31": "143.33400", "2008-12-31": 20.837, "2008-09-30": -312.376, "2008-06-30": 187.637, "2008-03-31": "188.05500", "2007-12-31": 237.175, "2007-09-30": 143.975, "2007-06-30": 193.741, "2007-03-31": "201.94100", "2006-12-31": 210.623, "2006-09-30": 259.774, "2006-06-30": 139.07, "2006-03-31": "187.64300", "2005-12-31": -201.739, "2005-09-30": -278.538, "2005-06-30": 180.548, "2005-03-31": "52.96600"}, "Total Depreciation And Amortization - Cash Flow": {"2020-12-31": 1.922, "2020-09-30": 6.604, "2020-06-30": -4.121, "2020-03-31": "-4.40500", "2019-12-31": -31.725, "2019-09-30": -10.71, "2019-06-30": -12.923, "2019-03-31": "-3.60600", "2018-12-31": -30.813, "2018-09-30": 6.195, "2018-06-30": 11.001, "2018-03-31": "13.74000", "2017-12-31": 12.656, "2017-09-30": 7.087, "2017-06-30": 5.109, "2017-03-31": "6.39000", "2016-12-31": 10.961, "2016-09-30": 7.307, "2016-06-30": 2.284, "2016-03-31": "8.75200", "2015-12-31": 14.342, "2015-09-30": -8.558, "2015-06-30": 7.582, "2015-03-31": "4.81300", "2014-12-31": 17.501, "2014-09-30": 14.851, "2014-06-30": 7.114, "2014-03-31": "8.30500", "2013-12-31": 9.173, "2013-09-30": 15.702, "2013-06-30": 13.732, "2013-03-31": "12.98900", "2012-12-31": 14.392, "2012-09-30": 16.518, "2012-06-30": 15.204, "2012-03-31": "13.58100", "2011-12-31": 15.258, "2011-09-30": 9.791, "2011-06-30": 6.726, "2011-03-31": "10.52300", "2010-12-31": 19.693, "2010-09-30": 13.323, "2010-06-30": 12.716, "2010-03-31": "13.98700", "2009-12-31": 7.464, "2009-09-30": 3.353, "2009-06-30": -0.864, "2009-03-31": "-0.74000", "2008-12-31": -7.463, "2008-09-30": -0.873, "2008-06-30": 2.842, "2008-03-31": "-3.37700", "2007-12-31": -8.955, "2007-09-30": -3.835, "2007-06-30": -4.172, "2007-03-31": "-2.81200", "2006-12-31": -3.587, "2006-09-30": -4.729, "2006-06-30": -3.187, "2006-03-31": "-0.77600", "2005-12-31": 1.419, "2005-09-30": 2.641, "2005-06-30": 2.603, "2005-03-31": "2.97200"}, "Other Non-Cash Items": {"2020-12-31": 532.556, "2020-09-30": -196.261, "2020-06-30": -454.4, "2020-03-31": "118.10500", "2019-12-31": -33.565, "2019-09-30": -38.021, "2019-06-30": -191.832, "2019-03-31": "-164.04800", "2018-12-31": 123.985, "2018-09-30": -28.448, "2018-06-30": 3.704, "2018-03-31": "80.36500", "2017-12-31": -27.599, "2017-09-30": -32.992, "2017-06-30": -48.255, "2017-03-31": "-45.41800", "2016-12-31": 16.148, "2016-09-30": -50.141, "2016-06-30": -66.667, "2016-03-31": "-46.70600", "2015-12-31": 46.892, "2015-09-30": 50.663, "2015-06-30": 25.561, "2015-03-31": "-50.31000", "2014-12-31": -27.769, "2014-09-30": 30.465, "2014-06-30": -40.003, "2014-03-31": "-21.11100", "2013-12-31": -107.219, "2013-09-30": -55.348, "2013-06-30": 95.123, "2013-03-31": "-46.07100", "2012-12-31": -32.431, "2012-09-30": -79.072, "2012-06-30": -3.592, "2012-03-31": "-105.53600", "2011-12-31": 31.247, "2011-09-30": 47.598, "2011-06-30": -40.516, "2011-03-31": "-53.30500", "2010-12-31": 7.777, "2010-09-30": -100.324, "2010-06-30": -42.4, "2010-03-31": "-61.35500", "2009-12-31": -63.721, "2009-09-30": -54.914, "2009-06-30": -98.435, "2009-03-31": "36.87400", "2008-12-31": 229.507, "2008-09-30": 136.462, "2008-06-30": 42.603, "2008-03-31": "55.24100", "2007-12-31": 10.977, "2007-09-30": 65.562, "2007-06-30": 19.893, "2007-03-31": "-10.23000", "2006-12-31": 23.16, "2006-09-30": 31.044, "2006-06-30": 31.138, "2006-03-31": "39.30600", "2005-12-31": -121.986, "2005-09-30": -101.712, "2005-06-30": 38.798, "2005-03-31": "-0.99500"}, "Total Non-Cash Items": {"2020-12-31": 534.478, "2020-09-30": -189.657, "2020-06-30": -458.521, "2020-03-31": "113.70000", "2019-12-31": -65.29, "2019-09-30": -48.731, "2019-06-30": -204.755, "2019-03-31": "-167.65400", "2018-12-31": 93.172, "2018-09-30": -22.253, "2018-06-30": 14.705, "2018-03-31": "94.10500", "2017-12-31": -14.943, "2017-09-30": -25.905, "2017-06-30": -43.146, "2017-03-31": "-39.02800", "2016-12-31": 27.109, "2016-09-30": -42.834, "2016-06-30": -64.383, "2016-03-31": "-37.95400", "2015-12-31": 61.234, "2015-09-30": 42.105, "2015-06-30": 33.143, "2015-03-31": "-45.49700", "2014-12-31": -10.268, "2014-09-30": 45.316, "2014-06-30": -32.889, "2014-03-31": "-12.80600", "2013-12-31": -98.046, "2013-09-30": -39.646, "2013-06-30": 108.855, "2013-03-31": "-33.08200", "2012-12-31": -18.039, "2012-09-30": -62.554, "2012-06-30": 11.612, "2012-03-31": "-91.95500", "2011-12-31": 46.505, "2011-09-30": 57.389, "2011-06-30": -33.79, "2011-03-31": "-42.78200", "2010-12-31": 27.47, "2010-09-30": -87.001, "2010-06-30": -29.684, "2010-03-31": "-47.36800", "2009-12-31": -56.257, "2009-09-30": -51.561, "2009-06-30": -99.299, "2009-03-31": "36.13400", "2008-12-31": 222.044, "2008-09-30": 135.589, "2008-06-30": 45.445, "2008-03-31": "51.86400", "2007-12-31": 2.022, "2007-09-30": 61.727, "2007-06-30": 15.721, "2007-03-31": "-13.04200", "2006-12-31": 19.573, "2006-09-30": 26.315, "2006-06-30": 27.951, "2006-03-31": "38.53000", "2005-12-31": -120.567, "2005-09-30": -99.071, "2005-06-30": 41.401, "2005-03-31": "1.97700"}, "Change In Accounts Receivable": {"2020-12-31": 736.07, "2020-09-30": 183.999, "2020-06-30": -414.524, "2020-03-31": "-505.54500", "2019-12-31": 200.058, "2019-09-30": 340.734, "2019-06-30": -387.59, "2019-03-31": "-578.17500", "2018-12-31": 249.907, "2018-09-30": 172.552, "2018-06-30": -275.017, "2018-03-31": "-380.00800", "2017-12-31": 216.644, "2017-09-30": 12.567, "2017-06-30": -250.558, "2017-03-31": "-295.95200", "2016-12-31": 194.008, "2016-09-30": 151.336, "2016-06-30": -238.551, "2016-03-31": "-316.10700", "2015-12-31": 86.189, "2015-09-30": 204.621, "2015-06-30": -202.401, "2015-03-31": "-193.69000", "2014-12-31": 190.711, "2014-09-30": 206.398, "2014-06-30": -168.328, "2014-03-31": "-194.70100", "2013-12-31": 261.85, "2013-09-30": 218.205, "2013-06-30": -299.774, "2013-03-31": "-163.00300", "2012-12-31": 209.875, "2012-09-30": 270.306, "2012-06-30": -267.614, "2012-03-31": "-232.05400", "2011-12-31": 223.285, "2011-09-30": 238.356, "2011-06-30": -358.972, "2011-03-31": "-252.46700", "2010-12-31": 150.507, "2010-09-30": 257.947, "2010-06-30": -509.664, "2010-03-31": "77.99500", "2009-12-31": 236.735, "2009-09-30": 245.104, "2009-06-30": -478.467, "2009-03-31": "-27.56900", "2008-12-31": 162.416, "2008-09-30": 237.909, "2008-06-30": -466.571, "2008-03-31": "-24.30900", "2007-12-31": 239.42, "2007-09-30": 213.162, "2007-06-30": -388.937, "2007-03-31": "-119.57000", "2006-12-31": 204.719, "2006-09-30": 233.818, "2006-06-30": -290.731, "2006-03-31": "-203.85100", "2005-12-31": 115.56, "2005-09-30": 74.028, "2005-06-30": -99.146, "2005-03-31": "-246.73400"}, "Change In Inventories": {"2020-12-31": 0, "2020-09-30": 0, "2020-06-30": 0, "2020-03-31": "", "2019-12-31": 0, "2019-09-30": 0, "2019-06-30": 0, "2019-03-31": "", "2018-12-31": 0, "2018-09-30": 0, "2018-06-30": 0, "2018-03-31": "", "2017-12-31": 0, "2017-09-30": 0, "2017-06-30": 0, "2017-03-31": "", "2016-12-31": 0, "2016-09-30": 0, "2016-06-30": 0, "2016-03-31": "", "2015-12-31": 0, "2015-09-30": 0, "2015-06-30": 0, "2015-03-31": "", "2014-12-31": 0, "2014-09-30": 0, "2014-06-30": 0, "2014-03-31": "", "2013-12-31": 0, "2013-09-30": 0, "2013-06-30": 0, "2013-03-31": "", "2012-12-31": 0, "2012-09-30": 0, "2012-06-30": 0, "2012-03-31": "", "2011-12-31": 0, "2011-09-30": 0, "2011-06-30": 0, "2011-03-31": "", "2010-12-31": 0, "2010-09-30": 0, "2010-06-30": 0, "2010-03-31": "", "2009-12-31": 0, "2009-09-30": 0, "2009-06-30": 0, "2009-03-31": "", "2008-12-31": 0, "2008-09-30": 0, "2008-06-30": 0, "2008-03-31": "", "2007-12-31": 0, "2007-09-30": 0, "2007-06-30": 0, "2007-03-31": "", "2006-12-31": 0, "2006-09-30": 0, "2006-06-30": 0, "2006-03-31": "", "2005-12-31": 0, "2005-09-30": 0, "2005-06-30": 0, "2005-03-31": ""}, "Change In Accounts Payable": {"2020-12-31": -1520.75, "2020-09-30": -262.83, "2020-06-30": 508.102, "2020-03-31": "1275.47800", "2019-12-31": -312.204, "2019-09-30": -577.945, "2019-06-30": 371.891, "2019-03-31": "1216.33500", "2018-12-31": -232.376, "2018-09-30": -192.715, "2018-06-30": 501.21, "2018-03-31": "992.62000", "2017-12-31": -178.614, "2017-09-30": -82.611, "2017-06-30": 253.708, "2017-03-31": "476.37400", "2016-12-31": -233.079, "2016-09-30": -41.338, "2016-06-30": 303.869, "2016-03-31": "252.43900", "2015-12-31": -134.336, "2015-09-30": -74.643, "2015-06-30": 146.264, "2015-03-31": "143.26900", "2014-12-31": -191.293, "2014-09-30": -156.296, "2014-06-30": 175.532, "2014-03-31": "339.43500", "2013-12-31": -241.947, "2013-09-30": -195.913, "2013-06-30": 273.706, "2013-03-31": "256.07800", "2012-12-31": -271.951, "2012-09-30": -198.121, "2012-06-30": 294.676, "2012-03-31": "242.23400", "2011-12-31": -230.66, "2011-09-30": -211.739, "2011-06-30": 357.309, "2011-03-31": "87.54200", "2010-12-31": -201.97, "2010-09-30": -274.038, "2010-06-30": 416.73, "2010-03-31": "-2.14700", "2009-12-31": -319.544, "2009-09-30": -262.405, "2009-06-30": 461.468, "2009-03-31": "119.20900", "2008-12-31": -225.349, "2008-09-30": -232.88, "2008-06-30": 380.786, "2008-03-31": "84.21000", "2007-12-31": -313.84, "2007-09-30": -204.506, "2007-06-30": 363.502, "2007-03-31": "46.15800", "2006-12-31": -265.811, "2006-09-30": -244.206, "2006-06-30": 290.16, "2006-03-31": "322.47600", "2005-12-31": -213.274, "2005-09-30": -44.157, "2005-06-30": 60.089, "2005-03-31": "441.66300"}, "Change In Assets/Liabilities": {"2020-12-31": -278.153, "2020-09-30": 666.913, "2020-06-30": 44.58, "2020-03-31": "-433.34000", "2019-12-31": 1009.859, "2019-09-30": 658.461, "2019-06-30": 178.419, "2019-03-31": "-446.48500", "2018-12-31": 346.458, "2018-09-30": 533.002, "2018-06-30": -106.305, "2018-03-31": "-836.27300", "2017-12-31": 398.799, "2017-09-30": 1080.122, "2017-06-30": -54.37, "2017-03-31": "-72.62900", "2016-12-31": 25.119, "2016-09-30": -0.101, "2016-06-30": -46.612, "2016-03-31": "-78.19700", "2015-12-31": 123.882, "2015-09-30": -92.843, "2015-06-30": 21.233, "2015-03-31": "-235.78700", "2014-12-31": 57.541, "2014-09-30": 20.698, "2014-06-30": -9.994, "2014-03-31": "-284.65500", "2013-12-31": 159.624, "2013-09-30": -3.933, "2013-06-30": -82.174, "2013-03-31": "-166.84700", "2012-12-31": 201.386, "2012-09-30": -18.235, "2012-06-30": -90.645, "2012-03-31": "-10.94100", "2011-12-31": -183.592, "2011-09-30": 16.427, "2011-06-30": 17.329, "2011-03-31": "526.18500", "2010-12-31": -127.128, "2010-09-30": 58.166, "2010-06-30": -92.184, "2010-03-31": "15.93700", "2009-12-31": 4.319, "2009-09-30": 1.885, "2009-06-30": -145.413, "2009-03-31": "-128.10900", "2008-12-31": -188.538, "2008-09-30": 349.288, "2008-06-30": -47.203, "2008-03-31": "-22.97800", "2007-12-31": -0.596, "2007-09-30": 70.578, "2007-06-30": 6.715, "2007-03-31": "35.14300", "2006-12-31": 83.902, "2006-09-30": -98.845, "2006-06-30": 70.948, "2006-03-31": "-198.74200", "2005-12-31": 213.179, "2005-09-30": 464.797, "2005-06-30": -10.673, "2005-03-31": "3.30400"}, "Total Change In Assets/Liabilities": {"2020-12-31": -1062.833, "2020-09-30": 588.0819, "2020-06-30": 138.1581, "2020-03-31": "336.59300", "2019-12-31": 897.713, "2019-09-30": 421.25, "2019-06-30": 162.72, "2019-03-31": "191.67500", "2018-12-31": 363.9891, "2018-09-30": 512.8391, "2018-06-30": 119.888, "2018-03-31": "-223.66110", "2017-12-31": 436.829, "2017-09-30": 1010.078, "2017-06-30": -51.22, "2017-03-31": "107.79300", "2016-12-31": -13.952, "2016-09-30": 109.897, "2016-06-30": 18.706, "2016-03-31": "-141.86500", "2015-12-31": 75.735, "2015-09-30": 37.135, "2015-06-30": -34.904, "2015-03-31": "-286.20800", "2014-12-31": 56.959, "2014-09-30": 70.8, "2014-06-30": -2.79, "2014-03-31": "-139.92100", "2013-12-31": 179.527, "2013-09-30": 18.359, "2013-06-30": -108.242, "2013-03-31": "-73.77200", "2012-12-31": 139.31, "2012-09-30": 53.95, "2012-06-30": -63.583, "2012-03-31": "-0.76100", "2011-12-31": -190.967, "2011-09-30": 43.044, "2011-06-30": 15.666, "2011-03-31": "361.26000", "2010-12-31": -178.591, "2010-09-30": 42.075, "2010-06-30": -185.118, "2010-03-31": "91.78500", "2009-12-31": -78.49, "2009-09-30": -15.416, "2009-06-30": -162.412, "2009-03-31": "-36.46900", "2008-12-31": -251.471, "2008-09-30": 354.317, "2008-06-30": -132.988, "2008-03-31": "36.92300", "2007-12-31": -75.016, "2007-09-30": 79.234, "2007-06-30": -18.72, "2007-03-31": "-38.26900", "2006-12-31": 22.81, "2006-09-30": -109.233, "2006-06-30": 70.377, "2006-03-31": "-80.11700", "2005-12-31": 115.465, "2005-09-30": 494.668, "2005-06-30": -49.73, "2005-03-31": "198.23300"}, "Cash Flow From Operating Activities": {"2020-12-31": -1329.779, "2020-09-30": 472.814, "2020-06-30": 381.499, "2020-03-31": "475.46600", "2019-12-31": 872.763, "2019-09-30": 480.463, "2019-06-30": 406.82, "2019-03-31": "377.14900", "2018-12-31": 333.175, "2018-09-30": 539.415, "2018-06-30": 386.46, "2018-03-31": "-37.34900", "2017-12-31": 424.085, "2017-09-30": 280.679, "2017-06-30": 119.984, "2017-03-31": "201.03900", "2016-12-31": 104.407, "2016-09-30": 255.124, "2016-06-30": 126.879, "2016-03-31": "-1.63800", "2015-12-31": 262.838, "2015-09-30": 191.517, "2015-06-30": 89.235, "2015-03-31": "-118.60500", "2014-12-31": 267.268, "2014-09-30": 220.003, "2014-06-30": 126.747, "2014-03-31": "46.63900", "2013-12-31": 409.923, "2013-09-30": 208.379, "2013-06-30": 48.917, "2013-03-31": "128.50200", "2012-12-31": 181.263, "2012-09-30": 231.889, "2012-06-30": 132.673, "2012-03-31": "171.10400", "2011-12-31": -28.553, "2011-09-30": 163.49, "2011-06-30": 37.293, "2011-03-31": "-6.29700", "2010-12-31": -1.721, "2010-09-30": 207.923, "2010-06-30": 57.929, "2010-03-31": "230.58900", "2009-12-31": 136.275, "2009-09-30": 239.92, "2009-06-30": 69.695, "2009-03-31": "142.99900", "2008-12-31": -8.59, "2008-09-30": 177.53, "2008-06-30": 100.094, "2008-03-31": "276.84200", "2007-12-31": 164.181, "2007-09-30": 284.936, "2007-06-30": 190.742, "2007-03-31": "150.63000", "2006-12-31": 253.006, "2006-09-30": 176.856, "2006-06-30": 237.398, "2006-03-31": "146.05600", "2005-12-31": -206.841, "2005-09-30": 117.059, "2005-06-30": 172.219, "2005-03-31": "253.17600"}, "Net Change In Property, Plant, And Equipment": {"2020-12-31": 0, "2020-09-30": 0, "2020-06-30": 0, "2020-03-31": "", "2019-12-31": 0, "2019-09-30": 0, "2019-06-30": 0, "2019-03-31": "", "2018-12-31": 0, "2018-09-30": 0, "2018-06-30": 0, "2018-03-31": "", "2017-12-31": 0, "2017-09-30": 0, "2017-06-30": 0, "2017-03-31": "", "2016-12-31": 0, "2016-09-30": 0, "2016-06-30": 0, "2016-03-31": "", "2015-12-31": 0, "2015-09-30": 0, "2015-06-30": 0, "2015-03-31": "", "2014-12-31": 0, "2014-09-30": 0, "2014-06-30": 0, "2014-03-31": "", "2013-12-31": 0, "2013-09-30": 0, "2013-06-30": 0, "2013-03-31": "", "2012-12-31": 0, "2012-09-30": 0, "2012-06-30": 0, "2012-03-31": "", "2011-12-31": 0, "2011-09-30": 0, "2011-06-30": 0, "2011-03-31": "", "2010-12-31": 0, "2010-09-30": 0, "2010-06-30": 0, "2010-03-31": "", "2009-12-31": 0, "2009-09-30": 0, "2009-06-30": 0, "2009-03-31": "", "2008-12-31": 0, "2008-09-30": 0, "2008-06-30": 0, "2008-03-31": "", "2007-12-31": 0, "2007-09-30": 0, "2007-06-30": 0, "2007-03-31": "", "2006-12-31": 0, "2006-09-30": 0, "2006-06-30": 0, "2006-03-31": "", "2005-12-31": 0, "2005-09-30": 0, "2005-06-30": 0, "2005-03-31": ""}, "Net Change In Intangible Assets": {"2020-12-31": 0, "2020-09-30": 0, "2020-06-30": 0, "2020-03-31": "", "2019-12-31": 0, "2019-09-30": 0, "2019-06-30": 0, "2019-03-31": "", "2018-12-31": 0, "2018-09-30": 0, "2018-06-30": 0, "2018-03-31": "", "2017-12-31": 0, "2017-09-30": 0, "2017-06-30": 0, "2017-03-31": "", "2016-12-31": 0, "2016-09-30": 0, "2016-06-30": 0, "2016-03-31": "", "2015-12-31": 0, "2015-09-30": 0, "2015-06-30": 0, "2015-03-31": "", "2014-12-31": 0, "2014-09-30": 0, "2014-06-30": 0, "2014-03-31": "", "2013-12-31": 0, "2013-09-30": 0, "2013-06-30": 0, "2013-03-31": "", "2012-12-31": 0, "2012-09-30": 0, "2012-06-30": 0, "2012-03-31": "", "2011-12-31": 0, "2011-09-30": 0, "2011-06-30": 0, "2011-03-31": "", "2010-12-31": 0, "2010-09-30": 0, "2010-06-30": 0, "2010-03-31": "", "2009-12-31": 0, "2009-09-30": 0, "2009-06-30": 0, "2009-03-31": "", "2008-12-31": 0, "2008-09-30": 0, "2008-06-30": 0, "2008-03-31": "", "2007-12-31": 0, "2007-09-30": 0, "2007-06-30": 0, "2007-03-31": "", "2006-12-31": 0, "2006-09-30": 0, "2006-06-30": 0, "2006-03-31": "", "2005-12-31": 0, "2005-09-30": 0, "2005-06-30": 0, "2005-03-31": ""}, "Net Acquisitions/Divestitures": {"2020-12-31": -136.744, "2020-09-30": 136.744, "2020-06-30": 0, "2020-03-31": "", "2019-12-31": 0, "2019-09-30": 0, "2019-06-30": 0, "2019-03-31": "-276.20600", "2018-12-31": 0, "2018-09-30": 0, "2018-06-30": 0, "2018-03-31": "", "2017-12-31": 0, "2017-09-30": 0, "2017-06-30": 0, "2017-03-31": "", "2016-12-31": 0, "2016-09-30": 0, "2016-06-30": 0, "2016-03-31": "", "2015-12-31": 0, "2015-09-30": 0, "2015-06-30": 0, "2015-03-31": "-678.15200", "2014-12-31": 0, "2014-09-30": 0, "2014-06-30": 0, "2014-03-31": "", "2013-12-31": 0, "2013-09-30": 0, "2013-06-30": 0, "2013-03-31": "", "2012-12-31": 0, "2012-09-30": 0, "2012-06-30": 0, "2012-03-31": "", "2011-12-31": 0, "2011-09-30": 0, "2011-06-30": 0, "2011-03-31": "", "2010-12-31": 0, "2010-09-30": 0, "2010-06-30": 0, "2010-03-31": "", "2009-12-31": -2.741, "2009-09-30": 0, "2009-06-30": 0, "2009-03-31": "", "2008-12-31": -1, "2008-09-30": 0, "2008-06-30": -79.383, "2008-03-31": "2.75200", "2007-12-31": 0, "2007-09-30": 0, "2007-06-30": 0, "2007-03-31": "", "2006-12-31": 0, "2006-09-30": 0, "2006-06-30": 0, "2006-03-31": "", "2005-12-31": 0, "2005-09-30": 0, "2005-06-30": 0, "2005-03-31": ""}, "Net Change In Short-term Investments": {"2020-12-31": 549.218, "2020-09-30": 441.386, "2020-06-30": -286.378, "2020-03-31": "-704.22600", "2019-12-31": -538.59, "2019-09-30": 610.566, "2019-06-30": -598.085, "2019-03-31": "-1374.63200", "2018-12-31": 29.062, "2018-09-30": -403.029, "2018-06-30": -467.781, "2018-03-31": "-594.64100", "2017-12-31": 510.337, "2017-09-30": -422.401, "2017-06-30": 30.382, "2017-03-31": "245.69300", "2016-12-31": -247.486, "2016-09-30": -117.03, "2016-06-30": 111.89, "2016-03-31": "134.00900", "2015-12-31": -226.911, "2015-09-30": 535.865, "2015-06-30": 247.367, "2015-03-31": "112.79500", "2014-12-31": 23.445, "2014-09-30": -67.971, "2014-06-30": 22.236, "2014-03-31": "67.31300", "2013-12-31": -128.845, "2013-09-30": -7.564, "2013-06-30": 81.995, "2013-03-31": "-192.55700", "2012-12-31": -101.385, "2012-09-30": -13.443, "2012-06-30": 489.472, "2012-03-31": "-305.86700", "2011-12-31": 638.203, "2011-09-30": -585.907, "2011-06-30": 300.73, "2011-03-31": "-249.87800", "2010-12-31": -144.271, "2010-09-30": -92.479, "2010-06-30": 72.02, "2010-03-31": "137.97800", "2009-12-31": -121.9, "2009-09-30": 194.063, "2009-06-30": 1061.867, "2009-03-31": "36.00700", "2008-12-31": -734.142, "2008-09-30": -37.317, "2008-06-30": 164.705, "2008-03-31": "255.96000", "2007-12-31": 597.409, "2007-09-30": -150.786, "2007-06-30": -84.608, "2007-03-31": "227.40700", "2006-12-31": -569.641, "2006-09-30": 70.363, "2006-06-30": -290.07, "2006-03-31": "31.99500", "2005-12-31": -520.076, "2005-09-30": -446.186, "2005-06-30": 65.226, "2005-03-31": "-144.29000"}, "Net Change In Long-Term Investments": {"2020-12-31": 1642.346, "2020-09-30": -905.388, "2020-06-30": -910.9021, "2020-03-31": "173.94410", "2019-12-31": -111.291, "2019-09-30": -872.3564, "2019-06-30": -858.7384, "2019-03-31": "1034.79600", "2018-12-31": -503.8695, "2018-09-30": -239.3447, "2018-06-30": -249.4319, "2018-03-31": "-110.07790", "2017-12-31": -437.9145, "2017-09-30": 170.0034, "2017-06-30": 36.0547, "2017-03-31": "-254.58890", "2016-12-31": 57.2265, "2016-09-30": -33.1987, "2016-06-30": -37.4653, "2016-03-31": "-32.87700", "2015-12-31": 43.2842, "2015-09-30": -380.8642, "2015-06-30": -626.7839, "2015-03-31": "629.86100", "2014-12-31": -10.0854, "2014-09-30": -12.8233, "2014-06-30": -120.3419, "2014-03-31": "233.88100", "2013-12-31": -243.1694, "2013-09-30": -156.6314, "2013-06-30": -143.3537, "2013-03-31": "412.42990", "2012-12-31": 381.9541, "2012-09-30": -45.3398, "2012-06-30": -579.7581, "2012-03-31": "115.76880", "2011-12-31": -585.0264, "2011-09-30": 435.0342, "2011-06-30": -198.7869, "2011-03-31": "232.82400", "2010-12-31": 298.3887, "2010-09-30": -28.9448, "2010-06-30": 36.3311, "2010-03-31": "-164.85210", "2009-12-31": 156.594, "2009-09-30": -272.219, "2009-06-30": -1146.9189, "2009-03-31": "-1.18510", "2008-12-31": 572.8125, "2008-09-30": 124.542, "2008-06-30": -112.4549, "2008-03-31": "-214.08810", "2007-12-31": -663.9902, "2007-09-30": 19.4232, "2007-06-30": -77.6631, "2007-03-31": "-36.68100", "2006-12-31": -22.2276, "2006-09-30": -89.9392, "2006-06-30": 38.0801, "2006-03-31": "-125.86890", "2005-12-31": 346.4453, "2005-09-30": 322.6435, "2005-06-30": -189.372, "2005-03-31": "9.04490"}, "Net Change In Investments - Total": {"2020-12-31": 2191.564, "2020-09-30": -464.002, "2020-06-30": -1197.2801, "2020-03-31": "-530.28190", "2019-12-31": -649.881, "2019-09-30": -261.791, "2019-06-30": -1456.8232, "2019-03-31": "-339.83580", "2018-12-31": -474.807, "2018-09-30": -642.374, "2018-06-30": -717.2131, "2018-03-31": "-704.71890", "2017-12-31": 72.4225, "2017-09-30": -252.3976, "2017-06-30": 66.4367, "2017-03-31": "-8.89590", "2016-12-31": -190.2595, "2016-09-30": -150.2287, "2016-06-30": 74.4247, "2016-03-31": "101.13200", "2015-12-31": -183.6268, "2015-09-30": 155.0008, "2015-06-30": -379.4168, "2015-03-31": "742.65590", "2014-12-31": 13.3596, "2014-09-30": -80.7943, "2014-06-30": -98.1059, "2014-03-31": "301.19400", "2013-12-31": -372.0144, "2013-09-30": -164.1954, "2013-06-30": -61.3587, "2013-03-31": "219.87290", "2012-12-31": 280.5691, "2012-09-30": -58.7828, "2012-06-30": -90.2861, "2012-03-31": "-190.09820", "2011-12-31": 53.1766, "2011-09-30": -150.8728, "2011-06-30": 101.9431, "2011-03-31": "-17.05400", "2010-12-31": 154.1177, "2010-09-30": -121.4238, "2010-06-30": 108.3511, "2010-03-31": "-26.87410", "2009-12-31": 34.6947, "2009-09-30": -78.1562, "2009-06-30": -85.0519, "2009-03-31": "34.82190", "2008-12-31": -161.3295, "2008-09-30": 87.225, "2008-06-30": 52.2501, "2008-03-31": "41.87190", "2007-12-31": -66.5812, "2007-09-30": -131.3628, "2007-06-30": -162.2711, "2007-03-31": "190.72600", "2006-12-31": -591.8686, "2006-09-30": -19.5762, "2006-06-30": -251.9899, "2006-03-31": "-93.87390", "2005-12-31": -173.6307, "2005-09-30": -123.5425, "2005-06-30": -124.146, "2005-03-31": "-135.24510"}, "Investing Activities - Other": {"2020-12-31": 0, "2020-09-30": 0, "2020-06-30": 0, "2020-03-31": "", "2019-12-31": 0, "2019-09-30": 0, "2019-06-30": -4.108, "2019-03-31": "", "2018-12-31": 2.5, "2018-09-30": 0, "2018-06-30": 0, "2018-03-31": "", "2017-12-31": 0, "2017-09-30": 0, "2017-06-30": 0, "2017-03-31": "", "2016-12-31": 0, "2016-09-30": 0.4, "2016-06-30": 0, "2016-03-31": "", "2015-12-31": 0, "2015-09-30": 0, "2015-06-30": 7, "2015-03-31": "-2.50000", "2014-12-31": 0, "2014-09-30": 0, "2014-06-30": 6, "2014-03-31": "", "2013-12-31": 63.175, "2013-09-30": -1.592, "2013-06-30": 0.598, "2013-03-31": "", "2012-12-31": -8.875, "2012-09-30": -4.038, "2012-06-30": -0.291, "2012-03-31": "0.12500", "2011-12-31": -0.25, "2011-09-30": 11.584, "2011-06-30": -0.416, "2011-03-31": "316.92000", "2010-12-31": -8.291, "2010-09-30": 0.001, "2010-06-30": 0, "2010-03-31": "2.72900", "2009-12-31": -19.454, "2009-09-30": 1.226, "2009-06-30": -0.192, "2009-03-31": "-0.96500", "2008-12-31": 6.5, "2008-09-30": 0, "2008-06-30": 0, "2008-03-31": "", "2007-12-31": 0, "2007-09-30": 0, "2007-06-30": 0, "2007-03-31": "", "2006-12-31": 0, "2006-09-30": 0, "2006-06-30": 0, "2006-03-31": "", "2005-12-31": 0, "2005-09-30": 0, "2005-06-30": 0, "2005-03-31": ""}, "Cash Flow From Investing Activities": {"2020-12-31": 2054.819, "2020-09-30": -327.257, "2020-06-30": -1197.28, "2020-03-31": "-530.28200", "2019-12-31": -649.88, "2019-09-30": -261.79, "2019-06-30": -1460.932, "2019-03-31": "-616.04200", "2018-12-31": -472.308, "2018-09-30": -642.373, "2018-06-30": -717.213, "2018-03-31": "-704.71900", "2017-12-31": 72.423, "2017-09-30": -252.398, "2017-06-30": 66.437, "2017-03-31": "-8.89600", "2016-12-31": -190.26, "2016-09-30": -149.829, "2016-06-30": 74.425, "2016-03-31": "101.13200", "2015-12-31": -183.627, "2015-09-30": 155.001, "2015-06-30": -372.417, "2015-03-31": "62.00400", "2014-12-31": 13.359, "2014-09-30": -80.794, "2014-06-30": -92.106, "2014-03-31": "301.19400", "2013-12-31": -308.84, "2013-09-30": -165.787, "2013-06-30": -60.761, "2013-03-31": "219.87300", "2012-12-31": 271.694, "2012-09-30": -62.821, "2012-06-30": -90.577, "2012-03-31": "-189.97300", "2011-12-31": 52.927, "2011-09-30": -139.289, "2011-06-30": 101.527, "2011-03-31": "299.86600", "2010-12-31": 145.827, "2010-09-30": -121.423, "2010-06-30": 108.351, "2010-03-31": "-24.14500", "2009-12-31": 12.501, "2009-09-30": -76.931, "2009-06-30": -85.244, "2009-03-31": "33.85700", "2008-12-31": -155.83, "2008-09-30": 87.225, "2008-06-30": -27.133, "2008-03-31": "44.62400", "2007-12-31": -66.581, "2007-09-30": -131.363, "2007-06-30": -162.271, "2007-03-31": "190.72600", "2006-12-31": -591.869, "2006-09-30": -19.576, "2006-06-30": -251.99, "2006-03-31": "-93.87400", "2005-12-31": -173.633, "2005-09-30": -123.542, "2005-06-30": -124.146, "2005-03-31": "-135.24500"}, "Net Long-Term Debt": {"2020-12-31": 250, "2020-09-30": 0, "2020-06-30": 0, "2020-03-31": "-250.00000", "2019-12-31": 0, "2019-09-30": 0, "2019-06-30": 396.411, "2019-03-31": "", "2018-12-31": 0, "2018-09-30": 0, "2018-06-30": 0, "2018-03-31": "", "2017-12-31": 0, "2017-09-30": 0, "2017-06-30": 45.866, "2017-03-31": "", "2016-12-31": 0, "2016-09-30": 0, "2016-06-30": 0, "2016-03-31": "", "2015-12-31": 0, "2015-09-30": 0, "2015-06-30": 147.766, "2015-03-31": "297.82300", "2014-12-31": 0, "2014-09-30": 0, "2014-06-30": 0, "2014-03-31": "", "2013-12-31": -1.589, "2013-09-30": 0.563, "2013-06-30": -3.927, "2013-03-31": "-97.48300", "2012-12-31": -6.844, "2012-09-30": 4.907, "2012-06-30": 0, "2012-03-31": "", "2011-12-31": 0, "2011-09-30": 0, "2011-06-30": -200, "2011-03-31": "", "2010-12-31": 0, "2010-09-30": 0, "2010-06-30": -0.04, "2010-03-31": "249.08600", "2009-12-31": -150, "2009-09-30": 0, "2009-06-30": 0, "2009-03-31": "", "2008-12-31": -11.5, "2008-09-30": 0, "2008-06-30": -0.999, "2008-03-31": "-0.95200", "2007-12-31": 90.331, "2007-09-30": 0.54, "2007-06-30": 0, "2007-03-31": "-103.09300", "2006-12-31": 40, "2006-09-30": -75, "2006-06-30": -15, "2006-03-31": "", "2005-12-31": 150, "2005-09-30": 0, "2005-06-30": 0, "2005-03-31": ""}, "Net Current Debt": {"2020-12-31": 0, "2020-09-30": 0, "2020-06-30": 0, "2020-03-31": "", "2019-12-31": 0, "2019-09-30": 0, "2019-06-30": -200, "2019-03-31": "200.00000", "2018-12-31": 0, "2018-09-30": 0, "2018-06-30": 0, "2018-03-31": "", "2017-12-31": 0, "2017-09-30": 0, "2017-06-30": 0, "2017-03-31": "", "2016-12-31": 0, "2016-09-30": 0, "2016-06-30": 0, "2016-03-31": "", "2015-12-31": 0, "2015-09-30": 0, "2015-06-30": 0, "2015-03-31": "", "2014-12-31": 0, "2014-09-30": 0, "2014-06-30": 0, "2014-03-31": "", "2013-12-31": 0, "2013-09-30": 0, "2013-06-30": 0, "2013-03-31": "", "2012-12-31": 0, "2012-09-30": 0, "2012-06-30": 0, "2012-03-31": "", "2011-12-31": 0, "2011-09-30": 0, "2011-06-30": 0, "2011-03-31": "", "2010-12-31": 0, "2010-09-30": 0, "2010-06-30": 0, "2010-03-31": "", "2009-12-31": 0, "2009-09-30": 0, "2009-06-30": 0, "2009-03-31": "-50.04200", "2008-12-31": 50, "2008-09-30": 0, "2008-06-30": 0, "2008-03-31": "", "2007-12-31": 0, "2007-09-30": 0, "2007-06-30": 0, "2007-03-31": "", "2006-12-31": 0, "2006-09-30": 0, "2006-06-30": 0, "2006-03-31": "", "2005-12-31": 0, "2005-09-30": 0, "2005-06-30": 0, "2005-03-31": ""}, "Debt Issuance/Retirement Net - Total": {"2020-12-31": 250, "2020-09-30": 0, "2020-06-30": 0, "2020-03-31": "-250.00000", "2019-12-31": 0, "2019-09-30": 0, "2019-06-30": 196.411, "2019-03-31": "200.00000", "2018-12-31": 0, "2018-09-30": 0, "2018-06-30": 0, "2018-03-31": "", "2017-12-31": 0, "2017-09-30": 0, "2017-06-30": 45.866, "2017-03-31": "", "2016-12-31": 0, "2016-09-30": 0, "2016-06-30": 0, "2016-03-31": "", "2015-12-31": 0, "2015-09-30": 0, "2015-06-30": 147.766, "2015-03-31": "297.82300", "2014-12-31": 0, "2014-09-30": 0, "2014-06-30": 0, "2014-03-31": "", "2013-12-31": -1.589, "2013-09-30": 0.563, "2013-06-30": -3.927, "2013-03-31": "-97.48300", "2012-12-31": -6.844, "2012-09-30": 4.907, "2012-06-30": 0, "2012-03-31": "", "2011-12-31": 0, "2011-09-30": 0, "2011-06-30": -200, "2011-03-31": "", "2010-12-31": 0, "2010-09-30": 0, "2010-06-30": -0.04, "2010-03-31": "249.08600", "2009-12-31": -150, "2009-09-30": 0, "2009-06-30": 0, "2009-03-31": "-50.04200", "2008-12-31": 38.5, "2008-09-30": 0, "2008-06-30": -0.999, "2008-03-31": "-0.95200", "2007-12-31": 90.331, "2007-09-30": 0.54, "2007-06-30": 0, "2007-03-31": "-103.09300", "2006-12-31": 40, "2006-09-30": -75, "2006-06-30": -15, "2006-03-31": "", "2005-12-31": 150, "2005-09-30": 0, "2005-06-30": 0, "2005-03-31": ""}, "Net Common Equity Issued/Repurchased": {"2020-12-31": -1032.886, "2020-09-30": -0.042, "2020-06-30": 1095.549, "2020-03-31": "-62.62100", "2019-12-31": 827.083, "2019-09-30": 0, "2019-06-30": 0, "2019-03-31": "", "2018-12-31": 915.683, "2018-09-30": 26.468, "2018-06-30": -26.468, "2018-03-31": "", "2017-12-31": 260.475, "2017-09-30": -16.774, "2017-06-30": -91.808, "2017-03-31": "-80.00900", "2016-12-31": -2.99, "2016-09-30": -44.431, "2016-06-30": -179.837, "2016-03-31": "-85.16600", "2015-12-31": -255.556, "2015-09-30": -196.614, "2015-06-30": -0.29, "2015-03-31": "-0.44600", "2014-12-31": -151.0419, "2014-09-30": -160.807, "2014-06-30": -51.8, "2014-03-31": "-262.73600", "2013-12-31": -72.249, "2013-09-30": -18.915, "2013-06-30": 103.457, "2013-03-31": "-225.45300", "2012-12-31": -198.92, "2012-09-30": -170.215, "2012-06-30": -13.758, "2012-03-31": "84.51100", "2011-12-31": -19.627, "2011-09-30": -2.649, "2011-06-30": 67.339, "2011-03-31": "-298.83900", "2010-12-31": -42.879, "2010-09-30": 0, "2010-06-30": -215.963, "2010-03-31": "-326.74200", "2009-12-31": -59.972, "2009-09-30": 0, "2009-06-30": 0, "2009-03-31": "-123.71800", "2008-12-31": 0, "2008-09-30": -75.83, "2008-06-30": -119.412, "2008-03-31": "-289.61500", "2007-12-31": -151.941, "2007-09-30": -77.111, "2007-06-30": -6.151, "2007-03-31": "-4.96800", "2006-12-31": 0, "2006-09-30": 0, "2006-06-30": 0, "2006-03-31": "", "2005-12-31": -0.017, "2005-09-30": -0.721, "2005-06-30": 0, "2005-03-31": ""}, "Net Total Equity Issued/Repurchased": {"2020-12-31": -907.886, "2020-09-30": -0.042, "2020-06-30": 1095.549, "2020-03-31": "-187.62100", "2019-12-31": 827.083, "2019-09-30": 0, "2019-06-30": 0, "2019-03-31": "", "2018-12-31": 914.76, "2018-09-30": 26.468, "2018-06-30": 215.903, "2018-03-31": "", "2017-12-31": 260.475, "2017-09-30": -5.583, "2017-06-30": -102.999, "2017-03-31": "-80.00900", "2016-12-31": -2.99, "2016-09-30": -44.431, "2016-06-30": -179.837, "2016-03-31": "-85.16600", "2015-12-31": -255.556, "2015-09-30": -196.614, "2015-06-30": -0.29, "2015-03-31": "-0.44600", "2014-12-31": -151.0419, "2014-09-30": -160.807, "2014-06-30": -51.8, "2014-03-31": "-262.73600", "2013-12-31": -72.048, "2013-09-30": -18.915, "2013-06-30": 94.112, "2013-03-31": "-225.45300", "2012-12-31": -348.92, "2012-09-30": -170.215, "2012-06-30": -13.758, "2012-03-31": "84.51100", "2011-12-31": -19.627, "2011-09-30": -2.649, "2011-06-30": 67.339, "2011-03-31": "-298.83900", "2010-12-31": -142.879, "2010-09-30": 0, "2010-06-30": -215.963, "2010-03-31": "-326.74200", "2009-12-31": -59.972, "2009-09-30": 0, "2009-06-30": 0, "2009-03-31": "-123.71800", "2008-12-31": 0, "2008-09-30": -75.83, "2008-06-30": -119.412, "2008-03-31": "-289.61500", "2007-12-31": -151.941, "2007-09-30": -77.111, "2007-06-30": -6.151, "2007-03-31": "-154.96800", "2006-12-31": 291.127, "2006-09-30": 0, "2006-06-30": 0, "2006-03-31": "", "2005-12-31": -0.017, "2005-09-30": -0.721, "2005-06-30": 0, "2005-03-31": ""}, "Total Common And Preferred Stock Dividends Paid": {"2020-12-31": 74.419, "2020-09-30": -25.011, "2020-06-30": -24.993, "2020-03-31": "-24.41500", "2019-12-31": -24.01, "2019-09-30": -24.297, "2019-06-30": -24.159, "2019-03-31": "-23.65800", "2018-12-31": -22.419, "2018-09-30": -49.319, "2018-06-30": 7.628, "2018-03-31": "-18.81900", "2017-12-31": -18.341, "2017-09-30": -55.41, "2017-06-30": 18.622, "2017-03-31": "-18.62200", "2016-12-31": -18.292, "2016-09-30": -18.283, "2016-06-30": -18.509, "2016-03-31": "-18.88000", "2015-12-31": -18.679, "2015-09-30": -18.999, "2015-06-30": -19.355, "2015-03-31": "-19.31500", "2014-12-31": -16.673, "2014-09-30": -16.879, "2014-06-30": -17.247, "2014-03-31": "-17.49400", "2013-12-31": -17.906, "2013-09-30": -17.893, "2013-06-30": -19.812, "2013-03-31": "-18.60400", "2012-12-31": -21.26, "2012-09-30": -21.818, "2012-06-30": -22.537, "2012-03-31": "-22.63600", "2011-12-31": -22.111, "2011-09-30": -22.128, "2011-06-30": -22.11, "2011-03-31": "-22.11100", "2010-12-31": -23.948, "2010-09-30": -24.221, "2010-06-30": -24.518, "2010-03-31": "-25.36700", "2009-12-31": -25.421, "2009-09-30": -25.547, "2009-06-30": -25.536, "2009-03-31": "-25.53600", "2008-12-31": -24.726, "2008-09-30": -24.7, "2008-06-30": -25.008, "2008-03-31": "-25.71600", "2007-12-31": -25.735, "2007-09-30": -26.162, "2007-06-30": -26.473, "2007-03-31": "-27.08600", "2006-12-31": -23.816, "2006-09-30": -23.803, "2006-06-30": -23.752, "2006-03-31": "-23.69200", "2005-12-31": -22.966, "2005-09-30": -22.886, "2005-06-30": -22.804, "2005-03-31": "-22.97200"}, "Financial Activities - Other": {"2020-12-31": -48.84, "2020-09-30": -20.2, "2020-06-30": 36.621, "2020-03-31": "32.41900", "2019-12-31": -515.976, "2019-09-30": 1.074, "2019-06-30": 531.453, "2019-03-31": "-23.80400", "2018-12-31": -96.804, "2018-09-30": 31.452, "2018-06-30": 11.765, "2018-03-31": "45.72500", "2017-12-31": 42.748, "2017-09-30": -12.981, "2017-06-30": 17.278, "2017-03-31": "-62.18400", "2016-12-31": 40.915, "2016-09-30": -3.88, "2016-06-30": 6.465, "2016-03-31": "-58.44300", "2015-12-31": 177.091, "2015-09-30": -0.275, "2015-06-30": -6.779, "2015-03-31": "-180.28500", "2014-12-31": 107.091, "2014-09-30": 37.005, "2014-06-30": 3.847, "2014-03-31": "-147.94300", "2013-12-31": 103.628, "2013-09-30": 2.005, "2013-06-30": -105.633, "2013-03-31": "", "2012-12-31": 0, "2012-09-30": 0, "2012-06-30": 0, "2012-03-31": "", "2011-12-31": 0, "2011-09-30": 0, "2011-06-30": 0, "2011-03-31": "", "2010-12-31": 3, "2010-09-30": 0, "2010-06-30": 0, "2010-03-31": "", "2009-12-31": 0, "2009-09-30": 0, "2009-06-30": 0, "2009-03-31": "", "2008-12-31": 0, "2008-09-30": 0, "2008-06-30": 0, "2008-03-31": "", "2007-12-31": 0, "2007-09-30": 0, "2007-06-30": 0, "2007-03-31": "", "2006-12-31": 0.134, "2006-09-30": 0, "2006-06-30": 0, "2006-03-31": "38.19300", "2005-12-31": 270.58, "2005-09-30": 0, "2005-06-30": 0, "2005-03-31": ""}, "Cash Flow From Financial Activities": {"2020-12-31": -632.307, "2020-09-30": -45.253, "2020-06-30": 1107.177, "2020-03-31": "-429.61700", "2019-12-31": 287.097, "2019-09-30": -23.223, "2019-06-30": 703.705, "2019-03-31": "152.53800", "2018-12-31": 795.537, "2018-09-30": 8.601, "2018-06-30": 235.296, "2018-03-31": "26.90600", "2017-12-31": 284.882, "2017-09-30": -73.974, "2017-06-30": -21.233, "2017-03-31": "-160.81500", "2016-12-31": 19.633, "2016-09-30": -66.594, "2016-06-30": -191.881, "2016-03-31": "-162.48900", "2015-12-31": -97.144, "2015-09-30": -215.888, "2015-06-30": 121.342, "2015-03-31": "97.77700", "2014-12-31": -60.624, "2014-09-30": -140.681, "2014-06-30": -65.2, "2014-03-31": "-428.17300", "2013-12-31": 12.085, "2013-09-30": -34.24, "2013-06-30": -35.26, "2013-03-31": "-341.54000", "2012-12-31": -377.024, "2012-09-30": -187.126, "2012-06-30": -36.295, "2012-03-31": "61.87500", "2011-12-31": -41.738, "2011-09-30": -24.777, "2011-06-30": -154.771, "2011-03-31": "-320.95000", "2010-12-31": -163.827, "2010-09-30": -24.221, "2010-06-30": -240.521, "2010-03-31": "-103.02300", "2009-12-31": -235.393, "2009-09-30": -25.547, "2009-06-30": -25.536, "2009-03-31": "-199.29600", "2008-12-31": 13.774, "2008-09-30": -100.53, "2008-06-30": -145.419, "2008-03-31": "-316.28300", "2007-12-31": -87.345, "2007-09-30": -102.733, "2007-06-30": -32.624, "2007-03-31": "-285.14700", "2006-12-31": 307.445, "2006-09-30": -98.803, "2006-06-30": -38.752, "2006-03-31": "14.50100", "2005-12-31": 397.597, "2005-09-30": -23.607, "2005-06-30": -22.804, "2005-03-31": "-22.97200"}, "Net Cash Flow": {"2020-12-31": 91.69, "2020-09-30": 101.534, "2020-06-30": 289.628, "2020-03-31": "-482.85200", "2019-12-31": 507.817, "2019-09-30": 200.625, "2019-06-30": -350.649, "2019-03-31": "-86.64700", "2018-12-31": 654.881, "2018-09-30": -95.431, "2018-06-30": -99.501, "2018-03-31": "-713.61900", "2017-12-31": 780.016, "2017-09-30": -41.574, "2017-06-30": 169.063, "2017-03-31": "32.93000", "2016-12-31": -72.173, "2016-09-30": 37.809, "2016-06-30": 6.372, "2016-03-31": "-57.73600", "2015-12-31": -17.661, "2015-09-30": 126.456, "2015-06-30": -159.528, "2015-03-31": "32.03400", "2014-12-31": 225.037, "2014-09-30": 6.09, "2014-06-30": -32.706, "2014-03-31": "-80.86900", "2013-12-31": 141.682, "2013-09-30": 31.444, "2013-06-30": -55.174, "2013-03-31": "-14.06500", "2012-12-31": 78.012, "2012-09-30": -2.94, "2012-06-30": 3.25, "2012-03-31": "43.99800", "2011-12-31": -1.633, "2011-09-30": -2.679, "2011-06-30": -14.894, "2011-03-31": "-25.10700", "2010-12-31": 29.618, "2010-09-30": 27.821, "2010-06-30": -46.98, "2010-03-31": "64.16700", "2009-12-31": -55.316, "2009-09-30": 138.06, "2009-06-30": -39.407, "2009-03-31": "-25.35200", "2008-12-31": -168.949, "2008-09-30": 164.225, "2008-06-30": -72.458, "2008-03-31": "5.18300", "2007-12-31": 12.931, "2007-09-30": 50.84, "2007-06-30": -4.153, "2007-03-31": "56.20900", "2006-12-31": -31.418, "2006-09-30": 58.477, "2006-06-30": -53.344, "2006-03-31": "66.68300", "2005-12-31": 17.123, "2005-09-30": -30.09, "2005-06-30": 25.269, "2005-03-31": "94.95900"}, "Stock-Based Compensation": {"2020-12-31": 0, "2020-09-30": 0, "2020-06-30": 0, "2020-03-31": "", "2019-12-31": 0, "2019-09-30": 0, "2019-06-30": 0, "2019-03-31": "", "2018-12-31": 0, "2018-09-30": 0, "2018-06-30": 0, "2018-03-31": "", "2017-12-31": 0, "2017-09-30": 0, "2017-06-30": 0, "2017-03-31": "", "2016-12-31": 0, "2016-09-30": 0, "2016-06-30": 0, "2016-03-31": "", "2015-12-31": 0, "2015-09-30": 0, "2015-06-30": 0, "2015-03-31": "", "2014-12-31": 0, "2014-09-30": 0, "2014-06-30": 0, "2014-03-31": "", "2013-12-31": 0, "2013-09-30": 0, "2013-06-30": 0, "2013-03-31": "", "2012-12-31": 0, "2012-09-30": 0, "2012-06-30": 0, "2012-03-31": "", "2011-12-31": 0, "2011-09-30": 0, "2011-06-30": 0, "2011-03-31": "", "2010-12-31": 0, "2010-09-30": 0, "2010-06-30": 0, "2010-03-31": "", "2009-12-31": 0, "2009-09-30": 0, "2009-06-30": 0, "2009-03-31": "", "2008-12-31": 0, "2008-09-30": 0, "2008-06-30": 0, "2008-03-31": "", "2007-12-31": 0, "2007-09-30": 0, "2007-06-30": 0, "2007-03-31": "", "2006-12-31": 0, "2006-09-30": 0, "2006-06-30": 0, "2006-03-31": "", "2005-12-31": 0, "2005-09-30": 0, "2005-06-30": 0, "2005-03-31": ""}, "Common Stock Dividends Paid": {"2020-12-31": 50.785, "2020-09-30": -17.722, "2020-06-30": -17.704, "2020-03-31": "-15.35900", "2019-12-31": -14.821, "2019-09-30": -15.108, "2019-06-30": -14.97, "2019-03-31": "-14.46900", "2018-12-31": -13.23, "2018-09-30": -39.611, "2018-06-30": 13.224, "2018-03-31": "-13.22400", "2017-12-31": -12.746, "2017-09-30": -38.624, "2017-06-30": 13.027, "2017-03-31": "-13.02700", "2016-12-31": -12.697, "2016-09-30": -12.688, "2016-06-30": -12.913, "2016-03-31": "-13.28500", "2015-12-31": -13.084, "2015-09-30": -13.404, "2015-06-30": -13.759, "2015-03-31": "-13.72000", "2014-12-31": -11.078, "2014-09-30": -11.284, "2014-06-30": -11.651, "2014-03-31": "-11.89900", "2013-12-31": -12.311, "2013-09-30": -12.298, "2013-06-30": -12.329, "2013-03-31": "-12.32900", "2012-12-31": -12.615, "2012-09-30": -13.068, "2012-06-30": -13.787, "2012-03-31": "-13.88600", "2011-12-31": -13.361, "2011-09-30": -13.378, "2011-06-30": -13.36, "2011-03-31": "-13.36100", "2010-12-31": -13.555, "2010-09-30": -13.646, "2010-06-30": -13.943, "2010-03-31": "-14.79200", "2009-12-31": -14.846, "2009-09-30": -14.972, "2009-06-30": -14.961, "2009-03-31": "-14.96100", "2008-12-31": -14.151, "2008-09-30": -14.125, "2008-06-30": -14.433, "2008-03-31": "-15.14100", "2007-12-31": -15.16, "2007-09-30": -15.587, "2007-06-30": -15.898, "2007-03-31": "-15.95000", "2006-12-31": -15.153, "2006-09-30": -15.141, "2006-06-30": -15.09, "2006-03-31": "-15.02900", "2005-12-31": -14.303, "2005-09-30": -14.128, "2005-06-30": -14.238, "2005-03-31": "-14.30900"}}, "financial ratios": {"Current Ratio": {"2019-12-31": "", "2018-12-31": "", "2017-12-31": "", "2016-12-31": "", "2015-12-31": "", "2014-12-31": "", "2013-12-31": "", "2012-12-31": "", "2011-12-31": "", "2010-12-31": "", "2009-12-31": "", "2008-12-31": "", "2007-12-31": "", "2006-12-31": "", "2005-12-31": ""}, "Long-term Debt / Capital": {"2019-12-31": "0.18820", "2018-12-31": "0.16420", "2017-12-31": "0.18390", "2016-12-31": "0.16310", "2015-12-31": "0.16870", "2014-12-31": "0.06060", "2013-12-31": "0.06000", "2012-12-31": "0.09060", "2011-12-31": "0.08920", "2010-12-31": "0.12240", "2009-12-31": "0.07250", "2008-12-31": "0.12920", "2007-12-31": "0.11500", "2006-12-31": "0.12060", "2005-12-31": "0.18160"}, "Debt/Equity Ratio": {"2019-12-31": "0.23180", "2018-12-31": "0.19650", "2017-12-31": "0.22540", "2016-12-31": "0.19490", "2015-12-31": "0.20300", "2014-12-31": "0.06450", "2013-12-31": "0.06390", "2012-12-31": "0.09960", "2011-12-31": "0.09800", "2010-12-31": "0.13940", "2009-12-31": "0.07810", "2008-12-31": "0.14840", "2007-12-31": "0.13000", "2006-12-31": "0.13720", "2005-12-31": "0.22180"}, "Gross Margin": {"2019-12-31": "", "2018-12-31": "", "2017-12-31": "", "2016-12-31": "", "2015-12-31": "", "2014-12-31": "", "2013-12-31": "", "2012-12-31": "", "2011-12-31": "", "2010-12-31": "", "2009-12-31": "", "2008-12-31": "", "2007-12-31": "", "2006-12-31": "", "2005-12-31": ""}, "Operating Margin": {"2019-12-31": "23.02460", "2018-12-31": "12.65650", "2017-12-31": "-15.60050", "2016-12-31": "36.48420", "2015-12-31": "32.76190", "2014-12-31": "54.50970", "2013-12-31": "60.92350", "2012-12-31": "53.83980", "2011-12-31": "-2.49260", "2010-12-31": "64.69970", "2009-12-31": "83.09890", "2008-12-31": "6.13860", "2007-12-31": "45.53440", "2006-12-31": "51.18620", "2005-12-31": "-24.34990"}, "EBIT Margin": {"2019-12-31": "24.41360", "2018-12-31": "14.92500", "2017-12-31": "-13.49980", "2016-12-31": "38.92340", "2015-12-31": "35.15580", "2014-12-31": "55.89070", "2013-12-31": "62.22230", "2012-12-31": "55.46150", "2011-12-31": "-0.44510", "2010-12-31": "66.48210", "2009-12-31": "84.28800", "2008-12-31": "9.15520", "2007-12-31": "47.55330", "2006-12-31": "53.22900", "2005-12-31": "-22.64590"}, "EBITDA Margin": {"2019-12-31": "23.01030", "2018-12-31": "14.93090", "2017-12-31": "-12.01460", "2016-12-31": "40.61930", "2015-12-31": "36.35560", "2014-12-31": "59.68180", "2013-12-31": "65.95980", "2012-12-31": "59.65270", "2011-12-31": "3.26100", "2010-12-31": "71.35840", "2009-12-31": "85.01300", "2008-12-31": "8.06890", "2007-12-31": "46.36610", "2006-12-31": "52.56190", "2005-12-31": "-22.06400"}, "Pre-Tax Profit Margin": {"2019-12-31": "23.02460", "2018-12-31": "12.65650", "2017-12-31": "-15.60050", "2016-12-31": "36.48420", "2015-12-31": "32.76190", "2014-12-31": "54.50970", "2013-12-31": "60.92350", "2012-12-31": "53.83980", "2011-12-31": "-2.49260", "2010-12-31": "64.69970", "2009-12-31": "83.09890", "2008-12-31": "6.13860", "2007-12-31": "45.53440", "2006-12-31": "43.35460", "2005-12-31": "-14.90200"}, "Net Profit Margin": {"2019-12-31": "16.74210", "2018-12-31": "9.40530", "2017-12-31": "-11.65710", "2016-12-31": "27.48610", "2015-12-31": "26.67080", "2014-12-31": "39.96400", "2013-12-31": "47.53090", "2012-12-31": "39.11000", "2011-12-31": "-8.16840", "2010-12-31": "55.92100", "2009-12-31": "64.55850", "2008-12-31": "-1.61910", "2007-12-31": "33.73700", "2006-12-31": "41.37660", "2005-12-31": "-16.99450"}, "Asset Turnover": {"2019-12-31": "0.15960", "2018-12-31": "0.11110", "2017-12-31": "0.13820", "2016-12-31": "0.13990", "2015-12-31": "0.13110", "2014-12-31": "0.15360", "2013-12-31": "0.16880", "2012-12-31": "0.17960", "2011-12-31": "0.14740", "2010-12-31": "0.15050", "2009-12-31": "0.16030", "2008-12-31": "0.10230", "2007-12-31": "0.20100", "2006-12-31": "0.23690", "2005-12-31": "0.24100"}, "Inventory Turnover Ratio": {"2019-12-31": "", "2018-12-31": "", "2017-12-31": "", "2016-12-31": "", "2015-12-31": "", "2014-12-31": "", "2013-12-31": "", "2012-12-31": "", "2011-12-31": "", "2010-12-31": "", "2009-12-31": "", "2008-12-31": "", "2007-12-31": "", "2006-12-31": "", "2005-12-31": ""}, "Receiveable Turnover": {"2019-12-31": "", "2018-12-31": "", "2017-12-31": "", "2016-12-31": "", "2015-12-31": "", "2014-12-31": "", "2013-12-31": "", "2012-12-31": "", "2011-12-31": "", "2010-12-31": "", "2009-12-31": "", "2008-12-31": "", "2007-12-31": "", "2006-12-31": "", "2005-12-31": ""}, "Days Sales In Receivables": {"2019-12-31": "", "2018-12-31": "", "2017-12-31": "", "2016-12-31": "", "2015-12-31": "", "2014-12-31": "", "2013-12-31": "", "2012-12-31": "", "2011-12-31": "", "2010-12-31": "", "2009-12-31": "", "2008-12-31": "", "2007-12-31": "", "2006-12-31": "", "2005-12-31": ""}, "ROE - Return On Equity": {"2019-12-31": "17.85760", "2018-12-31": "6.11860", "2017-12-31": "-8.88590", "2016-12-31": "14.10580", "2015-12-31": "12.51660", "2014-12-31": "19.80130", "2013-12-31": "23.95130", "2012-12-31": "24.63510", "2011-12-31": "-1.26970", "2010-12-31": "23.55950", "2009-12-31": "32.78060", "2008-12-31": "2.11130", "2007-12-31": "27.47410", "2006-12-31": "32.13510", "2005-12-31": "-14.06990"}, "Return On Tangible Equity": {"2019-12-31": "16.64470", "2018-12-31": "5.59350", "2017-12-31": "-8.54990", "2016-12-31": "13.65100", "2015-12-31": "12.13880", "2014-12-31": "17.78870", "2013-12-31": "21.54230", "2012-12-31": "21.87820", "2011-12-31": "-1.07880", "2010-12-31": "20.34600", "2009-12-31": "27.34190", "2008-12-31": "1.70040", "2007-12-31": "22.37890", "2006-12-31": "24.29850", "2005-12-31": "-10.94860"}, "ROA - Return On Assets": {"2019-12-31": "3.60910", "2018-12-31": "1.43990", "2017-12-31": "-2.32940", "2016-12-31": "5.10070", "2015-12-31": "4.69260", "2014-12-31": "8.36540", "2013-12-31": "10.26200", "2012-12-31": "9.65390", "2011-12-31": "-0.50140", "2010-12-31": "9.81140", "2009-12-31": "13.19620", "2008-12-31": "0.63010", "2007-12-31": "9.37480", "2006-12-31": "10.26010", "2005-12-31": "-3.59120"}, "ROI - Return On Investment": {"2019-12-31": "12.91920", "2018-12-31": "4.45510", "2017-12-31": "-6.59120", "2016-12-31": "10.83440", "2015-12-31": "9.52530", "2014-12-31": "16.67600", "2013-12-31": "20.20660", "2012-12-31": "19.84820", "2011-12-31": "-0.98010", "2010-12-31": "17.79000", "2009-12-31": "25.25990", "2008-12-31": "1.44450", "2007-12-31": "19.76950", "2006-12-31": "21.36740", "2005-12-31": "-8.96070"}, "Book Value Per Share": {"2019-12-31": "135.25790", "2018-12-31": "119.53180", "2017-12-31": "109.71860", "2016-12-31": "118.15810", "2015-12-31": "108.28550", "2014-12-31": "100.55970", "2013-12-31": "89.45570", "2012-12-31": "77.00710", "2011-12-31": "70.01020", "2010-12-31": "72.80010", "2009-12-31": "62.20400", "2008-12-31": "49.31050", "2007-12-31": "50.45710", "2006-12-31": "45.47400", "2005-12-31": "31.51210"}, "Operating Cash Flow Per Share": {"2019-12-31": 18.77, "2018-12-31": 4.9922, "2017-12-31": 14.0739, "2016-12-31": 1.9008, "2015-12-31": -6.7658, "2014-12-31": -1.5024, "2013-12-31": 3.5788, "2012-12-31": 11.1835, "2011-12-31": -5.6215, "2010-12-31": -0.7295, "2009-12-31": 1.0123, "2008-12-31": -2.3973, "2007-12-31": -0.2788, "2006-12-31": 6.6168, "2005-12-31": 4.6678}, "Free Cash Flow Per Share": {"2019-12-31": 18.77, "2018-12-31": 4.9922, "2017-12-31": 14.0739, "2016-12-31": 1.9008, "2015-12-31": -6.7658, "2014-12-31": -1.5024, "2013-12-31": 3.5788, "2012-12-31": 11.1835, "2011-12-31": -5.6215, "2010-12-31": -0.7295, "2009-12-31": 1.0123, "2008-12-31": -2.3973, "2007-12-31": -0.2788, "2006-12-31": 6.6168, "2005-12-31": 4.6678}}, "financial ratios, quarterly": {"Current Ratio": {"2020-09-30": "", "2020-06-30": "", "2020-03-31": "", "2019-12-31": "", "2019-09-30": "", "2019-06-30": "", "2019-03-31": "", "2018-12-31": "", "2018-09-30": "", "2018-06-30": "", "2018-03-31": "", "2017-12-31": "", "2017-09-30": "", "2017-06-30": "", "2017-03-31": "", "2016-12-31": "", "2016-09-30": "", "2016-06-30": "", "2016-03-31": "", "2015-12-31": "", "2015-09-30": "", "2015-06-30": "", "2015-03-31": "", "2014-12-31": "", "2014-09-30": "", "2014-06-30": "", "2014-03-31": "", "2013-12-31": "", "2013-09-30": "", "2013-06-30": "", "2013-03-31": "", "2012-12-31": "", "2012-09-30": "", "2012-06-30": "", "2012-03-31": "", "2011-12-31": "", "2011-09-30": "", "2011-06-30": "", "2011-03-31": "", "2010-12-31": "", "2010-09-30": "", "2010-06-30": "", "2010-03-31": "", "2009-12-31": "", "2009-09-30": "", "2009-06-30": "", "2009-03-31": "", "2008-12-31": "", "2008-09-30": "", "2008-06-30": "", "2008-03-31": "", "2007-12-31": "", "2007-09-30": "", "2007-06-30": "", "2007-03-31": "", "2006-12-31": "", "2006-09-30": "", "2006-06-30": "", "2006-03-31": "", "2005-12-31": "", "2005-09-30": "", "2005-06-30": "", "2005-03-31": ""}, "Long-term Debt / Capital": {"2020-09-30": "0.13320", "2020-06-30": "0.13380", "2020-03-31": "0.16640", "2019-12-31": "0.18820", "2019-09-30": "0.18860", "2019-06-30": "0.18950", "2019-03-31": "0.17660", "2018-12-31": "0.16420", "2018-09-30": "0.16860", "2018-06-30": "0.16930", "2018-03-31": "0.18240", "2017-12-31": "0.18390", "2017-09-30": "0.18350", "2017-06-30": "0.16640", "2017-03-31": "0.16290", "2016-12-31": "0.16310", "2016-09-30": "0.16520", "2016-06-30": "0.16870", "2016-03-31": "0.16750", "2015-12-31": "0.16870", "2015-09-30": "0.17100", "2015-06-30": "0.16740", "2015-03-31": "0.14740", "2014-12-31": "0.06060", "2014-09-30": "0.06260", "2014-06-30": "0.06110", "2014-03-31": "0.06220", "2013-12-31": "0.06000", "2013-09-30": "0.06290", "2013-06-30": "0.06550", "2013-03-31": "0.06660", "2012-12-31": "0.09060", "2012-09-30": "0.08530", "2012-06-30": "0.08430", "2012-03-31": "0.08480", "2011-12-31": "0.08920", "2011-09-30": "0.08950", "2011-06-30": "0.09030", "2011-03-31": "0.13550", "2010-12-31": "0.12240", "2010-09-30": "0.12140", "2010-06-30": "0.12700", "2010-03-31": "0.12650", "2009-12-31": "0.07250", "2009-09-30": "0.10790", "2009-06-30": "0.11680", "2009-03-31": "0.12600", "2008-12-31": "0.12920", "2008-09-30": "0.12890", "2008-06-30": "0.11770", "2008-03-31": "0.11750", "2007-12-31": "0.11500", "2007-09-30": "0.11340", "2007-06-30": "0.11510", "2007-03-31": "0.11990", "2006-12-31": "0.12060", "2006-09-30": "0.12780", "2006-06-30": "0.16040", "2006-03-31": "0.17150", "2005-12-31": "0.18160", "2005-09-30": "0.12320", "2005-06-30": "0.11030", "2005-03-31": "0.11710"}, "Debt/Equity Ratio": {"2020-09-30": "0.15370", "2020-06-30": "0.15450", "2020-03-31": "0.19960", "2019-12-31": "0.23180", "2019-09-30": "0.23250", "2019-06-30": "0.23390", "2019-03-31": "0.21450", "2018-12-31": "0.19650", "2018-09-30": "0.20280", "2018-06-30": "0.20380", "2018-03-31": "0.22320", "2017-12-31": "0.22540", "2017-09-30": "0.22470", "2017-06-30": "0.19960", "2017-03-31": "0.19460", "2016-12-31": "0.19490", "2016-09-30": "0.19790", "2016-06-30": "0.20300", "2016-03-31": "0.20110", "2015-12-31": "0.20300", "2015-09-30": "0.20630", "2015-06-30": "0.20100", "2015-03-31": "0.17290", "2014-12-31": "0.06450", "2014-09-30": "0.06680", "2014-06-30": "0.06500", "2014-03-31": "0.06630", "2013-12-31": "0.06390", "2013-09-30": "0.06710", "2013-06-30": "0.07010", "2013-03-31": "0.07130", "2012-12-31": "0.09960", "2012-09-30": "0.09330", "2012-06-30": "0.09210", "2012-03-31": "0.09270", "2011-12-31": "0.09800", "2011-09-30": "0.09830", "2011-06-30": "0.09920", "2011-03-31": "0.15680", "2010-12-31": "0.13940", "2010-09-30": "0.13820", "2010-06-30": "0.14550", "2010-03-31": "0.14480", "2009-12-31": "0.07810", "2009-09-30": "0.12100", "2009-06-30": "0.13220", "2009-03-31": "0.14420", "2008-12-31": "0.14840", "2008-09-30": "0.14800", "2008-06-30": "0.13340", "2008-03-31": "0.13320", "2007-12-31": "0.13000", "2007-09-30": "0.12790", "2007-06-30": "0.13010", "2007-03-31": "0.13620", "2006-12-31": "0.13720", "2006-09-30": "0.14660", "2006-06-30": "0.19110", "2006-03-31": "0.20700", "2005-12-31": "0.22180", "2005-09-30": "0.14050", "2005-06-30": "0.12400", "2005-03-31": "0.13270"}, "Gross Margin": {"2020-09-30": "", "2020-06-30": "", "2020-03-31": "", "2019-12-31": "", "2019-09-30": "", "2019-06-30": "", "2019-03-31": "", "2018-12-31": "", "2018-09-30": "", "2018-06-30": "", "2018-03-31": "", "2017-12-31": "", "2017-09-30": "", "2017-06-30": "", "2017-03-31": "", "2016-12-31": "", "2016-09-30": "", "2016-06-30": "", "2016-03-31": "", "2015-12-31": "", "2015-09-30": "", "2015-06-30": "", "2015-03-31": "", "2014-12-31": "", "2014-09-30": "", "2014-06-30": "", "2014-03-31": "", "2013-12-31": "", "2013-09-30": "", "2013-06-30": "", "2013-03-31": "", "2012-12-31": "", "2012-09-30": "", "2012-06-30": "", "2012-03-31": "", "2011-12-31": "", "2011-09-30": "", "2011-06-30": "", "2011-03-31": "", "2010-12-31": "", "2010-09-30": "", "2010-06-30": "", "2010-03-31": "", "2009-12-31": "", "2009-09-30": "", "2009-06-30": "", "2009-03-31": "", "2008-12-31": "", "2008-09-30": "", "2008-06-30": "", "2008-03-31": "", "2007-12-31": "", "2007-09-30": "", "2007-06-30": "", "2007-03-31": "", "2006-12-31": "", "2006-09-30": "", "2006-06-30": "", "2006-03-31": "", "2005-12-31": "", "2005-09-30": "", "2005-06-30": "", "2005-03-31": ""}, "Operating Margin": {"2020-09-30": "4.96470", "2020-06-30": "47.25650", "2020-03-31": "1.82170", "2019-12-31": "3.33710", "2019-09-30": "10.61770", "2019-06-30": "37.01050", "2019-03-31": "44.68460", "2018-12-31": "-24.24070", "2018-09-30": "7.98410", "2018-06-30": "53.49980", "2018-03-31": "21.24470", "2017-12-31": "8.83880", "2017-09-30": "-113.82250", "2017-06-30": "43.16860", "2017-03-31": "28.09100", "2016-12-31": "23.60390", "2016-09-30": "42.20550", "2016-06-30": "37.07300", "2016-03-31": "40.37420", "2015-12-31": "35.59380", "2015-09-30": "30.06480", "2015-06-30": "22.42490", "2015-03-31": "43.25410", "2014-12-31": "69.31600", "2014-09-30": "39.07450", "2014-06-30": "48.98390", "2014-03-31": "58.06950", "2013-12-31": "81.38470", "2013-09-30": "61.20660", "2013-06-30": "18.33800", "2013-03-31": "67.68430", "2012-12-31": "21.24780", "2012-09-30": "61.66550", "2012-06-30": "59.30760", "2012-03-31": "74.03450", "2011-12-31": "66.15090", "2011-09-30": "28.71660", "2011-06-30": "22.68890", "2011-03-31": "-83.39810", "2010-12-31": "74.02130", "2010-09-30": "60.00120", "2010-06-30": "82.53440", "2010-03-31": "49.19410", "2009-12-31": "88.68230", "2009-09-30": "70.88450", "2009-06-30": "65.26550", "2009-03-31": "44.00800", "2008-12-31": "13.64610", "2008-09-30": "-99.14210", "2008-06-30": "45.82650", "2008-03-31": "52.91080", "2007-12-31": "37.92730", "2007-09-30": "44.22900", "2007-06-30": "49.44630", "2007-03-31": "47.33070", "2006-12-31": "53.21210", "2006-09-30": "67.85070", "2006-06-30": "32.91010", "2006-03-31": "51.80980", "2005-12-31": "-65.17470", "2005-09-30": "-84.56350", "2005-06-30": "52.15470", "2005-03-31": "16.51340"}, "EBIT Margin": {"2020-09-30": "5.85370", "2020-06-30": "48.02130", "2020-03-31": "3.48710", "2019-12-31": "4.73910", "2019-09-30": "12.09990", "2019-06-30": "38.26480", "2019-03-31": "46.14090", "2018-12-31": "-22.09370", "2018-09-30": "9.85290", "2018-06-30": "55.95550", "2018-03-31": "24.05990", "2017-12-31": "11.23600", "2017-09-30": "-111.96360", "2017-06-30": "45.16450", "2017-03-31": "30.32080", "2016-12-31": "26.57990", "2016-09-30": "44.58670", "2016-06-30": "39.25310", "2016-03-31": "42.72580", "2015-12-31": "38.38940", "2015-09-30": "33.00750", "2015-06-30": "24.90550", "2015-03-31": "44.64600", "2014-12-31": "70.73600", "2014-09-30": "40.68430", "2014-06-30": "50.27990", "2014-03-31": "59.31890", "2013-12-31": "82.44510", "2013-09-30": "62.30420", "2013-06-30": "20.05630", "2013-03-31": "69.19390", "2012-12-31": "22.82160", "2012-09-30": "63.17410", "2012-06-30": "61.14850", "2012-03-31": "75.63830", "2011-12-31": "68.39650", "2011-09-30": "31.34200", "2011-06-30": "24.72860", "2011-03-31": "-81.80000", "2010-12-31": "77.39030", "2010-09-30": "61.61470", "2010-06-30": "84.55980", "2010-03-31": "50.09800", "2009-12-31": "89.71060", "2009-09-30": "71.73900", "2009-06-30": "66.09100", "2009-03-31": "45.28550", "2008-12-31": "17.98810", "2008-09-30": "-97.43740", "2008-06-30": "47.32690", "2008-03-31": "54.75000", "2007-12-31": "40.47600", "2007-09-30": "45.93000", "2007-06-30": "50.98090", "2007-03-31": "49.78350", "2006-12-31": "55.01320", "2006-09-30": "69.90690", "2006-06-30": "35.03810", "2006-03-31": "54.00740", "2005-12-31": "-63.57370", "2005-09-30": "-82.92300", "2005-06-30": "53.87810", "2005-03-31": "18.41530"}, "EBITDA Margin": {"2020-09-30": "", "2020-06-30": "", "2020-03-31": "", "2019-12-31": "", "2019-09-30": "", "2019-06-30": "", "2019-03-31": "", "2018-12-31": "", "2018-09-30": "", "2018-06-30": "", "2018-03-31": "", "2017-12-31": "", "2017-09-30": "", "2017-06-30": "", "2017-03-31": "", "2016-12-31": "", "2016-09-30": "", "2016-06-30": "", "2016-03-31": "", "2015-12-31": "", "2015-09-30": "", "2015-06-30": "", "2015-03-31": "", "2014-12-31": "", "2014-09-30": "", "2014-06-30": "", "2014-03-31": "", "2013-12-31": "", "2013-09-30": "", "2013-06-30": "", "2013-03-31": "", "2012-12-31": "", "2012-09-30": "", "2012-06-30": "", "2012-03-31": "", "2011-12-31": "", "2011-09-30": "", "2011-06-30": "", "2011-03-31": "", "2010-12-31": "", "2010-09-30": "", "2010-06-30": "", "2010-03-31": "", "2009-12-31": "", "2009-09-30": "", "2009-06-30": "", "2009-03-31": "", "2008-12-31": "", "2008-09-30": "", "2008-06-30": "", "2008-03-31": "", "2007-12-31": "", "2007-09-30": "", "2007-06-30": "", "2007-03-31": "", "2006-12-31": "", "2006-09-30": "", "2006-06-30": "", "2006-03-31": "", "2005-12-31": "", "2005-09-30": "", "2005-06-30": "", "2005-03-31": ""}, "Pre-Tax Profit Margin": {"2020-09-30": "4.96470", "2020-06-30": "47.25650", "2020-03-31": "1.82170", "2019-12-31": "3.33710", "2019-09-30": "10.61770", "2019-06-30": "37.01050", "2019-03-31": "44.68460", "2018-12-31": "-24.24070", "2018-09-30": "7.98410", "2018-06-30": "53.49980", "2018-03-31": "21.24470", "2017-12-31": "8.83890", "2017-09-30": "-113.82250", "2017-06-30": "43.16860", "2017-03-31": "28.09100", "2016-12-31": "23.60390", "2016-09-30": "42.20550", "2016-06-30": "37.07300", "2016-03-31": "40.37420", "2015-12-31": "35.59380", "2015-09-30": "30.06480", "2015-06-30": "22.42490", "2015-03-31": "43.25410", "2014-12-31": "69.31600", "2014-09-30": "39.07450", "2014-06-30": "48.98390", "2014-03-31": "58.06950", "2013-12-31": "81.38470", "2013-09-30": "61.20660", "2013-06-30": "18.33800", "2013-03-31": "67.68430", "2012-12-31": "21.24780", "2012-09-30": "61.66550", "2012-06-30": "59.30760", "2012-03-31": "74.03450", "2011-12-31": "66.15090", "2011-09-30": "28.71660", "2011-06-30": "22.68890", "2011-03-31": "-83.39810", "2010-12-31": "74.02130", "2010-09-30": "60.00120", "2010-06-30": "82.53440", "2010-03-31": "49.19400", "2009-12-31": "88.68230", "2009-09-30": "70.88450", "2009-06-30": "65.26550", "2009-03-31": "44.00800", "2008-12-31": "13.64610", "2008-09-30": "-99.14210", "2008-06-30": "45.82650", "2008-03-31": "52.91080", "2007-12-31": "76.84100", "2007-09-30": "33.91420", "2007-06-30": "41.46920", "2007-03-31": "41.37080", "2006-12-31": "44.96020", "2006-09-30": "56.40650", "2006-06-30": "28.55810", "2006-03-31": "44.37750", "2005-12-31": "-41.88990", "2005-09-30": "-65.88280", "2005-06-30": "44.66340", "2005-03-31": "15.25110"}, "Net Profit Margin": {"2020-09-30": "3.54400", "2020-06-30": "36.69850", "2020-03-31": "-9.16250", "2019-12-31": "3.00260", "2019-09-30": "3.44880", "2019-06-30": "29.34970", "2019-03-31": "33.52610", "2018-12-31": "-15.64480", "2018-09-30": "5.14280", "2018-06-30": "40.02220", "2018-03-31": "13.56820", "2017-12-31": "-0.47300", "2017-09-30": "-79.53110", "2017-06-30": "33.53680", "2017-03-31": "19.56340", "2016-12-31": "18.45680", "2016-09-30": "33.18330", "2016-06-30": "27.88510", "2016-03-31": "28.56270", "2015-12-31": "23.93610", "2015-09-30": "21.08340", "2015-06-30": "18.21430", "2015-03-31": "43.41690", "2014-12-31": "51.44540", "2014-09-30": "25.44690", "2014-06-30": "36.46180", "2014-03-31": "43.94620", "2013-12-31": "63.95120", "2013-09-30": "45.90220", "2013-06-30": "10.71230", "2013-03-31": "57.11950", "2012-12-31": "11.20850", "2012-09-30": "45.55020", "2012-06-30": "45.09980", "2012-03-31": "55.54220", "2011-12-31": "29.76340", "2011-09-30": "22.18520", "2011-06-30": "8.65120", "2011-03-31": "-62.35000", "2010-12-31": "63.85900", "2010-09-30": "52.24950", "2010-06-30": "66.87780", "2010-03-31": "46.06910", "2009-12-31": "71.93660", "2009-09-30": "57.58520", "2009-06-30": "52.11920", "2009-03-31": "29.48910", "2008-12-31": "-36.79490", "2008-09-30": "-72.28070", "2008-06-30": "33.82920", "2008-03-31": "36.58710", "2007-12-31": "19.23610", "2007-09-30": "31.40120", "2007-06-30": "39.06860", "2007-03-31": "39.06870", "2006-12-31": "42.92630", "2006-09-30": "54.39670", "2006-06-30": "26.76130", "2006-03-31": "42.28750", "2005-12-31": "-43.68870", "2005-09-30": "-67.95430", "2005-06-30": "42.54430", "2005-03-31": "12.75670"}, "Asset Turnover": {"2020-09-30": "0.04300", "2020-06-30": "0.05080", "2020-03-31": "0.03260", "2019-12-31": "0.04200", "2019-09-30": "0.04100", "2019-06-30": "0.04750", "2019-03-31": "0.03290", "2018-12-31": "0.02930", "2018-09-30": "0.03680", "2018-06-30": "0.02810", "2018-03-31": "0.02630", "2017-12-31": "0.03230", "2017-09-30": "0.04220", "2017-06-30": "0.03690", "2017-03-31": "0.03540", "2016-12-31": "0.02870", "2016-09-30": "0.03500", "2016-06-30": "0.03850", "2016-03-31": "0.03690", "2015-12-31": "0.03270", "2015-09-30": "0.03010", "2015-06-30": "0.03300", "2015-03-31": "0.03380", "2014-12-31": "0.03890", "2014-09-30": "0.03190", "2014-06-30": "0.03890", "2014-03-31": "0.04210", "2013-12-31": "0.04950", "2013-09-30": "0.04690", "2013-06-30": "0.02960", "2013-03-31": "0.04120", "2012-12-31": "0.04630", "2012-09-30": "0.04440", "2012-06-30": "0.03470", "2012-03-31": "0.04270", "2011-12-31": "0.03290", "2011-09-30": "0.02680", "2011-06-30": "0.03440", "2011-03-31": "0.04840", "2010-12-31": "0.02300", "2010-09-30": "0.04420", "2010-06-30": "0.03580", "2010-03-31": "0.04400", "2009-12-31": "0.03710", "2009-09-30": "0.05130", "2009-06-30": "0.05780", "2009-03-31": "0.04020", "2008-12-31": "0.01880", "2008-09-30": "0.03670", "2008-06-30": "0.04630", "2008-03-31": "0.04530", "2007-12-31": "0.03420", "2007-09-30": "0.04850", "2007-06-30": "0.05480", "2007-03-31": "0.06270", "2006-12-31": "0.06030", "2006-09-30": "0.06120", "2006-06-30": "0.06300", "2006-03-31": "0.05910", "2005-12-31": "0.07010", "2005-09-30": "0.06230", "2005-06-30": "0.06390", "2005-03-31": "0.05730"}, "Inventory Turnover Ratio": {"2020-09-30": "", "2020-06-30": "", "2020-03-31": "", "2019-12-31": "", "2019-09-30": "", "2019-06-30": "", "2019-03-31": "", "2018-12-31": "", "2018-09-30": "", "2018-06-30": "", "2018-03-31": "", "2017-12-31": "", "2017-09-30": "", "2017-06-30": "", "2017-03-31": "", "2016-12-31": "", "2016-09-30": "", "2016-06-30": "", "2016-03-31": "", "2015-12-31": "", "2015-09-30": "", "2015-06-30": "", "2015-03-31": "", "2014-12-31": "", "2014-09-30": "", "2014-06-30": "", "2014-03-31": "", "2013-12-31": "", "2013-09-30": "", "2013-06-30": "", "2013-03-31": "", "2012-12-31": "", "2012-09-30": "", "2012-06-30": "", "2012-03-31": "", "2011-12-31": "", "2011-09-30": "", "2011-06-30": "", "2011-03-31": "", "2010-12-31": "", "2010-09-30": "", "2010-06-30": "", "2010-03-31": "", "2009-12-31": "", "2009-09-30": "", "2009-06-30": "", "2009-03-31": "", "2008-12-31": "", "2008-09-30": "", "2008-06-30": "", "2008-03-31": "", "2007-12-31": "", "2007-09-30": "", "2007-06-30": "", "2007-03-31": "", "2006-12-31": "", "2006-09-30": "", "2006-06-30": "", "2006-03-31": "", "2005-12-31": "", "2005-09-30": "", "2005-06-30": "", "2005-03-31": ""}, "Receiveable Turnover": {"2020-09-30": "", "2020-06-30": "", "2020-03-31": "", "2019-12-31": "", "2019-09-30": "", "2019-06-30": "", "2019-03-31": "", "2018-12-31": "", "2018-09-30": "", "2018-06-30": "", "2018-03-31": "", "2017-12-31": "", "2017-09-30": "", "2017-06-30": "", "2017-03-31": "", "2016-12-31": "", "2016-09-30": "", "2016-06-30": "", "2016-03-31": "", "2015-12-31": "", "2015-09-30": "", "2015-06-30": "", "2015-03-31": "", "2014-12-31": "", "2014-09-30": "", "2014-06-30": "", "2014-03-31": "", "2013-12-31": "", "2013-09-30": "", "2013-06-30": "", "2013-03-31": "", "2012-12-31": "", "2012-09-30": "", "2012-06-30": "", "2012-03-31": "", "2011-12-31": "", "2011-09-30": "", "2011-06-30": "", "2011-03-31": "", "2010-12-31": "", "2010-09-30": "", "2010-06-30": "", "2010-03-31": "", "2009-12-31": "", "2009-09-30": "", "2009-06-30": "", "2009-03-31": "", "2008-12-31": "", "2008-09-30": "", "2008-06-30": "", "2008-03-31": "", "2007-12-31": "", "2007-09-30": "", "2007-06-30": "", "2007-03-31": "", "2006-12-31": "", "2006-09-30": "", "2006-06-30": "", "2006-03-31": "", "2005-12-31": "", "2005-09-30": "", "2005-06-30": "", "2005-03-31": ""}, "Days Sales In Receivables": {"2020-09-30": "", "2020-06-30": "", "2020-03-31": "", "2019-12-31": "", "2019-09-30": "", "2019-06-30": "", "2019-03-31": "", "2018-12-31": "", "2018-09-30": "", "2018-06-30": "", "2018-03-31": "", "2017-12-31": "", "2017-09-30": "", "2017-06-30": "", "2017-03-31": "", "2016-12-31": "", "2016-09-30": "", "2016-06-30": "", "2016-03-31": "", "2015-12-31": "", "2015-09-30": "", "2015-06-30": "", "2015-03-31": "", "2014-12-31": "", "2014-09-30": "", "2014-06-30": "", "2014-03-31": "", "2013-12-31": "", "2013-09-30": "", "2013-06-30": "", "2013-03-31": "", "2012-12-31": "", "2012-09-30": "", "2012-06-30": "", "2012-03-31": "", "2011-12-31": "", "2011-09-30": "", "2011-06-30": "", "2011-03-31": "", "2010-12-31": "", "2010-09-30": "", "2010-06-30": "", "2010-03-31": "", "2009-12-31": "", "2009-09-30": "", "2009-06-30": "", "2009-03-31": "", "2008-12-31": "", "2008-09-30": "", "2008-06-30": "", "2008-03-31": "", "2007-12-31": "", "2007-09-30": "", "2007-06-30": "", "2007-03-31": "", "2006-12-31": "", "2006-09-30": "", "2006-06-30": "", "2006-03-31": "", "2005-12-31": "", "2005-09-30": "", "2005-06-30": "", "2005-03-31": ""}, "ROE - Return On Equity": {"2020-09-30": "1.08350", "2020-06-30": "10.28800", "2020-03-31": "0.48800", "2019-12-31": "0.75810", "2019-09-30": "2.03620", "2019-06-30": "8.52880", "2019-03-31": "7.20080", "2018-12-31": "-2.82100", "2018-09-30": "1.15260", "2018-06-30": "5.98250", "2018-03-31": "2.28450", "2017-12-31": "0.05510", "2017-09-30": "-17.57410", "2017-06-30": "4.70560", "2017-03-31": "2.96520", "2016-12-31": "2.04300", "2016-09-30": "4.26660", "2016-06-30": "4.00990", "2016-03-31": "4.08620", "2015-12-31": "2.90540", "2015-09-30": "2.61250", "2015-06-30": "2.05090", "2015-03-31": "4.86280", "2014-12-31": "6.36450", "2014-09-30": "3.11420", "2014-06-30": "4.72730", "2014-03-31": "5.92950", "2013-12-31": "9.37230", "2013-09-30": "7.22430", "2013-06-30": "1.44630", "2013-03-31": "7.12320", "2012-12-31": "2.49500", "2012-09-30": "7.30830", "2012-06-30": "5.55820", "2012-03-31": "8.12670", "2011-12-31": "5.06400", "2011-09-30": "2.13330", "2011-06-30": "2.20670", "2011-03-31": "-10.94620", "2010-12-31": "4.08040", "2010-09-30": "6.96840", "2010-06-30": "8.12260", "2010-03-31": "5.56220", "2009-12-31": "8.11200", "2009-09-30": "9.99510", "2009-06-30": "12.03540", "2009-03-31": "5.79970", "2008-12-31": "0.87450", "2008-09-30": "-13.06330", "2008-06-30": "6.88970", "2008-03-31": "6.87350", "2007-12-31": "8.38810", "2007-09-30": "5.01350", "2007-06-30": "6.89460", "2007-03-31": "7.61020", "2006-12-31": "8.49120", "2006-09-30": "11.30830", "2006-06-30": "6.82210", "2006-03-31": "9.79400", "2005-12-31": "-11.50270", "2005-09-30": "-13.99200", "2005-06-30": "7.77230", "2005-03-31": "2.47780"}, "Return On Tangible Equity": {"2020-09-30": "1.04280", "2020-06-30": "9.90130", "2020-03-31": "0.46420", "2019-12-31": "0.70660", "2019-09-30": "1.89780", "2019-06-30": "7.94770", "2019-03-31": "6.67930", "2018-12-31": "-2.57890", "2018-09-30": "1.05060", "2018-06-30": "5.45180", "2018-03-31": "2.19820", "2017-12-31": "0.05300", "2017-09-30": "-16.91810", "2017-06-30": "4.55210", "2017-03-31": "2.86770", "2016-12-31": "1.97710", "2016-09-30": "4.13040", "2016-06-30": "3.88200", "2016-03-31": "3.96050", "2015-12-31": "2.81770", "2015-09-30": "2.53590", "2015-06-30": "1.99500", "2015-03-31": "4.73460", "2014-12-31": "5.71770", "2014-09-30": "2.78670", "2014-06-30": "4.24320", "2014-03-31": "5.31050", "2013-12-31": "8.42960", "2013-09-30": "6.46200", "2013-06-30": "1.28730", "2013-03-31": "6.33930", "2012-12-31": "2.21580", "2012-09-30": "6.27640", "2012-06-30": "4.77440", "2012-03-31": "6.96670", "2011-12-31": "4.30270", "2011-09-30": "1.81020", "2011-06-30": "1.86940", "2011-03-31": "-9.26610", "2010-12-31": "3.52380", "2010-09-30": "5.93760", "2010-06-30": "6.85880", "2010-03-31": "4.70210", "2009-12-31": "6.76610", "2009-09-30": "8.40520", "2009-06-30": "9.94390", "2009-03-31": "4.70120", "2008-12-31": "0.70430", "2008-09-30": "-10.52020", "2008-06-30": "5.68720", "2008-03-31": "5.55400", "2007-12-31": "6.83250", "2007-09-30": "4.08820", "2007-06-30": "5.59940", "2007-03-31": "6.11280", "2006-12-31": "6.42050", "2006-09-30": "9.28690", "2006-06-30": "5.47840", "2006-03-31": "7.76700", "2005-12-31": "-8.95090", "2005-09-30": "-11.18320", "2005-06-30": "6.39570", "2005-03-31": "2.00810"}, "ROA - Return On Assets": {"2020-09-30": "0.24000", "2020-06-30": "2.30270", "2020-03-31": "0.09170", "2019-12-31": "0.15320", "2019-09-30": "0.42090", "2019-06-30": "1.72060", "2019-03-31": "1.43780", "2018-12-31": "-0.66390", "2018-09-30": "0.28560", "2018-06-30": "1.47950", "2018-03-31": "0.57910", "2017-12-31": "0.01440", "2017-09-30": "-4.67600", "2017-06-30": "1.56400", "2017-03-31": "0.99310", "2016-12-31": "0.73870", "2016-09-30": "1.48550", "2016-06-30": "1.37550", "2016-03-31": "1.46600", "2015-12-31": "1.08930", "2015-09-30": "0.94300", "2015-06-30": "0.75500", "2015-03-31": "1.88800", "2014-12-31": "2.68880", "2014-09-30": "1.24310", "2014-06-30": "1.90740", "2014-03-31": "2.44210", "2013-12-31": "4.01560", "2013-09-30": "2.86620", "2013-06-30": "0.54180", "2013-03-31": "2.78600", "2012-12-31": "0.97770", "2012-09-30": "2.73680", "2012-06-30": "2.04530", "2012-03-31": "3.16020", "2011-12-31": "1.99980", "2011-09-30": "0.78870", "2011-06-30": "0.80220", "2011-03-31": "-4.03300", "2010-12-31": "1.69930", "2010-09-30": "2.68060", "2010-06-30": "2.96790", "2010-03-31": "2.20180", "2009-12-31": "3.26560", "2009-09-30": "3.59170", "2009-06-30": "3.76370", "2009-03-31": "1.77840", "2008-12-31": "0.26100", "2008-09-30": "-3.63680", "2008-06-30": "2.19450", "2008-03-31": "2.30180", "2007-12-31": "2.86220", "2007-09-30": "1.64330", "2007-06-30": "2.26380", "2007-03-31": "2.59330", "2006-12-31": "2.71110", "2006-09-30": "3.44550", "2006-06-30": "1.79710", "2006-03-31": "2.62130", "2005-12-31": "-2.93600", "2005-09-30": "-4.10120", "2005-06-30": "2.85220", "2005-03-31": "0.87330"}, "ROI - Return On Investment": {"2020-09-30": "0.87240", "2020-06-30": "8.27430", "2020-03-31": "0.36920", "2019-12-31": "0.54840", "2019-09-30": "1.47170", "2019-06-30": "6.15230", "2019-03-31": "5.23500", "2018-12-31": "-2.05400", "2018-09-30": "0.83080", "2018-06-30": "4.30510", "2018-03-31": "1.69930", "2017-12-31": "0.04090", "2017-09-30": "-13.04640", "2017-06-30": "3.60610", "2017-03-31": "2.27800", "2016-12-31": "1.56920", "2016-09-30": "3.26530", "2016-06-30": "3.04990", "2016-03-31": "3.11610", "2015-12-31": "2.21110", "2015-09-30": "1.98130", "2015-06-30": "1.56640", "2015-03-31": "3.79920", "2014-12-31": "5.36000", "2014-09-30": "2.60670", "2014-06-30": "3.97580", "2014-03-31": "4.96960", "2013-12-31": "7.90700", "2013-09-30": "6.04070", "2013-06-30": "1.20020", "2013-03-31": "5.90350", "2012-12-31": "2.01020", "2012-09-30": "5.72790", "2012-06-30": "4.36190", "2012-03-31": "6.36060", "2011-12-31": "3.90910", "2011-09-30": "1.64150", "2011-06-30": "1.69370", "2011-03-31": "-7.97700", "2010-12-31": "3.08110", "2010-09-30": "5.12090", "2010-06-30": "5.87020", "2010-03-31": "4.02560", "2009-12-31": "6.25090", "2009-09-30": "7.35880", "2009-06-30": "8.59990", "2009-03-31": "4.01340", "2008-12-31": "0.59830", "2008-09-30": "-8.94740", "2008-06-30": "4.90760", "2008-03-31": "4.90120", "2007-12-31": "6.03580", "2007-09-30": "3.62450", "2007-06-30": "4.95500", "2007-03-31": "5.38000", "2006-12-31": "5.64600", "2006-09-30": "8.09970", "2006-06-30": "4.59960", "2006-03-31": "6.43520", "2005-12-31": "-7.32570", "2005-09-30": "-9.80530", "2005-06-30": "5.69020", "2005-03-31": "1.77280"}, "Book Value Per Share": {"2020-09-30": "145.46000", "2020-06-30": "144.59810", "2020-03-31": "129.07130", "2019-12-31": "135.25790", "2019-09-30": "134.78970", "2019-06-30": "133.88980", "2019-03-31": "125.77350", "2018-12-31": "119.53180", "2018-09-30": "121.35600", "2018-06-30": "120.70790", "2018-03-31": "110.22840", "2017-12-31": "109.71860", "2017-09-30": "109.99560", "2017-06-30": "123.01410", "2017-03-31": "119.18200", "2016-12-31": "118.15810", "2016-09-30": "116.81870", "2016-06-30": "113.34150", "2016-03-31": "110.46740", "2015-12-31": "108.28550", "2015-09-30": "106.47180", "2015-06-30": "105.12120", "2015-03-31": "103.90410", "2014-12-31": "100.55970", "2014-09-30": "96.06720", "2014-06-30": "94.66080", "2014-03-31": "92.08630", "2013-12-31": "89.45570", "2013-09-30": "83.67540", "2013-06-30": "80.47740", "2013-03-31": "80.13600", "2012-12-31": "77.00710", "2012-09-30": "79.68270", "2012-06-30": "76.01260", "2012-03-31": "73.37890", "2011-12-31": "70.01020", "2011-09-30": "68.57010", "2011-06-30": "68.00080", "2011-03-31": "67.69990", "2010-12-31": "72.80010", "2010-09-30": "72.41300", "2010-06-30": "68.81090", "2010-03-31": "65.47550", "2009-12-31": "62.20400", "2009-09-30": "59.62290", "2009-06-30": "54.61410", "2009-03-31": "50.08510", "2008-12-31": "49.31050", "2008-09-30": "49.53080", "2008-06-30": "55.08730", "2008-03-31": "52.48890", "2007-12-31": "50.45710", "2007-09-30": "49.70710", "2007-06-30": "47.88980", "2007-03-31": "45.71640", "2006-12-31": "45.47400", "2006-09-30": "38.77630", "2006-06-30": "35.24160", "2006-03-31": "33.61190", "2005-12-31": "31.51210", "2005-09-30": "34.94630", "2005-06-30": "39.69630", "2005-03-31": "37.06030"}, "Operating Cash Flow Per Share": {"2020-09-30": 7.5033, "2020-06-30": 8.0973, "2020-03-31": "10.94510", "2019-12-31": 20.4581, "2019-09-30": 11.0291, "2019-06-30": 9.0533, "2019-03-31": "8.96030", "2018-12-31": 8.3142, "2018-09-30": 13.6127, "2018-06-30": 9.7471, "2018-03-31": "-0.94320", "2017-12-31": 10.5406, "2017-09-30": 7.1772, "2017-06-30": 3.0719, "2017-03-31": "4.94890", "2016-12-31": 2.3267, "2016-09-30": 6.3479, "2016-06-30": 3.0283, "2016-03-31": "-0.03820", "2015-12-31": 6.1537, "2015-09-30": 4.2535, "2015-06-30": 2.3203, "2015-03-31": "-2.96360", "2014-12-31": 6.5536, "2014-09-30": 5.6838, "2014-06-30": 3.1793, "2014-03-31": "1.11300", "2013-12-31": 9.2908, "2013-09-30": 4.7474, "2013-06-30": 1.0925, "2013-03-31": "2.90140", "2012-12-31": 3.5478, "2012-09-30": 4.9505, "2012-06-30": 2.5988, "2012-03-31": "3.35620", "2011-12-31": -0.5457, "2011-09-30": 3.2083, "2011-06-30": 0.7295, "2011-03-31": "-0.12230", "2010-12-31": -0.308, "2010-09-30": 4.0512, "2010-06-30": 1.2323, "2010-03-31": "3.91580", "2009-12-31": 2.253, "2009-09-30": 3.907, "2009-06-30": 1.1238, "2009-03-31": "2.34470", "2008-12-31": -0.0779, "2008-09-30": 3.0864, "2008-06-30": 1.7568, "2008-03-31": "4.14420", "2007-12-31": 2.3004, "2007-09-30": 3.9923, "2007-06-30": 2.6358, "2007-03-31": "2.07730", "2006-12-31": 3.5149, "2006-09-30": 2.4384, "2006-06-30": 3.2967, "2006-03-31": "2.03460", "2005-12-31": -2.8832, "2005-09-30": 1.644, "2005-06-30": 2.3883, "2005-03-31": "3.51870"}, "Free Cash Flow Per Share": {"2020-09-30": 7.5033, "2020-06-30": 8.0973, "2020-03-31": "10.94510", "2019-12-31": 20.4581, "2019-09-30": 11.0291, "2019-06-30": 9.0533, "2019-03-31": "8.96030", "2018-12-31": 8.3142, "2018-09-30": 13.6127, "2018-06-30": 9.7471, "2018-03-31": "-0.94320", "2017-12-31": 10.5406, "2017-09-30": 7.1772, "2017-06-30": 3.0719, "2017-03-31": "4.94890", "2016-12-31": 2.3267, "2016-09-30": 6.3479, "2016-06-30": 3.0283, "2016-03-31": "-0.03820", "2015-12-31": 6.1537, "2015-09-30": 4.2535, "2015-06-30": 2.3203, "2015-03-31": "-2.96360", "2014-12-31": 6.5536, "2014-09-30": 5.6838, "2014-06-30": 3.1793, "2014-03-31": "1.11300", "2013-12-31": 9.2908, "2013-09-30": 4.7474, "2013-06-30": 1.0925, "2013-03-31": "2.90140", "2012-12-31": 3.5478, "2012-09-30": 4.9505, "2012-06-30": 2.5988, "2012-03-31": "3.35620", "2011-12-31": -0.5457, "2011-09-30": 3.2083, "2011-06-30": 0.7295, "2011-03-31": "-0.12230", "2010-12-31": -0.308, "2010-09-30": 4.0512, "2010-06-30": 1.2323, "2010-03-31": "3.91580", "2009-12-31": 2.253, "2009-09-30": 3.907, "2009-06-30": 1.1238, "2009-03-31": "2.34470", "2008-12-31": -0.0779, "2008-09-30": 3.0864, "2008-06-30": 1.7568, "2008-03-31": "4.14420", "2007-12-31": 2.3004, "2007-09-30": 3.9923, "2007-06-30": 2.6358, "2007-03-31": "2.07730", "2006-12-31": 3.5149, "2006-09-30": 2.4384, "2006-06-30": 3.2967, "2006-03-31": "2.03460", "2005-12-31": -2.8832, "2005-09-30": 1.644, "2005-06-30": 2.3883, "2005-03-31": "3.51870"}}, "revenue": {"RenaissanceRe Holdings Annual Revenue (Millions of US $)": {"2020": "$5,172", "2019": "$4,202", "2018": "$2,075", "2017": "$2,104", "2016": "$1,728", "2015": "$1,515", "2014": "$1,260", "2013": "$1,380", "2012": "$1,424", "2011": "$1,141", "2010": "$1,225", "2009": "$1,271", "2008": "$817", "2007": "$1,666", "2006": "$1,841", "2005": "$1,656"}, "RenaissanceRe Holdings Quarterly Revenue (Millions of US $)": {"2020-12-31": "$1,395", "2020-09-30": "$1,332", "2020-06-30": "$1,548", "2020-03-31": "$896", "2019-12-31": "$1,105", "2019-09-30": "$1,051", "2019-06-30": "$1,238", "2019-03-31": "$807", "2018-12-31": "$548", "2018-09-30": "$630", "2018-06-30": "$479", "2018-03-31": "$418", "2017-12-31": "$491", "2017-09-30": "$635", "2017-06-30": "$506", "2017-03-31": "$472", "2016-12-31": "$354", "2016-09-30": "$442", "2016-06-30": "$483", "2016-03-31": "$448", "2015-12-31": "$377", "2015-09-30": "$358", "2015-06-30": "$398", "2015-03-31": "$382", "2014-12-31": "$319", "2014-09-30": "$266", "2014-06-30": "$331", "2014-03-31": "$344", "2013-12-31": "$405", "2013-09-30": "$392", "2013-06-30": "$250", "2013-03-31": "$333", "2012-12-31": "$367", "2012-09-30": "$390", "2012-06-30": "$310", "2012-03-31": "$357", "2011-12-31": "$255", "2011-09-30": "$218", "2011-06-30": "$281", "2011-03-31": "$388", "2010-12-31": "$187", "2010-09-30": "$382", "2010-06-30": "$306", "2010-03-31": "$349", "2009-12-31": "$294", "2009-09-30": "$439", "2009-06-30": "$509", "2009-03-31": "$324", "2008-12-31": "$150", "2008-09-30": "$316", "2008-06-30": "$396", "2008-03-31": "$370", "2007-12-31": "$284", "2007-09-30": "$425", "2007-06-30": "$469", "2007-03-31": "$488", "2006-12-31": "$469", "2006-09-30": "$462", "2006-06-30": "$487", "2006-03-31": "$423", "2005-12-31": "$482", "2005-09-30": "$423", "2005-06-30": "$404", "2005-03-31": "$347"}}, "gross-profit": {"RenaissanceRe Holdings Annual Gross Profit (Millions of US $)": {"2020": "$1,350", "2019": "$1,343", "2018": "$522", "2017": "$-105", "2016": "$908", "2015": "$828", "2014": "$918", "2013": "$1,084", "2012": "$986", "2011": "$183", "2010": "$1,000", "2009": "$1,237", "2008": "$193", "2007": "$931", "2006": "$1,114", "2005": "$-217"}, "RenaissanceRe Holdings Quarterly Gross Profit (Millions of US $)": {"2020-12-31": "$256", "2020-09-30": "$175", "2020-06-30": "$805", "2020-03-31": "$115", "2019-12-31": "$135", "2019-09-30": "$194", "2019-06-30": "$558", "2019-03-31": "$456", "2018-12-31": "$-50", "2018-09-30": "$109", "2018-06-30": "$314", "2018-03-31": "$149", "2017-12-31": "$89", "2017-09-30": "$-664", "2017-06-30": "$275", "2017-03-31": "$196", "2016-12-31": "$156", "2016-09-30": "$249", "2016-06-30": "$247", "2016-03-31": "$256", "2015-12-31": "$220", "2015-09-30": "$180", "2015-06-30": "$167", "2015-03-31": "$262", "2014-12-31": "$291", "2014-09-30": "$159", "2014-06-30": "$216", "2014-03-31": "$251", "2013-12-31": "$395", "2013-09-30": "$293", "2013-06-30": "$115", "2013-03-31": "$281", "2012-12-31": "$140", "2012-09-30": "$293", "2012-06-30": "$235", "2012-03-31": "$317", "2011-12-31": "$226", "2011-09-30": "$114", "2011-06-30": "$116", "2011-03-31": "$-273", "2010-12-31": "$195", "2010-09-30": "$278", "2010-06-30": "$302", "2010-03-31": "$225", "2009-12-31": "$313", "2009-09-30": "$356", "2009-06-30": "$389", "2009-03-31": "$193", "2008-12-31": "$62", "2008-09-30": "$-274", "2008-06-30": "$228", "2008-03-31": "$241", "2007-12-31": "$153", "2007-09-30": "$229", "2007-06-30": "$270", "2007-03-31": "$279", "2006-12-31": "$298", "2006-09-30": "$355", "2006-06-30": "$205", "2006-03-31": "$255", "2005-12-31": "$-255", "2005-09-30": "$-306", "2005-06-30": "$250", "2005-03-31": "$94"}}, "operating-income": {"RenaissanceRe Holdings Annual Operating Income (Millions of US $)": {"2020": "$996", "2019": "$967", "2018": "$263", "2017": "$-328", "2016": "$630", "2015": "$496", "2014": "$687", "2013": "$841", "2012": "$767", "2011": "$-28", "2010": "$792", "2009": "$1,056", "2008": "$50", "2007": "$758", "2006": "$942", "2005": "$-403"}, "RenaissanceRe Holdings Quarterly Operating Income (Millions of US $)": {"2020-12-31": "$182", "2020-09-30": "$66", "2020-06-30": "$732", "2020-03-31": "$16", "2019-12-31": "$37", "2019-09-30": "$112", "2019-06-30": "$458", "2019-03-31": "$361", "2018-12-31": "$-133", "2018-09-30": "$50", "2018-06-30": "$256", "2018-03-31": "$89", "2017-12-31": "$43", "2017-09-30": "$-722", "2017-06-30": "$218", "2017-03-31": "$133", "2016-12-31": "$84", "2016-09-30": "$187", "2016-06-30": "$179", "2016-03-31": "$181", "2015-12-31": "$134", "2015-09-30": "$108", "2015-06-30": "$89", "2015-03-31": "$165", "2014-12-31": "$221", "2014-09-30": "$104", "2014-06-30": "$162", "2014-03-31": "$200", "2013-12-31": "$330", "2013-09-30": "$240", "2013-06-30": "$46", "2013-03-31": "$226", "2012-12-31": "$78", "2012-09-30": "$241", "2012-06-30": "$184", "2012-03-31": "$264", "2011-12-31": "$169", "2011-09-30": "$63", "2011-06-30": "$64", "2011-03-31": "$-323", "2010-12-31": "$138", "2010-09-30": "$229", "2010-06-30": "$253", "2010-03-31": "$172", "2009-12-31": "$261", "2009-09-30": "$311", "2009-06-30": "$332", "2009-03-31": "$142", "2008-12-31": "$20", "2008-09-30": "$-313", "2008-06-30": "$181", "2008-03-31": "$196", "2007-12-31": "$108", "2007-09-30": "$188", "2007-06-30": "$232", "2007-03-31": "$231", "2006-12-31": "$249", "2006-09-30": "$313", "2006-06-30": "$160", "2006-03-31": "$219", "2005-12-31": "$-314", "2005-09-30": "$-358", "2005-06-30": "$211", "2005-03-31": "$57"}}, "ebitda": {"RenaissanceRe Holdings Annual EBITDA (Millions of US $)": {"2019": "$967", "2018": "$310", "2017": "$-253", "2016": "$702", "2015": "$551", "2014": "$752", "2013": "$911", "2012": "$850", "2011": "$37", "2010": "$874", "2009": "$1,080", "2008": "$66", "2007": "$772", "2006": "$968", "2005": "$-365"}, "RenaissanceRe Holdings Quarterly EBITDA (Millions of US $)": {"2020-09-30": "$85", "2020-06-30": "$739", "2020-03-31": "$27", "2019-12-31": "$21", "2019-09-30": "$116", "2019-06-30": "$461", "2019-03-31": "$369", "2018-12-31": "$-152", "2018-09-30": "$68", "2018-06-30": "$279", "2018-03-31": "$114", "2017-12-31": "$68", "2017-09-30": "$-704", "2017-06-30": "$233", "2017-03-31": "$150", "2016-12-31": "$105", "2016-09-30": "$205", "2016-06-30": "$192", "2016-03-31": "$200", "2015-12-31": "$159", "2015-09-30": "$110", "2015-06-30": "$107", "2015-03-31": "$175", "2014-12-31": "$243", "2014-09-30": "$123", "2014-06-30": "$174", "2014-03-31": "$212", "2013-12-31": "$343", "2013-09-30": "$260", "2013-06-30": "$64", "2013-03-31": "$244", "2012-12-31": "$98", "2012-09-30": "$263", "2012-06-30": "$205", "2012-03-31": "$283", "2011-12-31": "$190", "2011-09-30": "$78", "2011-06-30": "$76", "2011-03-31": "$-307", "2010-12-31": "$164", "2010-09-30": "$249", "2010-06-30": "$272", "2010-03-31": "$189", "2009-12-31": "$272", "2009-09-30": "$318", "2009-06-30": "$335", "2009-03-31": "$146", "2008-12-31": "$20", "2008-09-30": "$-308", "2008-06-30": "$190", "2008-03-31": "$199", "2007-12-31": "$106", "2007-09-30": "$191", "2007-06-30": "$235", "2007-03-31": "$240", "2006-12-31": "$254", "2006-09-30": "$318", "2006-06-30": "$168", "2006-03-31": "$228", "2005-12-31": "$-305", "2005-09-30": "$-348", "2005-06-30": "$220", "2005-03-31": "$67"}}, "net-income": {"RenaissanceRe Holdings Annual Net Income (Millions of US $)": {"2020": "$731", "2019": "$703", "2018": "$195", "2017": "$-245", "2016": "$475", "2015": "$404", "2014": "$504", "2013": "$656", "2012": "$557", "2011": "$-93", "2010": "$685", "2009": "$820", "2008": "$-13", "2007": "$562", "2006": "$762", "2005": "$-281"}, "RenaissanceRe Holdings Quarterly Net Income (Millions of US $)": {"2020-12-31": "$190", "2020-09-30": "$47", "2020-06-30": "$568", "2020-03-31": "$-82", "2019-12-31": "$33", "2019-09-30": "$36", "2019-06-30": "$363", "2019-03-31": "$271", "2018-12-31": "$-86", "2018-09-30": "$32", "2018-06-30": "$192", "2018-03-31": "$57", "2017-12-31": "$-2", "2017-09-30": "$-505", "2017-06-30": "$170", "2017-03-31": "$92", "2016-12-31": "$65", "2016-09-30": "$147", "2016-06-30": "$135", "2016-03-31": "$128", "2015-12-31": "$90", "2015-09-30": "$76", "2015-06-30": "$72", "2015-03-31": "$166", "2014-12-31": "$164", "2014-09-30": "$68", "2014-06-30": "$121", "2014-03-31": "$151", "2013-12-31": "$259", "2013-09-30": "$180", "2013-06-30": "$27", "2013-03-31": "$190", "2012-12-31": "$41", "2012-09-30": "$178", "2012-06-30": "$140", "2012-03-31": "$198", "2011-12-31": "$76", "2011-09-30": "$48", "2011-06-30": "$24", "2011-03-31": "$-242", "2010-12-31": "$119", "2010-09-30": "$200", "2010-06-30": "$205", "2010-03-31": "$161", "2009-12-31": "$212", "2009-09-30": "$253", "2009-06-30": "$265", "2009-03-31": "$95", "2008-12-31": "$-55", "2008-09-30": "$-228", "2008-06-30": "$134", "2008-03-31": "$135", "2007-12-31": "$55", "2007-09-30": "$133", "2007-06-30": "$183", "2007-03-31": "$191", "2006-12-31": "$201", "2006-09-30": "$251", "2006-06-30": "$130", "2006-03-31": "$179", "2005-12-31": "$-210", "2005-09-30": "$-287", "2005-06-30": "$172", "2005-03-31": "$44"}}, "eps-earnings-per-share-diluted": {"RenaissanceRe Holdings Annual EPS": {"2020": "$15.31", "2019": "$16.29", "2018": "$4.91", "2017": "$-6.15", "2016": "$11.43", "2015": "$9.28", "2014": "$12.60", "2013": "$14.87", "2012": "$11.23", "2011": "$-1.84", "2010": "$12.31", "2009": "$13.40", "2008": "$-0.21", "2007": "$7.93", "2006": "$10.57", "2005": "$-3.99"}, "RenaissanceRe Holdings Quarterly EPS": {"2020-12-31": "$3.74", "2020-09-30": "$0.94", "2020-06-30": "$12.63", "2020-03-31": "$-1.89", "2019-12-31": "$0.68", "2019-09-30": "$0.83", "2019-06-30": "$8.35", "2019-03-31": "$6.43", "2018-12-31": "$-2.11", "2018-09-30": "$0.82", "2018-06-30": "$4.78", "2018-03-31": "$1.42", "2017-12-31": "$0.11", "2017-09-30": "$-12.75", "2017-06-30": "$4.24", "2017-03-31": "$2.25", "2016-12-31": "$1.70", "2016-09-30": "$3.56", "2016-06-30": "$3.22", "2016-03-31": "$2.95", "2015-12-31": "$1.89", "2015-09-30": "$1.66", "2015-06-30": "$1.59", "2015-03-31": "$4.14", "2014-12-31": "$4.39", "2014-09-30": "$1.70", "2014-06-30": "$2.95", "2014-03-31": "$3.56", "2013-12-31": "$6.03", "2013-09-30": "$4.01", "2013-06-30": "$0.60", "2013-03-31": "$4.23", "2012-12-31": "$0.98", "2012-09-30": "$3.62", "2012-06-30": "$2.75", "2012-03-31": "$3.88", "2011-12-31": "$1.42", "2011-09-30": "$0.95", "2011-06-30": "$0.48", "2011-03-31": "$-4.69", "2010-12-31": "$2.22", "2010-09-30": "$3.70", "2010-06-30": "$3.66", "2010-03-31": "$2.73", "2009-12-31": "$3.38", "2009-09-30": "$4.12", "2009-06-30": "$4.32", "2009-03-31": "$1.57", "2008-12-31": "$-0.91", "2008-09-30": "$-3.79", "2008-06-30": "$2.13", "2008-03-31": "$2.05", "2007-12-31": "$0.92", "2007-09-30": "$1.85", "2007-06-30": "$2.53", "2007-03-31": "$2.63", "2006-12-31": "$2.79", "2006-09-30": "$3.48", "2006-06-30": "$1.81", "2006-03-31": "$2.49", "2005-12-31": "$-2.93", "2005-09-30": "$-4.07", "2005-06-30": "$2.39", "2005-03-31": "$0.62"}}, "shares-outstanding": {"RenaissanceRe Holdings Annual Shares Outstanding (Millions of Shares)": {"2020": "47", "2019": "43", "2018": "40", "2017": "40", "2016": "42", "2015": "44", "2014": "40", "2013": "44", "2012": "50", "2011": "51", "2010": "56", "2009": "61", "2008": "63", "2007": "72", "2006": "72", "2005": "72"}, "RenaissanceRe Holdings Quarterly Shares Outstanding (Millions of Shares)": {"2020-12-31": "50", "2020-09-30": "50", "2020-06-30": "45", "2020-03-31": "43", "2019-12-31": "43", "2019-09-30": "44", "2019-06-30": "44", "2019-03-31": "42", "2018-12-31": "40", "2018-09-30": "40", "2018-06-30": "40", "2018-03-31": "40", "2017-12-31": "40", "2017-09-30": "40", "2017-06-30": "40", "2017-03-31": "41", "2016-12-31": "42", "2016-09-30": "41", "2016-06-30": "42", "2016-03-31": "43", "2015-12-31": "44", "2015-09-30": "45", "2015-06-30": "46", "2015-03-31": "40", "2014-12-31": "40", "2014-09-30": "39", "2014-06-30": "40", "2014-03-31": "42", "2013-12-31": "44", "2013-09-30": "44", "2013-06-30": "44", "2013-03-31": "44", "2012-12-31": "50", "2012-09-30": "49", "2012-06-30": "51", "2012-03-31": "51", "2011-12-31": "51", "2011-09-30": "51", "2011-06-30": "51", "2011-03-31": "52", "2010-12-31": "56", "2010-09-30": "54", "2010-06-30": "56", "2010-03-31": "59", "2009-12-31": "61", "2009-09-30": "61", "2009-06-30": "61", "2009-03-31": "61", "2008-12-31": "61", "2008-09-30": "62", "2008-06-30": "64", "2008-03-31": "67", "2007-12-31": "72", "2007-09-30": "72", "2007-06-30": "72", "2007-03-31": "73", "2006-12-31": "72", "2006-09-30": "72", "2006-06-30": "72", "2006-03-31": "72", "2005-12-31": "72", "2005-09-30": "72", "2005-06-30": "72", "2005-03-31": "72"}}, "total-assets": {"RenaissanceRe Holdings Annual Total Assets (Millions of US $)": {"2019": "$26,330", "2018": "$18,676", "2017": "$15,226", "2016": "$12,352", "2015": "$11,555", "2014": "$8,204", "2013": "$8,179", "2012": "$7,929", "2011": "$7,745", "2010": "$8,138", "2009": "$7,926", "2008": "$7,984", "2007": "$8,286", "2006": "$7,769", "2005": "$6,871"}, "RenaissanceRe Holdings Quarterly Total Assets (Millions of US $)": {"2020-09-30": "$30,996", "2020-06-30": "$30,480", "2020-03-31": "$27,466", "2019-12-31": "$26,330", "2019-09-30": "$25,644", "2019-06-30": "$26,087", "2019-03-31": "$24,560", "2018-12-31": "$18,676", "2018-09-30": "$17,096", "2018-06-30": "$17,023", "2018-03-31": "$15,922", "2017-12-31": "$15,226", "2017-09-30": "$15,045", "2017-06-30": "$13,706", "2017-03-31": "$13,320", "2016-12-31": "$12,352", "2016-09-30": "$12,660", "2016-06-30": "$12,545", "2016-03-31": "$12,154", "2015-12-31": "$11,555", "2015-09-30": "$11,907", "2015-06-30": "$12,053", "2015-03-31": "$11,287", "2014-12-31": "$8,204", "2014-09-30": "$8,357", "2014-06-30": "$8,516", "2014-03-31": "$8,164", "2013-12-31": "$8,179", "2013-09-30": "$8,354", "2013-06-30": "$8,467", "2013-03-31": "$8,097", "2012-12-31": "$7,929", "2012-09-30": "$8,794", "2012-06-30": "$8,960", "2012-03-31": "$8,354", "2011-12-31": "$7,745", "2011-09-30": "$8,117", "2011-06-30": "$8,166", "2011-03-31": "$8,015", "2010-12-31": "$8,138", "2010-09-30": "$8,640", "2010-06-30": "$8,553", "2010-03-31": "$7,936", "2009-12-31": "$7,926", "2009-09-30": "$8,545", "2009-06-30": "$8,805", "2009-03-31": "$8,060", "2008-12-31": "$7,984", "2008-09-30": "$8,589", "2008-06-30": "$8,550", "2008-03-31": "$8,170", "2007-12-31": "$8,286", "2007-09-30": "$8,761", "2007-06-30": "$8,558", "2007-03-31": "$7,787", "2006-12-31": "$7,769", "2006-09-30": "$7,540", "2006-06-30": "$7,739", "2006-03-31": "$7,158", "2005-12-31": "$6,871", "2005-09-30": "$6,792", "2005-06-30": "$6,330", "2005-03-31": "$6,065"}}, "cash-on-hand": {"RenaissanceRe Holdings Annual Cash on Hand (Millions of US $)": {"2019": "$1,379", "2018": "$1,108", "2017": "$1,362", "2016": "$421", "2015": "$507", "2014": "$526", "2013": "$408", "2012": "$304", "2011": "$217", "2010": "$278", "2009": "$203", "2008": "$275", "2007": "$330", "2006": "$214", "2005": "$174"}, "RenaissanceRe Holdings Quarterly Cash on Hand (Millions of US $)": {"2020-09-30": "$1,287", "2020-06-30": "$1,186", "2020-03-31": "$896", "2019-12-31": "$1,379", "2019-09-30": "$871", "2019-06-30": "$671", "2019-03-31": "$1,021", "2018-12-31": "$1,108", "2018-09-30": "$453", "2018-06-30": "$548", "2018-03-31": "$648", "2017-12-31": "$1,362", "2017-09-30": "$582", "2017-06-30": "$623", "2017-03-31": "$454", "2016-12-31": "$421", "2016-09-30": "$493", "2016-06-30": "$456", "2016-03-31": "$449", "2015-12-31": "$507", "2015-09-30": "$525", "2015-06-30": "$398", "2015-03-31": "$558", "2014-12-31": "$526", "2014-09-30": "$301", "2014-06-30": "$294", "2014-03-31": "$327", "2013-12-31": "$408", "2013-09-30": "$266", "2013-06-30": "$286", "2013-03-31": "$336", "2012-12-31": "$304", "2012-09-30": "$249", "2012-06-30": "$264", "2012-03-31": "$261", "2011-12-31": "$217", "2011-09-30": "$235", "2011-06-30": "$238", "2011-03-31": "$253", "2010-12-31": "$278", "2010-09-30": "$352", "2010-06-30": "$285", "2010-03-31": "$359", "2009-12-31": "$203", "2009-09-30": "$348", "2009-06-30": "$210", "2009-03-31": "$249", "2008-12-31": "$275", "2008-09-30": "$427", "2008-06-30": "$263", "2008-03-31": "$335", "2007-12-31": "$330", "2007-09-30": "$317", "2007-06-30": "$266", "2007-03-31": "$271", "2006-12-31": "$214", "2006-09-30": "$246", "2006-06-30": "$187", "2006-03-31": "$241", "2005-12-31": "$174", "2005-09-30": "$157", "2005-06-30": "$187", "2005-03-31": "$162"}}, "long-term-debt": {"RenaissanceRe Holdings Annual Long Term Debt (Millions of US $)": {"2019": "$1,384", "2018": "$991", "2017": "$990", "2016": "$949", "2015": "$960", "2014": "$250", "2013": "$249", "2012": "$349", "2011": "$354", "2010": "$549", "2009": "$300", "2008": "$450", "2007": "$452", "2006": "$450", "2005": "$500"}, "RenaissanceRe Holdings Quarterly Long Term Debt (Millions of US $)": {"2020-09-30": "$1,136", "2020-06-30": "$1,135", "2020-03-31": "$1,135", "2019-12-31": "$1,384", "2019-09-30": "$1,383", "2019-06-30": "$1,383", "2019-03-31": "$1,191", "2018-12-31": "$991", "2018-09-30": "$991", "2018-06-30": "$990", "2018-03-31": "$990", "2017-12-31": "$990", "2017-09-30": "$989", "2017-06-30": "$989", "2017-03-31": "$946", "2016-12-31": "$949", "2016-09-30": "$952", "2016-06-30": "$955", "2016-03-31": "$958", "2015-12-31": "$960", "2015-09-30": "$969", "2015-06-30": "$972", "2015-03-31": "$827", "2014-12-31": "$250", "2014-09-30": "$249", "2014-06-30": "$249", "2014-03-31": "$249", "2013-12-31": "$249", "2013-09-30": "$249", "2013-06-30": "$250", "2013-03-31": "$254", "2012-12-31": "$349", "2012-09-30": "$359", "2012-06-30": "$354", "2012-03-31": "$352", "2011-12-31": "$354", "2011-09-30": "$349", "2011-06-30": "$349", "2011-03-31": "$549", "2010-12-31": "$549", "2010-09-30": "$549", "2010-06-30": "$549", "2010-03-31": "$549", "2009-12-31": "$300", "2009-09-30": "$450", "2009-06-30": "$450", "2009-03-31": "$450", "2008-12-31": "$450", "2008-09-30": "$450", "2008-06-30": "$450", "2008-03-31": "$451", "2007-12-31": "$452", "2007-09-30": "$451", "2007-06-30": "$450", "2007-03-31": "$450", "2006-12-31": "$450", "2006-09-30": "$410", "2006-06-30": "$485", "2006-03-31": "$500", "2005-12-31": "$500", "2005-09-30": "$350", "2005-06-30": "$350", "2005-03-31": "$350"}}, "total-liabilities": {"RenaissanceRe Holdings Annual Total Liabilities (Millions of US $)": {"2019": "$20,359", "2018": "$13,631", "2017": "$10,835", "2016": "$7,486", "2015": "$6,823", "2014": "$4,338", "2013": "$4,275", "2012": "$4,422", "2011": "$4,136", "2010": "$4,199", "2009": "$4,085", "2008": "$4,951", "2007": "$4,809", "2006": "$4,489", "2005": "$4,617"}, "RenaissanceRe Holdings Quarterly Total Liabilities (Millions of US $)": {"2020-09-30": "$23,605", "2020-06-30": "$23,133", "2020-03-31": "$21,782", "2019-12-31": "$20,359", "2019-09-30": "$19,693", "2019-06-30": "$20,174", "2019-03-31": "$19,006", "2018-12-31": "$13,631", "2018-09-30": "$12,210", "2018-06-30": "$12,163", "2018-03-31": "$11,486", "2017-12-31": "$10,835", "2017-09-30": "$10,642", "2017-06-30": "$8,750", "2017-03-31": "$8,459", "2016-12-31": "$7,486", "2016-09-30": "$7,852", "2016-06-30": "$7,842", "2016-03-31": "$7,393", "2015-12-31": "$6,823", "2015-09-30": "$7,209", "2015-06-30": "$7,216", "2015-03-31": "$6,505", "2014-12-31": "$4,338", "2014-09-30": "$4,621", "2014-06-30": "$4,680", "2014-03-31": "$4,401", "2013-12-31": "$4,275", "2013-09-30": "$4,640", "2013-06-30": "$4,895", "2013-03-31": "$4,530", "2012-12-31": "$4,422", "2012-09-30": "$4,951", "2012-06-30": "$5,113", "2012-03-31": "$4,555", "2011-12-31": "$4,136", "2011-09-30": "$4,566", "2011-06-30": "$4,648", "2011-03-31": "$4,512", "2010-12-31": "$4,199", "2010-09-30": "$4,667", "2010-06-30": "$4,778", "2010-03-31": "$4,144", "2009-12-31": "$4,085", "2009-09-30": "$4,824", "2009-06-30": "$5,402", "2009-03-31": "$4,939", "2008-12-31": "$4,951", "2008-09-30": "$5,548", "2008-06-30": "$5,177", "2008-03-31": "$4,784", "2007-12-31": "$4,809", "2007-09-30": "$5,240", "2007-06-30": "$5,098", "2007-03-31": "$4,484", "2006-12-31": "$4,489", "2006-09-30": "$4,742", "2006-06-30": "$5,200", "2006-03-31": "$4,742", "2005-12-31": "$4,617", "2005-09-30": "$4,301", "2005-06-30": "$3,507", "2005-03-31": "$3,428"}}, "total-share-holder-equity": {"RenaissanceRe Holdings Annual Share Holder Equity (Millions of US $)": {"2019": "$5,971", "2018": "$5,045", "2017": "$4,391", "2016": "$4,867", "2015": "$4,732", "2014": "$3,866", "2013": "$3,904", "2012": "$3,507", "2011": "$3,609", "2010": "$3,939", "2009": "$3,841", "2008": "$3,033", "2007": "$3,478", "2006": "$3,280", "2005": "$2,254"}, "RenaissanceRe Holdings Quarterly Share Holder Equity (Millions of US $)": {"2020-09-30": "$7,391", "2020-06-30": "$7,347", "2020-03-31": "$5,684", "2019-12-31": "$5,971", "2019-09-30": "$5,951", "2019-06-30": "$5,913", "2019-03-31": "$5,554", "2018-12-31": "$5,045", "2018-09-30": "$4,887", "2018-06-30": "$4,860", "2018-03-31": "$4,436", "2017-12-31": "$4,391", "2017-09-30": "$4,403", "2017-06-30": "$4,955", "2017-03-31": "$4,861", "2016-12-31": "$4,867", "2016-09-30": "$4,808", "2016-06-30": "$4,703", "2016-03-31": "$4,761", "2015-12-31": "$4,732", "2015-09-30": "$4,698", "2015-06-30": "$4,837", "2015-03-31": "$4,782", "2014-12-31": "$3,866", "2014-09-30": "$3,736", "2014-06-30": "$3,836", "2014-03-31": "$3,762", "2013-12-31": "$3,904", "2013-09-30": "$3,714", "2013-06-30": "$3,572", "2013-03-31": "$3,567", "2012-12-31": "$3,507", "2012-09-30": "$3,843", "2012-06-30": "$3,847", "2012-03-31": "$3,798", "2011-12-31": "$3,609", "2011-09-30": "$3,551", "2011-06-30": "$3,519", "2011-03-31": "$3,503", "2010-12-31": "$3,939", "2010-09-30": "$3,974", "2010-06-30": "$3,775", "2010-03-31": "$3,791", "2009-12-31": "$3,841", "2009-09-30": "$3,720", "2009-06-30": "$3,404", "2009-03-31": "$3,121", "2008-12-31": "$3,033", "2008-09-30": "$3,041", "2008-06-30": "$3,373", "2008-03-31": "$3,386", "2007-12-31": "$3,478", "2007-09-30": "$3,522", "2007-06-30": "$3,460", "2007-03-31": "$3,304", "2006-12-31": "$3,280", "2006-09-30": "$2,797", "2006-06-30": "$2,539", "2006-03-31": "$2,416", "2005-12-31": "$2,254", "2005-09-30": "$2,491", "2005-06-30": "$2,823", "2005-03-31": "$2,638"}}, "profit-margins": {"current": "14.74%"}, "gross margin": {"2020-12-31": "26.13%", "2020-09-30": "25.20%", "2020-06-30": "27.15%", "2020-03-31": "23.36%", "2019-12-31": "31.97%", "2019-09-30": "31.78%", "2019-06-30": "33.29%", "2019-03-31": "33.64%", "2018-12-31": "25.16%", "2018-09-30": "32.76%", "2018-06-30": "-5.54%", "2018-03-31": "-7.37%", "2017-12-31": "-4.94%", "2017-09-30": "-1.88%", "2017-06-30": "49.38%", "2017-03-31": "48.43%", "2016-12-31": "52.58%", "2016-09-30": "55.54%", "2016-06-30": "54.20%", "2016-03-31": "52.06%", "2015-12-31": "54.72%", "2015-09-30": "61.77%", "2015-06-30": "64.40%", "2015-03-31": "71.49%", "2014-12-31": "72.78%", "2014-09-30": "75.85%", "2014-06-30": "78.46%", "2014-03-31": "75.77%", "2013-12-31": "78.55%", "2013-09-30": "61.77%", "2013-06-30": "61.87%", "2013-03-31": "67.79%", "2012-12-31": "69.17%", "2012-09-30": "81.63%", "2012-06-30": "78.25%", "2012-03-31": "69.58%", "2011-12-31": "16.02%", "2011-09-30": "14.15%", "2011-06-30": "25.53%", "2011-03-31": "39.75%", "2010-12-31": "81.70%", "2010-09-30": "84.00%", "2010-06-30": "86.17%", "2010-03-31": "80.64%", "2009-12-31": "79.89%", "2009-09-30": "70.32%", "2009-06-30": "28.48%", "2009-03-31": "17.62%", "2008-12-31": "20.86%", "2008-09-30": "25.48%", "2008-06-30": "57.69%", "2008-03-31": "57.69%", "2007-12-31": "55.88%", "2007-09-30": "58.13%", "2007-06-30": "63.67%", "2007-03-31": "59.65%", "2006-12-31": "60.46%", "2006-09-30": "30.20%", "2006-06-30": "-5.56%", "2006-03-31": "-3.23%", "2005-12-31": "-13.10%"}, "operating margin": {"2020-12-31": "19.26%", "2020-09-30": "17.43%", "2020-06-30": "19.50%", "2020-03-31": "14.52%", "2019-12-31": "23.04%", "2019-09-30": "21.90%", "2019-06-30": "22.84%", "2019-03-31": "21.67%", "2018-12-31": "12.63%", "2018-09-30": "21.70%", "2018-06-30": "-16.51%", "2018-03-31": "-18.15%", "2017-12-31": "-15.59%", "2017-09-30": "-14.59%", "2017-06-30": "35.06%", "2017-03-31": "33.30%", "2016-12-31": "36.54%", "2016-09-30": "38.91%", "2016-06-30": "36.13%", "2016-03-31": "32.38%", "2015-12-31": "32.74%", "2015-09-30": "40.01%", "2015-06-30": "42.42%", "2015-03-31": "50.23%", "2014-12-31": "54.52%", "2014-09-30": "59.14%", "2014-06-30": "63.32%", "2014-03-31": "58.66%", "2013-12-31": "61.01%", "2013-09-30": "43.96%", "2013-06-30": "44.10%", "2013-03-31": "52.07%", "2012-12-31": "53.86%", "2012-09-30": "65.40%", "2012-06-30": "59.65%", "2012-03-31": "50.41%", "2011-12-31": "-2.36%", "2011-09-30": "-5.40%", "2011-06-30": "8.72%", "2011-03-31": "23.52%", "2010-12-31": "64.71%", "2010-09-30": "68.75%", "2010-06-30": "71.83%", "2010-03-31": "67.63%", "2009-12-31": "66.79%", "2009-09-30": "56.61%", "2009-06-30": "13.93%", "2009-03-31": "2.53%", "2008-12-31": "6.82%", "2008-09-30": "12.59%", "2008-06-30": "45.63%", "2008-03-31": "46.77%", "2007-12-31": "45.56%", "2007-09-30": "48.62%", "2007-06-30": "54.29%", "2007-03-31": "50.00%", "2006-12-31": "51.11%", "2006-09-30": "20.39%", "2006-06-30": "-16.14%", "2006-03-31": "-13.97%", "2005-12-31": "-24.40%"}, "ebitda margin": {"2020-09-30": "17.87%", "2020-06-30": "19.63%", "2020-03-31": "14.57%", "2019-12-31": "23.02%", "2019-09-30": "21.79%", "2019-06-30": "23.15%", "2019-03-31": "22.89%", "2018-12-31": "14.89%", "2018-09-30": "26.21%", "2018-06-30": "-12.01%", "2018-03-31": "-14.10%", "2017-12-31": "-12.02%", "2017-09-30": "-10.98%", "2017-06-30": "39.06%", "2017-03-31": "37.24%", "2016-12-31": "40.65%", "2016-09-30": "43.20%", "2016-06-30": "39.68%", "2016-03-31": "36.43%", "2015-12-31": "36.37%", "2015-09-30": "43.58%", "2015-06-30": "47.47%", "2015-03-31": "55.08%", "2014-12-31": "59.68%", "2014-09-30": "63.30%", "2014-06-30": "67.19%", "2014-03-31": "63.19%", "2013-12-31": "66.01%", "2013-09-30": "49.63%", "2013-06-30": "49.93%", "2013-03-31": "57.86%", "2012-12-31": "59.62%", "2012-09-30": "71.72%", "2012-06-30": "66.32%", "2012-03-31": "56.44%", "2011-12-31": "3.24%", "2011-09-30": "1.02%", "2011-06-30": "14.70%", "2011-03-31": "29.93%", "2010-12-31": "71.41%", "2010-09-30": "73.78%", "2010-06-30": "75.72%", "2010-03-31": "70.02%", "2009-12-31": "68.39%", "2009-09-30": "57.59%", "2009-06-30": "14.86%", "2009-03-31": "4.05%", "2008-12-31": "8.20%", "2008-09-30": "13.69%", "2008-06-30": "46.51%", "2008-03-31": "47.22%", "2007-12-31": "46.34%", "2007-09-30": "49.70%", "2007-06-30": "55.46%", "2007-03-31": "51.42%", "2006-12-31": "52.58%", "2006-09-30": "22.06%", "2006-06-30": "-14.16%", "2006-03-31": "-11.84%", "2005-12-31": "-22.10%"}, "pre tax profit margin": {"2020-12-31": "19.26%", "2020-09-30": "17.43%", "2020-06-30": "19.50%", "2020-03-31": "14.52%", "2019-12-31": "23.04%", "2019-09-30": "21.90%", "2019-06-30": "22.84%", "2019-03-31": "21.67%", "2018-12-31": "12.63%", "2018-09-30": "21.70%", "2018-06-30": "-16.51%", "2018-03-31": "-18.15%", "2017-12-31": "-15.59%", "2017-09-30": "-14.59%", "2017-06-30": "35.06%", "2017-03-31": "33.30%", "2016-12-31": "36.54%", "2016-09-30": "38.91%", "2016-06-30": "36.13%", "2016-03-31": "32.38%", "2015-12-31": "32.74%", "2015-09-30": "40.01%", "2015-06-30": "42.42%", "2015-03-31": "50.23%", "2014-12-31": "54.52%", "2014-09-30": "59.14%", "2014-06-30": "63.32%", "2014-03-31": "58.66%", "2013-12-31": "61.01%", "2013-09-30": "43.96%", "2013-06-30": "44.10%", "2013-03-31": "52.07%", "2012-12-31": "53.86%", "2012-09-30": "65.40%", "2012-06-30": "59.65%", "2012-03-31": "50.41%", "2011-12-31": "-2.36%", "2011-09-30": "-5.40%", "2011-06-30": "8.72%", "2011-03-31": "23.52%", "2010-12-31": "64.71%", "2010-09-30": "68.75%", "2010-06-30": "71.83%", "2010-03-31": "67.63%", "2009-12-31": "66.79%", "2009-09-30": "56.61%", "2009-06-30": "13.93%", "2009-03-31": "2.53%", "2008-12-31": "6.82%", "2008-09-30": "20.64%", "2008-06-30": "50.10%", "2008-03-31": "48.58%", "2007-12-31": "45.50%", "2007-09-30": "40.57%", "2007-06-30": "45.92%", "2007-03-31": "42.60%", "2006-12-31": "43.35%", "2006-09-30": "20.77%", "2006-06-30": "-8.48%", "2006-03-31": "-6.47%", "2005-12-31": "-14.92%"}, "net profit margin": {"2020-12-31": "13.98%", "2020-09-30": "11.60%", "2020-06-30": "12.07%", "2020-03-31": "8.16%", "2019-12-31": "16.73%", "2019-09-30": "16.03%", "2019-06-30": "18.00%", "2019-03-31": "16.60%", "2018-12-31": "9.40%", "2018-09-30": "13.83%", "2018-06-30": "-12.75%", "2018-03-31": "-13.66%", "2017-12-31": "-11.64%", "2017-09-30": "-9.05%", "2017-06-30": "26.72%", "2017-03-31": "25.07%", "2016-12-31": "27.50%", "2016-09-30": "28.57%", "2016-06-30": "25.75%", "2016-03-31": "23.15%", "2015-12-31": "26.67%", "2015-09-30": "32.81%", "2015-06-30": "34.43%", "2015-03-31": "39.98%", "2014-12-31": "40.00%", "2014-09-30": "44.50%", "2014-06-30": "48.30%", "2014-03-31": "44.36%", "2013-12-31": "47.54%", "2013-09-30": "32.64%", "2013-06-30": "32.54%", "2013-03-31": "39.21%", "2012-12-31": "39.12%", "2012-09-30": "45.12%", "2012-06-30": "40.53%", "2012-03-31": "31.14%", "2011-12-31": "-8.23%", "2011-09-30": "-4.75%", "2011-06-30": "8.16%", "2011-03-31": "22.33%", "2010-12-31": "55.96%", "2010-09-30": "58.45%", "2010-06-30": "59.87%", "2010-03-31": "56.00%", "2009-12-31": "52.68%", "2009-09-30": "39.24%", "2009-06-30": "5.93%", "2009-03-31": "-4.55%", "2008-12-31": "-1.14%", "2008-09-30": "7.03%", "2008-06-30": "30.98%", "2008-03-31": "32.69%", "2007-12-31": "33.73%", "2007-09-30": "38.25%", "2007-06-30": "43.75%", "2007-03-31": "40.56%", "2006-12-31": "41.34%", "2006-09-30": "18.88%", "2006-06-30": "-10.36%", "2006-03-31": "-8.43%", "2005-12-31": "-16.97%"}, "pe ratio": {"current": "270.08", "2021-02-05": "13.64", "2020-12-31": "14.20", "2020-09-30": "13.60", "2020-06-30": "13.80", "2020-03-31": "18.41", "2019-12-31": "11.87", "2019-09-30": "14.17", "2019-06-30": "13.03", "2019-03-31": "14.25", "2018-12-31": "26.74", "2018-09-30": "18.92", "2018-06-30": "0.00", "2018-03-31": "0.00", "2017-12-31": "0.00", "2017-09-30": "0.00", "2017-06-30": "11.48", "2017-03-31": "13.05", "2016-12-31": "11.51", "2016-09-30": "9.79", "2016-06-30": "11.37", "2016-03-31": "13.84", "2015-12-31": "11.40", "2015-09-30": "8.57", "2015-06-30": "8.14", "2015-03-31": "7.15", "2014-12-31": "7.27", "2014-09-30": "6.60", "2014-06-30": "6.06", "2014-03-31": "6.43", "2013-12-31": "6.10", "2013-09-30": "8.67", "2013-06-30": "8.57", "2013-03-31": "7.37", "2012-12-31": "6.69", "2012-09-30": "5.95", "2012-06-30": "7.60", "2012-03-31": "10.01", "2011-12-31": "0.00", "2011-09-30": "0.00", "2011-06-30": "36.26", "2011-03-31": "12.40", "2010-12-31": "4.52", "2010-09-30": "3.87", "2010-06-30": "3.51", "2010-03-31": "3.39", "2009-12-31": "3.45", "2009-09-30": "5.21", "2009-06-30": "33.82", "2009-03-31": "0.00", "2008-12-31": "0.00", "2008-09-30": "35.16", "2008-06-30": "5.53", "2008-03-31": "6.04", "2007-12-31": "6.47", "2007-09-30": "5.64", "2007-06-30": "4.56", "2007-03-31": "3.93", "2006-12-31": "4.74"}, "price sales": {"2021-02-05": "1.46", "2020-12-31": "1.51", "2020-09-30": "1.58", "2020-06-30": "1.63", "2020-03-31": "1.50", "2019-12-31": "2.00", "2019-09-30": "2.24", "2019-06-30": "2.28", "2019-03-31": "2.32", "2018-12-31": "2.51", "2018-09-30": "2.58", "2018-06-30": "2.31", "2018-03-31": "2.62", "2017-12-31": "2.33", "2017-09-30": "2.69", "2017-06-30": "3.09", "2017-03-31": "3.29", "2016-12-31": "3.18", "2016-09-30": "2.79", "2016-06-30": "2.92", "2016-03-31": "3.21", "2015-12-31": "3.10", "2015-09-30": "2.96", "2015-06-30": "2.92", "2015-03-31": "2.91", "2014-12-31": "2.95", "2014-09-30": "2.91", "2014-06-30": "2.92", "2014-03-31": "2.87", "2013-12-31": "2.91", "2013-09-30": "2.86", "2013-06-30": "2.82", "2013-03-31": "2.94", "2012-12-31": "2.63", "2012-09-30": "2.72", "2012-06-30": "3.11", "2012-03-31": "3.17", "2011-12-31": "3.03", "2011-09-30": "2.80", "2011-06-30": "2.69", "2011-03-31": "2.65", "2010-12-31": "2.61", "2010-09-30": "2.30", "2010-06-30": "2.14", "2010-03-31": "1.92", "2009-12-31": "1.83", "2009-09-30": "2.07", "2009-06-30": "1.92", "2009-03-31": "2.25", "2008-12-31": "2.31", "2008-09-30": "2.15", "2008-06-30": "1.77", "2008-03-31": "2.02", "2007-12-31": "2.21", "2007-09-30": "2.16", "2007-06-30": "2.00", "2007-03-31": "1.59", "2006-12-31": "1.96"}, "price book": {"current": "1.15", "2021-02-05": "1.10", "2020-09-30": "1.16", "2020-06-30": "1.18", "2020-03-31": "1.15", "2019-12-31": "1.44", "2019-09-30": "1.42", "2019-06-30": "1.31", "2019-03-31": "1.13", "2018-12-31": "1.10", "2018-09-30": "1.08", "2018-06-30": "0.98", "2018-03-31": "1.23", "2017-12-31": "1.11", "2017-09-30": "1.19", "2017-06-30": "1.10", "2017-03-31": "1.17", "2016-12-31": "1.11", "2016-09-30": "0.99", "2016-06-30": "0.99", "2016-03-31": "1.04", "2015-12-31": "1.00", "2015-09-30": "0.95", "2015-06-30": "0.92", "2015-03-31": "0.91", "2014-12-31": "0.91", "2014-09-30": "0.98", "2014-06-30": "1.06", "2014-03-31": "0.99", "2013-12-31": "1.02", "2013-09-30": "1.01", "2013-06-30": "1.00", "2013-03-31": "1.06", "2012-12-31": "0.97", "2012-09-30": "0.89", "2012-06-30": "0.92", "2012-03-31": "0.94", "2011-12-31": "0.97", "2011-09-30": "0.84", "2011-06-30": "0.93", "2011-03-31": "0.92", "2010-12-31": "0.78", "2010-09-30": "0.74", "2010-06-30": "0.73", "2010-03-31": "0.77", "2009-12-31": "0.75", "2009-09-30": "0.80", "2009-06-30": "0.74", "2009-03-31": "0.86", "2008-12-31": "0.90", "2008-09-30": "0.90", "2008-06-30": "0.69", "2008-03-31": "0.84", "2007-12-31": "1.01", "2007-09-30": "1.11", "2007-06-30": "1.09", "2007-03-31": "0.92", "2006-12-31": "1.10", "2006-09-30": "1.19", "2006-06-30": "1.14", "2006-03-31": "1.07"}, "price fcf": {"2021-02-05": "", "2020-09-30": "$47.00", "2020-06-30": "$50.53", "2020-03-31": "$51.49", "2019-12-31": "$49.50", "2019-09-30": "$37.36", "2019-06-30": "$39.94", "2019-03-31": "$40.63", "2018-12-31": "$30.73", "2018-09-30": "$32.96", "2018-06-30": "$26.52", "2018-03-31": "$19.85", "2017-12-31": "$25.74", "2017-09-30": "$17.52", "2017-06-30": "$16.70", "2017-03-31": "$16.65", "2016-12-31": "$11.66", "2016-09-30": "$15.49", "2016-06-30": "$13.40", "2016-03-31": "$12.69", "2015-12-31": "$9.76", "2015-09-30": "$10.16", "2015-06-30": "$11.59", "2015-03-31": "$12.45", "2014-12-31": "$16.53", "2014-09-30": "$19.27", "2014-06-30": "$18.33", "2014-03-31": "$16.24", "2013-12-31": "$18.03", "2013-09-30": "$12.29", "2013-06-30": "$12.49", "2013-03-31": "$14.00", "2012-12-31": "$14.45", "2012-09-30": "$10.36", "2012-06-30": "$8.62", "2012-03-31": "$6.75", "2011-12-31": "$3.27", "2011-09-30": "$3.51", "2011-06-30": "$4.35", "2011-03-31": "$4.85", "2010-12-31": "$8.89", "2010-09-30": "$11.45", "2010-06-30": "$11.31", "2010-03-31": "$11.20", "2009-12-31": "$9.63", "2009-09-30": "$7.30", "2009-06-30": "$6.48", "2009-03-31": "$7.11", "2008-12-31": "$8.91", "2008-09-30": "$11.29", "2008-06-30": "$12.19", "2008-03-31": "$13.07", "2007-12-31": "$11.01", "2007-09-30": "$12.22", "2007-06-30": "$10.67", "2007-03-31": "$11.33", "2006-12-31": "$11.28"}, "net worth": {"value": "$8.1B"}, "current ratio": {"2020-12-31": "0.54", "2020-09-30": "0.55", "2020-06-30": "0.55", "2020-03-31": "0.50", "2019-12-31": "0.52", "2019-09-30": "0.51", "2019-06-30": "0.54", "2019-03-31": "0.56", "2018-12-31": "0.61", "2018-09-30": "0.52", "2018-06-30": "0.60", "2018-03-31": "0.56", "2017-12-31": "0.65", "2017-09-30": "0.57", "2017-06-30": "0.58", "2017-03-31": "0.55", "2016-12-31": "0.47", "2016-09-30": "0.52", "2016-06-30": "0.54", "2016-03-31": "0.50", "2015-12-31": "0.45", "2015-09-30": "0.48", "2015-06-30": "0.45", "2015-03-31": "0.44", "2014-12-31": "0.50", "2014-09-30": "0.49", "2014-06-30": "0.51", "2014-03-31": "0.50", "2013-12-31": "0.48", "2013-09-30": "0.56", "2013-06-30": "0.63", "2013-03-31": "0.53", "2012-12-31": "0.48", "2012-09-30": "0.59", "2012-06-30": "0.64", "2012-03-31": "0.58", "2011-12-31": "0.49", "2011-09-30": "0.49", "2011-06-30": "0.59", "2011-03-31": "0.50", "2010-12-31": "0.46", "2010-09-30": "0.60", "2010-06-30": "0.62", "2010-03-31": "0.47", "2009-12-31": "0.34", "2009-09-30": "0.59", "2009-06-30": "0.61", "2009-03-31": "0.50", "2008-12-31": "0.49", "2008-09-30": "0.56", "2008-06-30": "0.54", "2008-03-31": "0.50", "2007-12-31": "0.43", "2007-09-30": "0.49", "2007-06-30": "0.52", "2007-03-31": "0.41", "2006-12-31": "0.37", "2006-09-30": "0.43", "2006-06-30": "0.45", "2006-03-31": "0.42", "2005-12-31": "0.37", "2005-09-30": "0.38", "2005-06-30": "0.42", "2005-03-31": "0.38"}, "quick ratio": {"2020-12-31": "0.00", "2020-09-30": "0.00", "2020-06-30": "0.00", "2020-03-31": "0.00", "2019-12-31": "0.00", "2019-09-30": "0.00", "2019-06-30": "0.00", "2019-03-31": "0.00", "2018-12-31": "0.00", "2018-09-30": "0.00", "2018-06-30": "0.00", "2018-03-31": "0.00", "2017-12-31": "0.00", "2017-09-30": "0.00", "2017-06-30": "0.00", "2017-03-31": "0.00", "2016-12-31": "0.00", "2016-09-30": "0.00", "2016-06-30": "0.00", "2016-03-31": "0.00", "2015-12-31": "0.00", "2015-09-30": "0.00", "2015-06-30": "0.00", "2015-03-31": "0.00", "2014-12-31": "0.00", "2014-09-30": "0.00", "2014-06-30": "0.00", "2014-03-31": "0.00", "2013-12-31": "0.00", "2013-09-30": "0.00", "2013-06-30": "0.00", "2013-03-31": "0.00", "2012-12-31": "0.00", "2012-09-30": "0.00", "2012-06-30": "0.00", "2012-03-31": "0.00", "2011-12-31": "0.00", "2011-09-30": "0.00", "2011-06-30": "0.00", "2011-03-31": "0.00", "2010-12-31": "0.00", "2010-09-30": "0.00", "2010-06-30": "0.00", "2010-03-31": "0.00", "2009-12-31": "0.00", "2009-09-30": "0.00", "2009-06-30": "0.00", "2009-03-31": "0.00", "2008-12-31": "0.00", "2008-09-30": "0.00", "2008-06-30": "0.00", "2008-03-31": "0.00", "2007-12-31": "0.00", "2007-09-30": "0.00", "2007-06-30": "0.00", "2007-03-31": "0.00", "2006-12-31": "0.00", "2006-09-30": "0.00", "2006-06-30": "0.00", "2006-03-31": "0.00", "2005-12-31": "0.00", "2005-09-30": "0.00", "2005-06-30": "0.00", "2005-03-31": "0.00"}, "debt equity ratio": {"current": "0.16", "2020-12-31": "3.08", "2020-09-30": "3.19", "2020-06-30": "3.15", "2020-03-31": "3.83", "2019-12-31": "3.41", "2019-09-30": "3.31", "2019-06-30": "3.41", "2019-03-31": "3.42", "2018-12-31": "2.70", "2018-09-30": "2.50", "2018-06-30": "2.50", "2018-03-31": "2.59", "2017-12-31": "2.47", "2017-09-30": "2.42", "2017-06-30": "1.77", "2017-03-31": "1.74", "2016-12-31": "1.54", "2016-09-30": "1.63", "2016-06-30": "1.67", "2016-03-31": "1.55", "2015-12-31": "1.44", "2015-09-30": "1.54", "2015-06-30": "1.49", "2015-03-31": "1.36", "2014-12-31": "1.12", "2014-09-30": "1.24", "2014-06-30": "1.22", "2014-03-31": "1.17", "2013-12-31": "1.10", "2013-09-30": "1.25", "2013-06-30": "1.37", "2013-03-31": "1.27", "2012-12-31": "1.26", "2012-09-30": "1.29", "2012-06-30": "1.33", "2012-03-31": "1.20", "2011-12-31": "1.15", "2011-09-30": "1.29", "2011-06-30": "1.32", "2011-03-31": "1.29", "2010-12-31": "1.07", "2010-09-30": "1.17", "2010-06-30": "1.27", "2010-03-31": "1.09", "2009-12-31": "1.06", "2009-09-30": "1.30", "2009-06-30": "1.59", "2009-03-31": "1.58", "2008-12-31": "1.63", "2008-09-30": "1.82", "2008-06-30": "1.54", "2008-03-31": "1.41", "2007-12-31": "1.38", "2007-09-30": "1.49", "2007-06-30": "1.47", "2007-03-31": "1.36", "2006-12-31": "1.37", "2006-09-30": "1.70", "2006-06-30": "2.05", "2006-03-31": "1.96", "2005-12-31": "2.05", "2005-09-30": "1.73", "2005-06-30": "1.24", "2005-03-31": "1.30"}, "return on equity": {"2020-12-31": "10.34%", "2020-09-30": "8.58%", "2020-06-30": "8.90%", "2020-03-31": "5.95%", "2019-12-31": "12.02%", "2019-09-30": "10.40%", "2019-06-30": "10.84%", "2019-03-31": "8.04%", "2018-12-31": "4.06%", "2018-09-30": "6.01%", "2018-06-30": "-5.70%", "2018-03-31": "-6.16%", "2017-12-31": "-5.27%", "2017-09-30": "-3.73%", "2017-06-30": "9.73%", "2017-03-31": "9.13%", "2016-12-31": "9.93%", "2016-09-30": "10.52%", "2016-06-30": "9.08%", "2016-03-31": "7.69%", "2015-12-31": "8.48%", "2015-09-30": "10.52%", "2015-06-30": "10.92%", "2015-03-31": "12.80%", "2014-12-31": "13.26%", "2014-09-30": "15.72%", "2014-06-30": "18.69%", "2014-03-31": "16.51%", "2013-12-31": "17.78%", "2013-09-30": "12.20%", "2013-06-30": "12.04%", "2013-03-31": "14.87%", "2012-12-31": "14.86%", "2012-09-30": "15.69%", "2012-06-30": "12.48%", "2012-03-31": "9.56%", "2011-12-31": "-2.65%", "2011-09-30": "-1.41%", "2011-06-30": "2.71%", "2011-03-31": "7.43%", "2010-12-31": "17.70%", "2010-09-30": "20.23%", "2010-06-30": "21.97%", "2010-03-31": "24.15%", "2009-12-31": "23.43%", "2009-09-30": "16.81%", "2009-06-30": "2.44%", "2009-03-31": "-1.72%", "2008-12-31": "-0.44%", "2008-09-30": "2.89%", "2008-06-30": "13.29%", "2008-03-31": "14.62%", "2007-12-31": "16.33%", "2007-09-30": "20.88%", "2007-06-30": "25.73%", "2007-03-31": "25.94%", "2006-12-31": "27.59%", "2006-09-30": "13.99%", "2006-06-30": "-7.75%", "2006-03-31": "-5.85%", "2005-12-31": "-11.01%"}, "return on assets": {"2020-12-31": "2.41%", "2020-09-30": "1.96%", "2020-06-30": "2.02%", "2020-03-31": "1.33%", "2019-12-31": "2.74%", "2019-09-30": "2.46%", "2019-06-30": "2.68%", "2019-03-31": "2.11%", "2018-12-31": "1.14%", "2018-09-30": "1.71%", "2018-06-30": "-1.63%", "2018-03-31": "-1.87%", "2017-12-31": "-1.71%", "2017-09-30": "-1.31%", "2017-06-30": "3.64%", "2017-03-31": "3.45%", "2016-12-31": "3.82%", "2016-09-30": "4.09%", "2016-06-30": "3.56%", "2016-03-31": "3.07%", "2015-12-31": "3.45%", "2015-09-30": "4.40%", "2015-06-30": "4.71%", "2015-03-31": "5.71%", "2014-12-31": "6.06%", "2014-09-30": "7.21%", "2014-06-30": "8.56%", "2014-03-31": "7.44%", "2013-12-31": "7.93%", "2013-09-30": "5.33%", "2013-06-30": "5.24%", "2013-03-31": "6.50%", "2012-12-31": "6.55%", "2012-09-30": "6.99%", "2012-06-30": "5.57%", "2012-03-31": "4.27%", "2011-12-31": "-1.17%", "2011-09-30": "-0.63%", "2011-06-30": "1.23%", "2011-03-31": "3.38%", "2010-12-31": "8.24%", "2010-09-30": "9.41%", "2010-06-30": "10.08%", "2010-03-31": "10.73%", "2009-12-31": "9.90%", "2009-09-30": "6.68%", "2009-06-30": "0.92%", "2009-03-31": "-0.65%", "2008-12-31": "-0.17%", "2008-09-30": "1.14%", "2008-06-30": "5.41%", "2008-03-31": "5.99%", "2007-12-31": "6.73%", "2007-09-30": "8.61%", "2007-06-30": "10.44%", "2007-03-31": "10.03%", "2006-12-31": "10.08%", "2006-09-30": "4.78%", "2006-06-30": "-2.63%", "2006-03-31": "-2.15%", "2005-12-31": "-4.31%"}, "return on investments": {"2020-12-31": "12.25%", "2020-09-30": "10.92%", "2020-06-30": "11.96%", "2020-03-31": "8.65%", "2019-12-31": "13.48%", "2019-09-30": "11.64%", "2019-06-30": "11.34%", "2019-03-31": "8.72%", "2018-12-31": "4.52%", "2018-09-30": "7.77%", "2018-06-30": "-6.06%", "2018-03-31": "-6.72%", "2017-12-31": "-5.82%", "2017-09-30": "-5.00%", "2017-06-30": "10.67%", "2017-03-31": "10.12%", "2016-12-31": "11.00%", "2016-09-30": "11.93%", "2016-06-30": "10.59%", "2016-03-31": "8.95%", "2015-12-31": "8.71%", "2015-09-30": "11.00%", "2015-06-30": "11.87%", "2015-03-31": "14.66%", "2014-12-31": "16.97%", "2014-09-30": "19.61%", "2014-06-30": "22.99%", "2014-03-31": "20.46%", "2013-12-31": "21.37%", "2013-09-30": "15.26%", "2013-06-30": "15.06%", "2013-03-31": "18.13%", "2012-12-31": "18.70%", "2012-09-30": "20.78%", "2012-06-30": "16.78%", "2012-03-31": "14.11%", "2011-12-31": "-0.68%", "2011-09-30": "-1.42%", "2011-06-30": "2.55%", "2011-03-31": "6.83%", "2010-12-31": "17.92%", "2010-09-30": "21.12%", "2010-06-30": "23.49%", "2010-03-31": "26.08%", "2009-12-31": "26.59%", "2009-09-30": "21.36%", "2009-06-30": "5.03%", "2009-03-31": "0.84%", "2008-12-31": "2.30%", "2008-09-30": "4.56%", "2008-06-30": "17.30%", "2008-03-31": "18.51%", "2007-12-31": "19.51%", "2007-09-30": "23.43%", "2007-06-30": "28.08%", "2007-03-31": "27.79%", "2006-12-31": "29.23%", "2006-09-30": "12.70%", "2006-06-30": "-10.16%", "2006-03-31": "-8.28%", "2005-12-31": "-13.75%"}, "return on tangible equity": {"2020-09-30": "8.93%", "2020-06-30": "9.29%", "2020-03-31": "6.23%", "2019-12-31": "12.59%", "2019-09-30": "10.90%", "2019-06-30": "11.38%", "2019-03-31": "8.45%", "2018-12-31": "4.27%", "2018-09-30": "6.34%", "2018-06-30": "-6.03%", "2018-03-31": "-6.51%", "2017-12-31": "-5.56%", "2017-09-30": "-3.93%", "2017-06-30": "10.25%", "2017-03-31": "9.63%", "2016-12-31": "10.49%", "2016-09-30": "11.13%", "2016-06-30": "9.62%", "2016-03-31": "8.15%", "2015-12-31": "9.00%", "2015-09-30": "11.02%", "2015-06-30": "11.29%", "2015-03-31": "13.04%", "2014-12-31": "13.29%", "2014-09-30": "15.76%", "2014-06-30": "18.73%", "2014-03-31": "16.54%", "2013-12-31": "17.82%", "2013-09-30": "12.23%", "2013-06-30": "12.07%", "2013-03-31": "14.91%", "2012-12-31": "14.89%", "2012-09-30": "15.72%", "2012-06-30": "12.52%", "2012-03-31": "9.59%", "2011-12-31": "-2.66%", "2011-09-30": "-1.41%", "2011-06-30": "2.73%", "2011-03-31": "7.51%", "2010-12-31": "17.98%", "2010-09-30": "20.55%", "2010-06-30": "22.32%", "2010-03-31": "24.54%", "2009-12-31": "23.81%", "2009-09-30": "17.18%", "2009-06-30": "2.50%", "2009-03-31": "-1.76%", "2008-12-31": "-0.44%", "2008-09-30": "2.93%", "2008-06-30": "13.36%", "2008-03-31": "14.63%", "2007-12-31": "16.34%", "2007-09-30": "20.88%", "2007-06-30": "25.73%", "2007-03-31": "25.94%", "2006-12-31": "27.59%", "2006-09-30": "13.99%", "2006-06-30": "-7.75%", "2006-03-31": "-5.85%", "2005-12-31": "-11.01%"}, "dividend yield history": {"last payout": "$1.40", "last yield": "0.88%"}}