{"ticker": "RSG", "price": {"title": "Republic Services Historical Annual Stock Price Data", "value": 90.93, "historical": {"2021": {"Average Stock Price": "93.5446", "Year Open": "93.5400", "Year High": "96.9700", "Year Low": "90.4000", "Year Close": "90.9300", "Annual % Change": "-5.58%"}, "2020": {"Average Stock Price": "88.9277", "Year Open": "89.8300", "Year High": "102.5700", "Year Low": "66.2600", "Year Close": "96.3000", "Annual % Change": "7.44%"}, "2019": {"Average Stock Price": "84.0002", "Year Open": "71.5300", "Year High": "90.3500", "Year Low": "71.3600", "Year Close": "89.6300", "Annual % Change": "24.33%"}, "2018": {"Average Stock Price": "70.0127", "Year Open": "66.5800", "Year High": "77.3500", "Year Low": "61.9600", "Year Close": "72.0900", "Annual % Change": "6.63%"}, "2017": {"Average Stock Price": "63.1660", "Year Open": "56.8700", "Year High": "67.6100", "Year Low": "56.4200", "Year Close": "67.6100", "Annual % Change": "18.51%"}, "2016": {"Average Stock Price": "49.5886", "Year Open": "43.1400", "Year High": "57.5000", "Year Low": "42.2000", "Year Close": "57.0500", "Annual % Change": "29.69%"}, "2015": {"Average Stock Price": "41.4567", "Year Open": "40.5700", "Year High": "45.2500", "Year Low": "39.0400", "Year Close": "43.9900", "Annual % Change": "9.29%"}, "2014": {"Average Stock Price": "36.6174", "Year Open": "32.9600", "Year High": "40.8900", "Year Low": "31.5300", "Year Close": "40.2500", "Annual % Change": "21.23%"}, "2013": {"Average Stock Price": "33.2538", "Year Open": "29.5300", "Year High": "35.4400", "Year Low": "29.5300", "Year Close": "33.2000", "Annual % Change": "13.19%"}, "2012": {"Average Stock Price": "28.2429", "Year Open": "27.5500", "Year High": "31.1400", "Year Low": "25.3900", "Year Close": "29.3300", "Annual % Change": "6.46%"}, "2011": {"Average Stock Price": "29.3022", "Year Open": "30.0500", "Year High": "32.9400", "Year Low": "24.7600", "Year Close": "27.5500", "Annual % Change": "-7.74%"}, "2010": {"Average Stock Price": "29.6260", "Year Open": "28.6800", "Year High": "32.6500", "Year Low": "25.6200", "Year Close": "29.8600", "Annual % Change": "5.48%"}, "2009": {"Average Stock Price": "24.2922", "Year Open": "25.0700", "Year High": "29.5700", "Year Low": "15.8500", "Year Close": "28.3100", "Annual % Change": "14.20%"}, "2008": {"Average Stock Price": "29.3292", "Year Open": "30.6400", "Year High": "35.0500", "Year Low": "18.4300", "Year Close": "24.7900", "Annual % Change": "-20.93%"}, "2007": {"Average Stock Price": "30.3842", "Year Open": "27.3333", "Year High": "34.8500", "Year Low": "26.6067", "Year Close": "31.3500", "Annual % Change": "15.63%"}, "2006": {"Average Stock Price": "26.9769", "Year Open": "25.5000", "Year High": "29.3400", "Year Low": "24.6467", "Year Close": "27.1133", "Annual % Change": "8.31%"}, "2005": {"Average Stock Price": "23.1959", "Year Open": "22.1467", "Year High": "25.3867", "Year Low": "20.2333", "Year Close": "25.0333", "Annual % Change": "11.96%"}, "2004": {"Average Stock Price": "19.0770", "Year Open": "17.3667", "Year High": "22.6533", "Year Low": "16.5533", "Year Close": "22.3600", "Annual % Change": "30.86%"}, "2003": {"Average Stock Price": "14.9842", "Year Open": "13.9933", "Year High": "17.3000", "Year Low": "12.5000", "Year Close": "17.0867", "Annual % Change": "22.16%"}, "2002": {"Average Stock Price": "13.0393", "Year Open": "13.3267", "Year High": "14.7400", "Year Low": "11.1067", "Year Close": "13.9867", "Annual % Change": "5.06%"}, "2001": {"Average Stock Price": "12.0388", "Year Open": "11.0400", "Year High": "13.8667", "Year Low": "9.1667", "Year Close": "13.3133", "Annual % Change": "16.17%"}, "2000": {"Average Stock Price": "9.2779", "Year Open": "9.4200", "Year High": "11.5000", "Year Low": "6.7067", "Year Close": "11.4600", "Annual % Change": "20.63%"}, "1999": {"Average Stock Price": "11.1548", "Year Open": "12.7933", "Year High": "16.9200", "Year Low": "6.2087", "Year Close": "9.5000", "Annual % Change": "-22.72%"}}}, "market cap": {"value": "$28.98B"}, "income statement": {"Revenue": {"2019-12-31": "10299.40000", "2018-12-31": "10040.90000", "2017-12-31": "10041.50000", "2016-12-31": "9387.70000", "2015-12-31": "9115.00000", "2014-12-31": "8803.30000", "2013-12-31": "8417.20000", "2012-12-31": "8118.30000", "2011-12-31": "8192.90000", "2010-12-31": "8106.60000", "2009-12-31": "8199.10000", "2008-12-31": "3685.10000", "2007-12-31": "3176.20000", "2006-12-31": "3070.60000", "2005-12-31": "2863.90000"}, "Cost Of Goods Sold": {"2019-12-31": "6298.40000", "2018-12-31": "6150.00000", "2017-12-31": "6214.60000", "2016-12-31": "5764.00000", "2015-12-31": "5518.60000", "2014-12-31": "5643.10000", "2013-12-31": "5234.70000", "2012-12-31": "5005.70000", "2011-12-31": "4865.10000", "2010-12-31": "4764.80000", "2009-12-31": "4844.20000", "2008-12-31": "2416.70000", "2007-12-31": "2003.90000", "2006-12-31": "1924.40000", "2005-12-31": "1803.90000"}, "Gross Profit": {"2019-12-31": "4001.00000", "2018-12-31": "3890.90000", "2017-12-31": "3826.90000", "2016-12-31": "3623.70000", "2015-12-31": "3596.40000", "2014-12-31": "3160.20000", "2013-12-31": "3182.50000", "2012-12-31": "3112.60000", "2011-12-31": "3327.80000", "2010-12-31": "3341.80000", "2009-12-31": "3354.89900", "2008-12-31": "1268.40000", "2007-12-31": "1172.30000", "2006-12-31": "1146.20000", "2005-12-31": "1060.00000"}, "Research And Development Expenses": {"2019-12-31": "", "2018-12-31": "", "2017-12-31": "", "2016-12-31": "", "2015-12-31": "", "2014-12-31": "", "2013-12-31": "", "2012-12-31": "", "2011-12-31": "", "2010-12-31": "", "2009-12-31": "", "2008-12-31": "", "2007-12-31": "", "2006-12-31": "", "2005-12-31": ""}, "SG&A Expenses": {"2019-12-31": "1091.90000", "2018-12-31": "1059.50000", "2017-12-31": "1057.40000", "2016-12-31": "969.80000", "2015-12-31": "983.10000", "2014-12-31": "918.90000", "2013-12-31": "853.80000", "2012-12-31": "820.90000", "2011-12-31": "825.40000", "2010-12-31": "858.00000", "2009-12-31": "880.40000", "2008-12-31": "434.70000", "2007-12-31": "313.70000", "2006-12-31": "315.00000", "2005-12-31": "289.50000"}, "Other Operating Income Or Expenses": {"2019-12-31": "14.70000", "2018-12-31": "44.90000", "2017-12-31": "32.70000", "2016-12-31": "-5.50000", "2015-12-31": "-4.50000", "2014-12-31": "-21.50000", "2013-12-31": "-155.80000", "2012-12-31": "-33.10000", "2011-12-31": "-28.10000", "2010-12-31": "-19.10000", "2009-12-31": "137.00000", "2008-12-31": "-89.80000", "2007-12-31": "", "2006-12-31": "", "2005-12-31": ""}, "Operating Expenses": {"2019-12-31": "8512.20000", "2018-12-31": "8305.10000", "2017-12-31": "8373.00000", "2016-12-31": "7850.20000", "2015-12-31": "7556.20000", "2014-12-31": "7570.20000", "2013-12-31": "7206.90000", "2012-12-31": "6797.70000", "2011-12-31": "6640.20000", "2010-12-31": "6567.50000", "2009-12-31": "6609.30000", "2008-12-31": "3401.90000", "2007-12-31": "2640.20000", "2006-12-31": "2551.10000", "2005-12-31": "2386.70000"}, "Operating Income": {"2019-12-31": "1787.20000", "2018-12-31": "1735.80100", "2017-12-31": "1668.50000", "2016-12-31": "1537.50000", "2015-12-31": "1558.80000", "2014-12-31": "1233.10000", "2013-12-31": "1210.30000", "2012-12-31": "1320.60000", "2011-12-31": "1552.70000", "2010-12-31": "1539.10000", "2009-12-31": "1589.79900", "2008-12-31": "283.20020", "2007-12-31": "536.00000", "2006-12-31": "519.50000", "2005-12-31": "477.20000"}, "Total Non-Operating Income/Expense": {"2019-12-31": "-491.40000", "2018-12-31": "-414.90000", "2017-12-31": "-386.40000", "2016-12-31": "-571.60000", "2015-12-31": "-362.90000", "2014-12-31": "-347.80000", "2013-12-31": "-359.10000", "2012-12-31": "-496.70000", "2011-12-31": "-646.40000", "2010-12-31": "-662.10000", "2009-12-31": "-724.80000", "2008-12-31": "-123.90000", "2007-12-31": "-67.90000", "2006-12-31": "-75.80000", "2005-12-31": "-68.00000"}, "Pre-Tax Income": {"2019-12-31": "1295.80000", "2018-12-31": "1320.90000", "2017-12-31": "1282.10000", "2016-12-31": "965.90000", "2015-12-31": "1195.90000", "2014-12-31": "885.30000", "2013-12-31": "851.20000", "2012-12-31": "823.90000", "2011-12-31": "906.30000", "2010-12-31": "877.00000", "2009-12-31": "865.00000", "2008-12-31": "159.30000", "2007-12-31": "468.10000", "2006-12-31": "443.70000", "2005-12-31": "409.20000"}, "Income Taxes": {"2019-12-31": "222.00000", "2018-12-31": "283.30000", "2017-12-31": "3.10000", "2016-12-31": "352.70000", "2015-12-31": "445.50000", "2014-12-31": "337.40000", "2013-12-31": "262.10000", "2012-12-31": "251.80000", "2011-12-31": "317.40000", "2010-12-31": "369.50000", "2009-12-31": "368.50000", "2008-12-31": "85.40000", "2007-12-31": "177.90000", "2006-12-31": "164.10000", "2005-12-31": "155.50000"}, "Income After Taxes": {"2019-12-31": "1073.80000", "2018-12-31": "1037.60000", "2017-12-31": "1279.00000", "2016-12-31": "613.20000", "2015-12-31": "750.40000", "2014-12-31": "547.90000", "2013-12-31": "589.10000", "2012-12-31": "572.10000", "2011-12-31": "588.90000", "2010-12-31": "507.50000", "2009-12-31": "496.50000", "2008-12-31": "73.90000", "2007-12-31": "290.20000", "2006-12-31": "279.60000", "2005-12-31": "253.70000"}, "Other Income": {"2019-12-31": "", "2018-12-31": "", "2017-12-31": "", "2016-12-31": "", "2015-12-31": "", "2014-12-31": "", "2013-12-31": "", "2012-12-31": "", "2011-12-31": "", "2010-12-31": "", "2009-12-31": "", "2008-12-31": "", "2007-12-31": "", "2006-12-31": "", "2005-12-31": ""}, "Income From Continuous Operations": {"2019-12-31": "1073.80000", "2018-12-31": "1037.60000", "2017-12-31": "1279.00000", "2016-12-31": "613.20000", "2015-12-31": "750.40000", "2014-12-31": "547.90000", "2013-12-31": "589.10000", "2012-12-31": "572.10000", "2011-12-31": "588.90000", "2010-12-31": "507.50000", "2009-12-31": "496.50000", "2008-12-31": "73.90000", "2007-12-31": "290.20000", "2006-12-31": "279.60000", "2005-12-31": "253.70000"}, "Income From Discontinued Operations": {"2019-12-31": "", "2018-12-31": "", "2017-12-31": "", "2016-12-31": "", "2015-12-31": "", "2014-12-31": "", "2013-12-31": "", "2012-12-31": "", "2011-12-31": "", "2010-12-31": "", "2009-12-31": "", "2008-12-31": "", "2007-12-31": "", "2006-12-31": "", "2005-12-31": ""}, "Net Income": {"2019-12-31": "1073.30000", "2018-12-31": "1036.90000", "2017-12-31": "1278.40000", "2016-12-31": "612.60000", "2015-12-31": "749.90000", "2014-12-31": "547.60000", "2013-12-31": "588.90000", "2012-12-31": "571.80000", "2011-12-31": "589.20000", "2010-12-31": "506.50000", "2009-12-31": "495.00000", "2008-12-31": "73.80000", "2007-12-31": "290.20000", "2006-12-31": "279.60000", "2005-12-31": "253.70000"}, "EBITDA": {"2019-12-31": "2909.60000", "2018-12-31": "2849.90100", "2017-12-31": "2784.60000", "2016-12-31": "2607.70000", "2015-12-31": "2608.80000", "2014-12-31": "2218.00000", "2013-12-31": "2164.30000", "2012-12-31": "2247.50000", "2011-12-31": "2474.30000", "2010-12-31": "2453.30000", "2009-12-31": "2548.29900", "2008-12-31": "661.20020", "2007-12-31": "858.60000", "2006-12-31": "831.20000", "2005-12-31": "770.50000"}, "EBIT": {"2019-12-31": "1787.20000", "2018-12-31": "1735.80100", "2017-12-31": "1668.50000", "2016-12-31": "1537.50000", "2015-12-31": "1558.80000", "2014-12-31": "1233.10000", "2013-12-31": "1210.30000", "2012-12-31": "1320.60000", "2011-12-31": "1552.70000", "2010-12-31": "1539.10000", "2009-12-31": "1589.79900", "2008-12-31": "283.20020", "2007-12-31": "536.00000", "2006-12-31": "519.50000", "2005-12-31": "477.20000"}, "Basic Shares Outstanding": {"2019-12-31": "321.10000", "2018-12-31": "326.90000", "2017-12-31": "337.10000", "2016-12-31": "343.00000", "2015-12-31": "349.98400", "2014-12-31": "356.67300", "2013-12-31": "362.10000", "2012-12-31": "366.88300", "2011-12-31": "375.96100", "2010-12-31": "382.98500", "2009-12-31": "379.70000", "2008-12-31": "196.70000", "2007-12-31": "190.10000", "2006-12-31": "198.20000", "2005-12-31": "207.00000"}, "Shares Outstanding": {"2019-12-31": "322.00000", "2018-12-31": "328.40000", "2017-12-31": "339.00000", "2016-12-31": "344.40000", "2015-12-31": "351.40000", "2014-12-31": "358.10700", "2013-12-31": "363.42200", "2012-12-31": "368.00000", "2011-12-31": "377.60500", "2010-12-31": "385.11100", "2009-12-31": "381.00000", "2008-12-31": "198.40000", "2007-12-31": "192.00000", "2006-12-31": "200.60000", "2005-12-31": "210.80000"}, "Basic EPS": {"2019-12-31": "3.34000", "2018-12-31": "3.17000", "2017-12-31": "3.79000", "2016-12-31": "1.79000", "2015-12-31": "2.14000", "2014-12-31": "1.54000", "2013-12-31": "1.63000", "2012-12-31": "1.56000", "2011-12-31": "1.57000", "2010-12-31": "1.32000", "2009-12-31": "1.30000", "2008-12-31": "0.38000", "2007-12-31": "1.53000", "2006-12-31": "1.41000", "2005-12-31": "1.23000"}, "EPS - Earnings Per Share": {"2019-12-31": "3.33000", "2018-12-31": "3.16000", "2017-12-31": "3.77000", "2016-12-31": "1.78000", "2015-12-31": "2.13000", "2014-12-31": "1.53000", "2013-12-31": "1.62000", "2012-12-31": "1.55000", "2011-12-31": "1.56000", "2010-12-31": "1.32000", "2009-12-31": "1.30000", "2008-12-31": "0.37000", "2007-12-31": "1.51000", "2006-12-31": "1.39000", "2005-12-31": "1.20000"}}, "income statement, quarterly": {"Revenue": {"2020-09-30": "2572.10000", "2020-06-30": "2454.40000", "2020-03-31": "2553.90000", "2019-12-31": "2576.60000", "2019-09-30": "2646.90000", "2019-06-30": "2605.30000", "2019-03-31": "2470.60000", "2018-12-31": "2529.90000", "2018-09-30": "2565.70000", "2018-06-30": "2517.80000", "2018-03-31": "2427.50000", "2017-12-31": "2560.00000", "2017-09-30": "2562.00000", "2017-06-30": "2526.70000", "2017-03-31": "2392.80000", "2016-12-31": "2379.10000", "2016-09-30": "2409.30000", "2016-06-30": "2350.70000", "2016-03-31": "2248.60000", "2015-12-31": "2290.20000", "2015-09-30": "2344.00000", "2015-06-30": "2311.40000", "2015-03-31": "2169.40000", "2014-12-31": "2229.00000", "2014-09-30": "2267.90000", "2014-06-30": "2229.20000", "2014-03-31": "2077.20000", "2013-12-31": "2141.50000", "2013-09-30": "2165.40000", "2013-06-30": "2111.70000", "2013-03-31": "1998.60000", "2012-12-31": "2028.40000", "2012-09-30": "2046.90000", "2012-06-30": "2060.60000", "2012-03-31": "1982.40000", "2011-12-31": "2025.20000", "2011-09-30": "2116.20000", "2011-06-30": "2086.60000", "2011-03-31": "1964.90000", "2010-12-31": "2020.80100", "2010-09-30": "2061.70000", "2010-06-30": "2066.40000", "2010-03-31": "1957.70000", "2009-12-31": "1999.00000", "2009-09-30": "2073.50000", "2009-06-30": "2066.10000", "2009-03-31": "2060.50000", "2008-12-31": "1244.40000", "2008-09-30": "834.00000", "2008-06-30": "827.50000", "2008-03-31": "779.20000", "2007-12-31": "796.00000", "2007-09-30": "806.20000", "2007-06-30": "808.40000", "2007-03-31": "765.60000", "2006-12-31": "766.20000", "2006-09-30": "787.10000", "2006-06-30": "779.80000", "2006-03-31": "737.50000", "2005-12-31": "738.09990", "2005-09-30": "730.00000", "2005-06-30": "718.60000", "2005-03-31": "677.20000"}, "Cost Of Goods Sold": {"2020-09-30": "1535.40000", "2020-06-30": "1468.10000", "2020-03-31": "1550.10000", "2019-12-31": "1543.90000", "2019-09-30": "1631.40000", "2019-06-30": "1617.00000", "2019-03-31": "1506.10000", "2018-12-31": "1525.60000", "2018-09-30": "1577.40000", "2018-06-30": "1577.20000", "2018-03-31": "1469.80000", "2017-12-31": "1593.00000", "2017-09-30": "1580.10000", "2017-06-30": "1557.40000", "2017-03-31": "1484.10000", "2016-12-31": "1465.20000", "2016-09-30": "1476.70000", "2016-06-30": "1440.70000", "2016-03-31": "1381.40000", "2015-12-31": "1403.70000", "2015-09-30": "1390.20000", "2015-06-30": "1420.40000", "2015-03-31": "1304.30000", "2014-12-31": "1540.40000", "2014-09-30": "1401.10000", "2014-06-30": "1376.90000", "2014-03-31": "1324.70000", "2013-12-31": "1284.00000", "2013-09-30": "1317.60000", "2013-06-30": "1410.00000", "2013-03-31": "1223.10000", "2012-12-31": "1283.50000", "2012-09-30": "1280.50000", "2012-06-30": "1238.50000", "2012-03-31": "1203.20000", "2011-12-31": "1207.60000", "2011-09-30": "1260.00000", "2011-06-30": "1237.80000", "2011-03-31": "1159.70000", "2010-12-31": "1184.80000", "2010-09-30": "1224.90000", "2010-06-30": "1218.30000", "2010-03-31": "1136.80000", "2009-12-31": "1201.10000", "2009-09-30": "1207.50000", "2009-06-30": "1226.90000", "2009-03-31": "1208.70000", "2008-12-31": "863.20000", "2008-09-30": "499.50000", "2008-06-30": "577.50000", "2008-03-31": "476.50000", "2007-12-31": "497.20000", "2007-09-30": "520.40000", "2007-06-30": "497.90000", "2007-03-31": "488.40000", "2006-12-31": "482.30000", "2006-09-30": "493.20000", "2006-06-30": "492.50000", "2006-03-31": "456.40000", "2005-12-31": "471.00000", "2005-09-30": "462.90000", "2005-06-30": "451.30000", "2005-03-31": "418.70000"}, "Gross Profit": {"2020-09-30": "1036.70000", "2020-06-30": "986.29990", "2020-03-31": "1003.80000", "2019-12-31": "1032.70000", "2019-09-30": "1015.50000", "2019-06-30": "988.30000", "2019-03-31": "964.50010", "2018-12-31": "1004.30000", "2018-09-30": "988.29990", "2018-06-30": "940.60010", "2018-03-31": "957.70000", "2017-12-31": "966.99960", "2017-09-30": "981.90000", "2017-06-30": "969.29990", "2017-03-31": "908.70010", "2016-12-31": "913.90030", "2016-09-30": "932.60010", "2016-06-30": "910.00000", "2016-03-31": "867.20010", "2015-12-31": "886.49980", "2015-09-30": "953.80000", "2015-06-30": "890.99990", "2015-03-31": "865.09990", "2014-12-31": "688.60010", "2014-09-30": "866.79990", "2014-06-30": "852.29990", "2014-03-31": "752.50000", "2013-12-31": "857.50040", "2013-09-30": "847.79990", "2013-06-30": "701.70000", "2013-03-31": "775.50000", "2012-12-31": "744.89950", "2012-09-30": "766.40000", "2012-06-30": "822.10010", "2012-03-31": "779.20010", "2011-12-31": "817.60000", "2011-09-30": "856.20000", "2011-06-30": "848.80000", "2011-03-31": "805.20010", "2010-12-31": "836.00070", "2010-09-30": "836.79990", "2010-06-30": "848.09990", "2010-03-31": "820.89990", "2009-12-31": "797.89920", "2009-09-30": "866.00000", "2009-06-30": "839.20010", "2009-03-31": "851.80000", "2008-12-31": "381.20020", "2008-09-30": "334.50000", "2008-06-30": "250.00000", "2008-03-31": "302.70000", "2007-12-31": "298.80000", "2007-09-30": "285.80000", "2007-06-30": "310.50000", "2007-03-31": "277.20000", "2006-12-31": "283.90000", "2006-09-30": "293.90000", "2006-06-30": "287.30000", "2006-03-31": "281.10000", "2005-12-31": "267.09990", "2005-09-30": "267.10000", "2005-06-30": "267.30000", "2005-03-31": "258.50000"}, "Research And Development Expenses": {"2020-09-30": "", "2020-06-30": "", "2020-03-31": "", "2019-12-31": "", "2019-09-30": "", "2019-06-30": "", "2019-03-31": "", "2018-12-31": "", "2018-09-30": "", "2018-06-30": "", "2018-03-31": "", "2017-12-31": "", "2017-09-30": "", "2017-06-30": "", "2017-03-31": "", "2016-12-31": "", "2016-09-30": "", "2016-06-30": "", "2016-03-31": "", "2015-12-31": "", "2015-09-30": "", "2015-06-30": "", "2015-03-31": "", "2014-12-31": "", "2014-09-30": "", "2014-06-30": "", "2014-03-31": "", "2013-12-31": "", "2013-09-30": "", "2013-06-30": "", "2013-03-31": "", "2012-12-31": "", "2012-09-30": "", "2012-06-30": "", "2012-03-31": "", "2011-12-31": "", "2011-09-30": "", "2011-06-30": "", "2011-03-31": "", "2010-12-31": "", "2010-09-30": "", "2010-06-30": "", "2010-03-31": "", "2009-12-31": "", "2009-09-30": "", "2009-06-30": "", "2009-03-31": "", "2008-12-31": "", "2008-09-30": "", "2008-06-30": "", "2008-03-31": "", "2007-12-31": "", "2007-09-30": "", "2007-06-30": "", "2007-03-31": "", "2006-12-31": "", "2006-09-30": "", "2006-06-30": "", "2006-03-31": "", "2005-12-31": "", "2005-09-30": "", "2005-06-30": "", "2005-03-31": ""}, "SG&A Expenses": {"2020-09-30": "256.10000", "2020-06-30": "262.10000", "2020-03-31": "277.10000", "2019-12-31": "285.60000", "2019-09-30": "275.40000", "2019-06-30": "264.50000", "2019-03-31": "266.40000", "2018-12-31": "284.49990", "2018-09-30": "260.90000", "2018-06-30": "252.90000", "2018-03-31": "261.20000", "2017-12-31": "274.30000", "2017-09-30": "266.70000", "2017-06-30": "262.90000", "2017-03-31": "253.50000", "2016-12-31": "249.70000", "2016-09-30": "235.40000", "2016-06-30": "243.50000", "2016-03-31": "241.20000", "2015-12-31": "263.60000", "2015-09-30": "244.10000", "2015-06-30": "236.20000", "2015-03-31": "239.20000", "2014-12-31": "255.10000", "2014-09-30": "229.00000", "2014-06-30": "221.00000", "2014-03-31": "213.80000", "2013-12-31": "209.49990", "2013-09-30": "209.60000", "2013-06-30": "228.20000", "2013-03-31": "206.50000", "2012-12-31": "207.40010", "2012-09-30": "193.80000", "2012-06-30": "197.30000", "2012-03-31": "222.40000", "2011-12-31": "213.90000", "2011-09-30": "207.50000", "2011-06-30": "200.10000", "2011-03-31": "203.90000", "2010-12-31": "227.50000", "2010-09-30": "209.40000", "2010-06-30": "210.80000", "2010-03-31": "210.30000", "2009-12-31": "221.70000", "2009-09-30": "225.40000", "2009-06-30": "215.80000", "2009-03-31": "217.50000", "2008-12-31": "182.70000", "2008-09-30": "85.60000", "2008-06-30": "83.70000", "2008-03-31": "82.70000", "2007-12-31": "82.80000", "2007-09-30": "75.20000", "2007-06-30": "76.30000", "2007-03-31": "79.40000", "2006-12-31": "78.50000", "2006-09-30": "79.60000", "2006-06-30": "75.10000", "2006-03-31": "81.80000", "2005-12-31": "73.10000", "2005-09-30": "71.80000", "2005-06-30": "70.20000", "2005-03-31": "74.40000"}, "Other Operating Income Or Expenses": {"2020-09-30": "-31.50000", "2020-06-30": "-36.90000", "2020-03-31": "-0.40000", "2019-12-31": "-8.80000", "2019-09-30": "24.00000", "2019-06-30": "-0.20000", "2019-03-31": "-0.30000", "2018-12-31": "39.60000", "2018-09-30": "4.60000", "2018-06-30": "", "2018-03-31": "0.70000", "2017-12-31": "6.70000", "2017-09-30": "17.40000", "2017-06-30": "1.40000", "2017-03-31": "7.20000", "2016-12-31": "0.10000", "2016-09-30": "0.00000", "2016-06-30": "0.00000", "2016-03-31": "-5.60000", "2015-12-31": "", "2015-09-30": "", "2015-06-30": "", "2015-03-31": "", "2014-12-31": "-19.70000", "2014-09-30": "-0.30000", "2014-06-30": "-1.50000", "2014-03-31": "", "2013-12-31": "0.00000", "2013-09-30": "-41.60000", "2013-06-30": "-53.10000", "2013-03-31": "-61.10000", "2012-12-31": "-1.90000", "2012-09-30": "-31.50000", "2012-06-30": "-3.20000", "2012-03-31": "3.50000", "2011-12-31": "-3.30000", "2011-09-30": "-5.80000", "2011-06-30": "-19.40000", "2011-03-31": "0.40000", "2010-12-31": "8.00000", "2010-09-30": "-25.50000", "2010-06-30": "-1.10000", "2010-03-31": "-0.50000", "2009-12-31": "-7.30000", "2009-09-30": "-0.90000", "2009-06-30": "150.10000", "2009-03-31": "-4.90000", "2008-12-31": "", "2008-09-30": "", "2008-06-30": "", "2008-03-31": "", "2007-12-31": "", "2007-09-30": "", "2007-06-30": "", "2007-03-31": "", "2006-12-31": "", "2006-09-30": "", "2006-06-30": "", "2006-03-31": "", "2005-12-31": "", "2005-09-30": "", "2005-06-30": "", "2005-03-31": ""}, "Operating Expenses": {"2020-09-30": "2124.20000", "2020-06-30": "2059.20000", "2020-03-31": "2120.90000", "2019-12-31": "2117.40100", "2019-09-30": "2179.10000", "2019-06-30": "2167.90000", "2019-03-31": "2047.80000", "2018-12-31": "2046.80000", "2018-09-30": "2125.40000", "2018-06-30": "2109.60000", "2018-03-31": "2023.30000", "2017-12-31": "2153.20000", "2017-09-30": "2113.90000", "2017-06-30": "2101.20000", "2017-03-31": "2004.70000", "2016-12-31": "1987.10000", "2016-09-30": "1991.40000", "2016-06-30": "1968.60000", "2016-03-31": "1903.10000", "2015-12-31": "1936.30000", "2015-09-30": "1901.10000", "2015-06-30": "1922.20000", "2015-03-31": "1796.60000", "2014-12-31": "2062.70000", "2014-09-30": "1885.50000", "2014-06-30": "1850.90000", "2014-03-31": "1771.10000", "2013-12-31": "1738.90000", "2013-09-30": "1813.10000", "2013-06-30": "1930.50000", "2013-03-31": "1724.40000", "2012-12-31": "1739.60000", "2012-09-30": "1729.00000", "2012-06-30": "1673.60000", "2012-03-31": "1655.50000", "2011-12-31": "1658.40000", "2011-09-30": "1707.70000", "2011-06-30": "1685.40000", "2011-03-31": "1588.70000", "2010-12-31": "1631.40000", "2010-09-30": "1694.10000", "2010-06-30": "1665.60000", "2010-03-31": "1576.40000", "2009-12-31": "1669.80000", "2009-09-30": "1686.60000", "2009-06-30": "1545.40000", "2009-03-31": "1707.50000", "2008-12-31": "1356.00000", "2008-09-30": "667.00000", "2008-06-30": "741.90000", "2008-03-31": "637.00000", "2007-12-31": "656.10000", "2007-09-30": "677.90000", "2007-06-30": "655.30000", "2007-03-31": "650.90000", "2006-12-31": "636.50010", "2006-09-30": "653.70000", "2006-06-30": "645.80000", "2006-03-31": "615.10000", "2005-12-31": "622.69990", "2005-09-30": "610.60000", "2005-06-30": "595.70000", "2005-03-31": "557.70000"}, "Operating Income": {"2020-09-30": "447.89990", "2020-06-30": "395.20000", "2020-03-31": "433.00000", "2019-12-31": "459.19950", "2019-09-30": "467.80000", "2019-06-30": "437.40010", "2019-03-31": "422.80000", "2018-12-31": "483.10060", "2018-09-30": "440.30000", "2018-06-30": "408.20020", "2018-03-31": "404.20000", "2017-12-31": "406.80000", "2017-09-30": "448.10010", "2017-06-30": "425.49980", "2017-03-31": "388.10000", "2016-12-31": "391.99990", "2016-09-30": "417.90010", "2016-06-30": "382.10000", "2016-03-31": "345.50010", "2015-12-31": "353.90000", "2015-09-30": "442.90000", "2015-06-30": "389.20000", "2015-03-31": "372.79990", "2014-12-31": "166.30050", "2014-09-30": "382.39990", "2014-06-30": "378.29990", "2014-03-31": "306.10000", "2013-12-31": "402.60070", "2013-09-30": "352.30000", "2013-06-30": "181.20010", "2013-03-31": "274.20000", "2012-12-31": "288.79970", "2012-09-30": "317.90000", "2012-06-30": "387.00010", "2012-03-31": "326.90000", "2011-12-31": "366.79990", "2011-09-30": "408.49990", "2011-06-30": "401.20010", "2011-03-31": "376.20010", "2010-12-31": "389.40080", "2010-09-30": "367.59990", "2010-06-30": "400.79980", "2010-03-31": "381.29990", "2009-12-31": "329.19950", "2009-09-30": "386.89990", "2009-06-30": "520.70000", "2009-03-31": "353.00000", "2008-12-31": "-111.59970", "2008-09-30": "167.00000", "2008-06-30": "85.60000", "2008-03-31": "142.20000", "2007-12-31": "139.90000", "2007-09-30": "128.30000", "2007-06-30": "153.10000", "2007-03-31": "114.70000", "2006-12-31": "129.69980", "2006-09-30": "133.40000", "2006-06-30": "134.00000", "2006-03-31": "122.40000", "2005-12-31": "115.40000", "2005-09-30": "119.40000", "2005-06-30": "122.90000", "2005-03-31": "119.50000"}, "Total Non-Operating Income/Expense": {"2020-09-30": "-129.20000", "2020-06-30": "-95.10000", "2020-03-31": "-110.40000", "2019-12-31": "-174.30000", "2019-09-30": "-98.30000", "2019-06-30": "-108.80000", "2019-03-31": "-110.00000", "2018-12-31": "-125.70000", "2018-09-30": "-100.00000", "2018-06-30": "-95.60000", "2018-03-31": "-93.60000", "2017-12-31": "-111.00000", "2017-09-30": "-91.40000", "2017-06-30": "-92.10000", "2017-03-31": "-91.90000", "2016-12-31": "-97.30000", "2016-09-30": "-291.00000", "2016-06-30": "-90.40000", "2016-03-31": "-92.90000", "2015-12-31": "-92.00000", "2015-09-30": "-92.10000", "2015-06-30": "-90.50000", "2015-03-31": "-88.30000", "2014-12-31": "-87.30000", "2014-09-30": "-87.00000", "2014-06-30": "-87.60000", "2014-03-31": "-85.90000", "2013-12-31": "-89.20000", "2013-09-30": "-88.90000", "2013-06-30": "-90.10000", "2013-03-31": "-90.90000", "2012-12-31": "-89.70000", "2012-09-30": "-94.80000", "2012-06-30": "-208.40000", "2012-03-31": "-103.80000", "2011-12-31": "-107.80000", "2011-09-30": "-112.50000", "2011-06-30": "-309.90000", "2011-03-31": "-116.20000", "2010-12-31": "-128.59990", "2010-09-30": "-137.90000", "2010-06-30": "-130.50000", "2010-03-31": "-265.10000", "2009-12-31": "-248.70000", "2009-09-30": "-174.80000", "2009-06-30": "-148.70000", "2009-03-31": "-152.60000", "2008-12-31": "-66.00000", "2008-09-30": "-21.60000", "2008-06-30": "-17.90000", "2008-03-31": "-18.40000", "2007-12-31": "-8.90000", "2007-09-30": "-19.30000", "2007-06-30": "-19.40000", "2007-03-31": "-20.30000", "2006-12-31": "-20.80000", "2006-09-30": "-17.00000", "2006-06-30": "-19.80000", "2006-03-31": "-18.20000", "2005-12-31": "-18.60000", "2005-09-30": "-16.50000", "2005-06-30": "-19.00000", "2005-03-31": "-13.90000"}, "Pre-Tax Income": {"2020-09-30": "318.70000", "2020-06-30": "300.10000", "2020-03-31": "322.60000", "2019-12-31": "284.90010", "2019-09-30": "369.50000", "2019-06-30": "328.60000", "2019-03-31": "312.80000", "2018-12-31": "357.40000", "2018-09-30": "340.30000", "2018-06-30": "312.60000", "2018-03-31": "310.60000", "2017-12-31": "295.80000", "2017-09-30": "356.70000", "2017-06-30": "333.40000", "2017-03-31": "296.20000", "2016-12-31": "294.70000", "2016-09-30": "126.90000", "2016-06-30": "291.70000", "2016-03-31": "252.60000", "2015-12-31": "261.90000", "2015-09-30": "350.80000", "2015-06-30": "298.70000", "2015-03-31": "284.50000", "2014-12-31": "79.00000", "2014-09-30": "295.40000", "2014-06-30": "290.70000", "2014-03-31": "220.20000", "2013-12-31": "313.40000", "2013-09-30": "263.40000", "2013-06-30": "91.10000", "2013-03-31": "183.30000", "2012-12-31": "199.10000", "2012-09-30": "223.10000", "2012-06-30": "178.60000", "2012-03-31": "223.10000", "2011-12-31": "259.00000", "2011-09-30": "296.00000", "2011-06-30": "91.30000", "2011-03-31": "260.00000", "2010-12-31": "260.80000", "2010-09-30": "229.70000", "2010-06-30": "270.30000", "2010-03-31": "116.20000", "2009-12-31": "80.50000", "2009-09-30": "212.10000", "2009-06-30": "372.00000", "2009-03-31": "200.40000", "2008-12-31": "-177.60000", "2008-09-30": "145.40000", "2008-06-30": "67.70000", "2008-03-31": "123.80000", "2007-12-31": "131.00000", "2007-09-30": "109.00000", "2007-06-30": "133.70000", "2007-03-31": "94.40000", "2006-12-31": "108.90000", "2006-09-30": "116.40000", "2006-06-30": "114.20000", "2006-03-31": "104.20000", "2005-12-31": "96.80000", "2005-09-30": "102.90000", "2005-06-30": "103.90000", "2005-03-31": "105.60000"}, "Income Taxes": {"2020-09-30": "58.50000", "2020-06-30": "73.80000", "2020-03-31": "75.80000", "2019-12-31": "-5.10000", "2019-09-30": "71.50000", "2019-06-30": "77.70000", "2019-03-31": "77.90000", "2018-12-31": "56.30000", "2018-09-30": "77.40000", "2018-06-30": "76.90000", "2018-03-31": "72.70000", "2017-12-31": "-368.70000", "2017-09-30": "133.40000", "2017-06-30": "130.00000", "2017-03-31": "108.40000", "2016-12-31": "105.10000", "2016-09-30": "41.20000", "2016-06-30": "110.70000", "2016-03-31": "95.70000", "2015-12-31": "89.50000", "2015-09-30": "135.60000", "2015-06-30": "108.40000", "2015-03-31": "112.00000", "2014-12-31": "28.50000", "2014-09-30": "109.60000", "2014-06-30": "111.70000", "2014-03-31": "87.60000", "2013-12-31": "76.70000", "2013-09-30": "92.30000", "2013-06-30": "34.70000", "2013-03-31": "58.40000", "2012-12-31": "72.10000", "2012-09-30": "70.30000", "2012-06-30": "29.10000", "2012-03-31": "80.30000", "2011-12-31": "68.00000", "2011-09-30": "102.40000", "2011-06-30": "45.10000", "2011-03-31": "101.90000", "2010-12-31": "112.90000", "2010-09-30": "95.20000", "2010-06-30": "110.40000", "2010-03-31": "51.00000", "2009-12-31": "44.60000", "2009-09-30": "91.10000", "2009-06-30": "145.80000", "2009-03-31": "87.00000", "2008-12-31": "-46.00000", "2008-09-30": "56.70000", "2008-06-30": "27.00000", "2008-03-31": "47.70000", "2007-12-31": "48.90000", "2007-09-30": "42.00000", "2007-06-30": "46.50000", "2007-03-31": "40.50000", "2006-12-31": "42.00000", "2006-09-30": "39.10000", "2006-06-30": "43.40000", "2006-03-31": "39.60000", "2005-12-31": "36.80000", "2005-09-30": "39.10000", "2005-06-30": "39.50000", "2005-03-31": "40.10000"}, "Income After Taxes": {"2020-09-30": "260.20000", "2020-06-30": "226.30000", "2020-03-31": "246.80000", "2019-12-31": "290.00000", "2019-09-30": "298.00000", "2019-06-30": "250.90000", "2019-03-31": "234.90000", "2018-12-31": "301.10000", "2018-09-30": "262.90000", "2018-06-30": "235.70000", "2018-03-31": "237.90000", "2017-12-31": "664.49990", "2017-09-30": "223.30000", "2017-06-30": "203.40000", "2017-03-31": "187.80000", "2016-12-31": "189.60000", "2016-09-30": "85.70000", "2016-06-30": "181.00000", "2016-03-31": "156.90000", "2015-12-31": "172.40010", "2015-09-30": "215.20000", "2015-06-30": "190.30000", "2015-03-31": "172.50000", "2014-12-31": "50.50000", "2014-09-30": "185.80000", "2014-06-30": "179.00000", "2014-03-31": "132.60000", "2013-12-31": "236.70000", "2013-09-30": "171.10000", "2013-06-30": "56.40000", "2013-03-31": "124.90000", "2012-12-31": "127.00000", "2012-09-30": "152.80000", "2012-06-30": "149.50000", "2012-03-31": "142.80000", "2011-12-31": "191.00000", "2011-09-30": "193.60000", "2011-06-30": "46.20000", "2011-03-31": "158.10000", "2010-12-31": "147.90000", "2010-09-30": "134.50000", "2010-06-30": "159.90000", "2010-03-31": "65.20000", "2009-12-31": "35.90000", "2009-09-30": "121.00000", "2009-06-30": "226.20000", "2009-03-31": "113.40000", "2008-12-31": "-131.60000", "2008-09-30": "88.70000", "2008-06-30": "40.70000", "2008-03-31": "76.10000", "2007-12-31": "82.10000", "2007-09-30": "67.00000", "2007-06-30": "87.20000", "2007-03-31": "53.90000", "2006-12-31": "66.90000", "2006-09-30": "77.30000", "2006-06-30": "70.80000", "2006-03-31": "64.60000", "2005-12-31": "60.00000", "2005-09-30": "63.80000", "2005-06-30": "64.40000", "2005-03-31": "65.50000"}, "Other Income": {"2020-09-30": "", "2020-06-30": "", "2020-03-31": "", "2019-12-31": "", "2019-09-30": "", "2019-06-30": "", "2019-03-31": "", "2018-12-31": "", "2018-09-30": "", "2018-06-30": "", "2018-03-31": "", "2017-12-31": "", "2017-09-30": "", "2017-06-30": "", "2017-03-31": "", "2016-12-31": "", "2016-09-30": "", "2016-06-30": "", "2016-03-31": "", "2015-12-31": "", "2015-09-30": "", "2015-06-30": "", "2015-03-31": "", "2014-12-31": "", "2014-09-30": "", "2014-06-30": "", "2014-03-31": "", "2013-12-31": "", "2013-09-30": "", "2013-06-30": "", "2013-03-31": "", "2012-12-31": "", "2012-09-30": "", "2012-06-30": "", "2012-03-31": "", "2011-12-31": "", "2011-09-30": "", "2011-06-30": "", "2011-03-31": "", "2010-12-31": "", "2010-09-30": "", "2010-06-30": "", "2010-03-31": "", "2009-12-31": "", "2009-09-30": "", "2009-06-30": "", "2009-03-31": "", "2008-12-31": "", "2008-09-30": "", "2008-06-30": "", "2008-03-31": "", "2007-12-31": "", "2007-09-30": "", "2007-06-30": "", "2007-03-31": "", "2006-12-31": "", "2006-09-30": "", "2006-06-30": "", "2006-03-31": "", "2005-12-31": "", "2005-09-30": "", "2005-06-30": "", "2005-03-31": ""}, "Income From Continuous Operations": {"2020-09-30": "260.20000", "2020-06-30": "226.30000", "2020-03-31": "246.80000", "2019-12-31": "290.00000", "2019-09-30": "298.00000", "2019-06-30": "250.90000", "2019-03-31": "234.90000", "2018-12-31": "301.10000", "2018-09-30": "262.90000", "2018-06-30": "235.70000", "2018-03-31": "237.90000", "2017-12-31": "664.49990", "2017-09-30": "223.30000", "2017-06-30": "203.40000", "2017-03-31": "187.80000", "2016-12-31": "189.60000", "2016-09-30": "85.70000", "2016-06-30": "181.00000", "2016-03-31": "156.90000", "2015-12-31": "172.40010", "2015-09-30": "215.20000", "2015-06-30": "190.30000", "2015-03-31": "172.50000", "2014-12-31": "50.50000", "2014-09-30": "185.80000", "2014-06-30": "179.00000", "2014-03-31": "132.60000", "2013-12-31": "236.70000", "2013-09-30": "171.10000", "2013-06-30": "56.40000", "2013-03-31": "124.90000", "2012-12-31": "127.00000", "2012-09-30": "152.80000", "2012-06-30": "149.50000", "2012-03-31": "142.80000", "2011-12-31": "191.00000", "2011-09-30": "193.60000", "2011-06-30": "46.20000", "2011-03-31": "158.10000", "2010-12-31": "147.90000", "2010-09-30": "134.50000", "2010-06-30": "159.90000", "2010-03-31": "65.20000", "2009-12-31": "35.90000", "2009-09-30": "121.00000", "2009-06-30": "226.20000", "2009-03-31": "113.40000", "2008-12-31": "-131.60000", "2008-09-30": "88.70000", "2008-06-30": "40.70000", "2008-03-31": "76.10000", "2007-12-31": "82.10000", "2007-09-30": "67.00000", "2007-06-30": "87.20000", "2007-03-31": "53.90000", "2006-12-31": "66.90000", "2006-09-30": "77.30000", "2006-06-30": "70.80000", "2006-03-31": "64.60000", "2005-12-31": "60.00000", "2005-09-30": "63.80000", "2005-06-30": "64.40000", "2005-03-31": "65.50000"}, "Income From Discontinued Operations": {"2020-09-30": "", "2020-06-30": "", "2020-03-31": "", "2019-12-31": "", "2019-09-30": "", "2019-06-30": "", "2019-03-31": "", "2018-12-31": "", "2018-09-30": "", "2018-06-30": "", "2018-03-31": "", "2017-12-31": "", "2017-09-30": "", "2017-06-30": "", "2017-03-31": "", "2016-12-31": "", "2016-09-30": "", "2016-06-30": "", "2016-03-31": "", "2015-12-31": "", "2015-09-30": "", "2015-06-30": "", "2015-03-31": "", "2014-12-31": "", "2014-09-30": "", "2014-06-30": "", "2014-03-31": "", "2013-12-31": "", "2013-09-30": "", "2013-06-30": "", "2013-03-31": "", "2012-12-31": "", "2012-09-30": "", "2012-06-30": "", "2012-03-31": "", "2011-12-31": "", "2011-09-30": "", "2011-06-30": "", "2011-03-31": "", "2010-12-31": "", "2010-09-30": "", "2010-06-30": "", "2010-03-31": "", "2009-12-31": "", "2009-09-30": "", "2009-06-30": "", "2009-03-31": "", "2008-12-31": "", "2008-09-30": "", "2008-06-30": "", "2008-03-31": "", "2007-12-31": "", "2007-09-30": "", "2007-06-30": "", "2007-03-31": "", "2006-12-31": "", "2006-09-30": "", "2006-06-30": "", "2006-03-31": "", "2005-12-31": "", "2005-09-30": "", "2005-06-30": "", "2005-03-31": ""}, "Net Income": {"2020-09-30": "260.00000", "2020-06-30": "225.50000", "2020-03-31": "246.30000", "2019-12-31": "289.30000", "2019-09-30": "298.30000", "2019-06-30": "251.50000", "2019-03-31": "234.20000", "2018-12-31": "300.90000", "2018-09-30": "263.40000", "2018-06-30": "234.90000", "2018-03-31": "237.70000", "2017-12-31": "664.50010", "2017-09-30": "223.20000", "2017-06-30": "202.90000", "2017-03-31": "187.80000", "2016-12-31": "189.50000", "2016-09-30": "85.60000", "2016-06-30": "180.80000", "2016-03-31": "156.70000", "2015-12-31": "172.20000", "2015-09-30": "215.00000", "2015-06-30": "190.30000", "2015-03-31": "172.40000", "2014-12-31": "50.30000", "2014-09-30": "185.80000", "2014-06-30": "179.00000", "2014-03-31": "132.50000", "2013-12-31": "236.60000", "2013-09-30": "171.40000", "2013-06-30": "56.30000", "2013-03-31": "124.60000", "2012-12-31": "127.00000", "2012-09-30": "152.70000", "2012-06-30": "149.20000", "2012-03-31": "142.90000", "2011-12-31": "191.00000", "2011-09-30": "193.50000", "2011-06-30": "46.50000", "2011-03-31": "158.20000", "2010-12-31": "147.60000", "2010-09-30": "134.20000", "2010-06-30": "159.70000", "2010-03-31": "65.00000", "2009-12-31": "35.60000", "2009-09-30": "120.50000", "2009-06-30": "225.90000", "2009-03-31": "113.00000", "2008-12-31": "-131.70000", "2008-09-30": "88.70000", "2008-06-30": "40.70000", "2008-03-31": "76.10000", "2007-12-31": "82.10000", "2007-09-30": "67.00000", "2007-06-30": "87.20000", "2007-03-31": "53.90000", "2006-12-31": "66.90000", "2006-09-30": "77.30000", "2006-06-30": "70.80000", "2006-03-31": "64.60000", "2005-12-31": "60.00000", "2005-09-30": "63.80000", "2005-06-30": "64.40000", "2005-03-31": "65.50000"}, "EBITDA": {"2020-09-30": "739.29990", "2020-06-30": "685.10000", "2020-03-31": "722.50000", "2019-12-31": "737.09950", "2019-09-30": "755.60000", "2019-06-30": "722.10020", "2019-03-31": "694.80000", "2018-12-31": "755.50050", "2018-09-30": "722.80000", "2018-06-30": "683.90020", "2018-03-31": "687.70000", "2017-12-31": "694.00000", "2017-09-30": "728.90010", "2017-06-30": "703.69970", "2017-03-31": "658.00000", "2016-12-31": "657.19980", "2016-09-30": "690.00010", "2016-06-30": "652.00000", "2016-03-31": "608.50010", "2015-12-31": "618.40000", "2015-09-30": "709.70000", "2015-06-30": "654.79990", "2015-03-31": "625.89990", "2014-12-31": "413.80050", "2014-09-30": "637.49990", "2014-06-30": "627.99990", "2014-03-31": "538.70000", "2013-12-31": "648.00070", "2013-09-30": "595.90000", "2013-06-30": "417.40010", "2013-03-31": "502.99990", "2012-12-31": "524.49970", "2012-09-30": "541.10000", "2012-06-30": "621.60010", "2012-03-31": "560.30000", "2011-12-31": "600.39990", "2011-09-30": "642.89990", "2011-06-30": "629.30000", "2011-03-31": "601.70010", "2010-12-31": "614.70070", "2010-09-30": "599.29990", "2010-06-30": "634.79980", "2010-03-31": "604.49990", "2009-12-31": "561.59940", "2009-09-30": "627.29990", "2009-06-30": "761.29990", "2009-03-31": "598.10000", "2008-12-31": "26.00030", "2008-09-30": "248.90000", "2008-06-30": "166.30000", "2008-03-31": "220.00000", "2007-12-31": "216.00000", "2007-09-30": "210.60000", "2007-06-30": "234.20000", "2007-03-31": "197.80000", "2006-12-31": "205.39980", "2006-09-30": "214.30000", "2006-06-30": "212.20000", "2006-03-31": "199.30000", "2005-12-31": "194.00000", "2005-09-30": "195.30000", "2005-06-30": "197.10000", "2005-03-31": "184.10000"}, "EBIT": {"2020-09-30": "447.89990", "2020-06-30": "395.20000", "2020-03-31": "433.00000", "2019-12-31": "459.20000", "2019-09-30": "467.80000", "2019-06-30": "437.40010", "2019-03-31": "422.80000", "2018-12-31": "483.10060", "2018-09-30": "440.30000", "2018-06-30": "408.20020", "2018-03-31": "404.20000", "2017-12-31": "406.80020", "2017-09-30": "448.10010", "2017-06-30": "425.49980", "2017-03-31": "388.10000", "2016-12-31": "391.99980", "2016-09-30": "417.90010", "2016-06-30": "382.10000", "2016-03-31": "345.50010", "2015-12-31": "353.89990", "2015-09-30": "442.90000", "2015-06-30": "389.20000", "2015-03-31": "372.79990", "2014-12-31": "166.30030", "2014-09-30": "382.39990", "2014-06-30": "378.29990", "2014-03-31": "306.10000", "2013-12-31": "402.60020", "2013-09-30": "352.30000", "2013-06-30": "181.20010", "2013-03-31": "274.20000", "2012-12-31": "288.79940", "2012-09-30": "317.90000", "2012-06-30": "387.00010", "2012-03-31": "326.90000", "2011-12-31": "366.80020", "2011-09-30": "408.49990", "2011-06-30": "401.20010", "2011-03-31": "376.20010", "2010-12-31": "389.40050", "2010-09-30": "367.59990", "2010-06-30": "400.79980", "2010-03-31": "381.29990", "2009-12-31": "329.19950", "2009-09-30": "386.89990", "2009-06-30": "520.70000", "2009-03-31": "353.00000", "2008-12-31": "-111.59980", "2008-09-30": "167.00000", "2008-06-30": "85.60000", "2008-03-31": "142.20000", "2007-12-31": "139.90000", "2007-09-30": "128.30000", "2007-06-30": "153.10000", "2007-03-31": "114.70000", "2006-12-31": "129.70000", "2006-09-30": "133.40000", "2006-06-30": "134.00000", "2006-03-31": "122.40000", "2005-12-31": "115.40000", "2005-09-30": "119.40000", "2005-06-30": "122.90000", "2005-03-31": "119.50000"}, "Basic Shares Outstanding": {"2020-09-30": "319.20000", "2020-06-30": "319.00000", "2020-03-31": "319.60000", "2019-12-31": "321.10000", "2019-09-30": "320.60000", "2019-06-30": "321.70000", "2019-03-31": "322.30000", "2018-12-31": "326.90000", "2018-09-30": "325.50000", "2018-06-30": "327.40000", "2018-03-31": "330.70000", "2017-12-31": "337.10000", "2017-09-30": "336.50000", "2017-06-30": "338.10000", "2017-03-31": "339.86800", "2016-12-31": "343.00000", "2016-09-30": "342.60000", "2016-06-30": "343.90000", "2016-03-31": "345.40000", "2015-12-31": "349.98400", "2015-09-30": "348.93500", "2015-06-30": "350.66300", "2015-03-31": "353.30000", "2014-12-31": "356.67300", "2014-09-30": "356.25200", "2014-06-30": "356.21300", "2014-03-31": "359.77900", "2013-12-31": "362.10000", "2013-09-30": "361.67200", "2013-06-30": "362.94800", "2013-03-31": "362.66200", "2012-12-31": "366.88300", "2012-09-30": "365.40400", "2012-06-30": "367.88600", "2012-03-31": "370.99700", "2011-12-31": "375.96100", "2011-09-30": "373.20000", "2011-06-30": "378.19700", "2011-03-31": "382.00000", "2010-12-31": "382.98500", "2010-09-30": "384.00700", "2010-06-30": "382.50000", "2010-03-31": "381.40000", "2009-12-31": "379.70000", "2009-09-30": "379.70000", "2009-06-30": "379.20000", "2009-03-31": "378.90000", "2008-12-31": "196.70000", "2008-09-30": "182.30000", "2008-06-30": "182.00000", "2008-03-31": "183.40000", "2007-12-31": "190.10000", "2007-09-30": "187.80000", "2007-06-30": "192.70000", "2007-03-31": "193.70000", "2006-12-31": "198.20000", "2006-09-30": "196.30000", "2006-06-30": "199.60000", "2006-03-31": "202.10000", "2005-12-31": "207.00000", "2005-09-30": "210.00000", "2005-06-30": "213.75000", "2005-03-31": "222.30000"}, "Shares Outstanding": {"2020-09-30": "319.70000", "2020-06-30": "319.60000", "2020-03-31": "320.20000", "2019-12-31": "322.00000", "2019-09-30": "321.70000", "2019-06-30": "322.80000", "2019-03-31": "323.50000", "2018-12-31": "328.40000", "2018-09-30": "326.90000", "2018-06-30": "328.80000", "2018-03-31": "332.20000", "2017-12-31": "339.00000", "2017-09-30": "338.50000", "2017-06-30": "340.00000", "2017-03-31": "341.90000", "2016-12-31": "344.40000", "2016-09-30": "344.00000", "2016-06-30": "345.20000", "2016-03-31": "346.70000", "2015-12-31": "351.40000", "2015-09-30": "350.30000", "2015-06-30": "352.02500", "2015-03-31": "354.80000", "2014-12-31": "358.10700", "2014-09-30": "357.74000", "2014-06-30": "357.58200", "2014-03-31": "361.00000", "2013-12-31": "363.42200", "2013-09-30": "363.00200", "2013-06-30": "364.38700", "2013-03-31": "364.09200", "2012-12-31": "368.00000", "2012-09-30": "366.43100", "2012-06-30": "368.87100", "2012-03-31": "372.49000", "2011-12-31": "377.60500", "2011-09-30": "374.70000", "2011-06-30": "380.16600", "2011-03-31": "384.00000", "2010-12-31": "385.11100", "2010-09-30": "386.07800", "2010-06-30": "384.70000", "2010-03-31": "383.30000", "2009-12-31": "381.00000", "2009-09-30": "381.10000", "2009-06-30": "379.90000", "2009-03-31": "379.90000", "2008-12-31": "198.40000", "2008-09-30": "184.10000", "2008-06-30": "183.90000", "2008-03-31": "185.10000", "2007-12-31": "192.00000", "2007-09-30": "189.70000", "2007-06-30": "194.60000", "2007-03-31": "195.60000", "2006-12-31": "200.60000", "2006-09-30": "198.40000", "2006-06-30": "202.20000", "2006-03-31": "205.10000", "2005-12-31": "210.80000", "2005-09-30": "213.90000", "2005-06-30": "218.10000", "2005-03-31": "226.50000"}, "Basic EPS": {"2020-09-30": "0.81000", "2020-06-30": "0.71000", "2020-03-31": "0.77000", "2019-12-31": "0.90000", "2019-09-30": "0.93000", "2019-06-30": "0.78000", "2019-03-31": "0.73000", "2018-12-31": "0.92000", "2018-09-30": "0.81000", "2018-06-30": "0.72000", "2018-03-31": "0.72000", "2017-12-31": "1.98000", "2017-09-30": "0.66000", "2017-06-30": "0.60000", "2017-03-31": "0.55000", "2016-12-31": "0.56000", "2016-09-30": "0.25000", "2016-06-30": "0.53000", "2016-03-31": "0.45000", "2015-12-31": "0.49000", "2015-09-30": "0.62000", "2015-06-30": "0.54000", "2015-03-31": "0.49000", "2014-12-31": "0.15000", "2014-09-30": "0.52000", "2014-06-30": "0.50000", "2014-03-31": "0.37000", "2013-12-31": "0.66000", "2013-09-30": "0.47000", "2013-06-30": "0.16000", "2013-03-31": "0.34000", "2012-12-31": "0.34000", "2012-09-30": "0.42000", "2012-06-30": "0.41000", "2012-03-31": "0.39000", "2011-12-31": "0.52000", "2011-09-30": "0.52000", "2011-06-30": "0.12000", "2011-03-31": "0.41000", "2010-12-31": "0.38000", "2010-09-30": "0.35000", "2010-06-30": "0.42000", "2010-03-31": "0.17000", "2009-12-31": "0.08000", "2009-09-30": "0.32000", "2009-06-30": "0.60000", "2009-03-31": "0.30000", "2008-12-31": "-0.74000", "2008-09-30": "0.49000", "2008-06-30": "0.22000", "2008-03-31": "0.41000", "2007-12-31": "0.44000", "2007-09-30": "0.36000", "2007-06-30": "0.45000", "2007-03-31": "0.28000", "2006-12-31": "0.35000", "2006-09-30": "0.39000", "2006-06-30": "0.35000", "2006-03-31": "0.32000", "2005-12-31": "0.33000", "2005-09-30": "0.30670", "2005-06-30": "0.30000", "2005-03-31": "0.29330"}, "EPS - Earnings Per Share": {"2020-09-30": "0.81000", "2020-06-30": "0.71000", "2020-03-31": "0.77000", "2019-12-31": "0.90000", "2019-09-30": "0.93000", "2019-06-30": "0.78000", "2019-03-31": "0.72000", "2018-12-31": "0.92000", "2018-09-30": "0.81000", "2018-06-30": "0.71000", "2018-03-31": "0.72000", "2017-12-31": "1.96000", "2017-09-30": "0.66000", "2017-06-30": "0.60000", "2017-03-31": "0.55000", "2016-12-31": "0.56000", "2016-09-30": "0.25000", "2016-06-30": "0.52000", "2016-03-31": "0.45000", "2015-12-31": "0.49000", "2015-09-30": "0.61000", "2015-06-30": "0.54000", "2015-03-31": "0.49000", "2014-12-31": "0.14000", "2014-09-30": "0.52000", "2014-06-30": "0.50000", "2014-03-31": "0.37000", "2013-12-31": "0.66000", "2013-09-30": "0.47000", "2013-06-30": "0.15000", "2013-03-31": "0.34000", "2012-12-31": "0.35000", "2012-09-30": "0.42000", "2012-06-30": "0.40000", "2012-03-31": "0.38000", "2011-12-31": "0.51000", "2011-09-30": "0.52000", "2011-06-30": "0.12000", "2011-03-31": "0.41000", "2010-12-31": "0.38000", "2010-09-30": "0.35000", "2010-06-30": "0.42000", "2010-03-31": "0.17000", "2009-12-31": "0.09000", "2009-09-30": "0.32000", "2009-06-30": "0.59000", "2009-03-31": "0.30000", "2008-12-31": "-0.74000", "2008-09-30": "0.48000", "2008-06-30": "0.22000", "2008-03-31": "0.41000", "2007-12-31": "0.43000", "2007-09-30": "0.35000", "2007-06-30": "0.45000", "2007-03-31": "0.28000", "2006-12-31": "0.34000", "2006-09-30": "0.39000", "2006-06-30": "0.35000", "2006-03-31": "0.31000", "2005-12-31": "0.32000", "2005-09-30": "0.30000", "2005-06-30": "0.29330", "2005-03-31": "0.28670"}}, "balance sheet": {"Cash On Hand": {"2019-12-31": "47.10000", "2018-12-31": "70.50000", "2017-12-31": "83.30000", "2016-12-31": "67.80000", "2015-12-31": "32.40000", "2014-12-31": "75.20000", "2013-12-31": "213.30000", "2012-12-31": "67.60000", "2011-12-31": "66.30000", "2010-12-31": "88.30000", "2009-12-31": "48.00000", "2008-12-31": "68.70000", "2007-12-31": "21.80000", "2006-12-31": "29.10000", "2005-12-31": "131.80000"}, "Receivables": {"2019-12-31": "1125.90000", "2018-12-31": "1102.70000", "2017-12-31": "1105.90000", "2016-12-31": "994.80000", "2015-12-31": "962.90000", "2014-12-31": "930.40000", "2013-12-31": "890.70000", "2012-12-31": "836.60000", "2011-12-31": "825.80000", "2010-12-31": "828.90000", "2009-12-31": "865.10000", "2008-12-31": "945.50000", "2007-12-31": "298.20000", "2006-12-31": "293.80000", "2005-12-31": "280.00000"}, "Inventory": {"2019-12-31": "", "2018-12-31": "", "2017-12-31": "", "2016-12-31": "", "2015-12-31": "", "2014-12-31": "", "2013-12-31": "", "2012-12-31": "", "2011-12-31": "", "2010-12-31": "", "2009-12-31": "", "2008-12-31": "", "2007-12-31": "", "2006-12-31": "", "2005-12-31": ""}, "Pre-Paid Expenses": {"2019-12-31": "433.00000", "2018-12-31": "391.20000", "2017-12-31": "247.60000", "2016-12-31": "221.90000", "2015-12-31": "235.00000", "2014-12-31": "263.40000", "2013-12-31": "200.30000", "2012-12-31": "209.30000", "2011-12-31": "215.90000", "2010-12-31": "207.40000", "2009-12-31": "156.50000", "2008-12-31": "174.70000", "2007-12-31": "68.50000", "2006-12-31": "60.50000", "2005-12-31": "61.60000"}, "Other Current Assets": {"2019-12-31": "", "2018-12-31": "", "2017-12-31": "", "2016-12-31": "", "2015-12-31": "", "2014-12-31": "", "2013-12-31": "", "2012-12-31": "", "2011-12-31": "", "2010-12-31": "", "2009-12-31": "", "2008-12-31": "", "2007-12-31": "", "2006-12-31": "", "2005-12-31": ""}, "Total Current Assets": {"2019-12-31": "1606.00000", "2018-12-31": "1564.40000", "2017-12-31": "1436.80000", "2016-12-31": "1284.50000", "2015-12-31": "1230.30000", "2014-12-31": "1391.00000", "2013-12-31": "1421.90000", "2012-12-31": "1231.30000", "2011-12-31": "1265.70000", "2010-12-31": "1246.10000", "2009-12-31": "1264.90000", "2008-12-31": "1325.70000", "2007-12-31": "413.80000", "2006-12-31": "393.40000", "2005-12-31": "482.30000"}, "Property, Plant, And Equipment": {"2019-12-31": "8383.50000", "2018-12-31": "8020.10000", "2017-12-31": "7777.40000", "2016-12-31": "7588.60000", "2015-12-31": "7552.80000", "2014-12-31": "7165.30000", "2013-12-31": "7036.80000", "2012-12-31": "6910.30000", "2011-12-31": "6792.30000", "2010-12-31": "6698.50000", "2009-12-31": "6657.70000", "2008-12-31": "6738.20000", "2007-12-31": "2164.30000", "2006-12-31": "2163.80000", "2005-12-31": "2115.30000"}, "Long-Term Investments": {"2019-12-31": "", "2018-12-31": "", "2017-12-31": "", "2016-12-31": "", "2015-12-31": "", "2014-12-31": "", "2013-12-31": "", "2012-12-31": "", "2011-12-31": "", "2010-12-31": "", "2009-12-31": "", "2008-12-31": "", "2007-12-31": "", "2006-12-31": "", "2005-12-31": ""}, "Goodwill And Intangible Assets": {"2019-12-31": "11767.30000", "2018-12-31": "11506.60000", "2017-12-31": "11456.50000", "2016-12-31": "11345.50000", "2015-12-31": "11391.90000", "2014-12-31": "11129.80000", "2013-12-31": "11039.90000", "2012-12-31": "11048.70000", "2011-12-31": "11056.60000", "2010-12-31": "11106.60000", "2009-12-31": "11167.10000", "2008-12-31": "11085.60000", "2007-12-31": "1582.20000", "2006-12-31": "1593.90000", "2005-12-31": "1590.80000"}, "Other Long-Term Assets": {"2019-12-31": "927.00000", "2018-12-31": "525.90000", "2017-12-31": "476.30000", "2016-12-31": "411.00000", "2015-12-31": "360.90000", "2014-12-31": "407.90000", "2013-12-31": "450.60000", "2012-12-31": "426.60000", "2011-12-31": "436.90000", "2010-12-31": "410.70000", "2009-12-31": "450.60000", "2008-12-31": "771.90000", "2007-12-31": "307.50000", "2006-12-31": "278.30000", "2005-12-31": "362.10000"}, "Total Long-Term Assets": {"2019-12-31": "21077.80000", "2018-12-31": "20052.60000", "2017-12-31": "19710.20000", "2016-12-31": "19345.10000", "2015-12-31": "19305.60000", "2014-12-31": "18703.00000", "2013-12-31": "18527.30000", "2012-12-31": "18385.60000", "2011-12-31": "18285.80000", "2010-12-31": "18215.80000", "2009-12-31": "18275.40000", "2008-12-31": "18595.70000", "2007-12-31": "4054.00000", "2006-12-31": "4036.00000", "2005-12-31": "4068.20000"}, "Total Assets": {"2019-12-31": "22683.80000", "2018-12-31": "21617.00000", "2017-12-31": "21147.00000", "2016-12-31": "20629.60000", "2015-12-31": "20535.90000", "2014-12-31": "20094.00000", "2013-12-31": "19949.20000", "2012-12-31": "19616.90000", "2011-12-31": "19551.50000", "2010-12-31": "19461.90000", "2009-12-31": "19540.30000", "2008-12-31": "19921.40000", "2007-12-31": "4467.80000", "2006-12-31": "4429.40000", "2005-12-31": "4550.50000"}, "Total Current Liabilities": {"2019-12-31": "3064.60000", "2018-12-31": "2718.60000", "2017-12-31": "2634.80000", "2016-12-31": "1812.00000", "2015-12-31": "1834.80000", "2014-12-31": "1826.00000", "2013-12-31": "1717.10000", "2012-12-31": "1695.00000", "2011-12-31": "1897.50000", "2010-12-31": "2676.50000", "2009-12-31": "2548.70000", "2008-12-31": "2565.80000", "2007-12-31": "628.70000", "2006-12-31": "602.20000", "2005-12-31": "667.00000"}, "Long Term Debt": {"2019-12-31": "7758.60000", "2018-12-31": "7646.80000", "2017-12-31": "7480.70000", "2016-12-31": "7653.10000", "2015-12-31": "7527.40000", "2014-12-31": "7050.80000", "2013-12-31": "7002.40000", "2012-12-31": "7051.10000", "2011-12-31": "6887.00000", "2010-12-31": "5865.10000", "2009-12-31": "6419.60000", "2008-12-31": "7198.50000", "2007-12-31": "1565.50000", "2006-12-31": "1544.60000", "2005-12-31": "1472.10000"}, "Other Non-Current Liabilities": {"2019-12-31": "2559.10000", "2018-12-31": "2293.80000", "2017-12-31": "2274.00000", "2016-12-31": "2260.60000", "2015-12-31": "2265.30000", "2014-12-31": "2320.40000", "2013-12-31": "2138.20000", "2012-12-31": "1932.40000", "2011-12-31": "1922.50000", "2010-12-31": "2026.60000", "2009-12-31": "1964.40000", "2008-12-31": "1634.70000", "2007-12-31": "480.40000", "2006-12-31": "440.80000", "2005-12-31": "415.60000"}, "Total Long Term Liabilities": {"2019-12-31": "11498.30000", "2018-12-31": "10968.90000", "2017-12-31": "10551.10000", "2016-12-31": "11123.90000", "2015-12-31": "10924.50000", "2014-12-31": "10520.20000", "2013-12-31": "10326.00000", "2012-12-31": "10216.20000", "2011-12-31": "9970.60000", "2010-12-31": "8936.50000", "2009-12-31": "9424.50000", "2008-12-31": "10073.10000", "2007-12-31": "2535.30000", "2006-12-31": "2405.10000", "2005-12-31": "2277.70000"}, "Total Liabilities": {"2019-12-31": "14562.90000", "2018-12-31": "13687.50000", "2017-12-31": "13185.90000", "2016-12-31": "12935.90000", "2015-12-31": "12759.30000", "2014-12-31": "12346.20000", "2013-12-31": "12043.10000", "2012-12-31": "11911.20000", "2011-12-31": "11868.10000", "2010-12-31": "11613.00000", "2009-12-31": "11973.20000", "2008-12-31": "12638.90000", "2007-12-31": "3164.00000", "2006-12-31": "3007.30000", "2005-12-31": "2944.70000"}, "Common Stock Net": {"2019-12-31": "3.50000", "2018-12-31": "3.50000", "2017-12-31": "3.50000", "2016-12-31": "3.50000", "2015-12-31": "3.50000", "2014-12-31": "4.10000", "2013-12-31": "4.10000", "2012-12-31": "4.10000", "2011-12-31": "4.00000", "2010-12-31": "4.00000", "2009-12-31": "4.00000", "2008-12-31": "3.90000", "2007-12-31": "2.00000", "2006-12-31": "1.90000", "2005-12-31": "1.90000"}, "Retained Earnings (Accumulated Deficit)": {"2019-12-31": "5317.30000", "2018-12-31": "4750.50000", "2017-12-31": "4152.50000", "2016-12-31": "3324.00000", "2015-12-31": "3138.30000", "2014-12-31": "2795.00000", "2013-12-31": "2632.70000", "2012-12-31": "2403.20000", "2011-12-31": "2164.70000", "2010-12-31": "1890.30000", "2009-12-31": "1683.10000", "2008-12-31": "1477.20000", "2007-12-31": "1572.30000", "2006-12-31": "1602.60000", "2005-12-31": "1402.80000"}, "Comprehensive Income": {"2019-12-31": "2.20000", "2018-12-31": "30.80000", "2017-12-31": "22.60000", "2016-12-31": "14.20000", "2015-12-31": "-30.50000", "2014-12-31": "-28.90000", "2013-12-31": "3.00000", "2012-12-31": "-5.80000", "2011-12-31": "-21.50000", "2010-12-31": "21.90000", "2009-12-31": "19.00000", "2008-12-31": "-3.10000", "2007-12-31": "9.10000", "2006-12-31": "0.90000", "2005-12-31": "1.90000"}, "Other Share Holders Equity": {"2019-12-31": "", "2018-12-31": "", "2017-12-31": "", "2016-12-31": "", "2015-12-31": "", "2014-12-31": "", "2013-12-31": "", "2012-12-31": "", "2011-12-31": "", "2010-12-31": "", "2009-12-31": "", "2008-12-31": "", "2007-12-31": "", "2006-12-31": "", "2005-12-31": ""}, "Share Holder Equity": {"2019-12-31": "8120.90000", "2018-12-31": "7929.50000", "2017-12-31": "7961.10000", "2016-12-31": "7693.70000", "2015-12-31": "7776.60000", "2014-12-31": "7747.80000", "2013-12-31": "7906.10000", "2012-12-31": "7705.70000", "2011-12-31": "7683.40000", "2010-12-31": "7848.90000", "2009-12-31": "7567.10000", "2008-12-31": "7282.50000", "2007-12-31": "1303.80000", "2006-12-31": "1422.10000", "2005-12-31": "1605.80000"}, "Total Liabilities And Share Holders Equity": {"2019-12-31": "22683.80000", "2018-12-31": "21617.00000", "2017-12-31": "21147.00000", "2016-12-31": "20629.60000", "2015-12-31": "20535.90000", "2014-12-31": "20094.00000", "2013-12-31": "19949.20000", "2012-12-31": "19616.90000", "2011-12-31": "19551.50000", "2010-12-31": "19461.90000", "2009-12-31": "19540.30000", "2008-12-31": "19921.40000", "2007-12-31": "4467.80000", "2006-12-31": "4429.40000", "2005-12-31": "4550.50000"}}, "balance sheet, quarterly": {"Cash On Hand": {"2020-09-30": "406.40000", "2020-06-30": "269.70000", "2020-03-31": "281.60000", "2019-12-31": "47.10000", "2019-09-30": "55.60000", "2019-06-30": "72.50000", "2019-03-31": "68.00000", "2018-12-31": "70.50000", "2018-09-30": "81.90000", "2018-06-30": "61.30000", "2018-03-31": "62.60000", "2017-12-31": "83.30000", "2017-09-30": "63.90000", "2017-06-30": "36.00000", "2017-03-31": "33.20000", "2016-12-31": "67.80000", "2016-09-30": "55.00000", "2016-06-30": "42.00000", "2016-03-31": "33.40000", "2015-12-31": "32.40000", "2015-09-30": "102.50000", "2015-06-30": "99.90000", "2015-03-31": "134.30000", "2014-12-31": "75.20000", "2014-09-30": "113.00000", "2014-06-30": "49.50000", "2014-03-31": "175.80000", "2013-12-31": "213.30000", "2013-09-30": "97.30000", "2013-06-30": "96.70000", "2013-03-31": "130.10000", "2012-12-31": "67.60000", "2012-09-30": "74.00000", "2012-06-30": "69.30000", "2012-03-31": "73.50000", "2011-12-31": "66.30000", "2011-09-30": "72.60000", "2011-06-30": "320.50000", "2011-03-31": "67.90000", "2010-12-31": "88.30000", "2010-09-30": "120.50000", "2010-06-30": "56.00000", "2010-03-31": "81.40000", "2009-12-31": "48.00000", "2009-09-30": "107.30000", "2009-06-30": "67.60000", "2009-03-31": "193.50000", "2008-12-31": "68.70000", "2008-09-30": "39.90000", "2008-06-30": "13.10000", "2008-03-31": "50.40000", "2007-12-31": "21.80000", "2007-09-30": "22.60000", "2007-06-30": "25.90000", "2007-03-31": "20.30000", "2006-12-31": "29.10000", "2006-09-30": "49.30000", "2006-06-30": "30.70000", "2006-03-31": "14.90000", "2005-12-31": "131.80000", "2005-09-30": "33.80000", "2005-06-30": "30.30000", "2005-03-31": "71.80000"}, "Receivables": {"2020-09-30": "1097.20000", "2020-06-30": "1066.50000", "2020-03-31": "1095.30000", "2019-12-31": "1125.90000", "2019-09-30": "1162.90000", "2019-06-30": "1147.00000", "2019-03-31": "1073.70000", "2018-12-31": "1102.70000", "2018-09-30": "1156.00000", "2018-06-30": "1112.20000", "2018-03-31": "1052.20000", "2017-12-31": "1105.90000", "2017-09-30": "1126.90000", "2017-06-30": "1074.40000", "2017-03-31": "1017.40000", "2016-12-31": "994.80000", "2016-09-30": "1016.70000", "2016-06-30": "990.60000", "2016-03-31": "935.00000", "2015-12-31": "962.90000", "2015-09-30": "988.80000", "2015-06-30": "969.40000", "2015-03-31": "930.40000", "2014-12-31": "930.40000", "2014-09-30": "955.20000", "2014-06-30": "932.80000", "2014-03-31": "873.20000", "2013-12-31": "890.70000", "2013-09-30": "906.80000", "2013-06-30": "876.50000", "2013-03-31": "821.90000", "2012-12-31": "836.60000", "2012-09-30": "854.20000", "2012-06-30": "845.30000", "2012-03-31": "808.40000", "2011-12-31": "825.80000", "2011-09-30": "901.30000", "2011-06-30": "872.30000", "2011-03-31": "839.50000", "2010-12-31": "828.90000", "2010-09-30": "895.70000", "2010-06-30": "898.40000", "2010-03-31": "850.70000", "2009-12-31": "865.10000", "2009-09-30": "928.20000", "2009-06-30": "913.50000", "2009-03-31": "877.60000", "2008-12-31": "945.50000", "2008-09-30": "326.30000", "2008-06-30": "320.10000", "2008-03-31": "306.70000", "2007-12-31": "298.20000", "2007-09-30": "320.10000", "2007-06-30": "312.30000", "2007-03-31": "297.70000", "2006-12-31": "293.80000", "2006-09-30": "311.50000", "2006-06-30": "302.10000", "2006-03-31": "278.80000", "2005-12-31": "280.00000", "2005-09-30": "293.60000", "2005-06-30": "268.40000", "2005-03-31": "246.10000"}, "Inventory": {"2020-09-30": "", "2020-06-30": "", "2020-03-31": "", "2019-12-31": "", "2019-09-30": "", "2019-06-30": "", "2019-03-31": "", "2018-12-31": "", "2018-09-30": "", "2018-06-30": "", "2018-03-31": "", "2017-12-31": "", "2017-09-30": "", "2017-06-30": "", "2017-03-31": "", "2016-12-31": "", "2016-09-30": "", "2016-06-30": "", "2016-03-31": "", "2015-12-31": "", "2015-09-30": "", "2015-06-30": "", "2015-03-31": "", "2014-12-31": "", "2014-09-30": "", "2014-06-30": "", "2014-03-31": "", "2013-12-31": "", "2013-09-30": "", "2013-06-30": "", "2013-03-31": "", "2012-12-31": "", "2012-09-30": "", "2012-06-30": "", "2012-03-31": "", "2011-12-31": "", "2011-09-30": "", "2011-06-30": "", "2011-03-31": "", "2010-12-31": "", "2010-09-30": "", "2010-06-30": "", "2010-03-31": "", "2009-12-31": "", "2009-09-30": "", "2009-06-30": "", "2009-03-31": "", "2008-12-31": "", "2008-09-30": "", "2008-06-30": "", "2008-03-31": "", "2007-12-31": "", "2007-09-30": "", "2007-06-30": "", "2007-03-31": "", "2006-12-31": "", "2006-09-30": "", "2006-06-30": "", "2006-03-31": "", "2005-12-31": "", "2005-09-30": "", "2005-06-30": "", "2005-03-31": ""}, "Pre-Paid Expenses": {"2020-09-30": "270.70000", "2020-06-30": "232.60000", "2020-03-31": "377.00000", "2019-12-31": "433.00000", "2019-09-30": "255.40000", "2019-06-30": "254.60000", "2019-03-31": "302.90000", "2018-12-31": "391.20000", "2018-09-30": "254.20000", "2018-06-30": "195.90000", "2018-03-31": "239.20000", "2017-12-31": "247.60000", "2017-09-30": "205.90000", "2017-06-30": "182.40000", "2017-03-31": "183.80000", "2016-12-31": "221.90000", "2016-09-30": "229.90000", "2016-06-30": "226.80000", "2016-03-31": "214.90000", "2015-12-31": "235.00000", "2015-09-30": "236.80000", "2015-06-30": "151.70000", "2015-03-31": "156.60000", "2014-12-31": "263.40000", "2014-09-30": "180.60000", "2014-06-30": "135.50000", "2014-03-31": "139.60000", "2013-12-31": "200.30000", "2013-09-30": "189.80000", "2013-06-30": "170.00000", "2013-03-31": "153.10000", "2012-12-31": "209.30000", "2012-09-30": "217.90000", "2012-06-30": "191.60000", "2012-03-31": "152.90000", "2011-12-31": "215.90000", "2011-09-30": "175.90000", "2011-06-30": "169.60000", "2011-03-31": "187.10000", "2010-12-31": "207.40000", "2010-09-30": "200.80000", "2010-06-30": "138.80000", "2010-03-31": "135.70000", "2009-12-31": "156.50000", "2009-09-30": "189.30000", "2009-06-30": "136.70000", "2009-03-31": "166.90000", "2008-12-31": "174.70000", "2008-09-30": "78.30000", "2008-06-30": "103.20000", "2008-03-31": "72.90000", "2007-12-31": "68.50000", "2007-09-30": "65.00000", "2007-06-30": "59.30000", "2007-03-31": "65.10000", "2006-12-31": "60.50000", "2006-09-30": "56.00000", "2006-06-30": "55.50000", "2006-03-31": "59.50000", "2005-12-31": "61.60000", "2005-09-30": "72.30000", "2005-06-30": "72.10000", "2005-03-31": "73.70000"}, "Other Current Assets": {"2020-09-30": "", "2020-06-30": "", "2020-03-31": "", "2019-12-31": "", "2019-09-30": "", "2019-06-30": "", "2019-03-31": "", "2018-12-31": "", "2018-09-30": "", "2018-06-30": "", "2018-03-31": "", "2017-12-31": "", "2017-09-30": "", "2017-06-30": "", "2017-03-31": "", "2016-12-31": "", "2016-09-30": "", "2016-06-30": "", "2016-03-31": "", "2015-12-31": "", "2015-09-30": "", "2015-06-30": "", "2015-03-31": "", "2014-12-31": "", "2014-09-30": "", "2014-06-30": "", "2014-03-31": "", "2013-12-31": "", "2013-09-30": "", "2013-06-30": "", "2013-03-31": "", "2012-12-31": "", "2012-09-30": "", "2012-06-30": "", "2012-03-31": "", "2011-12-31": "", "2011-09-30": "", "2011-06-30": "", "2011-03-31": "", "2010-12-31": "", "2010-09-30": "", "2010-06-30": "", "2010-03-31": "", "2009-12-31": "", "2009-09-30": "", "2009-06-30": "", "2009-03-31": "", "2008-12-31": "", "2008-09-30": "", "2008-06-30": "", "2008-03-31": "", "2007-12-31": "", "2007-09-30": "", "2007-06-30": "", "2007-03-31": "", "2006-12-31": "", "2006-09-30": "", "2006-06-30": "", "2006-03-31": "", "2005-12-31": "", "2005-09-30": "", "2005-06-30": "", "2005-03-31": ""}, "Total Current Assets": {"2020-09-30": "1774.30000", "2020-06-30": "1568.80000", "2020-03-31": "1753.90000", "2019-12-31": "1606.00000", "2019-09-30": "1473.90000", "2019-06-30": "1474.10000", "2019-03-31": "1444.60000", "2018-12-31": "1564.40000", "2018-09-30": "1492.10000", "2018-06-30": "1369.40000", "2018-03-31": "1354.00000", "2017-12-31": "1436.80000", "2017-09-30": "1396.70000", "2017-06-30": "1292.80000", "2017-03-31": "1234.40000", "2016-12-31": "1284.50000", "2016-09-30": "1301.60000", "2016-06-30": "1259.40000", "2016-03-31": "1183.30000", "2015-12-31": "1230.30000", "2015-09-30": "1444.30000", "2015-06-30": "1340.90000", "2015-03-31": "1343.70000", "2014-12-31": "1391.00000", "2014-09-30": "1360.90000", "2014-06-30": "1225.10000", "2014-03-31": "1306.90000", "2013-12-31": "1421.90000", "2013-09-30": "1290.40000", "2013-06-30": "1268.80000", "2013-03-31": "1223.30000", "2012-12-31": "1231.30000", "2012-09-30": "1270.00000", "2012-06-30": "1234.30000", "2012-03-31": "1179.20000", "2011-12-31": "1265.70000", "2011-09-30": "1254.40000", "2011-06-30": "1479.60000", "2011-03-31": "1210.30000", "2010-12-31": "1246.10000", "2010-09-30": "1330.20000", "2010-06-30": "1288.70000", "2010-03-31": "1266.00000", "2009-12-31": "1264.90000", "2009-09-30": "1404.30000", "2009-06-30": "1252.90000", "2009-03-31": "1363.90000", "2008-12-31": "1325.70000", "2008-09-30": "474.10000", "2008-06-30": "463.10000", "2008-03-31": "456.00000", "2007-12-31": "413.80000", "2007-09-30": "432.70000", "2007-06-30": "423.60000", "2007-03-31": "408.70000", "2006-12-31": "393.40000", "2006-09-30": "427.70000", "2006-06-30": "398.00000", "2006-03-31": "362.80000", "2005-12-31": "482.30000", "2005-09-30": "409.60000", "2005-06-30": "380.70000", "2005-03-31": "401.50000"}, "Property, Plant, And Equipment": {"2020-09-30": "8527.50000", "2020-06-30": "8499.10000", "2020-03-31": "8442.00000", "2019-12-31": "8383.50000", "2019-09-30": "8257.60000", "2019-06-30": "8093.60000", "2019-03-31": "7989.70000", "2018-12-31": "8020.10000", "2018-09-30": "7913.90000", "2018-06-30": "7863.50000", "2018-03-31": "7783.10000", "2017-12-31": "7777.40000", "2017-09-30": "7750.10000", "2017-06-30": "7690.10000", "2017-03-31": "7592.80000", "2016-12-31": "7588.60000", "2016-09-30": "7616.00000", "2016-06-30": "7634.30000", "2016-03-31": "7612.00000", "2015-12-31": "7552.80000", "2015-09-30": "7553.20000", "2015-06-30": "7538.70000", "2015-03-31": "7447.00000", "2014-12-31": "7165.30000", "2014-09-30": "7149.30000", "2014-06-30": "7126.90000", "2014-03-31": "7053.40000", "2013-12-31": "7036.80000", "2013-09-30": "7046.90000", "2013-06-30": "7017.70000", "2013-03-31": "6946.80000", "2012-12-31": "6910.30000", "2012-09-30": "6903.20000", "2012-06-30": "6882.70000", "2012-03-31": "6813.00000", "2011-12-31": "6792.30000", "2011-09-30": "6708.90000", "2011-06-30": "6702.70000", "2011-03-31": "6693.60000", "2010-12-31": "6698.50000", "2010-09-30": "6586.90000", "2010-06-30": "6603.70000", "2010-03-31": "6599.40000", "2009-12-31": "6657.70000", "2009-09-30": "6585.60000", "2009-06-30": "6612.90000", "2009-03-31": "6677.80000", "2008-12-31": "6738.20000", "2008-09-30": "2195.10000", "2008-06-30": "2167.50000", "2008-03-31": "2149.20000", "2007-12-31": "2164.30000", "2007-09-30": "2137.00000", "2007-06-30": "2135.50000", "2007-03-31": "2140.50000", "2006-12-31": "2163.80000", "2006-09-30": "2147.30000", "2006-06-30": "2153.50000", "2006-03-31": "2133.40000", "2005-12-31": "2115.30000", "2005-09-30": "2106.90000", "2005-06-30": "2058.30000", "2005-03-31": "2039.80000"}, "Long-Term Investments": {"2020-09-30": "", "2020-06-30": "", "2020-03-31": "", "2019-12-31": "", "2019-09-30": "", "2019-06-30": "", "2019-03-31": "", "2018-12-31": "", "2018-09-30": "", "2018-06-30": "", "2018-03-31": "", "2017-12-31": "", "2017-09-30": "", "2017-06-30": "", "2017-03-31": "", "2016-12-31": "", "2016-09-30": "", "2016-06-30": "", "2016-03-31": "", "2015-12-31": "", "2015-09-30": "", "2015-06-30": "", "2015-03-31": "", "2014-12-31": "", "2014-09-30": "", "2014-06-30": "", "2014-03-31": "", "2013-12-31": "", "2013-09-30": "", "2013-06-30": "", "2013-03-31": "", "2012-12-31": "", "2012-09-30": "", "2012-06-30": "", "2012-03-31": "", "2011-12-31": "", "2011-09-30": "", "2011-06-30": "", "2011-03-31": "", "2010-12-31": "", "2010-09-30": "", "2010-06-30": "315.20000", "2010-03-31": "221.80000", "2009-12-31": "", "2009-09-30": "", "2009-06-30": "", "2009-03-31": "262.70000", "2008-12-31": "", "2008-09-30": "", "2008-06-30": "", "2008-03-31": "", "2007-12-31": "", "2007-09-30": "", "2007-06-30": "", "2007-03-31": "", "2006-12-31": "", "2006-09-30": "", "2006-06-30": "", "2006-03-31": "", "2005-12-31": "", "2005-09-30": "", "2005-06-30": "", "2005-03-31": "38.90000"}, "Goodwill And Intangible Assets": {"2020-09-30": "11839.60000", "2020-06-30": "11800.20000", "2020-03-31": "11797.50000", "2019-12-31": "11767.30000", "2019-09-30": "11774.60000", "2019-06-30": "11623.50000", "2019-03-31": "11546.70000", "2018-12-31": "11506.60000", "2018-09-30": "11791.60000", "2018-06-30": "11460.70000", "2018-03-31": "11450.40000", "2017-12-31": "11456.50000", "2017-09-30": "11385.70000", "2017-06-30": "11365.70000", "2017-03-31": "11357.30000", "2016-12-31": "11345.50000", "2016-09-30": "11364.50000", "2016-06-30": "11368.80000", "2016-03-31": "11380.20000", "2015-12-31": "11391.90000", "2015-09-30": "11386.90000", "2015-06-30": "11375.10000", "2015-03-31": "11384.90000", "2014-12-31": "11129.80000", "2014-09-30": "11040.30000", "2014-06-30": "11044.30000", "2014-03-31": "11028.80000", "2013-12-31": "11039.90000", "2013-09-30": "11039.80000", "2013-06-30": "11037.30000", "2013-03-31": "11040.00000", "2012-12-31": "11048.70000", "2012-09-30": "11050.10000", "2012-06-30": "11066.20000", "2012-03-31": "11051.20000", "2011-12-31": "11056.60000", "2011-09-30": "11074.30000", "2011-06-30": "11079.40000", "2011-03-31": "11092.20000", "2010-12-31": "11106.60000", "2010-09-30": "11097.50000", "2010-06-30": "11127.10000", "2010-03-31": "11148.60000", "2009-12-31": "11167.10000", "2009-09-30": "11051.70000", "2009-06-30": "11069.20000", "2009-03-31": "10965.50000", "2008-12-31": "11085.60000", "2008-09-30": "1587.30000", "2008-06-30": "1586.80000", "2008-03-31": "1587.50000", "2007-12-31": "1582.20000", "2007-09-30": "1589.00000", "2007-06-30": "1589.20000", "2007-03-31": "1592.20000", "2006-12-31": "1593.90000", "2006-09-30": "1585.10000", "2006-06-30": "1587.70000", "2006-03-31": "1590.10000", "2005-12-31": "1590.80000", "2005-09-30": "1578.80000", "2005-06-30": "1579.30000", "2005-03-31": "1580.70000"}, "Other Long-Term Assets": {"2020-09-30": "968.70000", "2020-06-30": "958.20000", "2020-03-31": "915.50000", "2019-12-31": "927.00000", "2019-09-30": "823.00000", "2019-06-30": "805.60000", "2019-03-31": "801.00000", "2018-12-31": "525.90000", "2018-09-30": "204.50000", "2018-06-30": "510.10000", "2018-03-31": "521.20000", "2017-12-31": "476.30000", "2017-09-30": "416.10000", "2017-06-30": "412.50000", "2017-03-31": "411.30000", "2016-12-31": "411.00000", "2016-09-30": "379.60000", "2016-06-30": "382.90000", "2016-03-31": "363.70000", "2015-12-31": "360.90000", "2015-09-30": "407.40000", "2015-06-30": "411.90000", "2015-03-31": "418.10000", "2014-12-31": "407.90000", "2014-09-30": "436.50000", "2014-06-30": "479.70000", "2014-03-31": "453.40000", "2013-12-31": "450.60000", "2013-09-30": "448.90000", "2013-06-30": "450.40000", "2013-03-31": "429.00000", "2012-12-31": "426.60000", "2012-09-30": "411.00000", "2012-06-30": "407.10000", "2012-03-31": "412.50000", "2011-12-31": "436.90000", "2011-09-30": "418.60000", "2011-06-30": "420.30000", "2011-03-31": "400.60000", "2010-12-31": "410.70000", "2010-09-30": "443.40000", "2010-06-30": "236.70000", "2010-03-31": "229.50000", "2009-12-31": "450.60000", "2009-09-30": "488.50000", "2009-06-30": "511.40000", "2009-03-31": "592.70000", "2008-12-31": "771.90000", "2008-09-30": "350.00000", "2008-06-30": "330.10000", "2008-03-31": "341.70000", "2007-12-31": "307.50000", "2007-09-30": "339.30000", "2007-06-30": "267.90000", "2007-03-31": "269.20000", "2006-12-31": "278.30000", "2006-09-30": "328.80000", "2006-06-30": "350.50000", "2006-03-31": "385.20000", "2005-12-31": "362.10000", "2005-09-30": "270.10000", "2005-06-30": "330.90000", "2005-03-31": "320.10000"}, "Total Long-Term Assets": {"2020-09-30": "21335.80000", "2020-06-30": "21257.50000", "2020-03-31": "21155.00000", "2019-12-31": "21077.80000", "2019-09-30": "20855.20000", "2019-06-30": "20522.70000", "2019-03-31": "20337.40000", "2018-12-31": "20052.60000", "2018-09-30": "19910.00000", "2018-06-30": "19834.30000", "2018-03-31": "19754.70000", "2017-12-31": "19710.20000", "2017-09-30": "19551.90000", "2017-06-30": "19468.30000", "2017-03-31": "19361.40000", "2016-12-31": "19345.10000", "2016-09-30": "19360.10000", "2016-06-30": "19386.00000", "2016-03-31": "19355.90000", "2015-12-31": "19305.60000", "2015-09-30": "19347.50000", "2015-06-30": "19325.70000", "2015-03-31": "19250.00000", "2014-12-31": "18703.00000", "2014-09-30": "18626.10000", "2014-06-30": "18650.90000", "2014-03-31": "18535.60000", "2013-12-31": "18527.30000", "2013-09-30": "18535.60000", "2013-06-30": "18505.40000", "2013-03-31": "18415.80000", "2012-12-31": "18385.60000", "2012-09-30": "18364.30000", "2012-06-30": "18356.00000", "2012-03-31": "18276.70000", "2011-12-31": "18285.80000", "2011-09-30": "18201.80000", "2011-06-30": "18202.40000", "2011-03-31": "18186.40000", "2010-12-31": "18215.80000", "2010-09-30": "18127.80000", "2010-06-30": "18282.70000", "2010-03-31": "18199.30000", "2009-12-31": "18275.40000", "2009-09-30": "18125.80000", "2009-06-30": "18193.50000", "2009-03-31": "18498.70000", "2008-12-31": "18595.70000", "2008-09-30": "4132.40000", "2008-06-30": "4084.40000", "2008-03-31": "4078.40000", "2007-12-31": "4054.00000", "2007-09-30": "4065.30000", "2007-06-30": "3992.60000", "2007-03-31": "4001.90000", "2006-12-31": "4036.00000", "2006-09-30": "4061.20000", "2006-06-30": "4091.70000", "2006-03-31": "4108.70000", "2005-12-31": "4068.20000", "2005-09-30": "3955.80000", "2005-06-30": "3968.50000", "2005-03-31": "3979.50000"}, "Total Assets": {"2020-09-30": "23110.10000", "2020-06-30": "22826.30000", "2020-03-31": "22908.90000", "2019-12-31": "22683.80000", "2019-09-30": "22329.10000", "2019-06-30": "21996.80000", "2019-03-31": "21782.00000", "2018-12-31": "21617.00000", "2018-09-30": "21402.10000", "2018-06-30": "21203.70000", "2018-03-31": "21108.70000", "2017-12-31": "21147.00000", "2017-09-30": "20948.60000", "2017-06-30": "20761.10000", "2017-03-31": "20595.80000", "2016-12-31": "20629.60000", "2016-09-30": "20661.70000", "2016-06-30": "20645.40000", "2016-03-31": "20539.20000", "2015-12-31": "20535.90000", "2015-09-30": "20791.80000", "2015-06-30": "20666.60000", "2015-03-31": "20593.70000", "2014-12-31": "20094.00000", "2014-09-30": "19987.00000", "2014-06-30": "19876.00000", "2014-03-31": "19842.50000", "2013-12-31": "19949.20000", "2013-09-30": "19826.00000", "2013-06-30": "19774.20000", "2013-03-31": "19639.10000", "2012-12-31": "19616.90000", "2012-09-30": "19634.30000", "2012-06-30": "19590.30000", "2012-03-31": "19455.90000", "2011-12-31": "19551.50000", "2011-09-30": "19456.20000", "2011-06-30": "19682.00000", "2011-03-31": "19396.70000", "2010-12-31": "19461.90000", "2010-09-30": "19458.00000", "2010-06-30": "19571.40000", "2010-03-31": "19465.30000", "2009-12-31": "19540.30000", "2009-09-30": "19530.10000", "2009-06-30": "19446.40000", "2009-03-31": "19862.60000", "2008-12-31": "19921.40000", "2008-09-30": "4606.50000", "2008-06-30": "4547.50000", "2008-03-31": "4534.40000", "2007-12-31": "4467.80000", "2007-09-30": "4498.00000", "2007-06-30": "4416.20000", "2007-03-31": "4410.60000", "2006-12-31": "4429.40000", "2006-09-30": "4488.90000", "2006-06-30": "4489.70000", "2006-03-31": "4471.50000", "2005-12-31": "4550.50000", "2005-09-30": "4365.40000", "2005-06-30": "4349.20000", "2005-03-31": "4381.00000"}, "Total Current Liabilities": {"2020-09-30": "2190.80000", "2020-06-30": "2066.10000", "2020-03-31": "1980.60000", "2019-12-31": "3064.60000", "2019-09-30": "2997.40000", "2019-06-30": "3571.00000", "2019-03-31": "3467.90000", "2018-12-31": "2718.60000", "2018-09-30": "2675.30000", "2018-06-30": "1989.50000", "2018-03-31": "2560.20000", "2017-12-31": "2634.80000", "2017-09-30": "2591.50000", "2017-06-30": "2543.00000", "2017-03-31": "1777.20000", "2016-12-31": "1812.00000", "2016-09-30": "1817.90000", "2016-06-30": "1847.70000", "2016-03-31": "1810.30000", "2015-12-31": "1834.80000", "2015-09-30": "1900.50000", "2015-06-30": "1788.20000", "2015-03-31": "1756.40000", "2014-12-31": "1826.00000", "2014-09-30": "1725.00000", "2014-06-30": "1705.50000", "2014-03-31": "1697.40000", "2013-12-31": "1717.10000", "2013-09-30": "1769.20000", "2013-06-30": "1750.80000", "2013-03-31": "1675.30000", "2012-12-31": "1695.00000", "2012-09-30": "1699.20000", "2012-06-30": "1752.30000", "2012-03-31": "1715.80000", "2011-12-31": "1897.50000", "2011-09-30": "1857.50000", "2011-06-30": "2204.00000", "2011-03-31": "2370.80000", "2010-12-31": "2676.50000", "2010-09-30": "2835.30000", "2010-06-30": "2466.00000", "2010-03-31": "2254.90000", "2009-12-31": "2548.70000", "2009-09-30": "2098.00000", "2009-06-30": "2186.30000", "2009-03-31": "2476.40000", "2008-12-31": "2565.80000", "2008-09-30": "697.50000", "2008-06-30": "679.00000", "2008-03-31": "572.10000", "2007-12-31": "628.70000", "2007-09-30": "556.70000", "2007-06-30": "572.20000", "2007-03-31": "534.90000", "2006-12-31": "602.20000", "2006-09-30": "546.50000", "2006-06-30": "526.90000", "2006-03-31": "571.30000", "2005-12-31": "667.00000", "2005-09-30": "510.30000", "2005-06-30": "476.40000", "2005-03-31": "451.10000"}, "Long Term Debt": {"2020-09-30": "8594.50000", "2020-06-30": "8598.00000", "2020-03-31": "8952.20000", "2019-12-31": "7758.60000", "2019-09-30": "7705.80000", "2019-06-30": "6883.90000", "2019-03-31": "6801.50000", "2018-12-31": "7646.80000", "2018-09-30": "7556.70000", "2018-06-30": "8215.80000", "2018-03-31": "7499.70000", "2017-12-31": "7480.70000", "2017-09-30": "7152.00000", "2017-06-30": "7075.70000", "2017-03-31": "7663.90000", "2016-12-31": "7653.10000", "2016-09-30": "7739.60000", "2016-06-30": "7608.40000", "2016-03-31": "7554.90000", "2015-12-31": "7527.40000", "2015-09-30": "7555.60000", "2015-06-30": "7547.50000", "2015-03-31": "7554.50000", "2014-12-31": "7050.80000", "2014-09-30": "7020.00000", "2014-06-30": "7042.10000", "2014-03-31": "7007.90000", "2013-12-31": "7002.40000", "2013-09-30": "7023.60000", "2013-06-30": "7013.30000", "2013-03-31": "7007.80000", "2012-12-31": "7051.10000", "2012-09-30": "7060.00000", "2012-06-30": "7079.40000", "2012-03-31": "6870.30000", "2011-12-31": "6887.00000", "2011-09-30": "7021.60000", "2011-06-30": "6907.70000", "2011-03-31": "6192.30000", "2010-12-31": "5865.10000", "2010-09-30": "5836.00000", "2010-06-30": "6425.00000", "2010-03-31": "6638.30000", "2009-12-31": "6419.60000", "2009-09-30": "6813.30000", "2009-06-30": "6768.50000", "2009-03-31": "7118.70000", "2008-12-31": "7198.50000", "2008-09-30": "1497.20000", "2008-06-30": "1515.40000", "2008-03-31": "1693.00000", "2007-12-31": "1565.50000", "2007-09-30": "1654.00000", "2007-06-30": "1496.00000", "2007-03-31": "1549.70000", "2006-12-31": "1544.60000", "2006-09-30": "1664.80000", "2006-06-30": "1659.10000", "2006-03-31": "1497.00000", "2005-12-31": "1472.10000", "2005-09-30": "1363.40000", "2005-06-30": "1357.30000", "2005-03-31": "1351.00000"}, "Other Non-Current Liabilities": {"2020-09-30": "2728.30000", "2020-06-30": "2744.50000", "2020-03-31": "2664.00000", "2019-12-31": "2559.10000", "2019-09-30": "2572.80000", "2019-06-30": "2526.20000", "2019-03-31": "2538.20000", "2018-12-31": "2293.80000", "2018-09-30": "2276.30000", "2018-06-30": "2281.20000", "2018-03-31": "2298.00000", "2017-12-31": "2274.00000", "2017-09-30": "2263.40000", "2017-06-30": "2246.90000", "2017-03-31": "2250.50000", "2016-12-31": "2260.60000", "2016-09-30": "2268.00000", "2016-06-30": "2291.40000", "2016-03-31": "2279.20000", "2015-12-31": "2265.30000", "2015-09-30": "2400.10000", "2015-06-30": "2427.70000", "2015-03-31": "2378.00000", "2014-12-31": "2320.40000", "2014-09-30": "2152.90000", "2014-06-30": "2123.40000", "2014-03-31": "2146.40000", "2013-12-31": "2138.20000", "2013-09-30": "2137.50000", "2013-06-30": "2125.00000", "2013-03-31": "2013.10000", "2012-12-31": "1932.40000", "2012-09-30": "1968.20000", "2012-06-30": "1924.00000", "2012-03-31": "1951.10000", "2011-12-31": "1922.50000", "2011-09-30": "1892.90000", "2011-06-30": "1927.90000", "2011-03-31": "1984.20000", "2010-12-31": "2026.60000", "2010-09-30": "2036.10000", "2010-06-30": "2017.50000", "2010-03-31": "2014.10000", "2009-12-31": "1964.40000", "2009-09-30": "1741.10000", "2009-06-30": "1762.90000", "2009-03-31": "1695.60000", "2008-12-31": "1634.70000", "2008-09-30": "580.30000", "2008-06-30": "575.40000", "2008-03-31": "504.50000", "2007-12-31": "480.40000", "2007-09-30": "499.20000", "2007-06-30": "492.70000", "2007-03-31": "459.20000", "2006-12-31": "440.80000", "2006-09-30": "442.40000", "2006-06-30": "451.20000", "2006-03-31": "438.40000", "2005-12-31": "415.60000", "2005-09-30": "423.90000", "2005-06-30": "409.10000", "2005-03-31": "405.00000"}, "Total Long Term Liabilities": {"2020-09-30": "12545.20000", "2020-06-30": "12529.30000", "2020-03-31": "12808.10000", "2019-12-31": "11498.30000", "2019-09-30": "11353.20000", "2019-06-30": "10470.60000", "2019-03-31": "10391.50000", "2018-12-31": "10968.90000", "2018-09-30": "10803.00000", "2018-06-30": "11365.40000", "2018-03-31": "10634.20000", "2017-12-31": "10551.10000", "2017-09-30": "10682.90000", "2017-06-30": "10553.00000", "2017-03-31": "11132.90000", "2016-12-31": "11123.90000", "2016-09-30": "11202.30000", "2016-06-30": "11039.70000", "2016-03-31": "10963.00000", "2015-12-31": "10924.50000", "2015-09-30": "11089.10000", "2015-06-30": "11113.70000", "2015-03-31": "11072.60000", "2014-12-31": "10520.20000", "2014-09-30": "10330.70000", "2014-06-30": "10315.00000", "2014-03-31": "10320.40000", "2013-12-31": "10326.00000", "2013-09-30": "10317.40000", "2013-06-30": "10310.20000", "2013-03-31": "10229.40000", "2012-12-31": "10216.20000", "2012-09-30": "10193.50000", "2012-06-30": "10155.30000", "2012-03-31": "9986.39900", "2011-12-31": "9970.60000", "2011-09-30": "9984.20000", "2011-06-30": "9811.30100", "2011-03-31": "9228.30000", "2010-12-31": "8936.50000", "2010-09-30": "8836.70000", "2010-06-30": "9419.50000", "2010-03-31": "9641.69900", "2009-12-31": "9424.50000", "2009-09-30": "9877.60000", "2009-06-30": "9766.50000", "2009-03-31": "10057.50000", "2008-12-31": "10073.10000", "2008-09-30": "2597.20000", "2008-06-30": "2606.70000", "2008-03-31": "2698.30000", "2007-12-31": "2535.30000", "2007-09-30": "2634.10000", "2007-06-30": "2455.60000", "2007-03-31": "2475.10000", "2006-12-31": "2405.10000", "2006-09-30": "2508.10000", "2006-06-30": "2499.80000", "2006-03-31": "2323.90000", "2005-12-31": "2277.70000", "2005-09-30": "2227.50000", "2005-06-30": "2200.80000", "2005-03-31": "2184.10000"}, "Total Liabilities": {"2020-09-30": "14736.00000", "2020-06-30": "14595.40000", "2020-03-31": "14788.70000", "2019-12-31": "14562.90000", "2019-09-30": "14350.60000", "2019-06-30": "14041.60000", "2019-03-31": "13859.40000", "2018-12-31": "13687.50000", "2018-09-30": "13478.30000", "2018-06-30": "13354.90000", "2018-03-31": "13194.40000", "2017-12-31": "13185.90000", "2017-09-30": "13274.40000", "2017-06-30": "13096.00000", "2017-03-31": "12910.10000", "2016-12-31": "12935.90000", "2016-09-30": "13020.20000", "2016-06-30": "12887.40000", "2016-03-31": "12773.30000", "2015-12-31": "12759.30000", "2015-09-30": "12989.60000", "2015-06-30": "12901.90000", "2015-03-31": "12829.00000", "2014-12-31": "12346.20000", "2014-09-30": "12055.70000", "2014-06-30": "12020.50000", "2014-03-31": "12017.80000", "2013-12-31": "12043.10000", "2013-09-30": "12086.60000", "2013-06-30": "12061.00000", "2013-03-31": "11904.70000", "2012-12-31": "11911.20000", "2012-09-30": "11892.70000", "2012-06-30": "11907.60000", "2012-03-31": "11702.20000", "2011-12-31": "11868.10000", "2011-09-30": "11841.70000", "2011-06-30": "12015.30000", "2011-03-31": "11599.10000", "2010-12-31": "11613.00000", "2010-09-30": "11672.00000", "2010-06-30": "11885.50000", "2010-03-31": "11896.60000", "2009-12-31": "11973.20000", "2009-09-30": "11975.60000", "2009-06-30": "11952.80000", "2009-03-31": "12533.90000", "2008-12-31": "12638.90000", "2008-09-30": "3294.70000", "2008-06-30": "3285.70000", "2008-03-31": "3270.40000", "2007-12-31": "3164.00000", "2007-09-30": "3190.80000", "2007-06-30": "3027.80000", "2007-03-31": "3010.00000", "2006-12-31": "3007.30000", "2006-09-30": "3054.60000", "2006-06-30": "3026.70000", "2006-03-31": "2895.20000", "2005-12-31": "2944.70000", "2005-09-30": "2737.80000", "2005-06-30": "2677.20000", "2005-03-31": "2635.20000"}, "Common Stock Net": {"2020-09-30": "3.50000", "2020-06-30": "3.50000", "2020-03-31": "3.50000", "2019-12-31": "3.50000", "2019-09-30": "3.50000", "2019-06-30": "3.50000", "2019-03-31": "3.50000", "2018-12-31": "3.50000", "2018-09-30": "3.50000", "2018-06-30": "3.50000", "2018-03-31": "3.50000", "2017-12-31": "3.50000", "2017-09-30": "3.50000", "2017-06-30": "3.50000", "2017-03-31": "3.50000", "2016-12-31": "3.50000", "2016-09-30": "3.50000", "2016-06-30": "3.50000", "2016-03-31": "3.50000", "2015-12-31": "3.50000", "2015-09-30": "4.20000", "2015-06-30": "4.10000", "2015-03-31": "4.20000", "2014-12-31": "4.10000", "2014-09-30": "4.10000", "2014-06-30": "4.10000", "2014-03-31": "4.10000", "2013-12-31": "4.10000", "2013-09-30": "4.10000", "2013-06-30": "4.10000", "2013-03-31": "4.10000", "2012-12-31": "4.10000", "2012-09-30": "4.00000", "2012-06-30": "4.00000", "2012-03-31": "4.00000", "2011-12-31": "4.00000", "2011-09-30": "4.00000", "2011-06-30": "4.00000", "2011-03-31": "4.00000", "2010-12-31": "4.00000", "2010-09-30": "4.00000", "2010-06-30": "4.00000", "2010-03-31": "4.00000", "2009-12-31": "4.00000", "2009-09-30": "4.00000", "2009-06-30": "3.90000", "2009-03-31": "3.90000", "2008-12-31": "3.90000", "2008-09-30": "2.00000", "2008-06-30": "2.00000", "2008-03-31": "2.00000", "2007-12-31": "2.00000", "2007-09-30": "1.90000", "2007-06-30": "1.90000", "2007-03-31": "1.90000", "2006-12-31": "1.90000", "2006-09-30": "1.90000", "2006-06-30": "1.90000", "2006-03-31": "1.90000", "2005-12-31": "1.90000", "2005-09-30": "1.90000", "2005-06-30": "1.90000", "2005-03-31": "1.90000"}, "Retained Earnings (Accumulated Deficit)": {"2020-09-30": "5652.80000", "2020-06-30": "5529.20000", "2020-03-31": "5433.60000", "2019-12-31": "5317.30000", "2019-09-30": "5155.90000", "2019-06-30": "4987.90000", "2019-03-31": "4857.50000", "2018-12-31": "4750.50000", "2018-09-30": "4571.60000", "2018-06-30": "4430.90000", "2018-03-31": "4309.30000", "2017-12-31": "4152.50000", "2017-09-30": "3603.40000", "2017-06-30": "3496.70000", "2017-03-31": "3402.50000", "2016-12-31": "3324.00000", "2016-09-30": "3243.90000", "2016-06-30": "3268.00000", "2016-03-31": "3190.90000", "2015-12-31": "3138.30000", "2015-09-30": "3070.30000", "2015-06-30": "2960.20000", "2015-03-31": "2868.30000", "2014-12-31": "2795.00000", "2014-09-30": "2843.90000", "2014-06-30": "2758.00000", "2014-03-31": "2671.90000", "2013-12-31": "2632.70000", "2013-09-30": "2490.20000", "2013-06-30": "2413.00000", "2013-03-31": "2442.10000", "2012-12-31": "2403.20000", "2012-09-30": "2361.30000", "2012-06-30": "2294.50000", "2012-03-31": "2225.80000", "2011-12-31": "2164.70000", "2011-09-30": "2055.30000", "2011-06-30": "1943.50000", "2011-03-31": "1972.50000", "2010-12-31": "1890.30000", "2010-09-30": "1819.50000", "2010-06-30": "1762.30000", "2010-03-31": "1675.50000", "2009-12-31": "1683.10000", "2009-09-30": "1720.10000", "2009-06-30": "1671.90000", "2009-03-31": "1518.20000", "2008-12-31": "1477.20000", "2008-09-30": "1680.90000", "2008-06-30": "1626.90000", "2008-03-31": "1617.30000", "2007-12-31": "1572.30000", "2007-09-30": "1521.80000", "2007-06-30": "1486.60000", "2007-03-31": "1419.90000", "2006-12-31": "1602.60000", "2006-09-30": "1556.50000", "2006-06-30": "1500.30000", "2006-03-31": "1448.20000", "2005-12-31": "1402.80000", "2005-09-30": "1362.20000", "2005-06-30": "1318.10000", "2005-03-31": "1270.70000"}, "Comprehensive Income": {"2020-09-30": "-15.50000", "2020-06-30": "-16.50000", "2020-03-31": "-17.60000", "2019-12-31": "2.20000", "2019-09-30": "-8.50000", "2019-06-30": "3.90000", "2019-03-31": "24.80000", "2018-12-31": "30.80000", "2018-09-30": "55.90000", "2018-06-30": "52.80000", "2018-03-31": "41.70000", "2017-12-31": "22.60000", "2017-09-30": "15.40000", "2017-06-30": "11.10000", "2017-03-31": "13.50000", "2016-12-31": "14.20000", "2016-09-30": "-23.00000", "2016-06-30": "-30.90000", "2016-03-31": "-31.10000", "2015-12-31": "-30.50000", "2015-09-30": "-26.60000", "2015-06-30": "-21.70000", "2015-03-31": "-27.80000", "2014-12-31": "-28.90000", "2014-09-30": "-2.20000", "2014-06-30": "4.50000", "2014-03-31": "1.40000", "2013-12-31": "3.00000", "2013-09-30": "-0.80000", "2013-06-30": "-7.40000", "2013-03-31": "-4.70000", "2012-12-31": "-5.80000", "2012-09-30": "-19.80000", "2012-06-30": "-31.80000", "2012-03-31": "-17.30000", "2011-12-31": "-21.50000", "2011-09-30": "-2.20000", "2011-06-30": "3.80000", "2011-03-31": "17.60000", "2010-12-31": "21.90000", "2010-09-30": "14.70000", "2010-06-30": "12.00000", "2010-03-31": "12.20000", "2009-12-31": "19.00000", "2009-09-30": "-4.40000", "2009-06-30": "-1.40000", "2009-03-31": "-5.50000", "2008-12-31": "-3.10000", "2008-09-30": "11.50000", "2008-06-30": "25.00000", "2008-03-31": "11.00000", "2007-12-31": "9.10000", "2007-09-30": "5.20000", "2007-06-30": "4.60000", "2007-03-31": "3.80000", "2006-12-31": "0.90000", "2006-09-30": "1.30000", "2006-06-30": "2.70000", "2006-03-31": "2.40000", "2005-12-31": "1.90000", "2005-09-30": "3.10000", "2005-06-30": "3.10000", "2005-03-31": "3.60000"}, "Other Share Holders Equity": {"2020-09-30": "", "2020-06-30": "", "2020-03-31": "", "2019-12-31": "", "2019-09-30": "", "2019-06-30": "", "2019-03-31": "", "2018-12-31": "", "2018-09-30": "", "2018-06-30": "", "2018-03-31": "", "2017-12-31": "", "2017-09-30": "", "2017-06-30": "", "2017-03-31": "", "2016-12-31": "", "2016-09-30": "", "2016-06-30": "", "2016-03-31": "", "2015-12-31": "", "2015-09-30": "", "2015-06-30": "", "2015-03-31": "", "2014-12-31": "", "2014-09-30": "", "2014-06-30": "", "2014-03-31": "", "2013-12-31": "", "2013-09-30": "", "2013-06-30": "", "2013-03-31": "", "2012-12-31": "", "2012-09-30": "", "2012-06-30": "", "2012-03-31": "", "2011-12-31": "", "2011-09-30": "", "2011-06-30": "", "2011-03-31": "", "2010-12-31": "", "2010-09-30": "", "2010-06-30": "", "2010-03-31": "", "2009-12-31": "", "2009-09-30": "", "2009-06-30": "", "2009-03-31": "", "2008-12-31": "", "2008-09-30": "", "2008-06-30": "", "2008-03-31": "", "2007-12-31": "", "2007-09-30": "", "2007-06-30": "", "2007-03-31": "", "2006-12-31": "", "2006-09-30": "", "2006-06-30": "", "2006-03-31": "", "2005-12-31": "", "2005-09-30": "", "2005-06-30": "", "2005-03-31": ""}, "Share Holder Equity": {"2020-09-30": "8374.10000", "2020-06-30": "8230.90000", "2020-03-31": "8120.20000", "2019-12-31": "8120.90000", "2019-09-30": "7978.50000", "2019-06-30": "7955.20000", "2019-03-31": "7922.60000", "2018-12-31": "7929.50000", "2018-09-30": "7923.80000", "2018-06-30": "7848.80000", "2018-03-31": "7914.30000", "2017-12-31": "7961.10000", "2017-09-30": "7674.20000", "2017-06-30": "7665.10000", "2017-03-31": "7685.70000", "2016-12-31": "7693.70000", "2016-09-30": "7641.50000", "2016-06-30": "7758.00000", "2016-03-31": "7765.90000", "2015-12-31": "7776.60000", "2015-09-30": "7802.20000", "2015-06-30": "7764.70000", "2015-03-31": "7764.70000", "2014-12-31": "7747.80000", "2014-09-30": "7931.30000", "2014-06-30": "7855.50000", "2014-03-31": "7824.70000", "2013-12-31": "7906.10000", "2013-09-30": "7739.40000", "2013-06-30": "7713.20000", "2013-03-31": "7734.40000", "2012-12-31": "7705.70000", "2012-09-30": "7741.60000", "2012-06-30": "7682.70000", "2012-03-31": "7753.70000", "2011-12-31": "7683.40000", "2011-09-30": "7614.50000", "2011-06-30": "7666.70000", "2011-03-31": "7797.60000", "2010-12-31": "7848.90000", "2010-09-30": "7786.00000", "2010-06-30": "7685.90000", "2010-03-31": "7568.70000", "2009-12-31": "7567.10000", "2009-09-30": "7554.50000", "2009-06-30": "7493.60000", "2009-03-31": "7328.70000", "2008-12-31": "7282.50000", "2008-09-30": "1311.80000", "2008-06-30": "1261.80000", "2008-03-31": "1264.00000", "2007-12-31": "1303.80000", "2007-09-30": "1307.20000", "2007-06-30": "1388.40000", "2007-03-31": "1400.60000", "2006-12-31": "1422.10000", "2006-09-30": "1434.30000", "2006-06-30": "1463.00000", "2006-03-31": "1576.30000", "2005-12-31": "1605.80000", "2005-09-30": "1627.60000", "2005-06-30": "1672.00000", "2005-03-31": "1745.80000"}, "Total Liabilities And Share Holders Equity": {"2020-09-30": "23110.10000", "2020-06-30": "22826.30000", "2020-03-31": "22908.90000", "2019-12-31": "22683.80000", "2019-09-30": "22329.10000", "2019-06-30": "21996.80000", "2019-03-31": "21782.00000", "2018-12-31": "21617.00000", "2018-09-30": "21402.10000", "2018-06-30": "21203.70000", "2018-03-31": "21108.70000", "2017-12-31": "21147.00000", "2017-09-30": "20948.60000", "2017-06-30": "20761.10000", "2017-03-31": "20595.80000", "2016-12-31": "20629.60000", "2016-09-30": "20661.70000", "2016-06-30": "20645.40000", "2016-03-31": "20539.20000", "2015-12-31": "20535.90000", "2015-09-30": "20791.80000", "2015-06-30": "20666.60000", "2015-03-31": "20593.70000", "2014-12-31": "20094.00000", "2014-09-30": "19987.00000", "2014-06-30": "19876.00000", "2014-03-31": "19842.50000", "2013-12-31": "19949.20000", "2013-09-30": "19826.00000", "2013-06-30": "19774.20000", "2013-03-31": "19639.10000", "2012-12-31": "19616.90000", "2012-09-30": "19634.30000", "2012-06-30": "19590.30000", "2012-03-31": "19455.90000", "2011-12-31": "19551.50000", "2011-09-30": "19456.20000", "2011-06-30": "19682.00000", "2011-03-31": "19396.70000", "2010-12-31": "19461.90000", "2010-09-30": "19458.00000", "2010-06-30": "19571.40000", "2010-03-31": "19465.30000", "2009-12-31": "19540.30000", "2009-09-30": "19530.10000", "2009-06-30": "19446.40000", "2009-03-31": "19862.60000", "2008-12-31": "19921.40000", "2008-09-30": "4606.50000", "2008-06-30": "4547.50000", "2008-03-31": "4534.40000", "2007-12-31": "4467.80000", "2007-09-30": "4498.00000", "2007-06-30": "4416.20000", "2007-03-31": "4410.60000", "2006-12-31": "4429.40000", "2006-09-30": "4488.90000", "2006-06-30": "4489.70000", "2006-03-31": "4471.50000", "2005-12-31": "4550.50000", "2005-09-30": "4365.40000", "2005-06-30": "4349.20000", "2005-03-31": "4381.00000"}}, "cash flow statement": {"Net Income/Loss": {"2019-12-31": "1073.80000", "2018-12-31": "1037.60000", "2017-12-31": "1279.00000", "2016-12-31": "613.20000", "2015-12-31": "750.40000", "2014-12-31": "547.90000", "2013-12-31": "589.10000", "2012-12-31": "572.10000", "2011-12-31": "588.90000", "2010-12-31": "507.50000", "2009-12-31": "496.50000", "2008-12-31": "73.90000", "2007-12-31": "290.20000", "2006-12-31": "279.60000", "2005-12-31": "253.70000"}, "Total Depreciation And Amortization - Cash Flow": {"2019-12-31": "1122.40000", "2018-12-31": "1114.10000", "2017-12-31": "1116.10000", "2016-12-31": "1070.20000", "2015-12-31": "1050.00000", "2014-12-31": "984.90000", "2013-12-31": "954.00000", "2012-12-31": "926.90000", "2011-12-31": "921.60000", "2010-12-31": "914.20000", "2009-12-31": "958.50000", "2008-12-31": "378.00000", "2007-12-31": "322.60000", "2006-12-31": "311.70000", "2005-12-31": "293.30000"}, "Other Non-Cash Items": {"2019-12-31": "383.50000", "2018-12-31": "276.30000", "2017-12-31": "-253.50000", "2016-12-31": "369.60000", "2015-12-31": "196.00000", "2014-12-31": "292.60000", "2013-12-31": "261.70000", "2012-12-31": "361.10000", "2011-12-31": "663.10000", "2010-12-31": "390.80000", "2009-12-31": "193.40000", "2008-12-31": "139.20000", "2007-12-31": "38.40000", "2006-12-31": "50.50000", "2005-12-31": "66.90000"}, "Total Non-Cash Items": {"2019-12-31": "1505.90000", "2018-12-31": "1390.40000", "2017-12-31": "862.60000", "2016-12-31": "1439.80000", "2015-12-31": "1246.00000", "2014-12-31": "1277.50000", "2013-12-31": "1215.70000", "2012-12-31": "1288.00000", "2011-12-31": "1584.70000", "2010-12-31": "1305.00000", "2009-12-31": "1151.90000", "2008-12-31": "517.20010", "2007-12-31": "361.00000", "2006-12-31": "362.20000", "2005-12-31": "360.20000"}, "Change In Accounts Receivable": {"2019-12-31": "-38.30000", "2018-12-31": "-29.60000", "2017-12-31": "-118.90000", "2016-12-31": "-52.30000", "2015-12-31": "-15.70000", "2014-12-31": "-54.30000", "2013-12-31": "-61.60000", "2012-12-31": "-37.20000", "2011-12-31": "-16.00000", "2010-12-31": "8.80000", "2009-12-31": "53.10000", "2008-12-31": "21.10000", "2007-12-31": "-13.60000", "2006-12-31": "-22.00000", "2005-12-31": "-17.70000"}, "Change In Inventories": {"2019-12-31": "", "2018-12-31": "", "2017-12-31": "", "2016-12-31": "", "2015-12-31": "", "2014-12-31": "", "2013-12-31": "", "2012-12-31": "", "2011-12-31": "", "2010-12-31": "", "2009-12-31": "", "2008-12-31": "", "2007-12-31": "", "2006-12-31": "", "2005-12-31": ""}, "Change In Accounts Payable": {"2019-12-31": "", "2018-12-31": "", "2017-12-31": "", "2016-12-31": "", "2015-12-31": "", "2014-12-31": "", "2013-12-31": "", "2012-12-31": "", "2011-12-31": "", "2010-12-31": "", "2009-12-31": "", "2008-12-31": "", "2007-12-31": "", "2006-12-31": "", "2005-12-31": ""}, "Change In Assets/Liabilities": {"2019-12-31": "-195.70000", "2018-12-31": "-241.50000", "2017-12-31": "-133.70000", "2016-12-31": "-143.10000", "2015-12-31": "-336.60000", "2014-12-31": "-244.60000", "2013-12-31": "-232.90000", "2012-12-31": "-259.50000", "2011-12-31": "-402.80000", "2010-12-31": "-352.70000", "2009-12-31": "-298.10000", "2008-12-31": "64.50000", "2007-12-31": "20.80000", "2006-12-31": "-101.70000", "2005-12-31": "-25.90000"}, "Total Change In Assets/Liabilities": {"2019-12-31": "-227.60000", "2018-12-31": "-185.20000", "2017-12-31": "-230.90000", "2016-12-31": "-205.20000", "2015-12-31": "-316.70000", "2014-12-31": "-295.60000", "2013-12-31": "-256.60000", "2012-12-31": "-346.30000", "2011-12-31": "-406.90000", "2010-12-31": "-378.80000", "2009-12-31": "-251.90000", "2008-12-31": "-78.90000", "2007-12-31": "10.10000", "2006-12-31": "-130.60000", "2005-12-31": "133.90000"}, "Cash Flow From Operating Activities": {"2019-12-31": "2352.10000", "2018-12-31": "2242.80000", "2017-12-31": "1910.70000", "2016-12-31": "1847.80000", "2015-12-31": "1679.70000", "2014-12-31": "1529.80000", "2013-12-31": "1548.20000", "2012-12-31": "1513.80000", "2011-12-31": "1766.70000", "2010-12-31": "1433.70000", "2009-12-31": "1396.50000", "2008-12-31": "512.20000", "2007-12-31": "661.30000", "2006-12-31": "511.20000", "2005-12-31": "747.80000"}, "Net Change In Property, Plant, And Equipment": {"2019-12-31": "-1185.40000", "2018-12-31": "-1040.20000", "2017-12-31": "-983.70000", "2016-12-31": "-918.00000", "2015-12-31": "-924.40000", "2014-12-31": "-826.80000", "2013-12-31": "-856.90000", "2012-12-31": "-874.80000", "2011-12-31": "-901.90000", "2010-12-31": "-757.30000", "2009-12-31": "-794.50000", "2008-12-31": "-378.70000", "2007-12-31": "-286.40000", "2006-12-31": "-308.20000", "2005-12-31": "-298.90000"}, "Net Change In Intangible Assets": {"2019-12-31": "", "2018-12-31": "", "2017-12-31": "", "2016-12-31": "", "2015-12-31": "", "2014-12-31": "", "2013-12-31": "", "2012-12-31": "", "2011-12-31": "", "2010-12-31": "", "2009-12-31": "", "2008-12-31": "", "2007-12-31": "", "2006-12-31": "", "2005-12-31": ""}, "Net Acquisitions/Divestitures": {"2019-12-31": "-532.30000", "2018-12-31": "-188.10000", "2017-12-31": "-347.10000", "2016-12-31": "-47.40000", "2015-12-31": "-572.70000", "2014-12-31": "-195.70000", "2013-12-31": "-66.00000", "2012-12-31": "-85.70000", "2011-12-31": "-28.40000", "2010-12-31": "1.10000", "2009-12-31": "511.00000", "2008-12-31": "-550.50000", "2007-12-31": "37.70000", "2006-12-31": "2.20000", "2005-12-31": "3.90000"}, "Net Change In Short-term Investments": {"2019-12-31": "-14.70000", "2018-12-31": "-38.20000", "2017-12-31": "-18.50000", "2016-12-31": "-29.90000", "2015-12-31": "", "2014-12-31": "", "2013-12-31": "", "2012-12-31": "", "2011-12-31": "", "2010-12-31": "", "2009-12-31": "", "2008-12-31": "-5.30000", "2007-12-31": "", "2006-12-31": "", "2005-12-31": "38.70000"}, "Net Change In Long-Term Investments": {"2019-12-31": "13.50000", "2018-12-31": "37.70000", "2017-12-31": "18.10000", "2016-12-31": "32.10000", "2015-12-31": "", "2014-12-31": "", "2013-12-31": "", "2012-12-31": "", "2011-12-31": "", "2010-12-31": "", "2009-12-31": "", "2008-12-31": "", "2007-12-31": "", "2006-12-31": "", "2005-12-31": ""}, "Net Change In Investments - Total": {"2019-12-31": "-1.20000", "2018-12-31": "-0.50000", "2017-12-31": "-0.40000", "2016-12-31": "2.20000", "2015-12-31": "", "2014-12-31": "", "2013-12-31": "", "2012-12-31": "", "2011-12-31": "", "2010-12-31": "", "2009-12-31": "", "2008-12-31": "-5.30000", "2007-12-31": "", "2006-12-31": "", "2005-12-31": "38.70000"}, "Investing Activities - Other": {"2019-12-31": "-0.10000", "2018-12-31": "-0.30000", "2017-12-31": "1.00000", "2016-12-31": "-1.30000", "2015-12-31": "14.30000", "2014-12-31": "62.70000", "2013-12-31": "-11.00000", "2012-12-31": "23.00000", "2011-12-31": "-19.90000", "2010-12-31": "65.70000", "2009-12-31": "41.00000", "2008-12-31": "-0.20000", "2007-12-31": "-11.60000", "2006-12-31": "101.50000", "2005-12-31": "-21.20000"}, "Cash Flow From Investing Activities": {"2019-12-31": "-1719.00000", "2018-12-31": "-1229.10000", "2017-12-31": "-1330.20000", "2016-12-31": "-964.50000", "2015-12-31": "-1482.80000", "2014-12-31": "-959.80000", "2013-12-31": "-933.90000", "2012-12-31": "-937.50000", "2011-12-31": "-950.20000", "2010-12-31": "-690.50000", "2009-12-31": "-242.50000", "2008-12-31": "-934.70000", "2007-12-31": "-260.30000", "2006-12-31": "-204.50000", "2005-12-31": "-277.50000"}, "Net Long-Term Debt": {"2019-12-31": "309.70020", "2018-12-31": "128.69970", "2017-12-31": "509.80030", "2016-12-31": "93.69970", "2015-12-31": "500.60000", "2014-12-31": "-15.10000", "2013-12-31": "-58.90000", "2012-12-31": "50.80010", "2011-12-31": "36.80010", "2010-12-31": "-397.40010", "2009-12-31": "-865.89990", "2008-12-31": "712.80000", "2007-12-31": "11.10000", "2006-12-31": "72.00000", "2005-12-31": "103.20000"}, "Net Current Debt": {"2019-12-31": "", "2018-12-31": "", "2017-12-31": "", "2016-12-31": "", "2015-12-31": "", "2014-12-31": "", "2013-12-31": "", "2012-12-31": "", "2011-12-31": "", "2010-12-31": "", "2009-12-31": "", "2008-12-31": "", "2007-12-31": "", "2006-12-31": "", "2005-12-31": ""}, "Debt Issuance/Retirement Net - Total": {"2019-12-31": "309.70020", "2018-12-31": "128.69970", "2017-12-31": "509.80030", "2016-12-31": "93.69970", "2015-12-31": "500.60000", "2014-12-31": "-15.10000", "2013-12-31": "-58.90000", "2012-12-31": "50.80010", "2011-12-31": "36.80010", "2010-12-31": "-397.40010", "2009-12-31": "-865.89990", "2008-12-31": "712.80000", "2007-12-31": "11.10000", "2006-12-31": "72.00000", "2005-12-31": "103.20000"}, "Net Common Equity Issued/Repurchased": {"2019-12-31": "-390.10000", "2018-12-31": "-713.70000", "2017-12-31": "-573.80000", "2016-12-31": "-354.10000", "2015-12-31": "-338.80000", "2014-12-31": "-312.00000", "2013-12-31": "-63.30000", "2012-12-31": "-255.20000", "2011-12-31": "-420.00000", "2010-12-31": "43.40000", "2009-12-31": "38.60000", "2008-12-31": "-113.80000", "2007-12-31": "-331.50000", "2006-12-31": "-416.70000", "2005-12-31": "-483.40000"}, "Net Total Equity Issued/Repurchased": {"2019-12-31": "-390.10000", "2018-12-31": "-713.70000", "2017-12-31": "-573.80000", "2016-12-31": "-354.10000", "2015-12-31": "-338.80000", "2014-12-31": "-312.00000", "2013-12-31": "-63.30000", "2012-12-31": "-255.20000", "2011-12-31": "-420.00000", "2010-12-31": "43.40000", "2009-12-31": "38.60000", "2008-12-31": "-113.80000", "2007-12-31": "-331.50000", "2006-12-31": "-416.70000", "2005-12-31": "-483.40000"}, "Total Common And Preferred Stock Dividends Paid": {"2019-12-31": "-491.20000", "2018-12-31": "-461.80000", "2017-12-31": "-440.50000", "2016-12-31": "-418.90000", "2015-12-31": "-399.30000", "2014-12-31": "-378.60000", "2013-12-31": "-348.50000", "2012-12-31": "-329.10000", "2011-12-31": "-309.40000", "2010-12-31": "-294.60000", "2009-12-31": "-288.30000", "2008-12-31": "-128.30000", "2007-12-31": "-93.90000", "2006-12-31": "-78.50000", "2005-12-31": "-72.20000"}, "Financial Activities - Other": {"2019-12-31": "-17.40000", "2018-12-31": "-12.70000", "2017-12-31": "-9.90000", "2016-12-31": "-177.50000", "2015-12-31": "-2.20000", "2014-12-31": "-2.40000", "2013-12-31": "2.10000", "2012-12-31": "-41.50000", "2011-12-31": "-145.90000", "2010-12-31": "-54.30000", "2009-12-31": "-59.10000", "2008-12-31": "-1.30000", "2007-12-31": "6.00000", "2006-12-31": "13.80000", "2005-12-31": "-27.60000"}, "Cash Flow From Financial Activities": {"2019-12-31": "-589.00000", "2018-12-31": "-1059.50000", "2017-12-31": "-514.40000", "2016-12-31": "-856.80000", "2015-12-31": "-239.70000", "2014-12-31": "-708.10000", "2013-12-31": "-468.60000", "2012-12-31": "-575.00000", "2011-12-31": "-838.50000", "2010-12-31": "-702.90000", "2009-12-31": "-1174.70000", "2008-12-31": "469.40000", "2007-12-31": "-408.30000", "2006-12-31": "-409.40000", "2005-12-31": "-480.00000"}, "Net Cash Flow": {"2019-12-31": "44.10000", "2018-12-31": "-45.80000", "2017-12-31": "66.10000", "2016-12-31": "26.50000", "2015-12-31": "-42.80000", "2014-12-31": "-138.10000", "2013-12-31": "145.70000", "2012-12-31": "1.30000", "2011-12-31": "-22.00000", "2010-12-31": "40.30000", "2009-12-31": "-20.70000", "2008-12-31": "46.90000", "2007-12-31": "-7.30000", "2006-12-31": "-102.70000", "2005-12-31": "-9.70000"}, "Stock-Based Compensation": {"2019-12-31": "39.50000", "2018-12-31": "39.00000", "2017-12-31": "34.60000", "2016-12-31": "23.20000", "2015-12-31": "18.90000", "2014-12-31": "17.40000", "2013-12-31": "19.20000", "2012-12-31": "21.20000", "2011-12-31": "20.60000", "2010-12-31": "24.50000", "2009-12-31": "15.00000", "2008-12-31": "24.00000", "2007-12-31": "10.90000", "2006-12-31": "9.00000", "2005-12-31": "4.50000"}, "Common Stock Dividends Paid": {"2019-12-31": "-491.20000", "2018-12-31": "-461.80000", "2017-12-31": "-440.50000", "2016-12-31": "-418.90000", "2015-12-31": "-399.30000", "2014-12-31": "-378.60000", "2013-12-31": "-348.50000", "2012-12-31": "-329.10000", "2011-12-31": "-309.40000", "2010-12-31": "-294.60000", "2009-12-31": "-288.30000", "2008-12-31": "-128.30000", "2007-12-31": "-93.90000", "2006-12-31": "-78.50000", "2005-12-31": "-72.20000"}}, "cash flow statement, quarterly": {"Net Income/Loss": {"2020-09-30": 260.2, "2020-06-30": 226.3, "2020-03-31": "246.80000", "2019-12-31": 290, "2019-09-30": 298, "2019-06-30": 250.9, "2019-03-31": "234.90000", "2018-12-31": 301.1, "2018-09-30": 262.9, "2018-06-30": 235.7, "2018-03-31": "237.90000", "2017-12-31": 664.5, "2017-09-30": 223.3, "2017-06-30": 203.4, "2017-03-31": "187.80000", "2016-12-31": 189.6, "2016-09-30": 85.7, "2016-06-30": 181, "2016-03-31": "156.90000", "2015-12-31": 172.4, "2015-09-30": 215.1, "2015-06-30": 190.4, "2015-03-31": "172.50000", "2014-12-31": 50.5, "2014-09-30": 185.8, "2014-06-30": 179, "2014-03-31": "132.60000", "2013-12-31": 236.7, "2013-09-30": 171.1, "2013-06-30": 56.4, "2013-03-31": "124.90000", "2012-12-31": 127, "2012-09-30": 152.8, "2012-06-30": 149.5, "2012-03-31": "142.80000", "2011-12-31": 191, "2011-09-30": 193.6, "2011-06-30": 46.2, "2011-03-31": "158.10000", "2010-12-31": 147.9, "2010-09-30": 134.5, "2010-06-30": 159.9, "2010-03-31": "65.20000", "2009-12-31": 35.9, "2009-09-30": 121.1, "2009-06-30": 226.1, "2009-03-31": "113.40000", "2008-12-31": -131.6, "2008-09-30": 88.7, "2008-06-30": 40.7, "2008-03-31": "76.10000", "2007-12-31": 82.1, "2007-09-30": 67, "2007-06-30": 87.2, "2007-03-31": "53.90000", "2006-12-31": 66.9, "2006-09-30": 77.3, "2006-06-30": 70.8, "2006-03-31": "64.60000", "2005-12-31": 60, "2005-09-30": 63.8, "2005-06-30": 64.4, "2005-03-31": "65.50000"}, "Total Depreciation And Amortization - Cash Flow": {"2020-09-30": 291.4, "2020-06-30": 289.9, "2020-03-31": "289.50000", "2019-12-31": 277.9, "2019-09-30": 287.8, "2019-06-30": 284.7, "2019-03-31": "272.00000", "2018-12-31": 272.4, "2018-09-30": 282.5, "2018-06-30": 275.7, "2018-03-31": "283.50000", "2017-12-31": 287.2, "2017-09-30": 280.8, "2017-06-30": 278.2, "2017-03-31": "269.90000", "2016-12-31": 265.2, "2016-09-30": 272.1, "2016-06-30": 269.9, "2016-03-31": "263.00000", "2015-12-31": 264.5, "2015-09-30": 266.8, "2015-06-30": 265.6, "2015-03-31": "253.10000", "2014-12-31": 247.5, "2014-09-30": 255.1, "2014-06-30": 249.7, "2014-03-31": "232.60000", "2013-12-31": 245.4, "2013-09-30": 243.6, "2013-06-30": 236.2, "2013-03-31": "228.80000", "2012-12-31": 235.7, "2012-09-30": 223.2, "2012-06-30": 234.6, "2012-03-31": "233.40000", "2011-12-31": 233.6, "2011-09-30": 234.4, "2011-06-30": 228.1, "2011-03-31": "225.50000", "2010-12-31": 225.3, "2010-09-30": 231.7, "2010-06-30": 234, "2010-03-31": "223.20000", "2009-12-31": 232.4, "2009-09-30": 240.4, "2009-06-30": 240.6, "2009-03-31": "245.10000", "2008-12-31": 137.6, "2008-09-30": 81.9, "2008-06-30": 80.7, "2008-03-31": "77.80000", "2007-12-31": 76.1, "2007-09-30": 82.3, "2007-06-30": 81.1, "2007-03-31": "83.10000", "2006-12-31": 75.7, "2006-09-30": 80.9, "2006-06-30": 78.2, "2006-03-31": "76.90000", "2005-12-31": 78.6, "2005-09-30": 75.9, "2005-06-30": 74.2, "2005-03-31": "64.60000"}, "Other Non-Cash Items": {"2020-09-30": 108.8, "2020-06-30": 67.3, "2020-03-31": "64.50000", "2019-12-31": 228.8, "2019-09-30": 43.3, "2019-06-30": 51.5, "2019-03-31": "59.90000", "2018-12-31": 46.7, "2018-09-30": 105, "2018-06-30": 59.9, "2018-03-31": "64.70000", "2017-12-31": -394.7, "2017-09-30": 59, "2017-06-30": 46.9, "2017-03-31": "35.30000", "2016-12-31": 19.5, "2016-09-30": 272.3, "2016-06-30": 45.9, "2016-03-31": "31.90000", "2015-12-31": 150.6, "2015-09-30": 21.7, "2015-06-30": 18.8, "2015-03-31": "4.90000", "2014-12-31": 201.8, "2014-09-30": 40.2, "2014-06-30": 13.5, "2014-03-31": "37.10000", "2013-12-31": 156.7, "2013-09-30": 20.2, "2013-06-30": 70.7, "2013-03-31": "14.10000", "2012-12-31": 189.2, "2012-09-30": 52.1, "2012-06-30": 101.1, "2012-03-31": "18.70000", "2011-12-31": 387.3, "2011-09-30": 71.6, "2011-06-30": 166.7, "2011-03-31": "37.50000", "2010-12-31": 115.7, "2010-09-30": 146, "2010-06-30": 14.2, "2010-03-31": "114.90000", "2009-12-31": 132.4, "2009-09-30": 82.9, "2009-06-30": -123.3, "2009-03-31": "101.40000", "2008-12-31": 96, "2008-09-30": 16.2, "2008-06-30": 11.2, "2008-03-31": "15.80000", "2007-12-31": 3.9, "2007-09-30": 19.4, "2007-06-30": -1.1, "2007-03-31": "16.20000", "2006-12-31": 19.1, "2006-09-30": 11.4, "2006-06-30": 6.6, "2006-03-31": "13.40000", "2005-12-31": 13.4, "2005-09-30": 15.2, "2005-06-30": 16.9, "2005-03-31": "21.40000"}, "Total Non-Cash Items": {"2020-09-30": 400.1999, "2020-06-30": 357.2001, "2020-03-31": "354.00000", "2019-12-31": 506.7, "2019-09-30": 331.1001, "2019-06-30": 336.1999, "2019-03-31": "331.90000", "2018-12-31": 319.1, "2018-09-30": 387.5, "2018-06-30": 335.6, "2018-03-31": "348.20000", "2017-12-31": -107.5, "2017-09-30": 339.8, "2017-06-30": 325.1, "2017-03-31": "305.20000", "2016-12-31": 284.7, "2016-09-30": 544.4, "2016-06-30": 315.8, "2016-03-31": "294.90000", "2015-12-31": 415.1, "2015-09-30": 288.5, "2015-06-30": 284.4, "2015-03-31": "258.00000", "2014-12-31": 449.3, "2014-09-30": 295.3, "2014-06-30": 263.2, "2014-03-31": "269.70000", "2013-12-31": 402.1001, "2013-09-30": 263.7999, "2013-06-30": 306.9, "2013-03-31": "242.90000", "2012-12-31": 424.9, "2012-09-30": 275.3, "2012-06-30": 335.7, "2012-03-31": "252.10000", "2011-12-31": 620.9, "2011-09-30": 306, "2011-06-30": 394.8, "2011-03-31": "263.00000", "2010-12-31": 341, "2010-09-30": 377.7, "2010-06-30": 248.2, "2010-03-31": "338.10000", "2009-12-31": 364.8, "2009-09-30": 323.3, "2009-06-30": 117.3, "2009-03-31": "346.50000", "2008-12-31": 233.6001, "2008-09-30": 98.1, "2008-06-30": 91.9, "2008-03-31": "93.60000", "2007-12-31": 80, "2007-09-30": 101.7, "2007-06-30": 80, "2007-03-31": "99.30000", "2006-12-31": 94.8, "2006-09-30": 92.3, "2006-06-30": 84.8, "2006-03-31": "90.30000", "2005-12-31": 92, "2005-09-30": 91.1, "2005-06-30": 91.1, "2005-03-31": "86.00000"}, "Change In Accounts Receivable": {"2020-09-30": -42.1, "2020-06-30": 17.5, "2020-03-31": "28.00000", "2019-12-31": 27, "2019-09-30": -12.3, "2019-06-30": -76.2, "2019-03-31": "23.20000", "2018-12-31": 42.5, "2018-09-30": -54.4, "2018-06-30": -65.2, "2018-03-31": "47.50000", "2017-12-31": 30.1, "2017-09-30": -57.4, "2017-06-30": -65.5, "2017-03-31": "-26.10000", "2016-12-31": 18.5, "2016-09-30": -31.6, "2016-06-30": -61.8, "2016-03-31": "22.60000", "2015-12-31": 24.1, "2015-09-30": -25.4, "2015-06-30": -45.7, "2015-03-31": "31.30000", "2014-12-31": 23.5, "2014-09-30": -29, "2014-06-30": -62.8, "2014-03-31": "14.00000", "2013-12-31": 9.2, "2013-09-30": -30.7, "2013-06-30": -58.9, "2013-03-31": "18.80000", "2012-12-31": 10.1, "2012-09-30": -16.8, "2012-06-30": -41, "2012-03-31": "10.50000", "2011-12-31": 64.7, "2011-09-30": -33.1, "2011-06-30": -36.2, "2011-03-31": "-11.40000", "2010-12-31": 57.4, "2010-09-30": -4.7, "2010-06-30": -55.8, "2010-03-31": "11.90000", "2009-12-31": 52.1, "2009-09-30": -23.6, "2009-06-30": -38, "2009-03-31": "62.60000", "2008-12-31": 55, "2008-09-30": -9.5, "2008-06-30": -15.5, "2008-03-31": "-8.90000", "2007-12-31": 13.9, "2007-09-30": -9.8, "2007-06-30": -12.7, "2007-03-31": "-5.00000", "2006-12-31": 16.4, "2006-09-30": -12.3, "2006-06-30": -25.5, "2006-03-31": "-0.60000", "2005-12-31": 14.3, "2005-09-30": -27.4, "2005-06-30": -24.6, "2005-03-31": "20.00000"}, "Change In Inventories": {"2020-09-30": 0, "2020-06-30": 0, "2020-03-31": "", "2019-12-31": 0, "2019-09-30": 0, "2019-06-30": 0, "2019-03-31": "", "2018-12-31": 0, "2018-09-30": 0, "2018-06-30": 0, "2018-03-31": "", "2017-12-31": 0, "2017-09-30": 0, "2017-06-30": 0, "2017-03-31": "", "2016-12-31": 0, "2016-09-30": 0, "2016-06-30": 0, "2016-03-31": "", "2015-12-31": 0, "2015-09-30": 0, "2015-06-30": 0, "2015-03-31": "", "2014-12-31": 0, "2014-09-30": 0, "2014-06-30": 0, "2014-03-31": "", "2013-12-31": 0, "2013-09-30": 0, "2013-06-30": 0, "2013-03-31": "", "2012-12-31": 0, "2012-09-30": 0, "2012-06-30": 0, "2012-03-31": "", "2011-12-31": 0, "2011-09-30": 0, "2011-06-30": 0, "2011-03-31": "", "2010-12-31": 0, "2010-09-30": 0, "2010-06-30": 0, "2010-03-31": "", "2009-12-31": 0, "2009-09-30": 0, "2009-06-30": 0, "2009-03-31": "", "2008-12-31": 0, "2008-09-30": 0, "2008-06-30": 0, "2008-03-31": "", "2007-12-31": 0, "2007-09-30": 0, "2007-06-30": 0, "2007-03-31": "", "2006-12-31": 0, "2006-09-30": 0, "2006-06-30": 0, "2006-03-31": "", "2005-12-31": 0, "2005-09-30": 0, "2005-06-30": 0, "2005-03-31": ""}, "Change In Accounts Payable": {"2020-09-30": 0, "2020-06-30": 0, "2020-03-31": "", "2019-12-31": 0, "2019-09-30": 0, "2019-06-30": 0, "2019-03-31": "", "2018-12-31": 0, "2018-09-30": 0, "2018-06-30": 0, "2018-03-31": "", "2017-12-31": 0, "2017-09-30": 0, "2017-06-30": 0, "2017-03-31": "", "2016-12-31": 0, "2016-09-30": 0, "2016-06-30": 0, "2016-03-31": "", "2015-12-31": 0, "2015-09-30": 0, "2015-06-30": 0, "2015-03-31": "", "2014-12-31": 0, "2014-09-30": 0, "2014-06-30": 0, "2014-03-31": "", "2013-12-31": 0, "2013-09-30": 0, "2013-06-30": 0, "2013-03-31": "", "2012-12-31": 0, "2012-09-30": 0, "2012-06-30": 0, "2012-03-31": "", "2011-12-31": 0, "2011-09-30": 0, "2011-06-30": 0, "2011-03-31": "", "2010-12-31": 0, "2010-09-30": 0, "2010-06-30": 0, "2010-03-31": "", "2009-12-31": 0, "2009-09-30": 0, "2009-06-30": 0, "2009-03-31": "", "2008-12-31": 0, "2008-09-30": 0, "2008-06-30": 0, "2008-03-31": "", "2007-12-31": 0, "2007-09-30": 0, "2007-06-30": 0, "2007-03-31": "", "2006-12-31": 0, "2006-09-30": 0, "2006-06-30": 0, "2006-03-31": "", "2005-12-31": 0, "2005-09-30": 0, "2005-06-30": 0, "2005-03-31": ""}, "Change In Assets/Liabilities": {"2020-09-30": -43.2, "2020-06-30": 160.3, "2020-03-31": "4.20000", "2019-12-31": -274.2, "2019-09-30": 56.6, "2019-06-30": 12.6, "2019-03-31": "9.30000", "2018-12-31": -194.1, "2018-09-30": -68, "2018-06-30": 69.6, "2018-03-31": "-49.00000", "2017-12-31": -49.9, "2017-09-30": -24.5, "2017-06-30": -55, "2017-03-31": "-4.30000", "2016-12-31": -14.3, "2016-09-30": -91.1, "2016-06-30": -34.5, "2016-03-31": "-3.20000", "2015-12-31": -280.3, "2015-09-30": -62.3, "2015-06-30": -62.3, "2015-03-31": "68.30000", "2014-12-31": -100.7, "2014-09-30": -74.6, "2014-06-30": -71.5, "2014-03-31": "2.20000", "2013-12-31": -256.5, "2013-09-30": -6.8, "2013-06-30": -14.7, "2013-03-31": "45.10000", "2012-12-31": -92.5, "2012-09-30": -40.7, "2012-06-30": -99.2, "2012-03-31": "-27.10000", "2011-12-31": -402.3, "2011-09-30": -14.7, "2011-06-30": -55.7, "2011-03-31": "69.90000", "2010-12-31": -122.5, "2010-09-30": -120.3, "2010-06-30": -93, "2010-03-31": "-16.90000", "2009-12-31": -125.8, "2009-09-30": -99.5, "2009-06-30": -28.9, "2009-03-31": "-43.90000", "2008-12-31": 52.5, "2008-09-30": -31.3, "2008-06-30": 18.3, "2008-03-31": "25.00000", "2007-12-31": -25.2, "2007-09-30": 19.2, "2007-06-30": 7.6, "2007-03-31": "19.20000", "2006-12-31": -104.4, "2006-09-30": -7.5, "2006-06-30": 9.3, "2006-03-31": "0.90000", "2005-12-31": -22.1, "2005-09-30": -29.4, "2005-06-30": 28.8, "2005-03-31": "-3.20000"}, "Total Change In Assets/Liabilities": {"2020-09-30": -84.9, "2020-06-30": 180.5, "2020-03-31": "-31.30000", "2019-12-31": -231.5, "2019-09-30": 22.2, "2019-06-30": -5.2, "2019-03-31": "-13.10000", "2018-12-31": -124.3, "2018-09-30": -94.5, "2018-06-30": 38.3, "2018-03-31": "-4.70000", "2017-12-31": -28.4, "2017-09-30": -60.2, "2017-06-30": -93.7, "2017-03-31": "-48.60000", "2016-12-31": 13.9, "2016-09-30": -114.8, "2016-06-30": -84, "2016-03-31": "-20.30000", "2015-12-31": -232.3, "2015-09-30": -80.3, "2015-06-30": -69.7, "2015-03-31": "65.60000", "2014-12-31": -71.6, "2014-09-30": -101.8, "2014-06-30": -116.3, "2014-03-31": "-5.90000", "2013-12-31": -227.8, "2013-09-30": -59.2, "2013-06-30": -21.6, "2013-03-31": "52.00000", "2012-12-31": -94.8, "2012-09-30": -66.4, "2012-06-30": -124.4, "2012-03-31": "-60.70000", "2011-12-31": -332, "2011-09-30": -8.4, "2011-06-30": -79.1, "2011-03-31": "12.60000", "2010-12-31": -18.9, "2010-09-30": -143.3, "2010-06-30": -112.4, "2010-03-31": "-104.20000", "2009-12-31": -16.6, "2009-09-30": -119.6, "2009-06-30": -168.2, "2009-03-31": "52.50000", "2008-12-31": -64, "2008-09-30": -24.1, "2008-06-30": 30.9, "2008-03-31": "-21.70000", "2007-12-31": 28.6, "2007-09-30": -42, "2007-06-30": 37.5, "2007-03-31": "-14.00000", "2006-12-31": 26.5, "2006-09-30": 6.6, "2006-06-30": -13, "2006-03-31": "-150.70000", "2005-12-31": 102.1, "2005-09-30": 3.7, "2005-06-30": 12, "2005-03-31": "16.10000"}, "Cash Flow From Operating Activities": {"2020-09-30": 575.5, "2020-06-30": 764, "2020-03-31": "569.50000", "2019-12-31": 565.2, "2019-09-30": 651.3, "2019-06-30": 581.9, "2019-03-31": "553.70000", "2018-12-31": 495.9, "2018-09-30": 555.9, "2018-06-30": 609.6, "2018-03-31": "581.40000", "2017-12-31": 528.6, "2017-09-30": 502.9, "2017-06-30": 434.8, "2017-03-31": "444.40000", "2016-12-31": 488.2, "2016-09-30": 515.3, "2016-06-30": 412.8, "2016-03-31": "431.50000", "2015-12-31": 355.2, "2015-09-30": 423.3, "2015-06-30": 405.1, "2015-03-31": "496.10000", "2014-12-31": 428.2, "2014-09-30": 379.3, "2014-06-30": 325.9, "2014-03-31": "396.40000", "2013-12-31": 411, "2013-09-30": 375.7, "2013-06-30": 341.7, "2013-03-31": "419.80000", "2012-12-31": 457.1, "2012-09-30": 361.7, "2012-06-30": 360.8, "2012-03-31": "334.20000", "2011-12-31": 479.9, "2011-09-30": 491.2, "2011-06-30": 361.9, "2011-03-31": "433.70000", "2010-12-31": 470, "2010-09-30": 368.9, "2010-06-30": 295.7, "2010-03-31": "299.10000", "2009-12-31": 384.1, "2009-09-30": 324.8, "2009-06-30": 175.2, "2009-03-31": "512.40000", "2008-12-31": 38, "2008-09-30": 162.7, "2008-06-30": 163.5, "2008-03-31": "148.00000", "2007-12-31": 190.7, "2007-09-30": 126.7, "2007-06-30": 204.7, "2007-03-31": "139.20000", "2006-12-31": 188.2, "2006-09-30": 176.2, "2006-06-30": 142.6, "2006-03-31": "4.20000", "2005-12-31": 254.1, "2005-09-30": 158.6, "2005-06-30": 167.5, "2005-03-31": "167.60000"}, "Net Change In Property, Plant, And Equipment": {"2020-09-30": -221.8, "2020-06-30": -301.6, "2020-03-31": "-340.80000", "2019-12-31": -288.8, "2019-09-30": -315.8, "2019-06-30": -285.6, "2019-03-31": "-295.20000", "2018-12-31": -227.6, "2018-09-30": -274.8, "2018-06-30": -278.1, "2018-03-31": "-259.70000", "2017-12-31": -218.9, "2017-09-30": -270.4, "2017-06-30": -271.8, "2017-03-31": "-222.60000", "2016-12-31": -186.7, "2016-09-30": -224.8, "2016-06-30": -237.9, "2016-03-31": "-268.60000", "2015-12-31": -209.5, "2015-09-30": -223.8, "2015-06-30": -224.7, "2015-03-31": "-266.40000", "2014-12-31": -157.6, "2014-09-30": -203, "2014-06-30": -255, "2014-03-31": "-211.20000", "2013-12-31": -180.2, "2013-09-30": -222.3, "2013-06-30": -242.8, "2013-03-31": "-211.60000", "2012-12-31": -191.9, "2012-09-30": -241.8, "2012-06-30": -171.7, "2012-03-31": "-269.40000", "2011-12-31": -229.2, "2011-09-30": -207.3, "2011-06-30": -175.1, "2011-03-31": "-290.30000", "2010-12-31": -203.3, "2010-09-30": -181.2, "2010-06-30": -170.3, "2010-03-31": "-202.50000", "2009-12-31": -274.8, "2009-09-30": -181.3, "2009-06-30": -149.9, "2009-03-31": "-188.50000", "2008-12-31": -120.4, "2008-09-30": -96.2, "2008-06-30": -81.5, "2008-03-31": "-80.60000", "2007-12-31": -75.1, "2007-09-30": -66.7, "2007-06-30": -61.5, "2007-03-31": "-83.10000", "2006-12-31": -61.4, "2006-09-30": -77.2, "2006-06-30": -86.6, "2006-03-31": "-83.00000", "2005-12-31": -57.4, "2005-09-30": -110.7, "2005-06-30": -81.1, "2005-03-31": "-49.70000"}, "Net Change In Intangible Assets": {"2020-09-30": 0, "2020-06-30": 0, "2020-03-31": "", "2019-12-31": 0, "2019-09-30": 0, "2019-06-30": 0, "2019-03-31": "", "2018-12-31": 0, "2018-09-30": 0, "2018-06-30": 0, "2018-03-31": "", "2017-12-31": 0, "2017-09-30": 0, "2017-06-30": 0, "2017-03-31": "", "2016-12-31": 0, "2016-09-30": 0, "2016-06-30": 0, "2016-03-31": "", "2015-12-31": 0, "2015-09-30": 0, "2015-06-30": 0, "2015-03-31": "", "2014-12-31": 0, "2014-09-30": 0, "2014-06-30": 0, "2014-03-31": "", "2013-12-31": 0, "2013-09-30": 0, "2013-06-30": 0, "2013-03-31": "", "2012-12-31": 0, "2012-09-30": 0, "2012-06-30": 0, "2012-03-31": "", "2011-12-31": 0, "2011-09-30": 0, "2011-06-30": 0, "2011-03-31": "", "2010-12-31": 0, "2010-09-30": 0, "2010-06-30": 0, "2010-03-31": "", "2009-12-31": 0, "2009-09-30": 0, "2009-06-30": 0, "2009-03-31": "", "2008-12-31": 0, "2008-09-30": 0, "2008-06-30": 0, "2008-03-31": "", "2007-12-31": 0, "2007-09-30": 0, "2007-06-30": 0, "2007-03-31": "", "2006-12-31": 0, "2006-09-30": 0, "2006-06-30": 0, "2006-03-31": "", "2005-12-31": 0, "2005-09-30": 0, "2005-06-30": 0, "2005-03-31": ""}, "Net Acquisitions/Divestitures": {"2020-09-30": -89.1, "2020-06-30": -7.1, "2020-03-31": "-61.20000", "2019-12-31": -118, "2019-09-30": -235.2, "2019-06-30": -116.4, "2019-03-31": "-62.70000", "2018-12-31": -68.2, "2018-09-30": -51.7, "2018-06-30": -50.2, "2018-03-31": "-18.00000", "2017-12-31": -200.1, "2017-09-30": -51, "2017-06-30": -26.8, "2017-03-31": "-69.20000", "2016-12-31": -16.7, "2016-09-30": -16.8, "2016-06-30": -7.9, "2016-03-31": "-6.00000", "2015-12-31": -36.8, "2015-09-30": -23.3, "2015-06-30": -3.2, "2015-03-31": "-509.40000", "2014-12-31": -122.2, "2014-09-30": -27.2, "2014-06-30": -40.1, "2014-03-31": "-6.20000", "2013-12-31": -19.7, "2013-09-30": -20.5, "2013-06-30": -16.6, "2013-03-31": "-9.20000", "2012-12-31": -22.2, "2012-09-30": -1.3, "2012-06-30": -52, "2012-03-31": "-10.20000", "2011-12-31": -1.8, "2011-09-30": -9, "2011-06-30": -6, "2011-03-31": "-11.60000", "2010-12-31": -28.1, "2010-09-30": 30, "2010-06-30": 0, "2010-03-31": "-0.80000", "2009-12-31": 37.8, "2009-09-30": 55, "2009-06-30": 418, "2009-03-31": "0.20000", "2008-12-31": -537.1, "2008-09-30": -1.2, "2008-06-30": -0.5, "2008-03-31": "-11.70000", "2007-12-31": 34.7, "2007-09-30": -1.9, "2007-06-30": 4.6, "2007-03-31": "0.30000", "2006-12-31": 0.6, "2006-09-30": 1.1, "2006-06-30": 1.3, "2006-03-31": "-0.80000", "2005-12-31": -18.6, "2005-09-30": -3.8, "2005-06-30": 0, "2005-03-31": "26.30000"}, "Net Change In Short-term Investments": {"2020-09-30": -0.7, "2020-06-30": -2.2, "2020-03-31": "-14.00000", "2019-12-31": -5.6, "2019-09-30": -0.9, "2019-06-30": -3.2, "2019-03-31": "-5.00000", "2018-12-31": -2.8, "2018-09-30": -3.3, "2018-06-30": -1.9, "2018-03-31": "-30.20000", "2017-12-31": -8.9, "2017-09-30": -2.9, "2017-06-30": -3.8, "2017-03-31": "-2.90000", "2016-12-31": -29.9, "2016-09-30": 0, "2016-06-30": 0, "2016-03-31": "", "2015-12-31": 0, "2015-09-30": 0, "2015-06-30": -2.9, "2015-03-31": "2.90000", "2014-12-31": 0, "2014-09-30": 0, "2014-06-30": 0, "2014-03-31": "", "2013-12-31": 0, "2013-09-30": 0, "2013-06-30": 0, "2013-03-31": "", "2012-12-31": 0, "2012-09-30": 0, "2012-06-30": 0, "2012-03-31": "", "2011-12-31": -12.3, "2011-09-30": 12.3, "2011-06-30": 0, "2011-03-31": "", "2010-12-31": 0, "2010-09-30": 0, "2010-06-30": 0, "2010-03-31": "", "2009-12-31": 0, "2009-09-30": 0, "2009-06-30": -19.2, "2009-03-31": "19.20000", "2008-12-31": 1.1, "2008-09-30": -6.4, "2008-06-30": 25, "2008-03-31": "-25.00000", "2007-12-31": 0, "2007-09-30": 0, "2007-06-30": 0, "2007-03-31": "", "2006-12-31": 0.3, "2006-09-30": -0.3, "2006-06-30": 0, "2006-03-31": "", "2005-12-31": 0, "2005-09-30": 0, "2005-06-30": 38.7, "2005-03-31": ""}, "Net Change In Long-Term Investments": {"2020-09-30": -5.6, "2020-06-30": 5.6, "2020-03-31": "", "2019-12-31": 13.5, "2019-09-30": -7.8, "2019-06-30": 7.8, "2019-03-31": "", "2018-12-31": 37.7, "2018-09-30": 0, "2018-06-30": 0, "2018-03-31": "", "2017-12-31": 8.9, "2017-09-30": 9.2, "2017-06-30": 0, "2017-03-31": "", "2016-12-31": 32.1, "2016-09-30": 0, "2016-06-30": 0, "2016-03-31": "", "2015-12-31": 0, "2015-09-30": 0, "2015-06-30": 0, "2015-03-31": "", "2014-12-31": 0, "2014-09-30": 0, "2014-06-30": 0, "2014-03-31": "", "2013-12-31": 0, "2013-09-30": 0, "2013-06-30": 0, "2013-03-31": "", "2012-12-31": 0, "2012-09-30": 0, "2012-06-30": 0, "2012-03-31": "", "2011-12-31": 0, "2011-09-30": 0, "2011-06-30": 0, "2011-03-31": "", "2010-12-31": 0, "2010-09-30": 0, "2010-06-30": 0, "2010-03-31": "", "2009-12-31": 0, "2009-09-30": 0, "2009-06-30": 0, "2009-03-31": "", "2008-12-31": 0, "2008-09-30": 0, "2008-06-30": 0, "2008-03-31": "", "2007-12-31": 0, "2007-09-30": 0, "2007-06-30": 0, "2007-03-31": "", "2006-12-31": 0, "2006-09-30": 0, "2006-06-30": 0, "2006-03-31": "", "2005-12-31": 0, "2005-09-30": 0, "2005-06-30": 0, "2005-03-31": ""}, "Net Change In Investments - Total": {"2020-09-30": -6.3, "2020-06-30": 3.4, "2020-03-31": "-14.00000", "2019-12-31": 7.9, "2019-09-30": -8.7, "2019-06-30": 4.6, "2019-03-31": "-5.00000", "2018-12-31": 34.9, "2018-09-30": -3.3, "2018-06-30": -1.9, "2018-03-31": "-30.20000", "2017-12-31": 0, "2017-09-30": 6.3, "2017-06-30": -3.8, "2017-03-31": "-2.90000", "2016-12-31": 2.2, "2016-09-30": 0, "2016-06-30": 0, "2016-03-31": "", "2015-12-31": 0, "2015-09-30": 0, "2015-06-30": -2.9, "2015-03-31": "2.90000", "2014-12-31": 0, "2014-09-30": 0, "2014-06-30": 0, "2014-03-31": "", "2013-12-31": 0, "2013-09-30": 0, "2013-06-30": 0, "2013-03-31": "", "2012-12-31": 0, "2012-09-30": 0, "2012-06-30": 0, "2012-03-31": "", "2011-12-31": -12.3, "2011-09-30": 12.3, "2011-06-30": 0, "2011-03-31": "", "2010-12-31": 0, "2010-09-30": 0, "2010-06-30": 0, "2010-03-31": "", "2009-12-31": 0, "2009-09-30": 0, "2009-06-30": -19.2, "2009-03-31": "19.20000", "2008-12-31": 1.1, "2008-09-30": -6.4, "2008-06-30": 25, "2008-03-31": "-25.00000", "2007-12-31": 0, "2007-09-30": 0, "2007-06-30": 0, "2007-03-31": "", "2006-12-31": 0.3, "2006-09-30": -0.3, "2006-06-30": 0, "2006-03-31": "", "2005-12-31": 0, "2005-09-30": 0, "2005-06-30": 38.7, "2005-03-31": ""}, "Investing Activities - Other": {"2020-09-30": 6.1, "2020-06-30": 18.9, "2020-03-31": "-19.40000", "2019-12-31": -3.5, "2019-09-30": 5.7, "2019-06-30": -6.1, "2019-03-31": "3.80000", "2018-12-31": -36.5, "2018-09-30": 4.1, "2018-06-30": 0.9, "2018-03-31": "31.20000", "2017-12-31": 0.4, "2017-09-30": -6, "2017-06-30": 3.2, "2017-03-31": "3.40000", "2016-12-31": -10.9, "2016-09-30": 6.4, "2016-06-30": -1.2, "2016-03-31": "4.40000", "2015-12-31": 6.7, "2015-09-30": 2.1, "2015-06-30": 6, "2015-03-31": "-0.50000", "2014-12-31": 31, "2014-09-30": 41.8, "2014-06-30": -17.4, "2014-03-31": "7.30000", "2013-12-31": 2.6, "2013-09-30": 8.1, "2013-06-30": -20.8, "2013-03-31": "-0.90000", "2012-12-31": -31.2, "2012-09-30": 3.8, "2012-06-30": 13.1, "2012-03-31": "37.30000", "2011-12-31": -17.7, "2011-09-30": -13, "2011-06-30": 3.2, "2011-03-31": "7.60000", "2010-12-31": 33.3, "2010-09-30": 108.3, "2010-06-30": -95.1, "2010-03-31": "19.20000", "2009-12-31": 13.9, "2009-09-30": 4.4, "2009-06-30": 22.7, "2009-03-31": "", "2008-12-31": 0, "2008-09-30": 12.8, "2008-06-30": -13, "2008-03-31": "", "2007-12-31": 37.2, "2007-09-30": -72.7, "2007-06-30": 12.6, "2007-03-31": "11.30000", "2006-12-31": 54.6, "2006-09-30": 24.4, "2006-06-30": 36.7, "2006-03-31": "-14.20000", "2005-12-31": -89.6, "2005-09-30": 61.1, "2005-06-30": -4.8, "2005-03-31": "12.10000"}, "Cash Flow From Investing Activities": {"2020-09-30": -311.1, "2020-06-30": -286.4, "2020-03-31": "-435.40000", "2019-12-31": -402.4, "2019-09-30": -554, "2019-06-30": -403.5, "2019-03-31": "-359.10000", "2018-12-31": -297.4, "2018-09-30": -325.7, "2018-06-30": -329.3, "2018-03-31": "-276.70000", "2017-12-31": -418.6, "2017-09-30": -321.1, "2017-06-30": -299.2, "2017-03-31": "-291.30000", "2016-12-31": -212.1, "2016-09-30": -235.2, "2016-06-30": -247, "2016-03-31": "-270.20000", "2015-12-31": -239.6, "2015-09-30": -245, "2015-06-30": -224.8, "2015-03-31": "-773.40000", "2014-12-31": -248.8, "2014-09-30": -188.4, "2014-06-30": -312.5, "2014-03-31": "-210.10000", "2013-12-31": -197.3, "2013-09-30": -234.7, "2013-06-30": -280.2, "2013-03-31": "-221.70000", "2012-12-31": -245.3, "2012-09-30": -239.3, "2012-06-30": -210.6, "2012-03-31": "-242.30000", "2011-12-31": -261, "2011-09-30": -217, "2011-06-30": -177.9, "2011-03-31": "-294.30000", "2010-12-31": -198.1, "2010-09-30": -42.9, "2010-06-30": -265.4, "2010-03-31": "-184.10000", "2009-12-31": -223.1, "2009-09-30": -121.9, "2009-06-30": 271.6, "2009-03-31": "-169.10000", "2008-12-31": -656.4, "2008-09-30": -91, "2008-06-30": -70, "2008-03-31": "-117.30000", "2007-12-31": -3.2, "2007-09-30": -141.3, "2007-06-30": -44.3, "2007-03-31": "-71.50000", "2006-12-31": -5.9, "2006-09-30": -52, "2006-06-30": -48.6, "2006-03-31": "-98.00000", "2005-12-31": -165.6, "2005-09-30": -53.4, "2005-06-30": -47.2, "2005-03-31": "-11.30000"}, "Net Long-Term Debt": {"2020-09-30": 31.6001, "2020-06-30": -339.1999, "2020-03-31": "271.80000", "2019-12-31": 58.8999, "2019-09-30": 160.8003, "2019-06-30": 37.6999, "2019-03-31": "52.30010", "2018-12-31": 82.5998, "2018-09-30": -20.6999, "2018-06-30": 46.2998, "2018-03-31": "20.50000", "2017-12-31": 320.6001, "2017-09-30": 74.0002, "2017-06-30": 106.0999, "2017-03-31": "9.10010", "2016-12-31": -85.4004, "2016-09-30": 119.3002, "2016-06-30": 46.3999, "2016-03-31": "13.40000", "2015-12-31": 16.2, "2015-09-30": -3.2, "2015-06-30": -7.5, "2015-03-31": "495.10000", "2014-12-31": -3.9, "2014-09-30": -28.8, "2014-06-30": 31.4, "2014-03-31": "-13.80000", "2013-12-31": -16.5, "2013-09-30": 6.4, "2013-06-30": -6.2, "2013-03-31": "-42.60000", "2012-12-31": -35.6999, "2012-09-30": -12.8999, "2012-06-30": 121.7999, "2012-03-31": "-22.40000", "2011-12-31": -117.9997, "2011-09-30": -281.3001, "2011-06-30": 380.6999, "2011-03-31": "55.40000", "2010-12-31": -203, "2010-09-30": -219.2002, "2010-06-30": -7.6999, "2010-03-31": "32.50000", "2009-12-31": -135.7999, "2009-09-30": -76.1, "2009-06-30": -503.8, "2009-03-31": "-150.20000", "2008-12-31": 682.6, "2008-09-30": -20.3, "2008-06-30": -70.3, "2008-03-31": "120.80000", "2007-12-31": -94.3, "2007-09-30": 152.1, "2007-06-30": -50.3, "2007-03-31": "3.60000", "2006-12-31": -120.8, "2006-09-30": -0.5, "2006-06-30": 109.6, "2006-03-31": "83.70000", "2005-12-31": 106.2, "2005-09-30": 11.2, "2005-06-30": -15.6, "2005-03-31": "1.40000"}, "Net Current Debt": {"2020-09-30": 0, "2020-06-30": 0, "2020-03-31": "", "2019-12-31": 0, "2019-09-30": 0, "2019-06-30": 0, "2019-03-31": "", "2018-12-31": 0, "2018-09-30": 0, "2018-06-30": 0, "2018-03-31": "", "2017-12-31": 0, "2017-09-30": 0, "2017-06-30": 0, "2017-03-31": "", "2016-12-31": 0, "2016-09-30": 0, "2016-06-30": 0, "2016-03-31": "", "2015-12-31": 0, "2015-09-30": 0, "2015-06-30": 0, "2015-03-31": "", "2014-12-31": 0, "2014-09-30": 0, "2014-06-30": 0, "2014-03-31": "", "2013-12-31": 0, "2013-09-30": 0, "2013-06-30": 0, "2013-03-31": "", "2012-12-31": 0, "2012-09-30": 0, "2012-06-30": 0, "2012-03-31": "", "2011-12-31": 0, "2011-09-30": 0, "2011-06-30": 0, "2011-03-31": "", "2010-12-31": 0, "2010-09-30": 0, "2010-06-30": 0, "2010-03-31": "", "2009-12-31": 0, "2009-09-30": 0, "2009-06-30": 0, "2009-03-31": "", "2008-12-31": 0, "2008-09-30": 0, "2008-06-30": 0, "2008-03-31": "", "2007-12-31": 0, "2007-09-30": 0, "2007-06-30": 0, "2007-03-31": "", "2006-12-31": 0, "2006-09-30": 0, "2006-06-30": 0, "2006-03-31": "", "2005-12-31": 0, "2005-09-30": 0, "2005-06-30": 0, "2005-03-31": ""}, "Debt Issuance/Retirement Net - Total": {"2020-09-30": 31.6001, "2020-06-30": -339.1999, "2020-03-31": "271.80000", "2019-12-31": 58.8999, "2019-09-30": 160.8003, "2019-06-30": 37.6999, "2019-03-31": "52.30010", "2018-12-31": 82.5998, "2018-09-30": -20.6999, "2018-06-30": 46.2998, "2018-03-31": "20.50000", "2017-12-31": 320.6001, "2017-09-30": 74.0002, "2017-06-30": 106.0999, "2017-03-31": "9.10010", "2016-12-31": -85.4004, "2016-09-30": 119.3002, "2016-06-30": 46.3999, "2016-03-31": "13.40000", "2015-12-31": 16.2, "2015-09-30": -3.2, "2015-06-30": -7.5, "2015-03-31": "495.10000", "2014-12-31": -3.9, "2014-09-30": -28.8, "2014-06-30": 31.4, "2014-03-31": "-13.80000", "2013-12-31": -16.5, "2013-09-30": 6.4, "2013-06-30": -6.2, "2013-03-31": "-42.60000", "2012-12-31": -35.6999, "2012-09-30": -12.8999, "2012-06-30": 121.7999, "2012-03-31": "-22.40000", "2011-12-31": -117.9997, "2011-09-30": -281.3001, "2011-06-30": 380.6999, "2011-03-31": "55.40000", "2010-12-31": -203, "2010-09-30": -219.2002, "2010-06-30": -7.6999, "2010-03-31": "32.50000", "2009-12-31": -135.7999, "2009-09-30": -76.1, "2009-06-30": -503.8, "2009-03-31": "-150.20000", "2008-12-31": 682.6, "2008-09-30": -20.3, "2008-06-30": -70.3, "2008-03-31": "120.80000", "2007-12-31": -94.3, "2007-09-30": 152.1, "2007-06-30": -50.3, "2007-03-31": "3.60000", "2006-12-31": -120.8, "2006-09-30": -0.5, "2006-06-30": 109.6, "2006-03-31": "83.70000", "2005-12-31": 106.2, "2005-09-30": 11.2, "2005-06-30": -15.6, "2005-03-31": "1.40000"}, "Net Common Equity Issued/Repurchased": {"2020-09-30": 8, "2020-06-30": 2.8, "2020-03-31": "-108.30000", "2019-12-31": -41.6, "2019-09-30": -142.9, "2019-06-30": -85, "2019-03-31": "-120.60000", "2018-12-31": -158.7, "2018-09-30": -89.2, "2018-06-30": -212.6, "2018-03-31": "-253.20000", "2017-12-31": -247.2, "2017-09-30": -115.7, "2017-06-30": -125.5, "2017-03-31": "-85.40000", "2016-12-31": -82.9, "2016-09-30": -101.8, "2016-06-30": -96.4, "2016-03-31": "-73.00000", "2015-12-31": -97.8, "2015-09-30": -74.5, "2015-06-30": -106.6, "2015-03-31": "-59.90000", "2014-12-31": -114, "2014-09-30": -7.3, "2014-06-30": -74.4, "2014-03-31": "-116.30000", "2013-12-31": 12, "2013-09-30": -62.6, "2013-06-30": -5.4, "2013-03-31": "-7.30000", "2012-12-31": -96.4, "2012-09-30": -23.9, "2012-06-30": -152.9, "2012-03-31": "18.00000", "2011-12-31": -25.7, "2011-09-30": -162.8, "2011-06-30": -93.9, "2011-03-31": "-137.60000", "2010-12-31": -22.3, "2010-09-30": 32.8, "2010-06-30": 23.5, "2010-03-31": "9.40000", "2009-12-31": 21.2, "2009-09-30": 11.1, "2009-06-30": 2.9, "2009-03-31": "3.40000", "2008-12-31": 4.4, "2008-09-30": 5.3, "2008-06-30": -31, "2008-03-31": "-92.50000", "2007-12-31": -64, "2007-09-30": -121.7, "2007-06-30": -85.8, "2007-03-31": "-60.00000", "2006-12-31": -62.9, "2006-09-30": -87.3, "2006-06-30": -171.6, "2006-03-31": "-94.90000", "2005-12-31": -77.1, "2005-09-30": -95.8, "2005-06-30": -128.8, "2005-03-31": "-181.70000"}, "Net Total Equity Issued/Repurchased": {"2020-09-30": 8, "2020-06-30": 2.8, "2020-03-31": "-108.30000", "2019-12-31": -41.6, "2019-09-30": -142.9, "2019-06-30": -85, "2019-03-31": "-120.60000", "2018-12-31": -158.7, "2018-09-30": -89.2, "2018-06-30": -212.6, "2018-03-31": "-253.20000", "2017-12-31": -247.2, "2017-09-30": -115.7, "2017-06-30": -125.5, "2017-03-31": "-85.40000", "2016-12-31": -82.9, "2016-09-30": -101.8, "2016-06-30": -96.4, "2016-03-31": "-73.00000", "2015-12-31": -97.8, "2015-09-30": -74.5, "2015-06-30": -106.6, "2015-03-31": "-59.90000", "2014-12-31": -114, "2014-09-30": -7.3, "2014-06-30": -74.4, "2014-03-31": "-116.30000", "2013-12-31": 12, "2013-09-30": -62.6, "2013-06-30": -5.4, "2013-03-31": "-7.30000", "2012-12-31": -96.4, "2012-09-30": -23.9, "2012-06-30": -152.9, "2012-03-31": "18.00000", "2011-12-31": -25.7, "2011-09-30": -162.8, "2011-06-30": -93.9, "2011-03-31": "-137.60000", "2010-12-31": -22.3, "2010-09-30": 32.8, "2010-06-30": 23.5, "2010-03-31": "9.40000", "2009-12-31": 21.2, "2009-09-30": 11.1, "2009-06-30": 2.9, "2009-03-31": "3.40000", "2008-12-31": 4.4, "2008-09-30": 5.3, "2008-06-30": -31, "2008-03-31": "-92.50000", "2007-12-31": -64, "2007-09-30": -121.7, "2007-06-30": -85.8, "2007-03-31": "-60.00000", "2006-12-31": -62.9, "2006-09-30": -87.3, "2006-06-30": -171.6, "2006-03-31": "-94.90000", "2005-12-31": -77.1, "2005-09-30": -95.8, "2005-06-30": -128.8, "2005-03-31": "-181.70000"}, "Total Common And Preferred Stock Dividends Paid": {"2020-09-30": -129.2, "2020-06-30": -128.7, "2020-03-31": "-129.20000", "2019-12-31": -129.3, "2019-09-30": -120.2, "2019-06-30": -120.7, "2019-03-31": "-121.00000", "2018-12-31": -121.8, "2018-09-30": -112.3, "2018-06-30": -113.3, "2018-03-31": "-114.40000", "2017-12-31": -115.7, "2017-09-30": -107.8, "2017-06-30": -108.4, "2017-03-31": "-108.60000", "2016-12-31": -109, "2016-09-30": -102.8, "2016-06-30": -103.4, "2016-03-31": "-103.70000", "2015-12-31": -104.3, "2015-09-30": -97.8, "2015-06-30": -98.5, "2015-03-31": "-98.70000", "2014-12-31": -99.5, "2014-09-30": -92.5, "2014-06-30": -92.9, "2014-03-31": "-93.70000", "2013-12-31": -93.6, "2013-09-30": -85.1, "2013-06-30": -84.9, "2013-03-31": "-84.90000", "2012-12-31": -85.7, "2012-09-30": -80.4, "2012-06-30": -81.6, "2012-03-31": "-81.40000", "2011-12-31": -81.6, "2011-09-30": -75.3, "2011-06-30": -75.8, "2011-03-31": "-76.70000", "2010-12-31": -76.9, "2010-09-30": -72.8, "2010-06-30": -72.5, "2010-03-31": "-72.40000", "2009-12-31": -72.2, "2009-09-30": -72.1, "2009-06-30": -72, "2009-03-31": "-72.00000", "2008-12-31": -34.6, "2008-09-30": -31, "2008-06-30": -31.1, "2008-03-31": "-31.60000", "2007-12-31": -31.9, "2007-09-30": -20.4, "2007-06-30": -20.8, "2007-03-31": "-20.80000", "2006-12-31": -21.1, "2006-09-30": -18.7, "2006-06-30": -19.3, "2006-03-31": "-19.40000", "2005-12-31": -19.6, "2005-09-30": -17.1, "2005-06-30": -17.4, "2005-03-31": "-18.10000"}, "Financial Activities - Other": {"2020-09-30": -36.3, "2020-06-30": -5.2, "2020-03-31": "-2.40000", "2019-12-31": -2, "2019-09-30": -10.1, "2019-06-30": -3.2, "2019-03-31": "-2.10000", "2018-12-31": -4.2, "2018-09-30": -3.8, "2018-06-30": -2.2, "2018-03-31": "-2.50000", "2017-12-31": -3.7, "2017-09-30": -1.4, "2017-06-30": -2.7, "2017-03-31": "-2.10000", "2016-12-31": 5.1, "2016-09-30": -181.8, "2016-06-30": -3.8, "2016-03-31": "3.00000", "2015-12-31": 0.2, "2015-09-30": -0.2, "2015-06-30": -2.1, "2015-03-31": "-0.10000", "2014-12-31": 0.2, "2014-09-30": 1.2, "2014-06-30": -3.8, "2014-03-31": "0.00000", "2013-12-31": 0.4, "2013-09-30": 0.9, "2013-06-30": 1.6, "2013-03-31": "-0.80000", "2012-12-31": -0.4, "2012-09-30": -0.5, "2012-06-30": -41.7, "2012-03-31": "1.10000", "2011-12-31": 0.1, "2011-09-30": -2.7, "2011-06-30": -142.4, "2011-03-31": "-0.90000", "2010-12-31": -1.9, "2010-09-30": -2.3, "2010-06-30": 1, "2010-03-31": "-51.10000", "2009-12-31": -33.5, "2009-09-30": -26.1, "2009-06-30": 0.2, "2009-03-31": "0.30000", "2008-12-31": -5.2, "2008-09-30": 1.1, "2008-06-30": 1.6, "2008-03-31": "1.20000", "2007-12-31": 1.9, "2007-09-30": 1.3, "2007-06-30": 2.1, "2007-03-31": "0.70000", "2006-12-31": 2.3, "2006-09-30": 0.9, "2006-06-30": 3.1, "2006-03-31": "7.50000", "2005-12-31": 0, "2005-09-30": 0, "2005-06-30": 0, "2005-03-31": "-27.60000"}, "Cash Flow From Financial Activities": {"2020-09-30": -125.9, "2020-06-30": -470.3, "2020-03-31": "31.90000", "2019-12-31": -114, "2019-09-30": -112.4, "2019-06-30": -171.2, "2019-03-31": "-191.40000", "2018-12-31": -202.1, "2018-09-30": -226, "2018-06-30": -281.8, "2018-03-31": "-349.60000", "2017-12-31": -46, "2017-09-30": -150.9, "2017-06-30": -130.5, "2017-03-31": "-187.00000", "2016-12-31": -272.2, "2016-09-30": -267.1, "2016-06-30": -157.2, "2016-03-31": "-160.30000", "2015-12-31": -185.7, "2015-09-30": -175.7, "2015-06-30": -214.7, "2015-03-31": "336.40000", "2014-12-31": -217.2, "2014-09-30": -127.4, "2014-06-30": -139.7, "2014-03-31": "-223.80000", "2013-12-31": -97.7, "2013-09-30": -140.4, "2013-06-30": -94.9, "2013-03-31": "-135.60000", "2012-12-31": -218.2, "2012-09-30": -117.7, "2012-06-30": -154.4, "2012-03-31": "-84.70000", "2011-12-31": -225.2, "2011-09-30": -522.1, "2011-06-30": 68.6, "2011-03-31": "-159.80000", "2010-12-31": -304.1, "2010-09-30": -261.5, "2010-06-30": -55.7, "2010-03-31": "-81.60000", "2009-12-31": -220.3, "2009-09-30": -163.2, "2009-06-30": -572.7, "2009-03-31": "-218.50000", "2008-12-31": 647.2, "2008-09-30": -44.9, "2008-06-30": -130.8, "2008-03-31": "-2.10000", "2007-12-31": -188.3, "2007-09-30": 11.3, "2007-06-30": -154.8, "2007-03-31": "-76.50000", "2006-12-31": -202.5, "2006-09-30": -105.6, "2006-06-30": -78.2, "2006-03-31": "-23.10000", "2005-12-31": 9.5, "2005-09-30": -101.7, "2005-06-30": -161.8, "2005-03-31": "-226.00000"}, "Net Cash Flow": {"2020-09-30": 138.5, "2020-06-30": 7.3, "2020-03-31": "166.00000", "2019-12-31": 48.8, "2019-09-30": -15.1, "2019-06-30": 7.2, "2019-03-31": "3.20000", "2018-12-31": -3.6, "2018-09-30": 4.2, "2018-06-30": -1.5, "2018-03-31": "-44.90000", "2017-12-31": 64, "2017-09-30": 30.9, "2017-06-30": 5.1, "2017-03-31": "-33.90000", "2016-12-31": 3.9, "2016-09-30": 13, "2016-06-30": 8.6, "2016-03-31": "1.00000", "2015-12-31": -70.1, "2015-09-30": 2.6, "2015-06-30": -34.4, "2015-03-31": "59.10000", "2014-12-31": -37.8, "2014-09-30": 63.5, "2014-06-30": -126.3, "2014-03-31": "-37.50000", "2013-12-31": 116, "2013-09-30": 0.6, "2013-06-30": -33.4, "2013-03-31": "62.50000", "2012-12-31": -6.4, "2012-09-30": 4.7, "2012-06-30": -4.2, "2012-03-31": "7.20000", "2011-12-31": -6.3, "2011-09-30": -247.9, "2011-06-30": 252.6, "2011-03-31": "-20.40000", "2010-12-31": -32.2, "2010-09-30": 64.5, "2010-06-30": -25.4, "2010-03-31": "33.40000", "2009-12-31": -59.3, "2009-09-30": 39.7, "2009-06-30": -125.9, "2009-03-31": "124.80000", "2008-12-31": 28.8, "2008-09-30": 26.8, "2008-06-30": -37.3, "2008-03-31": "28.60000", "2007-12-31": -0.8, "2007-09-30": -3.3, "2007-06-30": 5.6, "2007-03-31": "-8.80000", "2006-12-31": -20.2, "2006-09-30": 18.6, "2006-06-30": 15.8, "2006-03-31": "-116.90000", "2005-12-31": 98, "2005-09-30": 3.5, "2005-06-30": -41.5, "2005-03-31": "-69.70000"}, "Stock-Based Compensation": {"2020-09-30": 9.6, "2020-06-30": 9.5, "2020-03-31": "9.90000", "2019-12-31": 10.3, "2019-09-30": 9.1, "2019-06-30": 9, "2019-03-31": "11.10000", "2018-12-31": 9.6, "2018-09-30": 9.5, "2018-06-30": 8.8, "2018-03-31": "11.10000", "2017-12-31": 7.3, "2017-09-30": 9.6, "2017-06-30": 8.1, "2017-03-31": "9.60000", "2016-12-31": 5.5, "2016-09-30": 5.6, "2016-06-30": 5.6, "2016-03-31": "6.50000", "2015-12-31": 3.8, "2015-09-30": 3.5, "2015-06-30": 4.4, "2015-03-31": "7.20000", "2014-12-31": 3.2, "2014-09-30": 3.6, "2014-06-30": 3.9, "2014-03-31": "6.70000", "2013-12-31": 3.4, "2013-09-30": 3.7, "2013-06-30": 4.4, "2013-03-31": "7.70000", "2012-12-31": 4, "2012-09-30": 4.5, "2012-06-30": 4.7, "2012-03-31": "8.00000", "2011-12-31": 4.2, "2011-09-30": 4.3, "2011-06-30": 4.5, "2011-03-31": "7.60000", "2010-12-31": 6.2, "2010-09-30": 6.3, "2010-06-30": 5.8, "2010-03-31": "6.20000", "2009-12-31": 3.4, "2009-09-30": 3.6, "2009-06-30": 3.3, "2009-03-31": "4.70000", "2008-12-31": 14.5, "2008-09-30": 2.8, "2008-06-30": 2.8, "2008-03-31": "3.90000", "2007-12-31": 2.6, "2007-09-30": 2.5, "2007-06-30": 2.7, "2007-03-31": "3.10000", "2006-12-31": 1, "2006-09-30": 2.3, "2006-06-30": 0.7, "2006-03-31": "5.00000", "2005-12-31": 2, "2005-09-30": 0.6, "2005-06-30": 0.8, "2005-03-31": "1.10000"}, "Common Stock Dividends Paid": {"2020-09-30": -129.2, "2020-06-30": -128.7, "2020-03-31": "-129.20000", "2019-12-31": -129.3, "2019-09-30": -120.2, "2019-06-30": -120.7, "2019-03-31": "-121.00000", "2018-12-31": -121.8, "2018-09-30": -112.3, "2018-06-30": -113.3, "2018-03-31": "-114.40000", "2017-12-31": -115.7, "2017-09-30": -107.8, "2017-06-30": -108.4, "2017-03-31": "-108.60000", "2016-12-31": -109, "2016-09-30": -102.8, "2016-06-30": -103.4, "2016-03-31": "-103.70000", "2015-12-31": -104.3, "2015-09-30": -97.8, "2015-06-30": -98.5, "2015-03-31": "-98.70000", "2014-12-31": -99.5, "2014-09-30": -92.5, "2014-06-30": -92.9, "2014-03-31": "-93.70000", "2013-12-31": -93.6, "2013-09-30": -85.1, "2013-06-30": -84.9, "2013-03-31": "-84.90000", "2012-12-31": -85.7, "2012-09-30": -80.4, "2012-06-30": -81.6, "2012-03-31": "-81.40000", "2011-12-31": -81.6, "2011-09-30": -75.3, "2011-06-30": -75.8, "2011-03-31": "-76.70000", "2010-12-31": -76.9, "2010-09-30": -72.8, "2010-06-30": -72.5, "2010-03-31": "-72.40000", "2009-12-31": -72.2, "2009-09-30": -72.1, "2009-06-30": -72, "2009-03-31": "-72.00000", "2008-12-31": -34.6, "2008-09-30": -31, "2008-06-30": -31.1, "2008-03-31": "-31.60000", "2007-12-31": -31.9, "2007-09-30": -20.4, "2007-06-30": -20.8, "2007-03-31": "-20.80000", "2006-12-31": -21.1, "2006-09-30": -18.7, "2006-06-30": -19.3, "2006-03-31": "-19.40000", "2005-12-31": -19.6, "2005-09-30": -17.1, "2005-06-30": -17.4, "2005-03-31": "-18.10000"}}, "financial ratios": {"Current Ratio": {"2019-12-31": "0.52400", "2018-12-31": "0.57540", "2017-12-31": "0.54530", "2016-12-31": "0.70890", "2015-12-31": "0.67050", "2014-12-31": "0.76180", "2013-12-31": "0.82810", "2012-12-31": "0.72640", "2011-12-31": "0.66700", "2010-12-31": "0.46560", "2009-12-31": "0.49630", "2008-12-31": "0.51670", "2007-12-31": "0.65820", "2006-12-31": "0.65330", "2005-12-31": "0.72310"}, "Long-term Debt / Capital": {"2019-12-31": "0.48860", "2018-12-31": "0.49090", "2017-12-31": "0.48440", "2016-12-31": "0.49870", "2015-12-31": "0.49190", "2014-12-31": "0.47650", "2013-12-31": "0.46970", "2012-12-31": "0.47780", "2011-12-31": "0.47270", "2010-12-31": "0.42770", "2009-12-31": "0.45900", "2008-12-31": "0.49710", "2007-12-31": "0.54560", "2006-12-31": "0.52060", "2005-12-31": "0.47830"}, "Debt/Equity Ratio": {"2019-12-31": "1.06990", "2018-12-31": "1.05150", "2017-12-31": "1.02840", "2016-12-31": "0.99550", "2015-12-31": "0.96870", "2014-12-31": "0.91140", "2013-12-31": "0.88770", "2012-12-31": "0.91760", "2011-12-31": "0.90090", "2010-12-31": "0.85920", "2009-12-31": "0.92010", "2008-12-31": "1.05770", "2007-12-31": "1.20250", "2006-12-31": "1.08800", "2005-12-31": "0.91860"}, "Gross Margin": {"2019-12-31": "38.84690", "2018-12-31": "38.75050", "2017-12-31": "38.11080", "2016-12-31": "38.60050", "2015-12-31": "39.45580", "2014-12-31": "35.89790", "2013-12-31": "37.80950", "2012-12-31": "38.34050", "2011-12-31": "40.61810", "2010-12-31": "41.22320", "2009-12-31": "40.91790", "2008-12-31": "34.41970", "2007-12-31": "36.90890", "2006-12-31": "37.32820", "2005-12-31": "37.01250"}, "Operating Margin": {"2019-12-31": "17.35250", "2018-12-31": "17.28730", "2017-12-31": "16.61600", "2016-12-31": "16.37780", "2015-12-31": "17.10150", "2014-12-31": "14.00730", "2013-12-31": "14.37890", "2012-12-31": "16.26700", "2011-12-31": "18.95180", "2010-12-31": "18.98580", "2009-12-31": "19.38990", "2008-12-31": "7.68500", "2007-12-31": "16.87550", "2006-12-31": "16.91850", "2005-12-31": "16.66260"}, "EBIT Margin": {"2019-12-31": "17.35250", "2018-12-31": "17.28730", "2017-12-31": "16.61600", "2016-12-31": "16.37780", "2015-12-31": "17.10150", "2014-12-31": "14.00730", "2013-12-31": "14.37890", "2012-12-31": "16.26700", "2011-12-31": "18.95180", "2010-12-31": "18.98580", "2009-12-31": "19.38990", "2008-12-31": "7.68500", "2007-12-31": "16.87550", "2006-12-31": "16.91850", "2005-12-31": "16.66260"}, "EBITDA Margin": {"2019-12-31": "28.25020", "2018-12-31": "28.38290", "2017-12-31": "27.73090", "2016-12-31": "27.77780", "2015-12-31": "28.62100", "2014-12-31": "25.19510", "2013-12-31": "25.71280", "2012-12-31": "27.68440", "2011-12-31": "30.20050", "2010-12-31": "30.26300", "2009-12-31": "31.08020", "2008-12-31": "17.94250", "2007-12-31": "27.03230", "2006-12-31": "27.06960", "2005-12-31": "26.90390"}, "Pre-Tax Profit Margin": {"2019-12-31": "12.58130", "2018-12-31": "13.15520", "2017-12-31": "12.76800", "2016-12-31": "10.28900", "2015-12-31": "13.12010", "2014-12-31": "10.05650", "2013-12-31": "10.11260", "2012-12-31": "10.14870", "2011-12-31": "11.06200", "2010-12-31": "10.81840", "2009-12-31": "10.54990", "2008-12-31": "4.32280", "2007-12-31": "14.73770", "2006-12-31": "14.45000", "2005-12-31": "14.28820"}, "Net Profit Margin": {"2019-12-31": "10.42100", "2018-12-31": "10.32680", "2017-12-31": "12.73120", "2016-12-31": "6.52560", "2015-12-31": "8.22710", "2014-12-31": "6.22040", "2013-12-31": "6.99640", "2012-12-31": "7.04330", "2011-12-31": "7.19160", "2010-12-31": "6.24800", "2009-12-31": "6.03720", "2008-12-31": "2.00270", "2007-12-31": "9.13670", "2006-12-31": "9.10570", "2005-12-31": "8.85850"}, "Asset Turnover": {"2019-12-31": "0.45400", "2018-12-31": "0.46450", "2017-12-31": "0.47480", "2016-12-31": "0.45510", "2015-12-31": "0.44390", "2014-12-31": "0.43810", "2013-12-31": "0.42190", "2012-12-31": "0.41380", "2011-12-31": "0.41900", "2010-12-31": "0.41650", "2009-12-31": "0.41960", "2008-12-31": "0.18500", "2007-12-31": "0.71090", "2006-12-31": "0.69320", "2005-12-31": "0.62940"}, "Inventory Turnover Ratio": {"2019-12-31": "", "2018-12-31": "", "2017-12-31": "", "2016-12-31": "", "2015-12-31": "", "2014-12-31": "", "2013-12-31": "", "2012-12-31": "", "2011-12-31": "", "2010-12-31": "", "2009-12-31": "", "2008-12-31": "", "2007-12-31": "", "2006-12-31": "", "2005-12-31": ""}, "Receiveable Turnover": {"2019-12-31": "9.14770", "2018-12-31": "9.10570", "2017-12-31": "9.07990", "2016-12-31": "9.43680", "2015-12-31": "9.46620", "2014-12-31": "9.46180", "2013-12-31": "9.45010", "2012-12-31": "9.70390", "2011-12-31": "9.92120", "2010-12-31": "9.77990", "2009-12-31": "9.47760", "2008-12-31": "3.89750", "2007-12-31": "10.65120", "2006-12-31": "10.45130", "2005-12-31": "10.22820"}, "Days Sales In Receivables": {"2019-12-31": "39.90070", "2018-12-31": "40.08460", "2017-12-31": "40.19850", "2016-12-31": "38.67850", "2015-12-31": "38.55830", "2014-12-31": "38.57600", "2013-12-31": "38.62400", "2012-12-31": "37.61370", "2011-12-31": "36.79000", "2010-12-31": "37.32130", "2009-12-31": "38.51170", "2008-12-31": "93.64940", "2007-12-31": "34.26830", "2006-12-31": "34.92380", "2005-12-31": "35.68560"}, "ROE - Return On Equity": {"2019-12-31": "13.22270", "2018-12-31": "13.08530", "2017-12-31": "16.06560", "2016-12-31": "7.97020", "2015-12-31": "9.64950", "2014-12-31": "7.07170", "2013-12-31": "7.45120", "2012-12-31": "7.42440", "2011-12-31": "7.66460", "2010-12-31": "6.46590", "2009-12-31": "6.56130", "2008-12-31": "1.01480", "2007-12-31": "22.25800", "2006-12-31": "19.66110", "2005-12-31": "15.79900"}, "Return On Tangible Equity": {"2019-12-31": "-29.44820", "2018-12-31": "-29.00670", "2017-12-31": "-36.59090", "2016-12-31": "-16.79170", "2015-12-31": "-20.75620", "2014-12-31": "-16.20050", "2013-12-31": "-18.79830", "2012-12-31": "-17.11340", "2011-12-31": "-17.45820", "2010-12-31": "-15.57850", "2009-12-31": "-13.79170", "2008-12-31": "-1.94320", "2007-12-31": "-104.23840", "2006-12-31": "-162.74720", "2005-12-31": "1691.33300"}, "ROA - Return On Assets": {"2019-12-31": "4.73380", "2018-12-31": "4.79990", "2017-12-31": "6.04810", "2016-12-31": "2.97240", "2015-12-31": "3.65410", "2014-12-31": "2.72670", "2013-12-31": "2.95300", "2012-12-31": "2.91640", "2011-12-31": "3.01200", "2010-12-31": "2.60770", "2009-12-31": "2.54090", "2008-12-31": "0.37100", "2007-12-31": "6.49540", "2006-12-31": "6.31240", "2005-12-31": "5.57520"}, "ROI - Return On Investment": {"2019-12-31": "6.76220", "2018-12-31": "6.66140", "2017-12-31": "8.28270", "2016-12-31": "3.99560", "2015-12-31": "4.90330", "2014-12-31": "3.70240", "2013-12-31": "3.95140", "2012-12-31": "3.87690", "2011-12-31": "4.04180", "2010-12-31": "3.70060", "2009-12-31": "3.54980", "2008-12-31": "0.51030", "2007-12-31": "10.11400", "2006-12-31": "9.42460", "2005-12-31": "8.24260"}, "Book Value Per Share": {"2019-12-31": "25.47330", "2018-12-31": "24.58760", "2017-12-31": "24.00090", "2016-12-31": "22.66850", "2015-12-31": "22.50170", "2014-12-31": "21.96710", "2013-12-31": "21.93700", "2012-12-31": "21.33950", "2011-12-31": "20.77160", "2010-12-31": "20.45580", "2009-12-31": "19.12330", "2008-12-31": "19.24040", "2007-12-31": "7.03240", "2006-12-31": "7.34130", "2005-12-31": "7.72370"}, "Operating Cash Flow Per Share": {"2019-12-31": 0.4752, "2018-12-31": 1.1932, "2017-12-31": 0.271, "2016-12-31": 0.5853, "2015-12-31": 0.5081, "2014-12-31": 0.0118, "2013-12-31": 0.1465, "2012-12-31": -0.5651, "2011-12-31": 0.9559, "2010-12-31": 0.0574, "2009-12-31": 1.0837, "2008-12-31": -0.8626, "2007-12-31": 0.8959, "2006-12-31": -0.999, "2005-12-31": 3.5474}, "Free Cash Flow Per Share": {"2019-12-31": -0.0387, "2018-12-31": 0.9275, "2017-12-31": 0.0347, "2016-12-31": 0.5504, "2015-12-31": 0.1863, "2014-12-31": 0.0609, "2013-12-31": 0.1658, "2012-12-31": -0.5538, "2011-12-31": 0.5338, "2010-12-31": 0.1763, "2009-12-31": 0.9072, "2008-12-31": -1.2797, "2007-12-31": 0.9406, "2006-12-31": -1.1175, "2005-12-31": 2.1295}}, "financial ratios, quarterly": {"Current Ratio": {"2020-09-30": "0.80990", "2020-06-30": "0.75930", "2020-03-31": "0.88550", "2019-12-31": "0.52400", "2019-09-30": "0.49170", "2019-06-30": "0.41280", "2019-03-31": "0.41660", "2018-12-31": "0.57540", "2018-09-30": "0.55770", "2018-06-30": "0.68830", "2018-03-31": "0.52890", "2017-12-31": "0.54530", "2017-09-30": "0.53900", "2017-06-30": "0.50840", "2017-03-31": "0.69460", "2016-12-31": "0.70890", "2016-09-30": "0.71600", "2016-06-30": "0.68160", "2016-03-31": "0.65360", "2015-12-31": "0.67050", "2015-09-30": "0.76000", "2015-06-30": "0.74990", "2015-03-31": "0.76500", "2014-12-31": "0.76180", "2014-09-30": "0.78890", "2014-06-30": "0.71830", "2014-03-31": "0.76990", "2013-12-31": "0.82810", "2013-09-30": "0.72940", "2013-06-30": "0.72470", "2013-03-31": "0.73020", "2012-12-31": "0.72640", "2012-09-30": "0.74740", "2012-06-30": "0.70440", "2012-03-31": "0.68730", "2011-12-31": "0.66700", "2011-09-30": "0.67530", "2011-06-30": "0.67130", "2011-03-31": "0.51050", "2010-12-31": "0.46560", "2010-09-30": "0.46920", "2010-06-30": "0.52260", "2010-03-31": "0.56140", "2009-12-31": "0.49630", "2009-09-30": "0.66940", "2009-06-30": "0.57310", "2009-03-31": "0.55080", "2008-12-31": "0.51670", "2008-09-30": "0.67970", "2008-06-30": "0.68200", "2008-03-31": "0.79710", "2007-12-31": "0.65820", "2007-09-30": "0.77730", "2007-06-30": "0.74030", "2007-03-31": "0.76410", "2006-12-31": "0.65330", "2006-09-30": "0.78260", "2006-06-30": "0.75540", "2006-03-31": "0.63500", "2005-12-31": "0.72310", "2005-09-30": "0.80270", "2005-06-30": "0.79910", "2005-03-31": "0.89000"}, "Long-term Debt / Capital": {"2020-09-30": "0.50650", "2020-06-30": "0.51090", "2020-03-31": "0.52440", "2019-12-31": "0.48860", "2019-09-30": "0.49130", "2019-06-30": "0.46390", "2019-03-31": "0.46190", "2018-12-31": "0.49090", "2018-09-30": "0.48810", "2018-06-30": "0.51140", "2018-03-31": "0.48660", "2017-12-31": "0.48440", "2017-09-30": "0.48240", "2017-06-30": "0.48000", "2017-03-31": "0.49930", "2016-12-31": "0.49870", "2016-09-30": "0.50320", "2016-06-30": "0.49510", "2016-03-31": "0.49310", "2015-12-31": "0.49190", "2015-09-30": "0.49200", "2015-06-30": "0.49290", "2015-03-31": "0.49310", "2014-12-31": "0.47650", "2014-09-30": "0.46950", "2014-06-30": "0.47270", "2014-03-31": "0.47250", "2013-12-31": "0.46970", "2013-09-30": "0.47580", "2013-06-30": "0.47620", "2013-03-31": "0.47540", "2012-12-31": "0.47780", "2012-09-30": "0.47700", "2012-06-30": "0.47960", "2012-03-31": "0.46980", "2011-12-31": "0.47270", "2011-09-30": "0.47970", "2011-06-30": "0.47400", "2011-03-31": "0.44260", "2010-12-31": "0.42770", "2010-09-30": "0.42840", "2010-06-30": "0.45530", "2010-03-31": "0.46730", "2009-12-31": "0.45900", "2009-09-30": "0.47420", "2009-06-30": "0.47460", "2009-03-31": "0.49270", "2008-12-31": "0.49710", "2008-09-30": "0.53300", "2008-06-30": "0.54570", "2008-03-31": "0.57250", "2007-12-31": "0.54560", "2007-09-30": "0.55860", "2007-06-30": "0.51870", "2007-03-31": "0.52530", "2006-12-31": "0.52060", "2006-09-30": "0.53720", "2006-06-30": "0.53140", "2006-03-31": "0.48710", "2005-12-31": "0.47830", "2005-09-30": "0.45580", "2005-06-30": "0.44810", "2005-03-31": "0.43630"}, "Debt/Equity Ratio": {"2020-09-30": "1.04830", "2020-06-30": "1.05190", "2020-03-31": "1.10550", "2019-12-31": "1.06990", "2019-09-30": "1.08020", "2019-06-30": "1.06160", "2019-03-31": "1.05990", "2018-12-31": "1.05150", "2018-09-30": "1.04090", "2018-06-30": "1.05210", "2018-03-31": "1.03690", "2017-12-31": "1.02840", "2017-09-30": "1.02390", "2017-06-30": "1.01510", "2017-03-31": "0.99800", "2016-12-31": "0.99550", "2016-09-30": "1.01360", "2016-06-30": "0.98140", "2016-03-31": "0.97350", "2015-12-31": "0.96870", "2015-09-30": "0.96910", "2015-06-30": "0.97270", "2015-03-31": "0.97420", "2014-12-31": "0.91140", "2014-09-30": "0.88640", "2014-06-30": "0.89770", "2014-03-31": "0.89630", "2013-12-31": "0.88770", "2013-09-30": "0.90950", "2013-06-30": "0.91120", "2013-03-31": "0.90930", "2012-12-31": "0.91760", "2012-09-30": "0.91770", "2012-06-30": "0.92590", "2012-03-31": "0.89050", "2011-12-31": "0.90090", "2011-09-30": "0.92340", "2011-06-30": "0.95290", "2011-03-31": "0.87310", "2010-12-31": "0.85920", "2010-09-30": "0.88980", "2010-06-30": "0.92600", "2010-03-31": "0.93990", "2009-12-31": "0.92010", "2009-09-30": "0.93400", "2009-06-30": "0.94690", "2009-03-31": "1.03380", "2008-12-31": "1.05770", "2008-09-30": "1.21880", "2008-06-30": "1.28150", "2008-03-31": "1.34120", "2007-12-31": "1.20250", "2007-09-30": "1.26700", "2007-06-30": "1.07920", "2007-03-31": "1.10820", "2006-12-31": "1.08800", "2006-09-30": "1.16270", "2006-06-30": "1.13600", "2006-03-31": "0.98650", "2005-12-31": "0.91860", "2005-09-30": "0.84080", "2005-06-30": "0.81500", "2005-03-31": "0.78550"}, "Gross Margin": {"2020-09-30": "40.30560", "2020-06-30": "40.18500", "2020-03-31": "39.30460", "2019-12-31": "40.07990", "2019-09-30": "38.36560", "2019-06-30": "37.93420", "2019-03-31": "39.03910", "2018-12-31": "39.69720", "2018-09-30": "38.51970", "2018-06-30": "37.35800", "2018-03-31": "39.45210", "2017-12-31": "37.77340", "2017-09-30": "38.32550", "2017-06-30": "38.36230", "2017-03-31": "37.97640", "2016-12-31": "38.41370", "2016-09-30": "38.70830", "2016-06-30": "38.71190", "2016-03-31": "38.56620", "2015-12-31": "38.70840", "2015-09-30": "40.69110", "2015-06-30": "38.54810", "2015-03-31": "39.87740", "2014-12-31": "30.89280", "2014-09-30": "38.22040", "2014-06-30": "38.23350", "2014-03-31": "36.22670", "2013-12-31": "40.04200", "2013-09-30": "39.15210", "2013-06-30": "33.22920", "2013-03-31": "38.80220", "2012-12-31": "36.72350", "2012-09-30": "37.44200", "2012-06-30": "39.89610", "2012-03-31": "39.30590", "2011-12-31": "40.37130", "2011-09-30": "40.45930", "2011-06-30": "40.67860", "2011-03-31": "40.97920", "2010-12-31": "41.36970", "2010-09-30": "40.58790", "2010-06-30": "41.04240", "2010-03-31": "41.93190", "2009-12-31": "39.91500", "2009-09-30": "41.76510", "2009-06-30": "40.61760", "2009-03-31": "41.33950", "2008-12-31": "30.63320", "2008-09-30": "40.10790", "2008-06-30": "30.21150", "2008-03-31": "38.84750", "2007-12-31": "37.53770", "2007-09-30": "35.45030", "2007-06-30": "38.40920", "2007-03-31": "36.20690", "2006-12-31": "37.05300", "2006-09-30": "37.33960", "2006-06-30": "36.84280", "2006-03-31": "38.11530", "2005-12-31": "36.18750", "2005-09-30": "36.58900", "2005-06-30": "37.19730", "2005-03-31": "38.17190"}, "Operating Margin": {"2020-09-30": "17.41380", "2020-06-30": "16.10170", "2020-03-31": "16.95450", "2019-12-31": "17.82190", "2019-09-30": "17.67350", "2019-06-30": "16.78890", "2019-03-31": "17.11330", "2018-12-31": "19.09560", "2018-09-30": "17.16100", "2018-06-30": "16.21260", "2018-03-31": "16.65090", "2017-12-31": "15.89060", "2017-09-30": "17.49030", "2017-06-30": "16.84010", "2017-03-31": "16.21950", "2016-12-31": "16.47680", "2016-09-30": "17.34530", "2016-06-30": "16.25470", "2016-03-31": "15.36510", "2015-12-31": "15.45280", "2015-09-30": "18.89510", "2015-06-30": "16.83830", "2015-03-31": "17.18450", "2014-12-31": "7.46080", "2014-09-30": "16.86140", "2014-06-30": "16.97020", "2014-03-31": "14.73620", "2013-12-31": "18.79990", "2013-09-30": "16.26950", "2013-06-30": "8.58080", "2013-03-31": "13.71960", "2012-12-31": "14.23780", "2012-09-30": "15.53080", "2012-06-30": "18.78090", "2012-03-31": "16.49010", "2011-12-31": "18.11180", "2011-09-30": "19.30350", "2011-06-30": "19.22750", "2011-03-31": "19.14600", "2010-12-31": "19.26960", "2010-09-30": "17.82990", "2010-06-30": "19.39600", "2010-03-31": "19.47690", "2009-12-31": "16.46820", "2009-09-30": "18.65930", "2009-06-30": "25.20210", "2009-03-31": "17.13180", "2008-12-31": "-8.96820", "2008-09-30": "20.02400", "2008-06-30": "10.34440", "2008-03-31": "18.24950", "2007-12-31": "17.57540", "2007-09-30": "15.91420", "2007-06-30": "18.93870", "2007-03-31": "14.98170", "2006-12-31": "16.92770", "2006-09-30": "16.94830", "2006-06-30": "17.18390", "2006-03-31": "16.59660", "2005-12-31": "15.63470", "2005-09-30": "16.35620", "2005-06-30": "17.10270", "2005-03-31": "17.64620"}, "EBIT Margin": {"2020-09-30": "17.41380", "2020-06-30": "16.10170", "2020-03-31": "16.95450", "2019-12-31": "17.82190", "2019-09-30": "17.67350", "2019-06-30": "16.78890", "2019-03-31": "17.11330", "2018-12-31": "19.09560", "2018-09-30": "17.16100", "2018-06-30": "16.21260", "2018-03-31": "16.65090", "2017-12-31": "15.89060", "2017-09-30": "17.49030", "2017-06-30": "16.84010", "2017-03-31": "16.21950", "2016-12-31": "16.47680", "2016-09-30": "17.34530", "2016-06-30": "16.25470", "2016-03-31": "15.36510", "2015-12-31": "15.45280", "2015-09-30": "18.89510", "2015-06-30": "16.83830", "2015-03-31": "17.18450", "2014-12-31": "7.46080", "2014-09-30": "16.86140", "2014-06-30": "16.97020", "2014-03-31": "14.73620", "2013-12-31": "18.79990", "2013-09-30": "16.26950", "2013-06-30": "8.58080", "2013-03-31": "13.71960", "2012-12-31": "14.23780", "2012-09-30": "15.53080", "2012-06-30": "18.78090", "2012-03-31": "16.49010", "2011-12-31": "18.11180", "2011-09-30": "19.30350", "2011-06-30": "19.22750", "2011-03-31": "19.14600", "2010-12-31": "19.26960", "2010-09-30": "17.82990", "2010-06-30": "19.39600", "2010-03-31": "19.47690", "2009-12-31": "16.46820", "2009-09-30": "18.65930", "2009-06-30": "25.20210", "2009-03-31": "17.13180", "2008-12-31": "-8.96820", "2008-09-30": "20.02400", "2008-06-30": "10.34440", "2008-03-31": "18.24950", "2007-12-31": "17.57540", "2007-09-30": "15.91420", "2007-06-30": "18.93870", "2007-03-31": "14.98170", "2006-12-31": "16.92770", "2006-09-30": "16.94830", "2006-06-30": "17.18390", "2006-03-31": "16.59660", "2005-12-31": "15.63470", "2005-09-30": "16.35620", "2005-06-30": "17.10270", "2005-03-31": "17.64620"}, "EBITDA Margin": {"2020-09-30": "", "2020-06-30": "", "2020-03-31": "", "2019-12-31": "", "2019-09-30": "", "2019-06-30": "", "2019-03-31": "", "2018-12-31": "", "2018-09-30": "", "2018-06-30": "", "2018-03-31": "", "2017-12-31": "", "2017-09-30": "", "2017-06-30": "", "2017-03-31": "", "2016-12-31": "", "2016-09-30": "", "2016-06-30": "", "2016-03-31": "", "2015-12-31": "", "2015-09-30": "", "2015-06-30": "", "2015-03-31": "", "2014-12-31": "", "2014-09-30": "", "2014-06-30": "", "2014-03-31": "", "2013-12-31": "", "2013-09-30": "", "2013-06-30": "", "2013-03-31": "", "2012-12-31": "", "2012-09-30": "", "2012-06-30": "", "2012-03-31": "", "2011-12-31": "", "2011-09-30": "", "2011-06-30": "", "2011-03-31": "", "2010-12-31": "", "2010-09-30": "", "2010-06-30": "", "2010-03-31": "", "2009-12-31": "", "2009-09-30": "", "2009-06-30": "", "2009-03-31": "", "2008-12-31": "", "2008-09-30": "", "2008-06-30": "", "2008-03-31": "", "2007-12-31": "", "2007-09-30": "", "2007-06-30": "", "2007-03-31": "", "2006-12-31": "", "2006-09-30": "", "2006-06-30": "", "2006-03-31": "", "2005-12-31": "", "2005-09-30": "", "2005-06-30": "", "2005-03-31": ""}, "Pre-Tax Profit Margin": {"2020-09-30": "12.39070", "2020-06-30": "12.22700", "2020-03-31": "12.63170", "2019-12-31": "11.05720", "2019-09-30": "13.95970", "2019-06-30": "12.61280", "2019-03-31": "12.66090", "2018-12-31": "14.12700", "2018-09-30": "13.26340", "2018-06-30": "12.41560", "2018-03-31": "12.79510", "2017-12-31": "11.55470", "2017-09-30": "13.92270", "2017-06-30": "13.19510", "2017-03-31": "12.37880", "2016-12-31": "12.38700", "2016-09-30": "5.26710", "2016-06-30": "12.40910", "2016-03-31": "11.23370", "2015-12-31": "11.43570", "2015-09-30": "14.96590", "2015-06-30": "12.92290", "2015-03-31": "13.11420", "2014-12-31": "3.54420", "2014-09-30": "13.02530", "2014-06-30": "13.04060", "2014-03-31": "10.60080", "2013-12-31": "14.63460", "2013-09-30": "12.16400", "2013-06-30": "4.31410", "2013-03-31": "9.17140", "2012-12-31": "9.81560", "2012-09-30": "10.89940", "2012-06-30": "8.66740", "2012-03-31": "11.25400", "2011-12-31": "12.78890", "2011-09-30": "13.98730", "2011-06-30": "4.37550", "2011-03-31": "13.23220", "2010-12-31": "12.90580", "2010-09-30": "11.14130", "2010-06-30": "13.08070", "2010-03-31": "5.93550", "2009-12-31": "4.02700", "2009-09-30": "10.22910", "2009-06-30": "18.00490", "2009-03-31": "9.72580", "2008-12-31": "-14.27190", "2008-09-30": "17.43410", "2008-06-30": "8.18130", "2008-03-31": "15.88810", "2007-12-31": "16.45730", "2007-09-30": "13.52020", "2007-06-30": "16.53880", "2007-03-31": "12.33020", "2006-12-31": "14.21300", "2006-09-30": "14.78850", "2006-06-30": "14.64480", "2006-03-31": "14.12880", "2005-12-31": "13.11480", "2005-09-30": "14.09590", "2005-06-30": "14.45870", "2005-03-31": "15.59360"}, "Net Profit Margin": {"2020-09-30": "10.10850", "2020-06-30": "9.18760", "2020-03-31": "9.64410", "2019-12-31": "11.22800", "2019-09-30": "11.26980", "2019-06-30": "9.65340", "2019-03-31": "9.47950", "2018-12-31": "11.89380", "2018-09-30": "10.26620", "2018-06-30": "9.32960", "2018-03-31": "9.79200", "2017-12-31": "25.95700", "2017-09-30": "8.71190", "2017-06-30": "8.03020", "2017-03-31": "7.84850", "2016-12-31": "7.96520", "2016-09-30": "3.55290", "2016-06-30": "7.69130", "2016-03-31": "6.96880", "2015-12-31": "7.51900", "2015-09-30": "9.17240", "2015-06-30": "8.23310", "2015-03-31": "7.94690", "2014-12-31": "2.25660", "2014-09-30": "8.19260", "2014-06-30": "8.02980", "2014-03-31": "6.37880", "2013-12-31": "11.04830", "2013-09-30": "7.91540", "2013-06-30": "2.66610", "2013-03-31": "6.23440", "2012-12-31": "6.26110", "2012-09-30": "7.46010", "2012-06-30": "7.24060", "2012-03-31": "7.20840", "2011-12-31": "9.43120", "2011-09-30": "9.14370", "2011-06-30": "2.22850", "2011-03-31": "8.05130", "2010-12-31": "7.30400", "2010-09-30": "6.50920", "2010-06-30": "7.72840", "2010-03-31": "3.32020", "2009-12-31": "1.78090", "2009-09-30": "5.81140", "2009-06-30": "10.93360", "2009-03-31": "5.48410", "2008-12-31": "-10.58340", "2008-09-30": "10.63550", "2008-06-30": "4.91840", "2008-03-31": "9.76640", "2007-12-31": "10.31410", "2007-09-30": "8.31060", "2007-06-30": "10.78670", "2007-03-31": "7.04020", "2006-12-31": "8.73140", "2006-09-30": "9.82090", "2006-06-30": "9.07930", "2006-03-31": "8.75930", "2005-12-31": "8.12900", "2005-09-30": "8.73970", "2005-06-30": "8.96190", "2005-03-31": "9.67220"}, "Asset Turnover": {"2020-09-30": "0.11130", "2020-06-30": "0.10750", "2020-03-31": "0.11150", "2019-12-31": "0.11360", "2019-09-30": "0.11850", "2019-06-30": "0.11840", "2019-03-31": "0.11340", "2018-12-31": "0.11700", "2018-09-30": "0.11990", "2018-06-30": "0.11870", "2018-03-31": "0.11500", "2017-12-31": "0.12110", "2017-09-30": "0.12230", "2017-06-30": "0.12170", "2017-03-31": "0.11620", "2016-12-31": "0.11530", "2016-09-30": "0.11660", "2016-06-30": "0.11390", "2016-03-31": "0.10950", "2015-12-31": "0.11150", "2015-09-30": "0.11270", "2015-06-30": "0.11180", "2015-03-31": "0.10530", "2014-12-31": "0.11090", "2014-09-30": "0.11350", "2014-06-30": "0.11220", "2014-03-31": "0.10470", "2013-12-31": "0.10730", "2013-09-30": "0.10920", "2013-06-30": "0.10680", "2013-03-31": "0.10180", "2012-12-31": "0.10340", "2012-09-30": "0.10430", "2012-06-30": "0.10520", "2012-03-31": "0.10190", "2011-12-31": "0.10360", "2011-09-30": "0.10880", "2011-06-30": "0.10600", "2011-03-31": "0.10130", "2010-12-31": "0.10380", "2010-09-30": "0.10600", "2010-06-30": "0.10560", "2010-03-31": "0.10060", "2009-12-31": "0.10230", "2009-09-30": "0.10620", "2009-06-30": "0.10620", "2009-03-31": "0.10370", "2008-12-31": "0.06250", "2008-09-30": "0.18100", "2008-06-30": "0.18200", "2008-03-31": "0.17180", "2007-12-31": "0.17820", "2007-09-30": "0.17920", "2007-06-30": "0.18310", "2007-03-31": "0.17360", "2006-12-31": "0.17300", "2006-09-30": "0.17530", "2006-06-30": "0.17370", "2006-03-31": "0.16490", "2005-12-31": "0.16220", "2005-09-30": "0.16720", "2005-06-30": "0.16520", "2005-03-31": "0.15460"}, "Inventory Turnover Ratio": {"2020-09-30": "", "2020-06-30": "", "2020-03-31": "", "2019-12-31": "", "2019-09-30": "", "2019-06-30": "", "2019-03-31": "", "2018-12-31": "", "2018-09-30": "", "2018-06-30": "", "2018-03-31": "", "2017-12-31": "", "2017-09-30": "", "2017-06-30": "", "2017-03-31": "", "2016-12-31": "", "2016-09-30": "", "2016-06-30": "", "2016-03-31": "", "2015-12-31": "", "2015-09-30": "", "2015-06-30": "", "2015-03-31": "", "2014-12-31": "", "2014-09-30": "", "2014-06-30": "", "2014-03-31": "", "2013-12-31": "", "2013-09-30": "", "2013-06-30": "", "2013-03-31": "", "2012-12-31": "", "2012-09-30": "", "2012-06-30": "", "2012-03-31": "", "2011-12-31": "", "2011-09-30": "", "2011-06-30": "", "2011-03-31": "", "2010-12-31": "", "2010-09-30": "", "2010-06-30": "", "2010-03-31": "", "2009-12-31": "", "2009-09-30": "", "2009-06-30": "", "2009-03-31": "", "2008-12-31": "", "2008-09-30": "", "2008-06-30": "", "2008-03-31": "", "2007-12-31": "", "2007-09-30": "", "2007-06-30": "", "2007-03-31": "", "2006-12-31": "", "2006-09-30": "", "2006-06-30": "", "2006-03-31": "", "2005-12-31": "", "2005-09-30": "", "2005-06-30": "", "2005-03-31": ""}, "Receiveable Turnover": {"2020-09-30": "2.34420", "2020-06-30": "2.30140", "2020-03-31": "2.33170", "2019-12-31": "2.28850", "2019-09-30": "2.27610", "2019-06-30": "2.27140", "2019-03-31": "2.30100", "2018-12-31": "2.29430", "2018-09-30": "2.21950", "2018-06-30": "2.26380", "2018-03-31": "2.30710", "2017-12-31": "2.31490", "2017-09-30": "2.27350", "2017-06-30": "2.35170", "2017-03-31": "2.35190", "2016-12-31": "2.39150", "2016-09-30": "2.36970", "2016-06-30": "2.37300", "2016-03-31": "2.40490", "2015-12-31": "2.37840", "2015-09-30": "2.37060", "2015-06-30": "2.38440", "2015-03-31": "2.33170", "2014-12-31": "2.39570", "2014-09-30": "2.37430", "2014-06-30": "2.38980", "2014-03-31": "2.37880", "2013-12-31": "2.40430", "2013-09-30": "2.38800", "2013-06-30": "2.40920", "2013-03-31": "2.43170", "2012-12-31": "2.42460", "2012-09-30": "2.39630", "2012-06-30": "2.43770", "2012-03-31": "2.45230", "2011-12-31": "2.45240", "2011-09-30": "2.34790", "2011-06-30": "2.39210", "2011-03-31": "2.34060", "2010-12-31": "2.43790", "2010-09-30": "2.30180", "2010-06-30": "2.30010", "2010-03-31": "2.30130", "2009-12-31": "2.31070", "2009-09-30": "2.23390", "2009-06-30": "2.26170", "2009-03-31": "2.34790", "2008-12-31": "1.31610", "2008-09-30": "2.55590", "2008-06-30": "2.58510", "2008-03-31": "2.54060", "2007-12-31": "2.66930", "2007-09-30": "2.51860", "2007-06-30": "2.58850", "2007-03-31": "2.57170", "2006-12-31": "2.60790", "2006-09-30": "2.52680", "2006-06-30": "2.58130", "2006-03-31": "2.64530", "2005-12-31": "2.63610", "2005-09-30": "2.48640", "2005-06-30": "2.67730", "2005-03-31": "2.75170"}, "Days Sales In Receivables": {"2020-09-30": "38.39200", "2020-06-30": "39.10730", "2020-03-31": "38.59860", "2019-12-31": "39.32740", "2019-09-30": "39.54100", "2019-06-30": "39.62310", "2019-03-31": "39.11320", "2018-12-31": "39.22800", "2018-09-30": "40.55030", "2018-06-30": "39.75610", "2018-03-31": "39.01050", "2017-12-31": "38.87930", "2017-09-30": "39.58670", "2017-06-30": "38.26970", "2017-03-31": "38.26730", "2016-12-31": "37.63270", "2016-09-30": "37.97910", "2016-06-30": "37.92660", "2016-03-31": "37.42330", "2015-12-31": "37.83990", "2015-09-30": "37.96590", "2015-06-30": "37.74600", "2015-03-31": "38.59870", "2014-12-31": "37.56660", "2014-09-30": "37.90640", "2014-06-30": "37.66020", "2014-03-31": "37.83360", "2013-12-31": "37.43310", "2013-09-30": "37.68910", "2013-06-30": "37.35620", "2013-03-31": "37.01140", "2012-12-31": "37.11990", "2012-09-30": "37.55830", "2012-06-30": "36.91980", "2012-03-31": "36.70100", "2011-12-31": "36.69860", "2011-09-30": "38.33140", "2011-06-30": "37.62440", "2011-03-31": "38.45230", "2010-12-31": "36.91660", "2010-09-30": "39.10030", "2010-06-30": "39.12890", "2010-03-31": "39.10870", "2009-12-31": "38.94900", "2009-09-30": "40.28840", "2009-06-30": "39.79240", "2009-03-31": "38.33240", "2008-12-31": "68.38240", "2008-09-30": "35.21220", "2008-06-30": "34.81450", "2008-03-31": "35.42480", "2007-12-31": "33.71610", "2007-09-30": "35.73430", "2007-06-30": "34.76870", "2007-03-31": "34.99610", "2006-12-31": "34.51060", "2006-09-30": "35.61810", "2006-06-30": "34.86660", "2006-03-31": "34.02310", "2005-12-31": "34.14170", "2005-09-30": "36.19730", "2005-06-30": "33.61540", "2005-03-31": "32.70670"}, "ROE - Return On Equity": {"2020-09-30": "3.10720", "2020-06-30": "2.74940", "2020-03-31": "3.03930", "2019-12-31": "3.57100", "2019-09-30": "3.73500", "2019-06-30": "3.15390", "2019-03-31": "2.96490", "2018-12-31": "3.79720", "2018-09-30": "3.31790", "2018-06-30": "3.00300", "2018-03-31": "3.00600", "2017-12-31": "8.34680", "2017-09-30": "2.90980", "2017-06-30": "2.65360", "2017-03-31": "2.44350", "2016-12-31": "2.46440", "2016-09-30": "1.12150", "2016-06-30": "2.33310", "2016-03-31": "2.02040", "2015-12-31": "2.21690", "2015-09-30": "2.75820", "2015-06-30": "2.45080", "2015-03-31": "2.22160", "2014-12-31": "0.65180", "2014-09-30": "2.34260", "2014-06-30": "2.27870", "2014-03-31": "1.69460", "2013-12-31": "2.99390", "2013-09-30": "2.21080", "2013-06-30": "0.73120", "2013-03-31": "1.61490", "2012-12-31": "1.64810", "2012-09-30": "1.97380", "2012-06-30": "1.94590", "2012-03-31": "1.84170", "2011-12-31": "2.48590", "2011-09-30": "2.54250", "2011-06-30": "0.60260", "2011-03-31": "2.02750", "2010-12-31": "1.88430", "2010-09-30": "1.72750", "2010-06-30": "2.08040", "2010-03-31": "0.86140", "2009-12-31": "0.47440", "2009-09-30": "1.60170", "2009-06-30": "3.01860", "2009-03-31": "1.54730", "2008-12-31": "-1.80710", "2008-09-30": "6.76170", "2008-06-30": "3.22560", "2008-03-31": "6.02060", "2007-12-31": "6.29700", "2007-09-30": "5.12550", "2007-06-30": "6.28060", "2007-03-31": "3.84840", "2006-12-31": "4.70430", "2006-09-30": "5.38940", "2006-06-30": "4.83940", "2006-03-31": "4.09820", "2005-12-31": "3.73650", "2005-09-30": "3.91990", "2005-06-30": "3.85170", "2005-03-31": "3.75190"}, "Return On Tangible Equity": {"2020-09-30": "-7.50830", "2020-06-30": "-6.34020", "2020-03-31": "-6.71140", "2019-12-31": "-7.95300", "2019-09-30": "-7.85020", "2019-06-30": "-6.83970", "2019-03-31": "-6.48160", "2018-12-31": "-8.41740", "2018-09-30": "-6.79710", "2018-06-30": "-6.52560", "2018-03-31": "-6.72780", "2017-12-31": "-19.01070", "2017-09-30": "-6.01640", "2017-06-30": "-5.49640", "2017-03-31": "-5.11490", "2016-12-31": "-5.19200", "2016-09-30": "-2.30190", "2016-06-30": "-5.01270", "2016-03-31": "-4.34110", "2015-12-31": "-4.76860", "2015-09-30": "-6.00330", "2015-06-30": "-5.27090", "2015-03-31": "-4.76490", "2014-12-31": "-1.49320", "2014-09-30": "-5.97620", "2014-06-30": "-5.61340", "2014-03-31": "-4.13840", "2013-12-31": "-7.55310", "2013-09-30": "-5.18420", "2013-06-30": "-1.69670", "2013-03-31": "-3.77840", "2012-12-31": "-3.79900", "2012-09-30": "-4.61840", "2012-06-30": "-4.41850", "2012-03-31": "-4.33060", "2011-12-31": "-5.66230", "2011-09-30": "-5.59570", "2011-06-30": "-1.35380", "2011-03-31": "-4.79880", "2010-12-31": "-4.54000", "2010-09-30": "-4.06160", "2010-06-30": "-4.64660", "2010-03-31": "-1.82130", "2009-12-31": "-0.99720", "2009-09-30": "-3.45990", "2009-06-30": "-6.32620", "2009-03-31": "-3.11810", "2008-12-31": "3.46030", "2008-09-30": "-32.19600", "2008-06-30": "-12.52310", "2008-03-31": "-23.52400", "2007-12-31": "-29.48990", "2007-09-30": "-23.77570", "2007-06-30": "-43.42630", "2007-03-31": "-28.13160", "2006-12-31": "-38.94060", "2006-09-30": "-51.25990", "2006-06-30": "-56.77640", "2006-03-31": "-468.11840", "2005-12-31": "400.00010", "2005-09-30": "130.73790", "2005-06-30": "69.47130", "2005-03-31": "39.67290"}, "ROA - Return On Assets": {"2020-09-30": "1.12590", "2020-06-30": "0.99140", "2020-03-31": "1.07730", "2019-12-31": "1.27840", "2019-09-30": "1.33460", "2019-06-30": "1.14060", "2019-03-31": "1.07840", "2018-12-31": "1.39290", "2018-09-30": "1.22840", "2018-06-30": "1.11160", "2018-03-31": "1.12700", "2017-12-31": "3.14230", "2017-09-30": "1.06590", "2017-06-30": "0.97970", "2017-03-31": "0.91180", "2016-12-31": "0.91910", "2016-09-30": "0.41480", "2016-06-30": "0.87670", "2016-03-31": "0.76390", "2015-12-31": "0.83950", "2015-09-30": "1.03500", "2015-06-30": "0.92080", "2015-03-31": "0.83760", "2014-12-31": "0.25130", "2014-09-30": "0.92960", "2014-06-30": "0.90060", "2014-03-31": "0.66830", "2013-12-31": "1.18650", "2013-09-30": "0.86300", "2013-06-30": "0.28520", "2013-03-31": "0.63600", "2012-12-31": "0.64740", "2012-09-30": "0.77820", "2012-06-30": "0.76310", "2012-03-31": "0.73400", "2011-12-31": "0.97690", "2011-09-30": "0.99510", "2011-06-30": "0.23470", "2011-03-31": "0.81510", "2010-12-31": "0.75990", "2010-09-30": "0.69120", "2010-06-30": "0.81700", "2010-03-31": "0.33500", "2009-12-31": "0.18370", "2009-09-30": "0.61960", "2009-06-30": "1.16320", "2009-03-31": "0.57090", "2008-12-31": "-0.66060", "2008-09-30": "1.92550", "2008-06-30": "0.89500", "2008-03-31": "1.67830", "2007-12-31": "1.83760", "2007-09-30": "1.48960", "2007-06-30": "1.97450", "2007-03-31": "1.22210", "2006-12-31": "1.51040", "2006-09-30": "1.72200", "2006-06-30": "1.57690", "2006-03-31": "1.44470", "2005-12-31": "1.31850", "2005-09-30": "1.46150", "2005-06-30": "1.48070", "2005-03-31": "1.49510"}, "ROI - Return On Investment": {"2020-09-30": "1.53340", "2020-06-30": "1.34470", "2020-03-31": "1.44560", "2019-12-31": "1.82630", "2019-09-30": "1.90000", "2019-06-30": "1.69080", "2019-03-31": "1.59530", "2018-12-31": "1.93310", "2018-09-30": "1.69830", "2018-06-30": "1.46720", "2018-03-31": "1.54340", "2017-12-31": "4.30330", "2017-09-30": "1.50610", "2017-06-30": "1.37980", "2017-03-31": "1.22350", "2016-12-31": "1.23540", "2016-09-30": "0.55720", "2016-06-30": "1.17790", "2016-03-31": "1.02410", "2015-12-31": "1.12650", "2015-09-30": "1.40120", "2015-06-30": "1.24280", "2015-03-31": "1.12600", "2014-12-31": "0.34120", "2014-09-30": "1.24270", "2014-06-30": "1.20150", "2014-03-31": "0.89400", "2013-12-31": "1.58770", "2013-09-30": "1.15900", "2013-06-30": "0.38300", "2013-03-31": "0.84720", "2012-12-31": "0.86060", "2012-09-30": "1.03230", "2012-06-30": "1.01270", "2012-03-31": "0.97650", "2011-12-31": "1.31090", "2011-09-30": "1.32280", "2011-06-30": "0.31700", "2011-03-31": "1.13010", "2010-12-31": "1.07850", "2010-09-30": "0.98740", "2010-06-30": "1.13320", "2010-03-31": "0.45890", "2009-12-31": "0.25670", "2009-09-30": "0.84220", "2009-06-30": "1.58600", "2009-03-31": "0.78490", "2008-12-31": "-0.90880", "2008-09-30": "3.15770", "2008-06-30": "1.46550", "2008-03-31": "2.57360", "2007-12-31": "2.86130", "2007-09-30": "2.26260", "2007-06-30": "3.02320", "2007-03-31": "1.82690", "2006-12-31": "2.25500", "2006-09-30": "2.49430", "2006-06-30": "2.26770", "2006-03-31": "2.10200", "2005-12-31": "1.94940", "2005-09-30": "2.13310", "2005-06-30": "2.12590", "2005-03-31": "2.11510"}, "Book Value Per Share": {"2020-09-30": "26.29230", "2020-06-30": "25.86710", "2020-03-31": "25.52720", "2019-12-31": "25.47330", "2019-09-30": "24.97970", "2019-06-30": "24.79800", "2019-03-31": "24.62730", "2018-12-31": "24.58760", "2018-09-30": "24.41100", "2018-06-30": "24.10570", "2018-03-31": "24.08490", "2017-12-31": "24.00090", "2017-09-30": "22.88070", "2017-06-30": "22.74510", "2017-03-31": "22.68510", "2016-12-31": "22.66850", "2016-09-30": "22.42220", "2016-06-30": "22.63790", "2016-03-31": "22.54250", "2015-12-31": "22.50170", "2015-09-30": "22.43950", "2015-06-30": "22.22930", "2015-03-31": "22.07140", "2014-12-31": "21.96710", "2014-09-30": "22.31030", "2014-06-30": "22.09710", "2014-03-31": "21.90570", "2013-12-31": "21.93700", "2013-09-30": "21.49830", "2013-06-30": "21.31310", "2013-03-31": "21.40120", "2012-12-31": "21.33950", "2012-09-30": "21.23310", "2012-06-30": "21.03120", "2012-03-31": "20.91070", "2011-12-31": "20.77160", "2011-09-30": "20.53530", "2011-06-30": "20.36310", "2011-03-31": "20.56330", "2010-12-31": "20.45580", "2010-09-30": "20.27080", "2010-06-30": "20.08860", "2010-03-31": "19.84450", "2009-12-31": "19.12330", "2009-09-30": "19.89600", "2009-06-30": "19.77200", "2009-03-31": "19.34720", "2008-12-31": "19.24040", "2008-09-30": "7.20120", "2008-06-30": "6.93750", "2008-03-31": "6.91950", "2007-12-31": "7.03240", "2007-09-30": "6.98700", "2007-06-30": "7.27230", "2007-03-31": "7.23900", "2006-12-31": "7.34130", "2006-09-30": "7.28440", "2006-06-30": "7.31670", "2006-03-31": "7.66410", "2005-12-31": "7.72370", "2005-09-30": "7.76200", "2005-06-30": "7.85350", "2005-03-31": "8.02250"}, "Operating Cash Flow Per Share": {"2020-09-30": 1.7988, "2020-06-30": 2.3938, "2020-03-31": "1.77860", "2019-12-31": 1.7501, "2019-09-30": 2.0366, "2019-06-30": 1.8064, "2019-03-31": "1.71160", "2018-12-31": 1.4857, "2018-09-30": 1.7215, "2018-06-30": 1.8721, "2018-03-31": "1.75020", "2017-12-31": 1.5533, "2017-09-30": 1.4971, "2017-06-30": 1.2861, "2017-03-31": "1.29980", "2016-12-31": 1.413, "2016-09-30": 1.5065, "2016-06-30": 1.2012, "2016-03-31": "1.24460", "2015-12-31": 0.999, "2015-09-30": 1.221, "2015-06-30": 1.1617, "2015-03-31": "1.39830", "2014-12-31": 1.1926, "2014-09-30": 1.0593, "2014-06-30": 0.9219, "2014-03-31": "1.09810", "2013-12-31": 1.1273, "2013-09-30": 1.043, "2013-06-30": 0.9368, "2013-03-31": "1.15300", "2012-12-31": 1.2298, "2012-09-30": 0.9997, "2012-06-30": 0.9869, "2012-03-31": "0.89720", "2011-12-31": 1.2445, "2011-09-30": 1.3414, "2011-06-30": 0.9634, "2011-03-31": "1.12940", "2010-12-31": 1.2267, "2010-09-30": 0.95, "2010-06-30": 0.7658, "2010-03-31": "0.78030", "2009-12-31": 1.0089, "2009-09-30": 0.8465, "2009-06-30": 0.4612, "2009-03-31": "1.34880", "2008-12-31": 0.0059, "2008-09-30": 0.8819, "2008-06-30": 0.8943, "2008-03-31": "0.79960", "2007-12-31": 0.9635, "2007-09-30": 0.7136, "2007-06-30": 1.0555, "2007-03-31": "0.71170", "2006-12-31": 0.9204, "2006-09-30": 0.902, "2006-06-30": 0.7055, "2006-03-31": "0.02050", "2005-12-31": 1.2393, "2005-09-30": 0.7716, "2005-06-30": 0.7965, "2005-03-31": "0.74000"}, "Free Cash Flow Per Share": {"2020-09-30": 1.1057, "2020-06-30": 1.4482, "2020-03-31": "0.71420", "2019-12-31": 0.8558, "2019-09-30": 1.0488, "2019-06-30": 0.9196, "2019-03-31": "0.79910", "2018-12-31": 0.8039, "2018-09-30": 0.8715, "2018-06-30": 1.0182, "2018-03-31": "0.96840", "2017-12-31": 0.9109, "2017-09-30": 0.6918, "2017-06-30": 0.4831, "2017-03-31": "0.64870", "2016-12-31": 0.8733, "2016-09-30": 0.8479, "2016-06-30": 0.5087, "2016-03-31": "0.46990", "2015-12-31": 0.4092, "2015-09-30": 0.5752, "2015-06-30": 0.5176, "2015-03-31": "0.64740", "2014-12-31": 0.7544, "2014-09-30": 0.4925, "2014-06-30": 0.2032, "2014-03-31": "0.51300", "2013-12-31": 0.6336, "2013-09-30": 0.4258, "2013-06-30": 0.271, "2013-03-31": "0.57180", "2012-12-31": 0.7163, "2012-09-30": 0.3318, "2012-06-30": 0.5143, "2012-03-31": "0.17400", "2011-12-31": 0.6513, "2011-09-30": 0.7703, "2011-06-30": 0.4952, "2011-03-31": "0.37340", "2010-12-31": 0.6952, "2010-09-30": 0.4841, "2010-06-30": 0.3251, "2010-03-31": "0.25200", "2009-12-31": 0.2873, "2009-09-30": 0.3736, "2009-06-30": 0.0666, "2009-03-31": "0.85260", "2008-12-31": -0.4998, "2008-09-30": 0.3603, "2008-06-30": 0.4483, "2008-03-31": "0.36410", "2007-12-31": 0.5857, "2007-09-30": 0.3427, "2007-06-30": 0.7374, "2007-03-31": "0.28680", "2006-12-31": 0.6279, "2006-09-30": 0.4969, "2006-06-30": 0.2714, "2006-03-31": "-0.38420", "2005-12-31": 0.9504, "2005-09-30": 0.2424, "2005-06-30": 0.4162, "2005-03-31": "0.52050"}}, "revenue": {"Republic Services Annual Revenue (Millions of US $)": {"2019": "$10,299", "2018": "$10,041", "2017": "$10,042", "2016": "$9,388", "2015": "$9,115", "2014": "$8,803", "2013": "$8,417", "2012": "$8,118", "2011": "$8,193", "2010": "$8,107", "2009": "$8,199", "2008": "$3,685", "2007": "$3,176", "2006": "$3,071", "2005": "$2,864"}, "Republic Services Quarterly Revenue (Millions of US $)": {"2020-09-30": "$2,572", "2020-06-30": "$2,454", "2020-03-31": "$2,554", "2019-12-31": "$2,577", "2019-09-30": "$2,647", "2019-06-30": "$2,605", "2019-03-31": "$2,471", "2018-12-31": "$2,530", "2018-09-30": "$2,566", "2018-06-30": "$2,518", "2018-03-31": "$2,428", "2017-12-31": "$2,560", "2017-09-30": "$2,562", "2017-06-30": "$2,527", "2017-03-31": "$2,393", "2016-12-31": "$2,379", "2016-09-30": "$2,409", "2016-06-30": "$2,351", "2016-03-31": "$2,249", "2015-12-31": "$2,290", "2015-09-30": "$2,344", "2015-06-30": "$2,311", "2015-03-31": "$2,169", "2014-12-31": "$2,229", "2014-09-30": "$2,268", "2014-06-30": "$2,229", "2014-03-31": "$2,077", "2013-12-31": "$2,142", "2013-09-30": "$2,165", "2013-06-30": "$2,112", "2013-03-31": "$1,999", "2012-12-31": "$2,028", "2012-09-30": "$2,047", "2012-06-30": "$2,061", "2012-03-31": "$1,982", "2011-12-31": "$2,025", "2011-09-30": "$2,116", "2011-06-30": "$2,087", "2011-03-31": "$1,965", "2010-12-31": "$2,021", "2010-09-30": "$2,062", "2010-06-30": "$2,066", "2010-03-31": "$1,958", "2009-12-31": "$1,999", "2009-09-30": "$2,074", "2009-06-30": "$2,066", "2009-03-31": "$2,061", "2008-12-31": "$1,244", "2008-09-30": "$834", "2008-06-30": "$828", "2008-03-31": "$779", "2007-12-31": "$796", "2007-09-30": "$806", "2007-06-30": "$808", "2007-03-31": "$766", "2006-12-31": "$766", "2006-09-30": "$787", "2006-06-30": "$780", "2006-03-31": "$738", "2005-12-31": "$738", "2005-09-30": "$730", "2005-06-30": "$719", "2005-03-31": "$677"}}, "gross-profit": {"Republic Services Annual Gross Profit (Millions of US $)": {"2019": "$4,001", "2018": "$3,891", "2017": "$3,827", "2016": "$3,624", "2015": "$3,596", "2014": "$3,160", "2013": "$3,183", "2012": "$3,113", "2011": "$3,328", "2010": "$3,342", "2009": "$3,355", "2008": "$1,268", "2007": "$1,172", "2006": "$1,146", "2005": "$1,060"}, "Republic Services Quarterly Gross Profit (Millions of US $)": {"2020-09-30": "$1,037", "2020-06-30": "$986", "2020-03-31": "$1,004", "2019-12-31": "$1,033", "2019-09-30": "$1,016", "2019-06-30": "$988", "2019-03-31": "$965", "2018-12-31": "$1,004", "2018-09-30": "$988", "2018-06-30": "$941", "2018-03-31": "$958", "2017-12-31": "$967", "2017-09-30": "$982", "2017-06-30": "$969", "2017-03-31": "$909", "2016-12-31": "$914", "2016-09-30": "$933", "2016-06-30": "$910", "2016-03-31": "$867", "2015-12-31": "$887", "2015-09-30": "$954", "2015-06-30": "$891", "2015-03-31": "$865", "2014-12-31": "$689", "2014-09-30": "$867", "2014-06-30": "$852", "2014-03-31": "$753", "2013-12-31": "$858", "2013-09-30": "$848", "2013-06-30": "$702", "2013-03-31": "$776", "2012-12-31": "$745", "2012-09-30": "$766", "2012-06-30": "$822", "2012-03-31": "$779", "2011-12-31": "$818", "2011-09-30": "$856", "2011-06-30": "$849", "2011-03-31": "$805", "2010-12-31": "$836", "2010-09-30": "$837", "2010-06-30": "$848", "2010-03-31": "$821", "2009-12-31": "$798", "2009-09-30": "$866", "2009-06-30": "$839", "2009-03-31": "$852", "2008-12-31": "$381", "2008-09-30": "$335", "2008-06-30": "$250", "2008-03-31": "$303", "2007-12-31": "$299", "2007-09-30": "$286", "2007-06-30": "$311", "2007-03-31": "$277", "2006-12-31": "$284", "2006-09-30": "$294", "2006-06-30": "$287", "2006-03-31": "$281", "2005-12-31": "$267", "2005-09-30": "$267", "2005-06-30": "$267", "2005-03-31": "$259"}}, "operating-income": {"Republic Services Annual Operating Income (Millions of US $)": {"2019": "$1,787", "2018": "$1,736", "2017": "$1,669", "2016": "$1,538", "2015": "$1,559", "2014": "$1,233", "2013": "$1,210", "2012": "$1,321", "2011": "$1,553", "2010": "$1,539", "2009": "$1,590", "2008": "$283", "2007": "$536", "2006": "$520", "2005": "$477"}, "Republic Services Quarterly Operating Income (Millions of US $)": {"2020-09-30": "$448", "2020-06-30": "$395", "2020-03-31": "$433", "2019-12-31": "$459", "2019-09-30": "$468", "2019-06-30": "$437", "2019-03-31": "$423", "2018-12-31": "$483", "2018-09-30": "$440", "2018-06-30": "$408", "2018-03-31": "$404", "2017-12-31": "$407", "2017-09-30": "$448", "2017-06-30": "$426", "2017-03-31": "$388", "2016-12-31": "$392", "2016-09-30": "$418", "2016-06-30": "$382", "2016-03-31": "$346", "2015-12-31": "$354", "2015-09-30": "$443", "2015-06-30": "$389", "2015-03-31": "$373", "2014-12-31": "$166", "2014-09-30": "$382", "2014-06-30": "$378", "2014-03-31": "$306", "2013-12-31": "$403", "2013-09-30": "$352", "2013-06-30": "$181", "2013-03-31": "$274", "2012-12-31": "$289", "2012-09-30": "$318", "2012-06-30": "$387", "2012-03-31": "$327", "2011-12-31": "$367", "2011-09-30": "$409", "2011-06-30": "$401", "2011-03-31": "$376", "2010-12-31": "$389", "2010-09-30": "$368", "2010-06-30": "$401", "2010-03-31": "$381", "2009-12-31": "$329", "2009-09-30": "$387", "2009-06-30": "$521", "2009-03-31": "$353", "2008-12-31": "$-112", "2008-09-30": "$167", "2008-06-30": "$86", "2008-03-31": "$142", "2007-12-31": "$140", "2007-09-30": "$128", "2007-06-30": "$153", "2007-03-31": "$115", "2006-12-31": "$130", "2006-09-30": "$133", "2006-06-30": "$134", "2006-03-31": "$122", "2005-12-31": "$115", "2005-09-30": "$119", "2005-06-30": "$123", "2005-03-31": "$120"}}, "ebitda": {"Republic Services Annual EBITDA (Millions of US $)": {"2019": "$2,910", "2018": "$2,850", "2017": "$2,785", "2016": "$2,608", "2015": "$2,609", "2014": "$2,218", "2013": "$2,164", "2012": "$2,248", "2011": "$2,474", "2010": "$2,453", "2009": "$2,548", "2008": "$661", "2007": "$859", "2006": "$831", "2005": "$771"}, "Republic Services Quarterly EBITDA (Millions of US $)": {"2020-09-30": "$739", "2020-06-30": "$685", "2020-03-31": "$723", "2019-12-31": "$737", "2019-09-30": "$756", "2019-06-30": "$722", "2019-03-31": "$695", "2018-12-31": "$756", "2018-09-30": "$723", "2018-06-30": "$684", "2018-03-31": "$688", "2017-12-31": "$694", "2017-09-30": "$729", "2017-06-30": "$704", "2017-03-31": "$658", "2016-12-31": "$657", "2016-09-30": "$690", "2016-06-30": "$652", "2016-03-31": "$609", "2015-12-31": "$618", "2015-09-30": "$710", "2015-06-30": "$655", "2015-03-31": "$626", "2014-12-31": "$414", "2014-09-30": "$638", "2014-06-30": "$628", "2014-03-31": "$539", "2013-12-31": "$648", "2013-09-30": "$596", "2013-06-30": "$417", "2013-03-31": "$503", "2012-12-31": "$525", "2012-09-30": "$541", "2012-06-30": "$622", "2012-03-31": "$560", "2011-12-31": "$600", "2011-09-30": "$643", "2011-06-30": "$629", "2011-03-31": "$602", "2010-12-31": "$615", "2010-09-30": "$599", "2010-06-30": "$635", "2010-03-31": "$605", "2009-12-31": "$562", "2009-09-30": "$627", "2009-06-30": "$761", "2009-03-31": "$598", "2008-12-31": "$26", "2008-09-30": "$249", "2008-06-30": "$166", "2008-03-31": "$220", "2007-12-31": "$216", "2007-09-30": "$211", "2007-06-30": "$234", "2007-03-31": "$198", "2006-12-31": "$205", "2006-09-30": "$214", "2006-06-30": "$212", "2006-03-31": "$199", "2005-12-31": "$194", "2005-09-30": "$195", "2005-06-30": "$197", "2005-03-31": "$184"}}, "net-income": {"Republic Services Annual Net Income (Millions of US $)": {"2019": "$1,073", "2018": "$1,037", "2017": "$1,278", "2016": "$613", "2015": "$750", "2014": "$548", "2013": "$589", "2012": "$572", "2011": "$589", "2010": "$507", "2009": "$495", "2008": "$74", "2007": "$290", "2006": "$280", "2005": "$254"}, "Republic Services Quarterly Net Income (Millions of US $)": {"2020-09-30": "$260", "2020-06-30": "$226", "2020-03-31": "$246", "2019-12-31": "$289", "2019-09-30": "$298", "2019-06-30": "$252", "2019-03-31": "$234", "2018-12-31": "$301", "2018-09-30": "$263", "2018-06-30": "$235", "2018-03-31": "$238", "2017-12-31": "$665", "2017-09-30": "$223", "2017-06-30": "$203", "2017-03-31": "$188", "2016-12-31": "$190", "2016-09-30": "$86", "2016-06-30": "$181", "2016-03-31": "$157", "2015-12-31": "$172", "2015-09-30": "$215", "2015-06-30": "$190", "2015-03-31": "$172", "2014-12-31": "$50", "2014-09-30": "$186", "2014-06-30": "$179", "2014-03-31": "$133", "2013-12-31": "$237", "2013-09-30": "$171", "2013-06-30": "$56", "2013-03-31": "$125", "2012-12-31": "$127", "2012-09-30": "$153", "2012-06-30": "$149", "2012-03-31": "$143", "2011-12-31": "$191", "2011-09-30": "$194", "2011-06-30": "$47", "2011-03-31": "$158", "2010-12-31": "$148", "2010-09-30": "$134", "2010-06-30": "$160", "2010-03-31": "$65", "2009-12-31": "$36", "2009-09-30": "$121", "2009-06-30": "$226", "2009-03-31": "$113", "2008-12-31": "$-132", "2008-09-30": "$89", "2008-06-30": "$41", "2008-03-31": "$76", "2007-12-31": "$82", "2007-09-30": "$67", "2007-06-30": "$87", "2007-03-31": "$54", "2006-12-31": "$67", "2006-09-30": "$77", "2006-06-30": "$71", "2006-03-31": "$65", "2005-12-31": "$60", "2005-09-30": "$64", "2005-06-30": "$64", "2005-03-31": "$66"}}, "eps-earnings-per-share-diluted": {"Republic Services Annual EPS": {"2019": "$3.33", "2018": "$3.16", "2017": "$3.77", "2016": "$1.78", "2015": "$2.13", "2014": "$1.53", "2013": "$1.62", "2012": "$1.55", "2011": "$1.56", "2010": "$1.32", "2009": "$1.30", "2008": "$0.37", "2007": "$1.51", "2006": "$1.39", "2005": "$1.20"}, "Republic Services Quarterly EPS": {"2020-09-30": "$0.81", "2020-06-30": "$0.71", "2020-03-31": "$0.77", "2019-12-31": "$0.90", "2019-09-30": "$0.93", "2019-06-30": "$0.78", "2019-03-31": "$0.72", "2018-12-31": "$0.92", "2018-09-30": "$0.81", "2018-06-30": "$0.71", "2018-03-31": "$0.72", "2017-12-31": "$1.96", "2017-09-30": "$0.66", "2017-06-30": "$0.60", "2017-03-31": "$0.55", "2016-12-31": "$0.56", "2016-09-30": "$0.25", "2016-06-30": "$0.52", "2016-03-31": "$0.45", "2015-12-31": "$0.49", "2015-09-30": "$0.61", "2015-06-30": "$0.54", "2015-03-31": "$0.49", "2014-12-31": "$0.14", "2014-09-30": "$0.52", "2014-06-30": "$0.50", "2014-03-31": "$0.37", "2013-12-31": "$0.66", "2013-09-30": "$0.47", "2013-06-30": "$0.15", "2013-03-31": "$0.34", "2012-12-31": "$0.35", "2012-09-30": "$0.42", "2012-06-30": "$0.40", "2012-03-31": "$0.38", "2011-12-31": "$0.51", "2011-09-30": "$0.52", "2011-06-30": "$0.12", "2011-03-31": "$0.41", "2010-12-31": "$0.38", "2010-09-30": "$0.35", "2010-06-30": "$0.42", "2010-03-31": "$0.17", "2009-12-31": "$0.09", "2009-09-30": "$0.32", "2009-06-30": "$0.59", "2009-03-31": "$0.30", "2008-12-31": "$-0.74", "2008-09-30": "$0.48", "2008-06-30": "$0.22", "2008-03-31": "$0.41", "2007-12-31": "$0.43", "2007-09-30": "$0.35", "2007-06-30": "$0.45", "2007-03-31": "$0.28", "2006-12-31": "$0.34", "2006-09-30": "$0.39", "2006-06-30": "$0.35", "2006-03-31": "$0.31", "2005-12-31": "$0.32", "2005-09-30": "$0.30", "2005-06-30": "$0.29", "2005-03-31": "$0.29"}}, "shares-outstanding": {"Republic Services Annual Shares Outstanding (Millions of Shares)": {"2019": "322", "2018": "328", "2017": "339", "2016": "344", "2015": "351", "2014": "358", "2013": "363", "2012": "368", "2011": "378", "2010": "385", "2009": "381", "2008": "198", "2007": "192", "2006": "201", "2005": "211"}, "Republic Services Quarterly Shares Outstanding (Millions of Shares)": {"2020-09-30": "320", "2020-06-30": "320", "2020-03-31": "320", "2019-12-31": "322", "2019-09-30": "322", "2019-06-30": "323", "2019-03-31": "324", "2018-12-31": "328", "2018-09-30": "327", "2018-06-30": "329", "2018-03-31": "332", "2017-12-31": "339", "2017-09-30": "339", "2017-06-30": "340", "2017-03-31": "342", "2016-12-31": "344", "2016-09-30": "344", "2016-06-30": "345", "2016-03-31": "347", "2015-12-31": "351", "2015-09-30": "350", "2015-06-30": "352", "2015-03-31": "355", "2014-12-31": "358", "2014-09-30": "358", "2014-06-30": "358", "2014-03-31": "361", "2013-12-31": "363", "2013-09-30": "363", "2013-06-30": "364", "2013-03-31": "364", "2012-12-31": "368", "2012-09-30": "366", "2012-06-30": "369", "2012-03-31": "372", "2011-12-31": "378", "2011-09-30": "375", "2011-06-30": "380", "2011-03-31": "384", "2010-12-31": "385", "2010-09-30": "386", "2010-06-30": "385", "2010-03-31": "383", "2009-12-31": "381", "2009-09-30": "381", "2009-06-30": "380", "2009-03-31": "380", "2008-12-31": "198", "2008-09-30": "184", "2008-06-30": "184", "2008-03-31": "185", "2007-12-31": "192", "2007-09-30": "190", "2007-06-30": "195", "2007-03-31": "196", "2006-12-31": "201", "2006-09-30": "198", "2006-06-30": "202", "2006-03-31": "205", "2005-12-31": "211", "2005-09-30": "214", "2005-06-30": "218", "2005-03-31": "227"}}, "total-assets": {"Republic Services Annual Total Assets (Millions of US $)": {"2019": "$22,684", "2018": "$21,617", "2017": "$21,147", "2016": "$20,630", "2015": "$20,536", "2014": "$20,094", "2013": "$19,949", "2012": "$19,617", "2011": "$19,552", "2010": "$19,462", "2009": "$19,540", "2008": "$19,921", "2007": "$4,468", "2006": "$4,429", "2005": "$4,551"}, "Republic Services Quarterly Total Assets (Millions of US $)": {"2020-09-30": "$23,110", "2020-06-30": "$22,826", "2020-03-31": "$22,909", "2019-12-31": "$22,684", "2019-09-30": "$22,329", "2019-06-30": "$21,997", "2019-03-31": "$21,782", "2018-12-31": "$21,617", "2018-09-30": "$21,402", "2018-06-30": "$21,204", "2018-03-31": "$21,109", "2017-12-31": "$21,147", "2017-09-30": "$20,949", "2017-06-30": "$20,761", "2017-03-31": "$20,596", "2016-12-31": "$20,630", "2016-09-30": "$20,662", "2016-06-30": "$20,645", "2016-03-31": "$20,539", "2015-12-31": "$20,536", "2015-09-30": "$20,792", "2015-06-30": "$20,667", "2015-03-31": "$20,594", "2014-12-31": "$20,094", "2014-09-30": "$19,987", "2014-06-30": "$19,876", "2014-03-31": "$19,843", "2013-12-31": "$19,949", "2013-09-30": "$19,826", "2013-06-30": "$19,774", "2013-03-31": "$19,639", "2012-12-31": "$19,617", "2012-09-30": "$19,634", "2012-06-30": "$19,590", "2012-03-31": "$19,456", "2011-12-31": "$19,552", "2011-09-30": "$19,456", "2011-06-30": "$19,682", "2011-03-31": "$19,397", "2010-12-31": "$19,462", "2010-09-30": "$19,458", "2010-06-30": "$19,571", "2010-03-31": "$19,465", "2009-12-31": "$19,540", "2009-09-30": "$19,530", "2009-06-30": "$19,446", "2009-03-31": "$19,863", "2008-12-31": "$19,921", "2008-09-30": "$4,607", "2008-06-30": "$4,548", "2008-03-31": "$4,534", "2007-12-31": "$4,468", "2007-09-30": "$4,498", "2007-06-30": "$4,416", "2007-03-31": "$4,411", "2006-12-31": "$4,429", "2006-09-30": "$4,489", "2006-06-30": "$4,490", "2006-03-31": "$4,472", "2005-12-31": "$4,551", "2005-09-30": "$4,365", "2005-06-30": "$4,349", "2005-03-31": "$4,381"}}, "cash-on-hand": {"Republic Services Annual Cash on Hand (Millions of US $)": {"2019": "$47", "2018": "$71", "2017": "$83", "2016": "$68", "2015": "$32", "2014": "$75", "2013": "$213", "2012": "$68", "2011": "$66", "2010": "$88", "2009": "$48", "2008": "$69", "2007": "$22", "2006": "$29", "2005": "$132"}, "Republic Services Quarterly Cash on Hand (Millions of US $)": {"2020-09-30": "$406", "2020-06-30": "$270", "2020-03-31": "$282", "2019-12-31": "$47", "2019-09-30": "$56", "2019-06-30": "$73", "2019-03-31": "$68", "2018-12-31": "$71", "2018-09-30": "$82", "2018-06-30": "$61", "2018-03-31": "$63", "2017-12-31": "$83", "2017-09-30": "$64", "2017-06-30": "$36", "2017-03-31": "$33", "2016-12-31": "$68", "2016-09-30": "$55", "2016-06-30": "$42", "2016-03-31": "$33", "2015-12-31": "$32", "2015-09-30": "$103", "2015-06-30": "$100", "2015-03-31": "$134", "2014-12-31": "$75", "2014-09-30": "$113", "2014-06-30": "$50", "2014-03-31": "$176", "2013-12-31": "$213", "2013-09-30": "$97", "2013-06-30": "$97", "2013-03-31": "$130", "2012-12-31": "$68", "2012-09-30": "$74", "2012-06-30": "$69", "2012-03-31": "$74", "2011-12-31": "$66", "2011-09-30": "$73", "2011-06-30": "$321", "2011-03-31": "$68", "2010-12-31": "$88", "2010-09-30": "$121", "2010-06-30": "$56", "2010-03-31": "$81", "2009-12-31": "$48", "2009-09-30": "$107", "2009-06-30": "$68", "2009-03-31": "$194", "2008-12-31": "$69", "2008-09-30": "$40", "2008-06-30": "$13", "2008-03-31": "$50", "2007-12-31": "$22", "2007-09-30": "$23", "2007-06-30": "$26", "2007-03-31": "$20", "2006-12-31": "$29", "2006-09-30": "$49", "2006-06-30": "$31", "2006-03-31": "$15", "2005-12-31": "$132", "2005-09-30": "$34", "2005-06-30": "$30", "2005-03-31": "$72"}}, "long-term-debt": {"Republic Services Annual Long Term Debt (Millions of US $)": {"2019": "$7,759", "2018": "$7,647", "2017": "$7,481", "2016": "$7,653", "2015": "$7,527", "2014": "$7,051", "2013": "$7,002", "2012": "$7,051", "2011": "$6,887", "2010": "$5,865", "2009": "$6,420", "2008": "$7,199", "2007": "$1,566", "2006": "$1,545", "2005": "$1,472"}, "Republic Services Quarterly Long Term Debt (Millions of US $)": {"2020-09-30": "$8,595", "2020-06-30": "$8,598", "2020-03-31": "$8,952", "2019-12-31": "$7,759", "2019-09-30": "$7,706", "2019-06-30": "$6,884", "2019-03-31": "$6,802", "2018-12-31": "$7,647", "2018-09-30": "$7,557", "2018-06-30": "$8,216", "2018-03-31": "$7,500", "2017-12-31": "$7,481", "2017-09-30": "$7,152", "2017-06-30": "$7,076", "2017-03-31": "$7,664", "2016-12-31": "$7,653", "2016-09-30": "$7,740", "2016-06-30": "$7,608", "2016-03-31": "$7,555", "2015-12-31": "$7,527", "2015-09-30": "$7,556", "2015-06-30": "$7,548", "2015-03-31": "$7,555", "2014-12-31": "$7,051", "2014-09-30": "$7,020", "2014-06-30": "$7,042", "2014-03-31": "$7,008", "2013-12-31": "$7,002", "2013-09-30": "$7,024", "2013-06-30": "$7,013", "2013-03-31": "$7,008", "2012-12-31": "$7,051", "2012-09-30": "$7,060", "2012-06-30": "$7,079", "2012-03-31": "$6,870", "2011-12-31": "$6,887", "2011-09-30": "$7,022", "2011-06-30": "$6,908", "2011-03-31": "$6,192", "2010-12-31": "$5,865", "2010-09-30": "$5,836", "2010-06-30": "$6,425", "2010-03-31": "$6,638", "2009-12-31": "$6,420", "2009-09-30": "$6,813", "2009-06-30": "$6,769", "2009-03-31": "$7,119", "2008-12-31": "$7,199", "2008-09-30": "$1,497", "2008-06-30": "$1,515", "2008-03-31": "$1,693", "2007-12-31": "$1,566", "2007-09-30": "$1,654", "2007-06-30": "$1,496", "2007-03-31": "$1,550", "2006-12-31": "$1,545", "2006-09-30": "$1,665", "2006-06-30": "$1,659", "2006-03-31": "$1,497", "2005-12-31": "$1,472", "2005-09-30": "$1,363", "2005-06-30": "$1,357", "2005-03-31": "$1,351"}}, "total-liabilities": {"Republic Services Annual Total Liabilities (Millions of US $)": {"2019": "$14,563", "2018": "$13,688", "2017": "$13,186", "2016": "$12,936", "2015": "$12,759", "2014": "$12,346", "2013": "$12,043", "2012": "$11,911", "2011": "$11,868", "2010": "$11,613", "2009": "$11,973", "2008": "$12,639", "2007": "$3,164", "2006": "$3,007", "2005": "$2,945"}, "Republic Services Quarterly Total Liabilities (Millions of US $)": {"2020-09-30": "$14,736", "2020-06-30": "$14,595", "2020-03-31": "$14,789", "2019-12-31": "$14,563", "2019-09-30": "$14,351", "2019-06-30": "$14,042", "2019-03-31": "$13,859", "2018-12-31": "$13,688", "2018-09-30": "$13,478", "2018-06-30": "$13,355", "2018-03-31": "$13,194", "2017-12-31": "$13,186", "2017-09-30": "$13,274", "2017-06-30": "$13,096", "2017-03-31": "$12,910", "2016-12-31": "$12,936", "2016-09-30": "$13,020", "2016-06-30": "$12,887", "2016-03-31": "$12,773", "2015-12-31": "$12,759", "2015-09-30": "$12,990", "2015-06-30": "$12,902", "2015-03-31": "$12,829", "2014-12-31": "$12,346", "2014-09-30": "$12,056", "2014-06-30": "$12,021", "2014-03-31": "$12,018", "2013-12-31": "$12,043", "2013-09-30": "$12,087", "2013-06-30": "$12,061", "2013-03-31": "$11,905", "2012-12-31": "$11,911", "2012-09-30": "$11,893", "2012-06-30": "$11,908", "2012-03-31": "$11,702", "2011-12-31": "$11,868", "2011-09-30": "$11,842", "2011-06-30": "$12,015", "2011-03-31": "$11,599", "2010-12-31": "$11,613", "2010-09-30": "$11,672", "2010-06-30": "$11,886", "2010-03-31": "$11,897", "2009-12-31": "$11,973", "2009-09-30": "$11,976", "2009-06-30": "$11,953", "2009-03-31": "$12,534", "2008-12-31": "$12,639", "2008-09-30": "$3,295", "2008-06-30": "$3,286", "2008-03-31": "$3,270", "2007-12-31": "$3,164", "2007-09-30": "$3,191", "2007-06-30": "$3,028", "2007-03-31": "$3,010", "2006-12-31": "$3,007", "2006-09-30": "$3,055", "2006-06-30": "$3,027", "2006-03-31": "$2,895", "2005-12-31": "$2,945", "2005-09-30": "$2,738", "2005-06-30": "$2,677", "2005-03-31": "$2,635"}}, "total-share-holder-equity": {"Republic Services Annual Share Holder Equity (Millions of US $)": {"2019": "$8,121", "2018": "$7,930", "2017": "$7,961", "2016": "$7,694", "2015": "$7,777", "2014": "$7,748", "2013": "$7,906", "2012": "$7,706", "2011": "$7,683", "2010": "$7,849", "2009": "$7,567", "2008": "$7,283", "2007": "$1,304", "2006": "$1,422", "2005": "$1,606"}, "Republic Services Quarterly Share Holder Equity (Millions of US $)": {"2020-09-30": "$8,374", "2020-06-30": "$8,231", "2020-03-31": "$8,120", "2019-12-31": "$8,121", "2019-09-30": "$7,979", "2019-06-30": "$7,955", "2019-03-31": "$7,923", "2018-12-31": "$7,930", "2018-09-30": "$7,924", "2018-06-30": "$7,849", "2018-03-31": "$7,914", "2017-12-31": "$7,961", "2017-09-30": "$7,674", "2017-06-30": "$7,665", "2017-03-31": "$7,686", "2016-12-31": "$7,694", "2016-09-30": "$7,642", "2016-06-30": "$7,758", "2016-03-31": "$7,766", "2015-12-31": "$7,777", "2015-09-30": "$7,802", "2015-06-30": "$7,765", "2015-03-31": "$7,765", "2014-12-31": "$7,748", "2014-09-30": "$7,931", "2014-06-30": "$7,856", "2014-03-31": "$7,825", "2013-12-31": "$7,906", "2013-09-30": "$7,739", "2013-06-30": "$7,713", "2013-03-31": "$7,734", "2012-12-31": "$7,706", "2012-09-30": "$7,742", "2012-06-30": "$7,683", "2012-03-31": "$7,754", "2011-12-31": "$7,683", "2011-09-30": "$7,615", "2011-06-30": "$7,667", "2011-03-31": "$7,798", "2010-12-31": "$7,849", "2010-09-30": "$7,786", "2010-06-30": "$7,686", "2010-03-31": "$7,569", "2009-12-31": "$7,567", "2009-09-30": "$7,555", "2009-06-30": "$7,494", "2009-03-31": "$7,329", "2008-12-31": "$7,283", "2008-09-30": "$1,312", "2008-06-30": "$1,262", "2008-03-31": "$1,264", "2007-12-31": "$1,304", "2007-09-30": "$1,307", "2007-06-30": "$1,388", "2007-03-31": "$1,401", "2006-12-31": "$1,422", "2006-09-30": "$1,434", "2006-06-30": "$1,463", "2006-03-31": "$1,576", "2005-12-31": "$1,606", "2005-09-30": "$1,628", "2005-06-30": "$1,672", "2005-03-31": "$1,746"}}, "profit-margins": {"current": "10.05%"}, "gross margin": {"2020-09-30": "39.97%", "2020-06-30": "39.47%", "2020-03-31": "38.92%", "2019-12-31": "38.85%", "2019-09-30": "38.75%", "2019-06-30": "38.78%", "2019-03-31": "38.65%", "2018-12-31": "38.75%", "2018-09-30": "38.26%", "2018-06-30": "38.22%", "2018-03-31": "38.46%", "2017-12-31": "38.11%", "2017-09-30": "38.27%", "2017-06-30": "38.37%", "2017-03-31": "38.46%", "2016-12-31": "38.60%", "2016-09-30": "38.67%", "2016-06-30": "39.17%", "2016-03-31": "39.13%", "2015-12-31": "39.46%", "2015-09-30": "37.55%", "2015-06-30": "36.89%", "2015-03-31": "36.80%", "2014-12-31": "35.91%", "2014-09-30": "38.21%", "2014-06-30": "38.44%", "2014-03-31": "37.21%", "2013-12-31": "37.82%", "2013-09-30": "36.98%", "2013-06-30": "36.51%", "2013-03-31": "38.22%", "2012-12-31": "38.33%", "2012-09-30": "39.25%", "2012-06-30": "40.02%", "2012-03-31": "40.22%", "2011-12-31": "40.62%", "2011-09-30": "40.86%", "2011-06-30": "40.90%", "2011-03-31": "40.99%", "2010-12-31": "41.22%", "2010-09-30": "40.87%", "2010-06-30": "41.16%", "2010-03-31": "41.05%", "2009-12-31": "40.91%", "2009-09-30": "39.46%", "2009-06-30": "38.79%", "2009-03-31": "36.60%", "2008-12-31": "34.44%", "2008-09-30": "36.67%", "2008-06-30": "35.46%", "2008-03-31": "37.60%", "2007-12-31": "36.93%", "2007-09-30": "36.81%", "2007-06-30": "37.29%", "2007-03-31": "36.85%", "2006-12-31": "37.32%", "2006-09-30": "37.10%", "2006-06-30": "36.91%", "2006-03-31": "36.99%", "2005-12-31": "37.01%"}, "operating margin": {"2020-09-30": "17.08%", "2020-06-30": "17.15%", "2020-03-31": "17.31%", "2019-12-31": "17.35%", "2019-09-30": "17.66%", "2019-06-30": "17.53%", "2019-03-31": "17.39%", "2018-12-31": "17.28%", "2018-09-30": "16.47%", "2018-06-30": "16.56%", "2018-03-31": "16.71%", "2017-12-31": "16.61%", "2017-09-30": "16.76%", "2017-06-30": "16.72%", "2017-03-31": "16.58%", "2016-12-31": "16.38%", "2016-09-30": "16.13%", "2016-06-30": "16.52%", "2016-03-31": "16.66%", "2015-12-31": "17.11%", "2015-09-30": "15.14%", "2015-06-30": "14.59%", "2015-03-31": "14.60%", "2014-12-31": "14.00%", "2014-09-30": "16.85%", "2014-06-30": "16.71%", "2014-03-31": "14.62%", "2013-12-31": "14.37%", "2013-09-30": "13.20%", "2013-06-30": "12.97%", "2013-03-31": "15.59%", "2012-12-31": "16.27%", "2012-09-30": "17.24%", "2012-06-30": "18.19%", "2012-03-31": "18.31%", "2011-12-31": "18.94%", "2011-09-30": "19.22%", "2011-06-30": "18.86%", "2011-03-31": "18.91%", "2010-12-31": "18.98%", "2010-09-30": "18.29%", "2010-06-30": "18.50%", "2010-03-31": "19.98%", "2009-12-31": "19.39%", "2009-09-30": "15.43%", "2009-06-30": "14.97%", "2009-03-31": "9.95%", "2008-12-31": "7.68%", "2008-09-30": "16.53%", "2008-06-30": "15.46%", "2008-03-31": "17.65%", "2007-12-31": "16.88%", "2007-09-30": "16.72%", "2007-06-30": "16.98%", "2007-03-31": "16.52%", "2006-12-31": "16.90%", "2006-09-30": "16.56%", "2006-06-30": "16.41%", "2006-03-31": "16.38%", "2005-12-31": "16.66%"}, "ebitda margin": {"2020-09-30": "28.39%", "2020-06-30": "28.35%", "2020-03-31": "28.30%", "2019-12-31": "28.25%", "2019-09-30": "28.57%", "2019-06-30": "28.47%", "2019-03-31": "28.34%", "2018-12-31": "28.39%", "2018-09-30": "27.69%", "2018-06-30": "27.76%", "2018-03-31": "27.93%", "2017-12-31": "27.73%", "2017-09-30": "27.87%", "2017-06-30": "27.90%", "2017-03-31": "27.87%", "2016-12-31": "27.78%", "2016-09-30": "27.63%", "2016-06-30": "28.04%", "2016-03-31": "28.19%", "2015-12-31": "28.63%", "2015-09-30": "26.57%", "2015-06-30": "25.98%", "2015-03-31": "25.91%", "2014-12-31": "25.20%", "2014-09-30": "28.13%", "2014-06-30": "27.99%", "2014-03-31": "25.89%", "2013-12-31": "25.71%", "2013-09-30": "24.57%", "2013-06-30": "24.25%", "2013-03-31": "26.92%", "2012-12-31": "27.68%", "2012-09-30": "28.63%", "2012-06-30": "29.63%", "2012-03-31": "29.62%", "2011-12-31": "30.20%", "2011-09-30": "30.39%", "2011-06-30": "30.06%", "2011-03-31": "30.21%", "2010-12-31": "30.26%", "2010-09-30": "29.68%", "2010-06-30": "29.99%", "2010-03-31": "31.54%", "2009-12-31": "31.07%", "2009-09-30": "27.02%", "2009-06-30": "26.33%", "2009-03-31": "20.92%", "2008-12-31": "17.94%", "2008-09-30": "26.29%", "2008-06-30": "25.33%", "2008-03-31": "27.63%", "2007-12-31": "27.05%", "2007-09-30": "26.95%", "2007-06-30": "27.21%", "2007-03-31": "26.75%", "2006-12-31": "27.03%", "2006-09-30": "26.91%", "2006-06-30": "26.79%", "2006-03-31": "26.84%", "2005-12-31": "26.89%"}, "pre tax profit margin": {"2020-09-30": "12.08%", "2020-06-30": "12.49%", "2020-03-31": "12.59%", "2019-12-31": "12.59%", "2019-09-30": "13.35%", "2019-06-30": "13.16%", "2019-03-31": "13.12%", "2018-12-31": "13.15%", "2018-09-30": "12.51%", "2018-06-30": "12.68%", "2018-03-31": "12.87%", "2017-12-31": "12.77%", "2017-09-30": "12.99%", "2017-06-30": "10.83%", "2017-03-31": "10.60%", "2016-12-31": "10.30%", "2016-09-30": "10.04%", "2016-06-30": "12.54%", "2016-03-31": "12.67%", "2015-12-31": "13.13%", "2015-09-30": "11.20%", "2015-06-30": "10.67%", "2015-03-31": "10.68%", "2014-12-31": "10.05%", "2014-09-30": "12.84%", "2014-06-30": "12.62%", "2014-03-31": "10.44%", "2013-12-31": "10.10%", "2013-09-30": "8.86%", "2013-06-30": "8.50%", "2013-03-31": "9.64%", "2012-12-31": "10.15%", "2012-09-30": "10.89%", "2012-06-30": "11.69%", "2012-03-31": "10.58%", "2011-12-31": "11.06%", "2011-09-30": "11.09%", "2011-06-30": "10.35%", "2011-03-31": "12.58%", "2010-12-31": "10.82%", "2010-09-30": "8.62%", "2010-06-30": "8.39%", "2010-03-31": "9.65%", "2009-12-31": "10.55%", "2009-09-30": "8.14%", "2009-06-30": "8.69%", "2009-03-31": "4.73%", "2008-12-31": "4.31%", "2008-09-30": "14.46%", "2008-06-30": "13.46%", "2008-03-31": "15.62%", "2007-12-31": "14.74%", "2007-09-30": "14.18%", "2007-06-30": "14.49%", "2007-03-31": "13.97%", "2006-12-31": "14.43%", "2006-09-30": "14.16%", "2006-06-30": "14.00%", "2006-03-31": "13.95%", "2005-12-31": "14.32%"}, "net profit margin": {"2020-09-30": "10.05%", "2020-06-30": "10.35%", "2020-03-31": "10.45%", "2019-12-31": "10.42%", "2019-09-30": "10.58%", "2019-06-30": "10.32%", "2019-03-31": "10.24%", "2018-12-31": "10.33%", "2018-09-30": "13.91%", "2018-06-30": "13.52%", "2018-03-31": "13.19%", "2017-12-31": "12.74%", "2017-09-30": "8.15%", "2017-06-30": "6.87%", "2017-03-31": "6.77%", "2016-12-31": "6.54%", "2016-09-30": "6.41%", "2016-06-30": "7.85%", "2016-03-31": "7.98%", "2015-12-31": "8.22%", "2015-09-30": "6.93%", "2015-06-30": "6.66%", "2015-03-31": "6.60%", "2014-12-31": "6.23%", "2014-09-30": "8.43%", "2014-06-30": "8.36%", "2014-03-31": "7.03%", "2013-12-31": "7.00%", "2013-09-30": "5.77%", "2013-06-30": "5.63%", "2013-03-31": "6.81%", "2012-12-31": "7.05%", "2012-09-30": "7.84%", "2012-06-30": "8.27%", "2012-03-31": "7.00%", "2011-12-31": "7.20%", "2011-09-30": "6.68%", "2011-06-30": "5.99%", "2011-03-31": "7.39%", "2010-12-31": "6.25%", "2010-09-30": "4.89%", "2010-06-30": "4.72%", "2010-03-31": "5.53%", "2009-12-31": "6.05%", "2009-09-30": "4.41%", "2009-06-30": "4.77%", "2009-03-31": "2.23%", "2008-12-31": "2.01%", "2008-09-30": "8.90%", "2008-06-30": "8.29%", "2008-03-31": "9.78%", "2007-12-31": "9.13%", "2007-09-30": "8.74%", "2007-06-30": "9.11%", "2007-03-31": "8.68%", "2006-12-31": "9.12%", "2006-09-30": "8.97%", "2006-06-30": "8.71%", "2006-03-31": "8.65%", "2005-12-31": "8.87%"}, "pe ratio": {"current": "26.05", "2021-02-05": "28.50", "2020-09-30": "29.13", "2020-06-30": "24.57", "2020-03-31": "21.90", "2019-12-31": "26.40", "2019-09-30": "25.23", "2019-06-30": "26.07", "2019-03-31": "24.62", "2018-12-31": "21.98", "2018-09-30": "16.59", "2018-06-30": "16.10", "2018-03-31": "15.95", "2017-12-31": "16.92", "2017-09-30": "26.42", "2017-06-30": "30.68", "2017-03-31": "31.38", "2016-12-31": "29.96", "2016-09-30": "27.27", "2016-06-30": "22.76", "2016-03-31": "20.81", "2015-12-31": "18.74", "2015-09-30": "20.72", "2015-06-30": "20.59", "2015-03-31": "21.69", "2014-12-31": "23.05", "2014-09-30": "16.64", "2014-06-30": "16.48", "2014-03-31": "17.87", "2013-12-31": "17.56", "2013-09-30": "21.51", "2013-06-30": "22.58", "2013-03-31": "18.20", "2012-12-31": "15.64", "2012-09-30": "13.19", "2012-06-30": "11.89", "2012-03-31": "16.10", "2011-12-31": "14.13", "2011-09-30": "15.58", "2011-06-30": "19.29", "2011-03-31": "15.07", "2010-12-31": "17.59", "2010-09-30": "22.86", "2010-06-30": "22.81", "2010-03-31": "18.91", "2009-12-31": "16.50", "2009-09-30": "30.29", "2009-06-30": "22.24", "2009-03-31": "22.31", "2008-12-31": "26.72", "2008-09-30": "13.06", "2008-06-30": "13.94", "2008-03-31": "12.73", "2007-12-31": "14.73", "2007-09-30": "16.37", "2007-06-30": "14.87", "2007-03-31": "14.48", "2006-12-31": "13.79"}, "price sales": {"2021-02-05": "2.87", "2020-09-30": "2.93", "2020-06-30": "2.55", "2020-03-31": "2.29", "2019-12-31": "2.75", "2019-09-30": "2.67", "2019-06-30": "2.69", "2019-03-31": "2.52", "2018-12-31": "2.28", "2018-09-30": "2.31", "2018-06-30": "2.18", "2018-03-31": "2.12", "2017-12-31": "2.17", "2017-09-30": "2.16", "2017-06-30": "2.11", "2017-03-31": "2.12", "2016-12-31": "1.95", "2016-09-30": "1.74", "2016-06-30": "1.78", "2016-03-31": "1.66", "2015-12-31": "1.54", "2015-09-30": "1.44", "2015-06-30": "1.38", "2015-03-31": "1.44", "2014-12-31": "1.44", "2014-09-30": "1.40", "2014-06-30": "1.38", "2014-03-31": "1.25", "2013-12-31": "1.22", "2013-09-30": "1.24", "2013-06-30": "1.27", "2013-03-31": "1.24", "2012-12-31": "1.10", "2012-09-30": "1.03", "2012-06-30": "0.98", "2012-03-31": "1.13", "2011-12-31": "1.02", "2011-09-30": "1.04", "2011-06-30": "1.15", "2011-03-31": "1.12", "2010-12-31": "1.10", "2010-09-30": "1.12", "2010-06-30": "1.08", "2010-03-31": "1.04", "2009-12-31": "1.00", "2009-09-30": "0.89", "2009-06-30": "0.84", "2009-03-31": "0.61", "2008-12-31": "0.93", "2008-09-30": "1.25", "2008-06-30": "1.25", "2008-03-31": "1.25", "2007-12-31": "1.36", "2007-09-30": "1.44", "2007-06-30": "1.37", "2007-03-31": "1.26", "2006-12-31": "1.25"}, "price book": {"current": "3.46", "2021-02-05": "3.46", "2020-09-30": "3.53", "2020-06-30": "3.14", "2020-03-31": "2.90", "2019-12-31": "3.45", "2019-09-30": "3.38", "2019-06-30": "3.40", "2019-03-31": "3.16", "2018-12-31": "2.82", "2018-09-30": "2.87", "2018-06-30": "2.72", "2018-03-31": "2.62", "2017-12-31": "2.67", "2017-09-30": "2.72", "2017-06-30": "2.63", "2017-03-31": "2.59", "2016-12-31": "2.34", "2016-09-30": "2.08", "2016-06-30": "2.08", "2016-03-31": "1.93", "2015-12-31": "1.77", "2015-09-30": "1.64", "2015-06-30": "1.57", "2015-03-31": "1.62", "2014-12-31": "1.61", "2014-09-30": "1.52", "2014-06-30": "1.48", "2014-03-31": "1.34", "2013-12-31": "1.29", "2013-09-30": "1.31", "2013-06-30": "1.34", "2013-03-31": "1.28", "2012-12-31": "1.14", "2012-09-30": "1.06", "2012-06-30": "1.02", "2012-03-31": "1.18", "2011-12-31": "1.06", "2011-09-30": "1.08", "2011-06-30": "1.19", "2011-03-31": "1.14", "2010-12-31": "1.13", "2010-09-30": "1.16", "2010-06-30": "1.14", "2010-03-31": "1.11", "2009-12-31": "1.12", "2009-09-30": "1.00", "2009-06-30": "0.92", "2009-03-31": "0.66", "2008-12-31": "0.94", "2008-09-30": "3.03", "2008-06-30": "3.09", "2008-03-31": "3.04", "2007-12-31": "3.18", "2007-09-30": "3.33", "2007-06-30": "2.98", "2007-03-31": "2.71", "2006-12-31": "2.59", "2006-09-30": "2.57", "2006-06-30": "2.56", "2006-03-31": "2.57"}, "price fcf": {"2021-02-05": "", "2020-09-30": "$4.12", "2020-06-30": "$4.07", "2020-03-31": "$3.54", "2019-12-31": "$3.62", "2019-09-30": "$3.57", "2019-06-30": "$3.39", "2019-03-31": "$3.49", "2018-12-31": "$3.66", "2018-09-30": "$3.77", "2018-06-30": "$3.59", "2018-03-31": "$3.05", "2017-12-31": "$2.73", "2017-09-30": "$2.70", "2017-06-30": "$2.85", "2017-03-31": "$2.88", "2016-12-31": "$2.70", "2016-09-30": "$2.24", "2016-06-30": "$1.96", "2016-03-31": "$1.97", "2015-12-31": "$2.15", "2015-09-30": "$2.49", "2015-06-30": "$2.41", "2015-03-31": "$2.10", "2014-12-31": "$1.96", "2014-09-30": "$1.84", "2014-06-30": "$1.78", "2014-03-31": "$1.84", "2013-12-31": "$1.90", "2013-09-30": "$1.98", "2013-06-30": "$1.89", "2013-03-31": "$2.13", "2012-12-31": "$1.74", "2012-09-30": "$1.67", "2012-06-30": "$2.11", "2012-03-31": "$2.09", "2011-12-31": "$2.29", "2011-09-30": "$2.33", "2011-06-30": "$2.05", "2011-03-31": "$1.88", "2010-12-31": "$1.76", "2010-09-30": "$1.35", "2010-06-30": "$1.24", "2010-03-31": "$0.98", "2009-12-31": "$1.58", "2009-09-30": "$0.79", "2009-06-30": "$0.78", "2009-03-31": "$1.16", "2008-12-31": "$0.67", "2008-09-30": "$1.76", "2008-06-30": "$1.74", "2008-03-31": "$2.03", "2007-12-31": "$1.95", "2007-09-30": "$1.99", "2007-06-30": "$2.15", "2007-03-31": "$1.68", "2006-12-31": "$1.01"}, "net worth": {"value": "$28.98B"}, "current ratio": {"current": "0.81", "2020-09-30": "0.81", "2020-06-30": "0.76", "2020-03-31": "0.89", "2019-12-31": "0.52", "2019-09-30": "0.49", "2019-06-30": "0.41", "2019-03-31": "0.42", "2018-12-31": "0.58", "2018-09-30": "0.56", "2018-06-30": "0.69", "2018-03-31": "0.53", "2017-12-31": "0.55", "2017-09-30": "0.54", "2017-06-30": "0.51", "2017-03-31": "0.70", "2016-12-31": "0.71", "2016-09-30": "0.72", "2016-06-30": "0.68", "2016-03-31": "0.65", "2015-12-31": "0.67", "2015-09-30": "0.76", "2015-06-30": "0.75", "2015-03-31": "0.77", "2014-12-31": "0.76", "2014-09-30": "0.79", "2014-06-30": "0.72", "2014-03-31": "0.77", "2013-12-31": "0.83", "2013-09-30": "0.73", "2013-06-30": "0.73", "2013-03-31": "0.73", "2012-12-31": "0.73", "2012-09-30": "0.75", "2012-06-30": "0.70", "2012-03-31": "0.69", "2011-12-31": "0.67", "2011-09-30": "0.68", "2011-06-30": "0.67", "2011-03-31": "0.51", "2010-12-31": "0.47", "2010-09-30": "0.47", "2010-06-30": "0.52", "2010-03-31": "0.56", "2009-12-31": "0.50", "2009-09-30": "0.67", "2009-06-30": "0.57", "2009-03-31": "0.55", "2008-12-31": "0.52", "2008-09-30": "0.68", "2008-06-30": "0.68", "2008-03-31": "0.80", "2007-12-31": "0.66", "2007-09-30": "0.78", "2007-06-30": "0.74", "2007-03-31": "0.76", "2006-12-31": "0.65", "2006-09-30": "0.78", "2006-06-30": "0.76", "2006-03-31": "0.64", "2005-12-31": "0.72", "2005-09-30": "0.80", "2005-06-30": "0.80", "2005-03-31": "0.89"}, "quick ratio": {"2020-09-30": "0.00", "2020-06-30": "0.00", "2020-03-31": "0.00", "2019-12-31": "0.00", "2019-09-30": "0.00", "2019-06-30": "0.00", "2019-03-31": "0.00", "2018-12-31": "0.00", "2018-09-30": "0.00", "2018-06-30": "0.00", "2018-03-31": "0.00", "2017-12-31": "0.00", "2017-09-30": "0.00", "2017-06-30": "0.00", "2017-03-31": "0.00", "2016-12-31": "0.00", "2016-09-30": "0.00", "2016-06-30": "0.00", "2016-03-31": "0.00", "2015-12-31": "0.00", "2015-09-30": "0.00", "2015-06-30": "0.00", "2015-03-31": "0.00", "2014-12-31": "0.00", "2014-09-30": "0.00", "2014-06-30": "0.00", "2014-03-31": "0.00", "2013-12-31": "0.00", "2013-09-30": "0.00", "2013-06-30": "0.00", "2013-03-31": "0.00", "2012-12-31": "0.00", "2012-09-30": "0.00", "2012-06-30": "0.00", "2012-03-31": "0.00", "2011-12-31": "0.00", "2011-09-30": "0.00", "2011-06-30": "0.00", "2011-03-31": "0.00", "2010-12-31": "0.00", "2010-09-30": "0.00", "2010-06-30": "0.00", "2010-03-31": "0.00", "2009-12-31": "0.00", "2009-09-30": "0.00", "2009-06-30": "0.00", "2009-03-31": "0.00", "2008-12-31": "0.00", "2008-09-30": "0.00", "2008-06-30": "0.00", "2008-03-31": "0.00", "2007-12-31": "0.00", "2007-09-30": "0.00", "2007-06-30": "0.00", "2007-03-31": "0.00", "2006-12-31": "0.00", "2006-09-30": "0.00", "2006-06-30": "0.00", "2006-03-31": "0.00", "2005-12-31": "0.00", "2005-09-30": "0.00", "2005-06-30": "0.00", "2005-03-31": "0.00"}, "debt equity ratio": {"current": "1.03", "2020-09-30": "1.76", "2020-06-30": "1.77", "2020-03-31": "1.82", "2019-12-31": "1.79", "2019-09-30": "1.80", "2019-06-30": "1.77", "2019-03-31": "1.75", "2018-12-31": "1.73", "2018-09-30": "1.70", "2018-06-30": "1.70", "2018-03-31": "1.67", "2017-12-31": "1.66", "2017-09-30": "1.73", "2017-06-30": "1.71", "2017-03-31": "1.68", "2016-12-31": "1.68", "2016-09-30": "1.70", "2016-06-30": "1.66", "2016-03-31": "1.65", "2015-12-31": "1.64", "2015-09-30": "1.67", "2015-06-30": "1.66", "2015-03-31": "1.65", "2014-12-31": "1.59", "2014-09-30": "1.52", "2014-06-30": "1.53", "2014-03-31": "1.54", "2013-12-31": "1.52", "2013-09-30": "1.56", "2013-06-30": "1.56", "2013-03-31": "1.54", "2012-12-31": "1.55", "2012-09-30": "1.54", "2012-06-30": "1.55", "2012-03-31": "1.51", "2011-12-31": "1.55", "2011-09-30": "1.56", "2011-06-30": "1.57", "2011-03-31": "1.49", "2010-12-31": "1.48", "2010-09-30": "1.50", "2010-06-30": "1.55", "2010-03-31": "1.57", "2009-12-31": "1.58", "2009-09-30": "1.59", "2009-06-30": "1.60", "2009-03-31": "1.71", "2008-12-31": "1.74", "2008-09-30": "2.51", "2008-06-30": "2.60", "2008-03-31": "2.59", "2007-12-31": "2.43", "2007-09-30": "2.44", "2007-06-30": "2.18", "2007-03-31": "2.15", "2006-12-31": "2.12", "2006-09-30": "2.13", "2006-06-30": "2.07", "2006-03-31": "1.84", "2005-12-31": "1.83", "2005-09-30": "1.68", "2005-06-30": "1.60", "2005-03-31": "1.51"}, "return on equity": {"2020-09-30": "12.43%", "2020-06-30": "13.05%", "2020-03-31": "13.49%", "2019-12-31": "13.42%", "2019-09-30": "13.65%", "2019-06-30": "13.24%", "2019-03-31": "13.07%", "2018-12-31": "13.12%", "2018-09-30": "17.71%", "2018-06-30": "17.34%", "2018-03-31": "17.03%", "2017-12-31": "16.51%", "2017-09-30": "10.47%", "2017-06-30": "8.69%", "2017-03-31": "8.38%", "2016-12-31": "7.96%", "2016-09-30": "7.70%", "2016-06-30": "9.32%", "2016-03-31": "9.44%", "2015-12-31": "9.63%", "2015-09-30": "8.07%", "2015-06-30": "7.66%", "2015-03-31": "7.50%", "2014-12-31": "6.99%", "2014-09-30": "9.33%", "2014-06-30": "9.19%", "2014-03-31": "7.66%", "2013-12-31": "7.58%", "2013-09-30": "6.20%", "2013-06-30": "5.97%", "2013-03-31": "7.18%", "2012-12-31": "7.41%", "2012-09-30": "8.24%", "2012-06-30": "8.81%", "2012-03-31": "7.49%", "2011-12-31": "7.67%", "2011-09-30": "7.07%", "2011-06-30": "6.26%", "2011-03-31": "7.71%", "2010-12-31": "6.57%", "2010-09-30": "5.16%", "2010-06-30": "5.03%", "2010-03-31": "5.94%", "2009-12-31": "6.63%", "2009-09-30": "4.42%", "2009-06-30": "5.06%", "2009-03-31": "2.58%", "2008-12-31": "2.66%", "2008-09-30": "22.40%", "2008-06-30": "20.71%", "2008-03-31": "23.71%", "2007-12-31": "21.48%", "2007-09-30": "19.93%", "2007-06-30": "20.19%", "2007-03-31": "18.81%", "2006-12-31": "19.00%", "2006-09-30": "17.96%", "2006-06-30": "16.58%", "2006-03-31": "15.61%", "2005-12-31": "15.27%"}, "return on assets": {"2020-09-30": "4.46%", "2020-06-30": "4.67%", "2020-03-31": "4.83%", "2019-12-31": "4.83%", "2019-09-30": "4.95%", "2019-06-30": "4.84%", "2019-03-31": "4.80%", "2018-12-31": "4.86%", "2018-09-30": "6.60%", "2018-06-30": "6.45%", "2018-03-31": "6.33%", "2017-12-31": "6.13%", "2017-09-30": "3.88%", "2017-06-30": "3.23%", "2017-03-31": "3.13%", "2016-12-31": "2.98%", "2016-09-30": "2.89%", "2016-06-30": "3.51%", "2016-03-31": "3.56%", "2015-12-31": "3.63%", "2015-09-30": "3.05%", "2015-06-30": "2.94%", "2015-03-31": "2.91%", "2014-12-31": "2.75%", "2014-09-30": "3.69%", "2014-06-30": "3.62%", "2014-03-31": "3.01%", "2013-12-31": "2.98%", "2013-09-30": "2.43%", "2013-06-30": "2.34%", "2013-03-31": "2.82%", "2012-12-31": "2.92%", "2012-09-30": "3.25%", "2012-06-30": "3.47%", "2012-03-31": "2.94%", "2011-12-31": "3.02%", "2011-09-30": "2.81%", "2011-06-30": "2.50%", "2011-03-31": "3.08%", "2010-12-31": "2.60%", "2010-09-30": "2.02%", "2010-06-30": "1.96%", "2010-03-31": "2.30%", "2009-12-31": "2.53%", "2009-09-30": "1.67%", "2009-06-30": "1.85%", "2009-03-31": "0.91%", "2008-12-31": "0.88%", "2008-09-30": "6.34%", "2008-06-30": "5.90%", "2008-03-31": "6.97%", "2007-12-31": "6.52%", "2007-09-30": "6.20%", "2007-06-30": "6.42%", "2007-03-31": "6.04%", "2006-12-31": "6.26%", "2006-09-30": "6.07%", "2006-06-30": "5.82%", "2006-03-31": "5.71%", "2005-12-31": "5.76%"}, "return on investments": {"2020-09-30": "10.40%", "2020-06-30": "10.72%", "2020-03-31": "11.32%", "2019-12-31": "11.69%", "2019-09-30": "11.91%", "2019-06-30": "11.77%", "2019-03-31": "11.34%", "2018-12-31": "11.10%", "2018-09-30": "10.63%", "2018-06-30": "10.80%", "2018-03-31": "11.15%", "2017-12-31": "11.05%", "2017-09-30": "10.97%", "2017-06-30": "10.67%", "2017-03-31": "10.29%", "2016-12-31": "10.02%", "2016-09-30": "9.78%", "2016-06-30": "9.94%", "2016-03-31": "10.00%", "2015-12-31": "10.17%", "2015-09-30": "9.02%", "2015-06-30": "8.68%", "2015-03-31": "8.66%", "2014-12-31": "8.28%", "2014-09-30": "9.86%", "2014-06-30": "9.69%", "2014-03-31": "8.39%", "2013-12-31": "8.18%", "2013-09-30": "7.43%", "2013-06-30": "7.20%", "2013-03-31": "8.59%", "2012-12-31": "8.96%", "2012-09-30": "9.52%", "2012-06-30": "10.17%", "2012-03-31": "10.29%", "2011-12-31": "10.75%", "2011-09-30": "11.06%", "2011-06-30": "10.98%", "2011-03-31": "11.07%", "2010-12-31": "11.06%", "2010-09-30": "10.58%", "2010-06-30": "10.57%", "2010-03-31": "11.39%", "2009-12-31": "11.15%", "2009-09-30": "7.98%", "2009-06-30": "8.08%", "2009-03-31": "5.73%", "2008-12-31": "4.92%", "2008-09-30": "18.75%", "2008-06-30": "17.16%", "2008-03-31": "19.30%", "2007-12-31": "18.38%", "2007-09-30": "17.89%", "2007-06-30": "17.85%", "2007-03-31": "16.87%", "2006-12-31": "16.93%", "2006-09-30": "16.29%", "2006-06-30": "15.98%", "2006-03-31": "15.74%", "2005-12-31": "15.65%"}, "return on tangible equity": {"2020-09-30": "-28.44%", "2020-06-30": "-28.84%", "2020-03-31": "-29.35%", "2019-12-31": "-29.13%", "2019-09-30": "-29.59%", "2019-06-30": "-28.50%", "2019-03-31": "-28.15%", "2018-12-31": "-28.42%", "2018-09-30": "-38.62%", "2018-06-30": "-37.92%", "2018-03-31": "-36.80%", "2017-12-31": "-35.09%", "2017-09-30": "-21.82%", "2017-06-30": "-18.09%", "2017-03-31": "-17.60%", "2016-12-31": "-16.82%", "2016-09-30": "-16.37%", "2016-06-30": "-20.10%", "2016-03-31": "-20.35%", "2015-12-31": "-20.76%", "2015-09-30": "-17.67%", "2015-06-30": "-17.43%", "2015-03-31": "-17.65%", "2014-12-31": "-17.01%", "2014-09-30": "-23.27%", "2014-06-30": "-22.45%", "2014-03-31": "-18.42%", "2013-12-31": "-18.03%", "2013-09-30": "-14.44%", "2013-06-30": "-13.88%", "2013-03-31": "-16.61%", "2012-12-31": "-17.16%", "2012-09-30": "-19.04%", "2012-06-30": "-20.04%", "2012-03-31": "-16.98%", "2011-12-31": "-17.43%", "2011-09-30": "-16.30%", "2011-06-30": "-14.67%", "2011-03-31": "-18.04%", "2010-12-31": "-14.92%", "2010-09-30": "-11.34%", "2010-06-30": "-10.82%", "2010-03-31": "-12.57%", "2009-12-31": "-13.86%", "2009-09-30": "-9.04%", "2009-06-30": "-10.49%", "2009-03-31": "-5.52%", "2008-12-31": "-6.26%", "2008-09-30": "-95.76%", "2008-06-30": "-88.01%", "2008-03-31": "-115.02%", "2007-12-31": "-121.72%", "2007-09-30": "-129.87%", "2007-06-30": "-159.22%", "2007-03-31": "-168.13%", "2006-12-31": "-242.42%", "2006-09-30": "-397.09%", "2006-06-30": "-1386.67%", "2006-03-31": "707.69%", "2005-12-31": "315.53%"}, "dividend yield history": {"last payout": "$1.70", "last yield": "1.87%"}}