{"ticker": "RPAI", "price": {"title": "Retail Properties Of America Historical Annual Stock Price Data", "value": 9.63, "historical": {"2020": {"Average Stock Price": "7.4932", "Year Open": "13.0200", "Year High": "13.3200", "Year Low": "3.0100", "Year Close": "8.5600", "Annual % Change": "-36.12%"}, "2019": {"Average Stock Price": "12.4116", "Year Open": "10.6200", "Year High": "14.2300", "Year Low": "10.6200", "Year Close": "13.4000", "Annual % Change": "23.50%"}, "2018": {"Average Stock Price": "12.1367", "Year Open": "13.3400", "Year High": "13.3400", "Year Low": "10.7500", "Year Close": "10.8500", "Annual % Change": "-19.27%"}, "2017": {"Average Stock Price": "13.5258", "Year Open": "15.3400", "Year High": "15.6900", "Year Low": "11.8300", "Year Close": "13.4400", "Annual % Change": "-12.33%"}, "2016": {"Average Stock Price": "15.9344", "Year Open": "14.6400", "Year High": "17.7400", "Year Low": "14.1600", "Year Close": "15.3300", "Annual % Change": "3.79%"}, "2015": {"Average Stock Price": "15.2522", "Year Open": "16.8500", "Year High": "18.2100", "Year Low": "13.1900", "Year Close": "14.7700", "Annual % Change": "-11.50%"}, "2014": {"Average Stock Price": "14.7989", "Year Open": "12.5900", "Year High": "16.8700", "Year Low": "12.3000", "Year Close": "16.6900", "Annual % Change": "31.21%"}, "2013": {"Average Stock Price": "14.1148", "Year Open": "11.9900", "Year High": "16.0300", "Year Low": "11.9400", "Year Close": "12.7200", "Annual % Change": "6.27%"}, "2012": {"Average Stock Price": "10.6123", "Year Open": "9.0200", "Year High": "12.5600", "Year Low": "8.6400", "Year Close": "11.9700", "Annual % Change": "0.00%"}}}, "market cap": {"value": "$2.06B"}, "income statement": {"Revenue": {"2019-12-31": "481.68600", "2018-12-31": "482.49700", "2017-12-31": "538.13900", "2016-12-31": "583.14300", "2015-12-31": "603.96000", "2014-12-31": "600.61400", "2013-12-31": "551.50800", "2012-12-31": "531.17100", "2011-12-31": "530.16800", "2010-12-31": "595.56700", "2009-12-31": "648.59800", "2008-12-31": "707.19500", "2007-12-31": "704.59400", "2006-12-31": "686.25100", "2005-12-31": "500.56500"}, "Cost Of Goods Sold": {"2019-12-31": "141.64300", "2018-12-31": "148.56800", "2017-12-31": "167.31100", "2016-12-31": "167.66900", "2015-12-31": "177.59000", "2014-12-31": "175.57100", "2013-12-31": "160.25800", "2012-12-31": "159.74800", "2011-12-31": "164.02700", "2010-12-31": "181.94200", "2009-12-31": "212.21400", "2008-12-31": "227.62900", "2007-12-31": "240.88100", "2006-12-31": "235.54000", "2005-12-31": "157.12100"}, "Gross Profit": {"2019-12-31": "340.04300", "2018-12-31": "333.92900", "2017-12-31": "370.82800", "2016-12-31": "415.47400", "2015-12-31": "426.37000", "2014-12-31": "425.04300", "2013-12-31": "391.25000", "2012-12-31": "371.42300", "2011-12-31": "366.14100", "2010-12-31": "413.62500", "2009-12-31": "436.38400", "2008-12-31": "479.56600", "2007-12-31": "463.71300", "2006-12-31": "450.71100", "2005-12-31": "343.44400"}, "Research And Development Expenses": {"2019-12-31": "", "2018-12-31": "", "2017-12-31": "", "2016-12-31": "", "2015-12-31": "", "2014-12-31": "", "2013-12-31": "", "2012-12-31": "", "2011-12-31": "", "2010-12-31": "", "2009-12-31": "", "2008-12-31": "", "2007-12-31": "", "2006-12-31": "", "2005-12-31": ""}, "SG&A Expenses": {"2019-12-31": "40.48900", "2018-12-31": "42.36300", "2017-12-31": "40.72400", "2016-12-31": "44.52200", "2015-12-31": "50.65700", "2014-12-31": "34.22900", "2013-12-31": "31.53300", "2012-12-31": "26.87800", "2011-12-31": "20.60500", "2010-12-31": "18.11900", "2009-12-31": "21.19100", "2008-12-31": "19.99700", "2007-12-31": "16.53500", "2006-12-31": "14.86700", "2005-12-31": "10.78300"}, "Other Operating Income Or Expenses": {"2019-12-31": "-12.29800", "2018-12-31": "-2.07900", "2017-12-31": "-67.00300", "2016-12-31": "-20.37600", "2015-12-31": "-19.93700", "2014-12-31": "-72.20300", "2013-12-31": "-59.48600", "2012-12-31": "-1.32300", "2011-12-31": "-15.89700", "2010-12-31": "-27.54700", "2009-12-31": "-44.93600", "2008-12-31": "-119.12200", "2007-12-31": "-26.94600", "2006-12-31": "-4.91400", "2005-12-31": ""}, "Operating Expenses": {"2019-12-31": "389.00300", "2018-12-31": "368.98700", "2017-12-31": "478.90400", "2016-12-31": "456.99700", "2015-12-31": "462.89000", "2014-12-31": "497.96900", "2013-12-31": "473.98700", "2012-12-31": "396.60700", "2011-12-31": "404.99600", "2010-12-31": "451.09300", "2009-12-31": "521.91200", "2008-12-31": "616.74400", "2007-12-31": "528.80900", "2006-12-31": "499.96100", "2005-12-31": "348.74400"}, "Operating Income": {"2019-12-31": "92.68300", "2018-12-31": "113.51000", "2017-12-31": "59.23500", "2016-12-31": "126.14600", "2015-12-31": "141.07000", "2014-12-31": "102.64500", "2013-12-31": "77.52100", "2012-12-31": "134.56400", "2011-12-31": "125.17200", "2010-12-31": "144.47400", "2009-12-31": "126.68600", "2008-12-31": "90.45100", "2007-12-31": "175.78500", "2006-12-31": "186.29000", "2005-12-31": "151.82100"}, "Total Non-Operating Income/Expense": {"2019-12-31": "-60.28600", "2018-12-31": "-35.87000", "2017-12-31": "192.25600", "2016-12-31": "-89.03600", "2015-12-31": "-137.23800", "2014-12-31": "-102.04800", "2013-12-31": "-120.37600", "2012-12-31": "-148.93200", "2011-12-31": "-196.66400", "2010-12-31": "-240.76200", "2009-12-31": "-234.21600", "2008-12-31": "-748.87600", "2007-12-31": "-173.66600", "2006-12-31": "-155.93800", "2005-12-31": "-107.52500"}, "Pre-Tax Income": {"2019-12-31": "32.39700", "2018-12-31": "77.64000", "2017-12-31": "251.49100", "2016-12-31": "37.11000", "2015-12-31": "3.83200", "2014-12-31": "0.59700", "2013-12-31": "-42.85500", "2012-12-31": "-14.36800", "2011-12-31": "-71.49200", "2010-12-31": "-96.28800", "2009-12-31": "-107.53000", "2008-12-31": "-658.42500", "2007-12-31": "2.11890", "2006-12-31": "30.35200", "2005-12-31": "44.29600"}, "Income Taxes": {"2019-12-31": "", "2018-12-31": "", "2017-12-31": "", "2016-12-31": "", "2015-12-31": "", "2014-12-31": "", "2013-12-31": "", "2012-12-31": "", "2011-12-31": "", "2010-12-31": "", "2009-12-31": "", "2008-12-31": "", "2007-12-31": "", "2006-12-31": "", "2005-12-31": ""}, "Income After Taxes": {"2019-12-31": "32.39700", "2018-12-31": "77.64000", "2017-12-31": "251.49100", "2016-12-31": "37.11000", "2015-12-31": "3.83200", "2014-12-31": "0.59700", "2013-12-31": "-42.85500", "2012-12-31": "-14.36800", "2011-12-31": "-71.49200", "2010-12-31": "-96.28800", "2009-12-31": "-107.53000", "2008-12-31": "-658.42500", "2007-12-31": "2.11890", "2006-12-31": "30.35200", "2005-12-31": "44.29600"}, "Other Income": {"2019-12-31": "", "2018-12-31": "", "2017-12-31": "", "2016-12-31": "", "2015-12-31": "", "2014-12-31": "", "2013-12-31": "", "2012-12-31": "", "2011-12-31": "", "2010-12-31": "", "2009-12-31": "", "2008-12-31": "", "2007-12-31": "", "2006-12-31": "", "2005-12-31": ""}, "Income From Continuous Operations": {"2019-12-31": "32.39700", "2018-12-31": "77.64000", "2017-12-31": "251.49100", "2016-12-31": "37.11000", "2015-12-31": "3.83200", "2014-12-31": "0.59700", "2013-12-31": "-42.85500", "2012-12-31": "-14.36800", "2011-12-31": "-71.49200", "2010-12-31": "-96.28800", "2009-12-31": "-107.53000", "2008-12-31": "-658.42500", "2007-12-31": "2.11900", "2006-12-31": "30.35200", "2005-12-31": "44.29600"}, "Income From Discontinued Operations": {"2019-12-31": "", "2018-12-31": "", "2017-12-31": "", "2016-12-31": "", "2015-12-31": "", "2014-12-31": "0.50700", "2013-12-31": "50.67500", "2012-12-31": "6.07800", "2011-12-31": "-6.99200", "2010-12-31": "1.58100", "2009-12-31": "-7.87900", "2008-12-31": "-24.78800", "2007-12-31": "40.91500", "2006-12-31": "1.59100", "2005-12-31": "0.95300"}, "Net Income": {"2019-12-31": "31.99200", "2018-12-31": "77.30100", "2017-12-31": "237.11100", "2016-12-31": "157.36700", "2015-12-31": "115.64600", "2014-12-31": "33.85000", "2013-12-31": "4.17600", "2012-12-31": "-0.71000", "2011-12-31": "-72.60900", "2010-12-31": "-95.84300", "2009-12-31": "-112.33500", "2008-12-31": "-683.72700", "2007-12-31": "41.66900", "2006-12-31": "31.94300", "2005-12-31": "45.24900"}, "EBITDA": {"2019-12-31": "290.11900", "2018-12-31": "292.90300", "2017-12-31": "270.75600", "2016-12-31": "356.35700", "2015-12-31": "360.90500", "2014-12-31": "323.53700", "2013-12-31": "321.33800", "2012-12-31": "370.68500", "2011-12-31": "370.02600", "2010-12-31": "404.26400", "2009-12-31": "399.08200", "2008-12-31": "364.09200", "2007-12-31": "448.54000", "2006-12-31": "446.41600", "2005-12-31": "340.17900"}, "EBIT": {"2019-12-31": "92.68300", "2018-12-31": "113.51000", "2017-12-31": "59.23500", "2016-12-31": "126.14600", "2015-12-31": "141.07000", "2014-12-31": "102.64500", "2013-12-31": "77.52100", "2012-12-31": "134.56400", "2011-12-31": "125.17200", "2010-12-31": "144.47400", "2009-12-31": "126.68600", "2008-12-31": "90.45100", "2007-12-31": "175.78500", "2006-12-31": "186.29000", "2005-12-31": "151.82100"}, "Basic Shares Outstanding": {"2019-12-31": "212.94800", "2018-12-31": "217.83000", "2017-12-31": "230.74700", "2016-12-31": "236.65100", "2015-12-31": "236.38000", "2014-12-31": "236.18400", "2013-12-31": "234.13400", "2012-12-31": "220.46400", "2011-12-31": "192.45600", "2010-12-31": "193.49700", "2009-12-31": "480.31000", "2008-12-31": "481.44200", "2007-12-31": "454.28700", "2006-12-31": "441.81600", "2005-12-31": "350.64400"}, "Shares Outstanding": {"2019-12-31": "213.19800", "2018-12-31": "218.23100", "2017-12-31": "230.92700", "2016-12-31": "236.95100", "2015-12-31": "236.38200", "2014-12-31": "236.18700", "2013-12-31": "234.13400", "2012-12-31": "220.46400", "2011-12-31": "192.45600", "2010-12-31": "193.49700", "2009-12-31": "480.31000", "2008-12-31": "481.44200", "2007-12-31": "454.28700", "2006-12-31": "441.81600", "2005-12-31": "350.64400"}, "Basic EPS": {"2019-12-31": "0.15000", "2018-12-31": "0.35000", "2017-12-31": "1.03000", "2016-12-31": "0.66000", "2015-12-31": "0.49000", "2014-12-31": "0.14000", "2013-12-31": "0.02000", "2012-12-31": "-0.00320", "2011-12-31": "-0.38000", "2010-12-31": "-0.50000", "2009-12-31": "-0.23000", "2008-12-31": "-1.42000", "2007-12-31": "0.09000", "2006-12-31": "0.07000", "2005-12-31": "0.13000"}, "EPS - Earnings Per Share": {"2019-12-31": "0.15000", "2018-12-31": "0.35000", "2017-12-31": "1.03000", "2016-12-31": "0.66000", "2015-12-31": "0.49000", "2014-12-31": "0.14000", "2013-12-31": "0.02000", "2012-12-31": "-0.00320", "2011-12-31": "-0.38000", "2010-12-31": "-0.50000", "2009-12-31": "-0.23000", "2008-12-31": "-1.42000", "2007-12-31": "0.09000", "2006-12-31": "0.07000", "2005-12-31": "0.13000"}}, "income statement, quarterly": {"Revenue": {"2020-09-30": "107.35800", "2020-06-30": "96.80300", "2020-03-31": "118.69500", "2019-12-31": "120.81700", "2019-09-30": "119.71700", "2019-06-30": "118.44900", "2019-03-31": "122.70300", "2018-12-31": "119.35400", "2018-09-30": "119.13700", "2018-06-30": "119.16400", "2018-03-31": "124.84200", "2017-12-31": "126.58800", "2017-09-30": "130.51900", "2017-06-30": "137.33900", "2017-03-31": "143.69300", "2016-12-31": "142.75200", "2016-09-30": "144.52600", "2016-06-30": "147.22600", "2016-03-31": "148.63900", "2015-12-31": "148.92000", "2015-09-30": "150.95500", "2015-06-30": "150.88800", "2015-03-31": "153.19700", "2014-12-31": "153.53000", "2014-09-30": "151.44700", "2014-06-30": "146.44600", "2014-03-31": "149.19100", "2013-12-31": "151.00200", "2013-09-30": "136.12500", "2013-06-30": "132.32000", "2013-03-31": "132.06100", "2012-12-31": "110.44800", "2012-09-30": "138.85000", "2012-06-30": "138.98700", "2012-03-31": "142.88600", "2011-12-31": "84.43910", "2011-09-30": "146.04500", "2011-06-30": "147.36100", "2011-03-31": "152.32300", "2010-12-31": "108.19600", "2010-09-30": "162.03000", "2010-06-30": "160.58600", "2010-03-31": "164.75500", "2009-12-31": "145.00910", "2009-09-30": "164.44600", "2009-06-30": "170.11800", "2009-03-31": "169.02500", "2008-12-31": "154.02800", "2008-09-30": "179.64200", "2008-06-30": "181.30500", "2008-03-31": "192.22000", "2007-12-31": "147.83100", "2007-09-30": "187.94200", "2007-06-30": "181.90600", "2007-03-31": "186.91500", "2006-12-31": "159.88500", "2006-09-30": "181.89800", "2006-06-30": "173.70600", "2006-03-31": "170.76200", "2005-12-31": "151.71500", "2005-09-30": "144.94800", "2005-06-30": "113.11500", "2005-03-31": "90.78700"}, "Cost Of Goods Sold": {"2020-09-30": "35.34000", "2020-06-30": "32.75900", "2020-03-31": "34.94700", "2019-12-31": "52.34900", "2019-09-30": "34.67100", "2019-06-30": "35.66300", "2019-03-31": "36.08900", "2018-12-31": "35.12700", "2018-09-30": "35.63300", "2018-06-30": "37.08500", "2018-03-31": "40.72300", "2017-12-31": "80.21800", "2017-09-30": "41.43500", "2017-06-30": "42.49100", "2017-03-31": "43.74300", "2016-12-31": "86.41800", "2016-09-30": "40.22200", "2016-06-30": "41.18200", "2016-03-31": "43.00000", "2015-12-31": "69.73900", "2015-09-30": "43.70200", "2015-06-30": "43.63900", "2015-03-31": "46.20500", "2014-12-31": "71.73600", "2014-09-30": "44.21200", "2014-06-30": "41.20900", "2014-03-31": "44.94000", "2013-12-31": "18.57400", "2013-09-30": "40.20200", "2013-06-30": "38.47500", "2013-03-31": "39.39400", "2012-12-31": "32.62200", "2012-09-30": "41.84800", "2012-06-30": "41.70900", "2012-03-31": "43.56900", "2011-12-31": "30.17700", "2011-09-30": "42.35000", "2011-06-30": "44.18800", "2011-03-31": "47.31200", "2010-12-31": "33.37700", "2010-09-30": "48.41300", "2010-06-30": "47.93200", "2010-03-31": "52.22000", "2009-12-31": "48.81600", "2009-09-30": "53.96200", "2009-06-30": "51.27300", "2009-03-31": "58.16300", "2008-12-31": "95.63300", "2008-09-30": "57.38500", "2008-06-30": "53.67800", "2008-03-31": "53.46700", "2007-12-31": "117.84600", "2007-09-30": "69.42400", "2007-06-30": "60.84000", "2007-03-31": "60.87700", "2006-12-31": "30.93200", "2006-09-30": "62.62000", "2006-06-30": "56.45100", "2006-03-31": "55.50000", "2005-12-31": "95.56300", "2005-09-30": "45.19800", "2005-06-30": "32.67200", "2005-03-31": "24.93900"}, "Gross Profit": {"2020-09-30": "72.01800", "2020-06-30": "64.04400", "2020-03-31": "83.74800", "2019-12-31": "68.46800", "2019-09-30": "85.04600", "2019-06-30": "82.78600", "2019-03-31": "86.61400", "2018-12-31": "84.22700", "2018-09-30": "83.50400", "2018-06-30": "82.07900", "2018-03-31": "84.11900", "2017-12-31": "46.37000", "2017-09-30": "89.08400", "2017-06-30": "94.84800", "2017-03-31": "99.95000", "2016-12-31": "56.33400", "2016-09-30": "104.30400", "2016-06-30": "106.04400", "2016-03-31": "105.63900", "2015-12-31": "79.18100", "2015-09-30": "107.25300", "2015-06-30": "107.24900", "2015-03-31": "106.99200", "2014-12-31": "81.79400", "2014-09-30": "107.23500", "2014-06-30": "105.23700", "2014-03-31": "104.25100", "2013-12-31": "132.42800", "2013-09-30": "95.92300", "2013-06-30": "93.84500", "2013-03-31": "92.66700", "2012-12-31": "77.82600", "2012-09-30": "97.00200", "2012-06-30": "97.27800", "2012-03-31": "99.31700", "2011-12-31": "54.26210", "2011-09-30": "103.69500", "2011-06-30": "103.17300", "2011-03-31": "105.01100", "2010-12-31": "74.81900", "2010-09-30": "113.61700", "2010-06-30": "112.65400", "2010-03-31": "112.53500", "2009-12-31": "96.19310", "2009-09-30": "110.48400", "2009-06-30": "118.84500", "2009-03-31": "110.86200", "2008-12-31": "58.39500", "2008-09-30": "122.25700", "2008-06-30": "127.62700", "2008-03-31": "138.75300", "2007-12-31": "29.98500", "2007-09-30": "118.51800", "2007-06-30": "121.06600", "2007-03-31": "126.03800", "2006-12-31": "128.95300", "2006-09-30": "119.27800", "2006-06-30": "117.25500", "2006-03-31": "115.26200", "2005-12-31": "56.15200", "2005-09-30": "99.75000", "2005-06-30": "80.44300", "2005-03-31": "65.84800"}, "Research And Development Expenses": {"2020-09-30": "", "2020-06-30": "", "2020-03-31": "", "2019-12-31": "", "2019-09-30": "", "2019-06-30": "", "2019-03-31": "", "2018-12-31": "", "2018-09-30": "", "2018-06-30": "", "2018-03-31": "", "2017-12-31": "", "2017-09-30": "", "2017-06-30": "", "2017-03-31": "", "2016-12-31": "", "2016-09-30": "", "2016-06-30": "", "2016-03-31": "", "2015-12-31": "", "2015-09-30": "", "2015-06-30": "", "2015-03-31": "", "2014-12-31": "", "2014-09-30": "", "2014-06-30": "", "2014-03-31": "", "2013-12-31": "", "2013-09-30": "", "2013-06-30": "", "2013-03-31": "", "2012-12-31": "", "2012-09-30": "", "2012-06-30": "", "2012-03-31": "", "2011-12-31": "", "2011-09-30": "", "2011-06-30": "", "2011-03-31": "", "2010-12-31": "", "2010-09-30": "", "2010-06-30": "", "2010-03-31": "", "2009-12-31": "", "2009-09-30": "", "2009-06-30": "", "2009-03-31": "", "2008-12-31": "", "2008-09-30": "", "2008-06-30": "", "2008-03-31": "", "2007-12-31": "", "2007-09-30": "", "2007-06-30": "", "2007-03-31": "", "2006-12-31": "", "2006-09-30": "", "2006-06-30": "", "2006-03-31": "", "2005-12-31": "", "2005-09-30": "", "2005-06-30": "", "2005-03-31": ""}, "SG&A Expenses": {"2020-09-30": "8.51400", "2020-06-30": "8.49100", "2020-03-31": "9.16500", "2019-12-31": "10.30300", "2019-09-30": "10.33400", "2019-06-30": "9.35300", "2019-03-31": "10.49900", "2018-12-31": "10.43400", "2018-09-30": "9.16000", "2018-06-30": "10.27400", "2018-03-31": "12.49500", "2017-12-31": "11.35600", "2017-09-30": "7.78500", "2017-06-30": "10.37000", "2017-03-31": "11.21300", "2016-12-31": "11.23300", "2016-09-30": "11.11000", "2016-06-30": "10.77300", "2016-03-31": "11.40600", "2015-12-31": "14.70800", "2015-09-30": "10.93900", "2015-06-30": "14.01800", "2015-03-31": "10.99200", "2014-12-31": "11.43500", "2014-09-30": "6.98200", "2014-06-30": "7.36200", "2014-03-31": "8.45000", "2013-12-31": "8.37000", "2013-09-30": "6.82000", "2013-06-30": "8.28800", "2013-03-31": "8.05500", "2012-12-31": "8.18700", "2012-09-30": "7.22700", "2012-06-30": "6.54300", "2012-03-31": "4.92100", "2011-12-31": "4.22400", "2011-09-30": "5.01100", "2011-06-30": "5.04300", "2011-03-31": "6.32700", "2010-12-31": "4.70700", "2010-09-30": "4.16900", "2010-06-30": "4.41700", "2010-03-31": "4.82600", "2009-12-31": "7.04500", "2009-09-30": "4.69100", "2009-06-30": "4.65000", "2009-03-31": "4.80500", "2008-12-31": "5.45200", "2008-09-30": "5.44700", "2008-06-30": "4.69600", "2008-03-31": "4.40200", "2007-12-31": "4.94400", "2007-09-30": "3.06000", "2007-06-30": "4.36600", "2007-03-31": "4.16500", "2006-12-31": "4.44000", "2006-09-30": "4.46900", "2006-06-30": "3.09100", "2006-03-31": "2.86700", "2005-12-31": "3.63100", "2005-09-30": "2.33900", "2005-06-30": "2.92900", "2005-03-31": "1.88400"}, "Other Operating Income Or Expenses": {"2020-09-30": "-2.27900", "2020-06-30": "", "2020-03-31": "-0.34600", "2019-12-31": "-1.12100", "2019-09-30": "-11.17700", "2019-06-30": "", "2019-03-31": "", "2018-12-31": "-0.76300", "2018-09-30": "0.00000", "2018-06-30": "-0.72400", "2018-03-31": "-0.59200", "2017-12-31": "-8.14700", "2017-09-30": "-45.82200", "2017-06-30": "-13.03400", "2017-03-31": "", "2016-12-31": "-9.32800", "2016-09-30": "-4.74200", "2016-06-30": "-4.14200", "2016-03-31": "-2.16400", "2015-12-31": "-15.82400", "2015-09-30": "-0.16900", "2015-06-30": "-3.94400", "2015-03-31": "0.00000", "2014-12-31": "-11.82500", "2014-09-30": "-54.58400", "2014-06-30": "-5.40000", "2014-03-31": "-0.39400", "2013-12-31": "-31.49000", "2013-09-30": "-27.40400", "2013-06-30": "-0.38100", "2013-03-31": "-0.21100", "2012-12-31": "6.54900", "2012-09-30": "-1.68900", "2012-06-30": "-2.49700", "2012-03-31": "-3.68600", "2011-12-31": "22.56100", "2011-09-30": "-1.39200", "2011-06-30": "-3.35500", "2011-03-31": "-33.71100", "2010-12-31": "-4.61400", "2010-09-30": "-8.54900", "2010-06-30": "-10.17700", "2010-03-31": "-4.20700", "2009-12-31": "13.26800", "2009-09-30": "-9.96100", "2009-06-30": "-21.37500", "2009-03-31": "-26.86800", "2008-12-31": "-87.13300", "2008-09-30": "-17.72000", "2008-06-30": "-10.71500", "2008-03-31": "-3.55400", "2007-12-31": "-12.00800", "2007-09-30": "-0.60900", "2007-06-30": "-0.36900", "2007-03-31": "-13.96000", "2006-12-31": "", "2006-09-30": "", "2006-06-30": "", "2006-03-31": "", "2005-12-31": "", "2005-09-30": "", "2005-06-30": "", "2005-03-31": ""}, "Operating Expenses": {"2020-09-30": "87.87400", "2020-06-30": "85.00500", "2020-03-31": "84.63100", "2019-12-31": "87.60800", "2019-09-30": "123.64200", "2019-06-30": "87.89800", "2019-03-31": "89.85500", "2018-12-31": "90.19400", "2018-09-30": "87.96200", "2018-06-30": "91.79300", "2018-03-31": "99.03800", "2017-12-31": "105.74300", "2017-09-30": "146.51100", "2017-06-30": "118.22000", "2017-03-31": "108.43000", "2016-12-31": "124.65400", "2016-09-30": "112.83700", "2016-06-30": "109.54000", "2016-03-31": "109.96600", "2015-12-31": "125.93700", "2015-09-30": "107.68100", "2015-06-30": "117.39900", "2015-03-31": "111.87300", "2014-12-31": "120.85400", "2014-09-30": "160.46900", "2014-06-30": "109.03200", "2014-03-31": "107.61400", "2013-12-31": "143.30600", "2013-09-30": "125.27300", "2013-06-30": "106.74000", "2013-03-31": "98.66800", "2012-12-31": "81.50000", "2012-09-30": "103.81600", "2012-06-30": "104.83400", "2012-03-31": "106.45700", "2011-12-31": "41.15200", "2011-09-30": "106.03900", "2011-06-30": "111.32800", "2011-03-31": "146.47700", "2010-12-31": "82.83300", "2010-09-30": "121.84400", "2010-06-30": "123.61400", "2010-03-31": "122.80200", "2009-12-31": "98.42300", "2009-09-30": "131.01500", "2009-06-30": "139.92200", "2009-03-31": "152.55200", "2008-12-31": "210.29000", "2008-09-30": "145.50200", "2008-06-30": "133.75100", "2008-03-31": "127.20100", "2007-12-31": "111.15100", "2007-09-30": "143.16800", "2007-06-30": "130.07100", "2007-03-31": "144.41900", "2006-12-31": "122.53900", "2006-09-30": "132.54300", "2006-06-30": "124.07800", "2006-03-31": "120.80100", "2005-12-31": "109.43300", "2005-09-30": "100.93700", "2005-06-30": "77.41600", "2005-03-31": "60.95800"}, "Operating Income": {"2020-09-30": "19.48400", "2020-06-30": "11.79800", "2020-03-31": "34.06400", "2019-12-31": "33.20900", "2019-09-30": "-3.92500", "2019-06-30": "30.55100", "2019-03-31": "32.84800", "2018-12-31": "29.16000", "2018-09-30": "31.17500", "2018-06-30": "27.37100", "2018-03-31": "25.80400", "2017-12-31": "20.84500", "2017-09-30": "-15.99200", "2017-06-30": "19.11900", "2017-03-31": "35.26300", "2016-12-31": "18.09800", "2016-09-30": "31.68900", "2016-06-30": "37.68600", "2016-03-31": "38.67300", "2015-12-31": "22.98300", "2015-09-30": "43.27400", "2015-06-30": "33.48900", "2015-03-31": "41.32400", "2014-12-31": "32.67600", "2014-09-30": "-9.02200", "2014-06-30": "37.41400", "2014-03-31": "41.57700", "2013-12-31": "7.69600", "2013-09-30": "10.85200", "2013-06-30": "25.58000", "2013-03-31": "33.39300", "2012-12-31": "28.94800", "2012-09-30": "35.03400", "2012-06-30": "34.15300", "2012-03-31": "36.42900", "2011-12-31": "43.28700", "2011-09-30": "40.00600", "2011-06-30": "36.03300", "2011-03-31": "5.84600", "2010-12-31": "25.36310", "2010-09-30": "40.18600", "2010-06-30": "36.97200", "2010-03-31": "41.95300", "2009-12-31": "46.58610", "2009-09-30": "33.43100", "2009-06-30": "30.19600", "2009-03-31": "16.47300", "2008-12-31": "-56.26200", "2008-09-30": "34.14000", "2008-06-30": "47.55400", "2008-03-31": "65.01900", "2007-12-31": "36.67990", "2007-09-30": "44.77400", "2007-06-30": "51.83500", "2007-03-31": "42.49600", "2006-12-31": "37.34600", "2006-09-30": "49.35500", "2006-06-30": "49.62800", "2006-03-31": "49.96100", "2005-12-31": "42.28200", "2005-09-30": "44.01100", "2005-06-30": "35.69900", "2005-03-31": "29.82900"}, "Total Non-Operating Income/Expense": {"2020-09-30": "-21.77200", "2020-06-30": "-19.14500", "2020-03-31": "-11.70700", "2019-12-31": "-17.03700", "2019-09-30": "-24.22800", "2019-06-30": "-9.38100", "2019-03-31": "-9.64000", "2018-12-31": "-17.01600", "2018-09-30": "-18.34100", "2018-06-30": "-16.48900", "2018-03-31": "15.97600", "2017-12-31": "319.95300", "2017-09-30": "-21.18600", "2017-06-30": "-20.98400", "2017-03-31": "-85.52700", "2016-12-31": "-31.77300", "2016-09-30": "-25.58000", "2016-06-30": "-18.69700", "2016-03-31": "-12.98600", "2015-12-31": "-28.02600", "2015-09-30": "-39.94600", "2015-06-30": "-36.44600", "2015-03-31": "-32.82000", "2014-12-31": "-33.31200", "2014-09-30": "-32.88200", "2014-06-30": "-7.89800", "2014-03-31": "-27.95600", "2013-12-31": "-11.42200", "2013-09-30": "-30.98100", "2013-06-30": "-32.95100", "2013-03-31": "-45.02200", "2012-12-31": "-27.66500", "2012-09-30": "-37.95200", "2012-06-30": "-28.21100", "2012-03-31": "-55.10400", "2011-12-31": "-30.71100", "2011-09-30": "-58.27000", "2011-06-30": "-54.56200", "2011-03-31": "-53.12100", "2010-12-31": "-40.60000", "2010-09-30": "-64.53800", "2010-06-30": "-67.36500", "2010-03-31": "-68.25900", "2009-12-31": "-69.35100", "2009-09-30": "-11.38300", "2009-06-30": "-73.76900", "2009-03-31": "-79.71300", "2008-12-31": "-492.13200", "2008-09-30": "-110.33100", "2008-06-30": "-91.22500", "2008-03-31": "-55.18800", "2007-12-31": "-46.72400", "2007-09-30": "-45.77500", "2007-06-30": "-30.95800", "2007-03-31": "-50.20900", "2006-12-31": "-35.71900", "2006-09-30": "-41.98000", "2006-06-30": "-40.21600", "2006-03-31": "-38.02300", "2005-12-31": "-28.72900", "2005-09-30": "-31.84500", "2005-06-30": "-26.13600", "2005-03-31": "-20.81500"}, "Pre-Tax Income": {"2020-09-30": "-2.28800", "2020-06-30": "-7.34700", "2020-03-31": "22.35700", "2019-12-31": "16.17200", "2019-09-30": "-28.15300", "2019-06-30": "21.17000", "2019-03-31": "23.20800", "2018-12-31": "12.14400", "2018-09-30": "12.83400", "2018-06-30": "10.88200", "2018-03-31": "41.78000", "2017-12-31": "340.79800", "2017-09-30": "-37.17800", "2017-06-30": "-1.86500", "2017-03-31": "-50.26400", "2016-12-31": "-13.67500", "2016-09-30": "6.10900", "2016-06-30": "18.98900", "2016-03-31": "25.68700", "2015-12-31": "-5.04300", "2015-09-30": "3.32800", "2015-06-30": "-2.95700", "2015-03-31": "8.50400", "2014-12-31": "-0.63600", "2014-09-30": "-41.90400", "2014-06-30": "29.51600", "2014-03-31": "13.62100", "2013-12-31": "-3.72600", "2013-09-30": "-20.12900", "2013-06-30": "-7.37100", "2013-03-31": "-11.62900", "2012-12-31": "1.28300", "2012-09-30": "-2.91800", "2012-06-30": "5.94200", "2012-03-31": "-18.67500", "2011-12-31": "12.57600", "2011-09-30": "-18.26400", "2011-06-30": "-18.52900", "2011-03-31": "-47.27500", "2010-12-31": "-15.23690", "2010-09-30": "-24.35200", "2010-06-30": "-30.39300", "2010-03-31": "-26.30600", "2009-12-31": "-22.76490", "2009-09-30": "22.04800", "2009-06-30": "-43.57300", "2009-03-31": "-63.24000", "2008-12-31": "-548.39400", "2008-09-30": "-76.19100", "2008-06-30": "-43.67100", "2008-03-31": "9.83100", "2007-12-31": "-10.04410", "2007-09-30": "-1.00100", "2007-06-30": "20.87700", "2007-03-31": "-7.71300", "2006-12-31": "1.62700", "2006-09-30": "7.37500", "2006-06-30": "9.41200", "2006-03-31": "11.93800", "2005-12-31": "13.55300", "2005-09-30": "12.16600", "2005-06-30": "9.56300", "2005-03-31": "9.01400"}, "Income Taxes": {"2020-09-30": "", "2020-06-30": "", "2020-03-31": "", "2019-12-31": "", "2019-09-30": "", "2019-06-30": "", "2019-03-31": "", "2018-12-31": "", "2018-09-30": "", "2018-06-30": "", "2018-03-31": "", "2017-12-31": "", "2017-09-30": "", "2017-06-30": "", "2017-03-31": "", "2016-12-31": "", "2016-09-30": "", "2016-06-30": "", "2016-03-31": "", "2015-12-31": "", "2015-09-30": "", "2015-06-30": "", "2015-03-31": "", "2014-12-31": "", "2014-09-30": "", "2014-06-30": "", "2014-03-31": "", "2013-12-31": "", "2013-09-30": "", "2013-06-30": "", "2013-03-31": "", "2012-12-31": "", "2012-09-30": "", "2012-06-30": "", "2012-03-31": "", "2011-12-31": "", "2011-09-30": "", "2011-06-30": "", "2011-03-31": "", "2010-12-31": "", "2010-09-30": "", "2010-06-30": "", "2010-03-31": "", "2009-12-31": "", "2009-09-30": "", "2009-06-30": "", "2009-03-31": "", "2008-12-31": "", "2008-09-30": "", "2008-06-30": "", "2008-03-31": "", "2007-12-31": "", "2007-09-30": "", "2007-06-30": "", "2007-03-31": "", "2006-12-31": "", "2006-09-30": "", "2006-06-30": "", "2006-03-31": "", "2005-12-31": "", "2005-09-30": "", "2005-06-30": "", "2005-03-31": ""}, "Income After Taxes": {"2020-09-30": "-2.28800", "2020-06-30": "-7.34700", "2020-03-31": "22.35700", "2019-12-31": "16.17200", "2019-09-30": "-28.15300", "2019-06-30": "21.17000", "2019-03-31": "23.20800", "2018-12-31": "12.14400", "2018-09-30": "12.83400", "2018-06-30": "10.88200", "2018-03-31": "41.78000", "2017-12-31": "340.79800", "2017-09-30": "-37.17800", "2017-06-30": "-1.86500", "2017-03-31": "-50.26400", "2016-12-31": "-13.67500", "2016-09-30": "6.10900", "2016-06-30": "18.98900", "2016-03-31": "25.68700", "2015-12-31": "-5.04300", "2015-09-30": "3.32800", "2015-06-30": "-2.95700", "2015-03-31": "8.50400", "2014-12-31": "-0.63600", "2014-09-30": "-41.90400", "2014-06-30": "29.51600", "2014-03-31": "13.62100", "2013-12-31": "-3.72600", "2013-09-30": "-20.12900", "2013-06-30": "-7.37100", "2013-03-31": "-11.62900", "2012-12-31": "1.28300", "2012-09-30": "-2.91800", "2012-06-30": "5.94200", "2012-03-31": "-18.67500", "2011-12-31": "12.57600", "2011-09-30": "-18.26400", "2011-06-30": "-18.52900", "2011-03-31": "-47.27500", "2010-12-31": "-15.23690", "2010-09-30": "-24.35200", "2010-06-30": "-30.39300", "2010-03-31": "-26.30600", "2009-12-31": "-22.76490", "2009-09-30": "22.04800", "2009-06-30": "-43.57300", "2009-03-31": "-63.24000", "2008-12-31": "-548.39400", "2008-09-30": "-76.19100", "2008-06-30": "-43.67100", "2008-03-31": "9.83100", "2007-12-31": "-10.04410", "2007-09-30": "-1.00100", "2007-06-30": "20.87700", "2007-03-31": "-7.71300", "2006-12-31": "1.62700", "2006-09-30": "7.37500", "2006-06-30": "9.41200", "2006-03-31": "11.93800", "2005-12-31": "13.55300", "2005-09-30": "12.16600", "2005-06-30": "9.56300", "2005-03-31": "9.01400"}, "Other Income": {"2020-09-30": "", "2020-06-30": "", "2020-03-31": "", "2019-12-31": "", "2019-09-30": "", "2019-06-30": "", "2019-03-31": "", "2018-12-31": "", "2018-09-30": "", "2018-06-30": "", "2018-03-31": "", "2017-12-31": "", "2017-09-30": "", "2017-06-30": "", "2017-03-31": "", "2016-12-31": "", "2016-09-30": "", "2016-06-30": "", "2016-03-31": "", "2015-12-31": "", "2015-09-30": "", "2015-06-30": "", "2015-03-31": "", "2014-12-31": "", "2014-09-30": "", "2014-06-30": "", "2014-03-31": "", "2013-12-31": "", "2013-09-30": "", "2013-06-30": "", "2013-03-31": "", "2012-12-31": "", "2012-09-30": "", "2012-06-30": "", "2012-03-31": "", "2011-12-31": "", "2011-09-30": "", "2011-06-30": "", "2011-03-31": "", "2010-12-31": "", "2010-09-30": "", "2010-06-30": "", "2010-03-31": "", "2009-12-31": "", "2009-09-30": "", "2009-06-30": "", "2009-03-31": "", "2008-12-31": "", "2008-09-30": "", "2008-06-30": "", "2008-03-31": "", "2007-12-31": "", "2007-09-30": "", "2007-06-30": "", "2007-03-31": "", "2006-12-31": "", "2006-09-30": "", "2006-06-30": "", "2006-03-31": "", "2005-12-31": "", "2005-09-30": "", "2005-06-30": "", "2005-03-31": ""}, "Income From Continuous Operations": {"2020-09-30": "-2.28800", "2020-06-30": "-7.34700", "2020-03-31": "22.35700", "2019-12-31": "16.17200", "2019-09-30": "-28.15300", "2019-06-30": "21.17000", "2019-03-31": "23.20800", "2018-12-31": "12.14400", "2018-09-30": "12.83400", "2018-06-30": "10.88200", "2018-03-31": "41.78000", "2017-12-31": "340.79800", "2017-09-30": "-37.17800", "2017-06-30": "-1.86500", "2017-03-31": "-50.26400", "2016-12-31": "-13.67500", "2016-09-30": "6.10900", "2016-06-30": "18.98900", "2016-03-31": "25.68700", "2015-12-31": "-5.04300", "2015-09-30": "3.32800", "2015-06-30": "-2.95700", "2015-03-31": "8.50400", "2014-12-31": "-0.63600", "2014-09-30": "-41.90400", "2014-06-30": "29.51600", "2014-03-31": "13.62100", "2013-12-31": "-3.72600", "2013-09-30": "-20.12900", "2013-06-30": "-7.37100", "2013-03-31": "-11.62900", "2012-12-31": "1.28300", "2012-09-30": "-2.91800", "2012-06-30": "5.94200", "2012-03-31": "-18.67500", "2011-12-31": "12.57600", "2011-09-30": "-18.26400", "2011-06-30": "-18.52900", "2011-03-31": "-47.27500", "2010-12-31": "-15.23700", "2010-09-30": "-24.35200", "2010-06-30": "-30.39300", "2010-03-31": "-26.30600", "2009-12-31": "-22.76500", "2009-09-30": "22.04800", "2009-06-30": "-43.57300", "2009-03-31": "-63.24000", "2008-12-31": "-548.39400", "2008-09-30": "-76.19100", "2008-06-30": "-43.67100", "2008-03-31": "9.83100", "2007-12-31": "-10.04400", "2007-09-30": "-1.00100", "2007-06-30": "20.87700", "2007-03-31": "-7.71300", "2006-12-31": "1.62700", "2006-09-30": "7.37500", "2006-06-30": "9.41200", "2006-03-31": "11.93800", "2005-12-31": "13.55300", "2005-09-30": "12.16600", "2005-06-30": "9.56300", "2005-03-31": "9.01400"}, "Income From Discontinued Operations": {"2020-09-30": "", "2020-06-30": "", "2020-03-31": "", "2019-12-31": "", "2019-09-30": "", "2019-06-30": "", "2019-03-31": "", "2018-12-31": "", "2018-09-30": "", "2018-06-30": "", "2018-03-31": "", "2017-12-31": "", "2017-09-30": "", "2017-06-30": "", "2017-03-31": "", "2016-12-31": "", "2016-09-30": "", "2016-06-30": "", "2016-03-31": "", "2015-12-31": "", "2015-09-30": "", "2015-06-30": "", "2015-03-31": "", "2014-12-31": "", "2014-09-30": "", "2014-06-30": "", "2014-03-31": "0.50700", "2013-12-31": "40.81400", "2013-09-30": "-18.57300", "2013-06-30": "22.94900", "2013-03-31": "5.48500", "2012-12-31": "11.64300", "2012-09-30": "-14.68400", "2012-06-30": "7.41100", "2012-03-31": "1.70800", "2011-12-31": "-28.14000", "2011-09-30": "14.13900", "2011-06-30": "2.41100", "2011-03-31": "4.59800", "2010-12-31": "12.30600", "2010-09-30": "-0.85400", "2010-06-30": "-7.71400", "2010-03-31": "-2.15700", "2009-12-31": "-21.95600", "2009-09-30": "-9.54400", "2009-06-30": "10.23500", "2009-03-31": "13.38600", "2008-12-31": "-26.12900", "2008-09-30": "0.57400", "2008-06-30": "0.47300", "2008-03-31": "0.29400", "2007-12-31": "40.40900", "2007-09-30": "0.20000", "2007-06-30": "0.21700", "2007-03-31": "0.08900", "2006-12-31": "", "2006-09-30": "", "2006-06-30": "", "2006-03-31": "", "2005-12-31": "", "2005-09-30": "", "2005-06-30": "", "2005-03-31": ""}, "Net Income": {"2020-09-30": "-2.28800", "2020-06-30": "-7.34700", "2020-03-31": "22.35700", "2019-12-31": "15.76700", "2019-09-30": "-28.15300", "2019-06-30": "21.17000", "2019-03-31": "23.20800", "2018-12-31": "11.80500", "2018-09-30": "12.83400", "2018-06-30": "10.88200", "2018-03-31": "41.78000", "2017-12-31": "102.63100", "2017-09-30": "33.54200", "2017-06-30": "112.40000", "2017-03-31": "-11.46200", "2016-12-31": "15.93200", "2016-09-30": "70.13200", "2016-06-30": "26.23900", "2016-03-31": "45.06400", "2015-12-31": "0.64400", "2015-09-30": "75.96700", "2015-06-30": "28.32100", "2015-03-31": "10.71400", "2014-12-31": "23.50200", "2014-09-30": "-29.09800", "2014-06-30": "27.68000", "2014-03-31": "11.76600", "2013-12-31": "34.73200", "2013-09-30": "-39.91400", "2013-06-30": "13.60800", "2013-03-31": "-4.25000", "2012-12-31": "13.85400", "2012-09-30": "-15.95200", "2012-06-30": "17.67600", "2012-03-31": "-16.28800", "2011-12-31": "-13.83700", "2011-09-30": "-5.02300", "2011-06-30": "-13.72400", "2011-03-31": "-40.02500", "2010-12-31": "-3.41100", "2010-09-30": "-25.52700", "2010-06-30": "-38.34900", "2010-03-31": "-28.55600", "2009-12-31": "-44.84900", "2009-09-30": "12.58500", "2009-06-30": "-33.39100", "2009-03-31": "-46.68000", "2008-12-31": "-574.10390", "2008-09-30": "-75.91800", "2008-06-30": "-43.46800", "2008-03-31": "9.76300", "2007-12-31": "29.00000", "2007-09-30": "-0.80100", "2007-06-30": "21.09400", "2007-03-31": "-7.62400", "2006-12-31": "3.21800", "2006-09-30": "7.37500", "2006-06-30": "9.41200", "2006-03-31": "11.93800", "2005-12-31": "26.67200", "2005-09-30": "0.00000", "2005-06-30": "9.56300", "2005-03-31": "9.01400"}, "EBITDA": {"2020-09-30": "62.56200", "2020-06-30": "56.51500", "2020-03-31": "75.18700", "2019-12-31": "75.12300", "2019-09-30": "63.85100", "2019-06-30": "74.23200", "2019-03-31": "76.91300", "2018-12-31": "73.81000", "2018-09-30": "75.20000", "2018-06-30": "71.92100", "2018-03-31": "71.97200", "2017-12-31": "68.35000", "2017-09-30": "36.35400", "2017-06-30": "72.35000", "2017-03-31": "93.70200", "2016-12-31": "80.33500", "2016-09-30": "89.63700", "2016-06-30": "92.31900", "2016-03-31": "94.06600", "2015-12-31": "75.59200", "2015-09-30": "97.98600", "2015-06-30": "90.33500", "2015-03-31": "96.99200", "2014-12-31": "85.98600", "2014-09-30": "46.75300", "2014-06-30": "93.79200", "2014-03-31": "97.00600", "2013-12-31": "71.84000", "2013-09-30": "66.75700", "2013-06-30": "90.47200", "2013-03-31": "92.26900", "2012-12-31": "93.31300", "2012-09-30": "95.41100", "2012-06-30": "84.58900", "2012-03-31": "97.37200", "2011-12-31": "104.66000", "2011-09-30": "102.24500", "2011-06-30": "94.00200", "2011-03-31": "69.11900", "2010-12-31": "91.08810", "2010-09-30": "104.06400", "2010-06-30": "101.77500", "2010-03-31": "107.33700", "2009-12-31": "118.33810", "2009-09-30": "98.31100", "2009-06-30": "98.06800", "2009-03-31": "84.36500", "2008-12-31": "12.67100", "2008-09-30": "103.05200", "2008-06-30": "115.54800", "2008-03-31": "132.82100", "2007-12-31": "99.69500", "2007-09-30": "118.38300", "2007-06-30": "119.22600", "2007-03-31": "111.23600", "2006-12-31": "101.66200", "2006-09-30": "116.08800", "2006-06-30": "115.29500", "2006-03-31": "113.37100", "2005-12-31": "102.59400", "2005-09-30": "97.25200", "2005-06-30": "77.13500", "2005-03-31": "63.19800"}, "EBIT": {"2020-09-30": "19.48400", "2020-06-30": "11.79800", "2020-03-31": "34.06400", "2019-12-31": "33.20900", "2019-09-30": "-3.92500", "2019-06-30": "30.55100", "2019-03-31": "32.84800", "2018-12-31": "29.16000", "2018-09-30": "31.17500", "2018-06-30": "27.37100", "2018-03-31": "25.80400", "2017-12-31": "20.84500", "2017-09-30": "-15.99200", "2017-06-30": "19.11900", "2017-03-31": "35.26300", "2016-12-31": "18.09800", "2016-09-30": "31.68900", "2016-06-30": "37.68600", "2016-03-31": "38.67300", "2015-12-31": "22.98300", "2015-09-30": "43.27400", "2015-06-30": "33.48900", "2015-03-31": "41.32400", "2014-12-31": "32.67600", "2014-09-30": "-9.02200", "2014-06-30": "37.41400", "2014-03-31": "41.57700", "2013-12-31": "7.69600", "2013-09-30": "10.85200", "2013-06-30": "25.58000", "2013-03-31": "33.39300", "2012-12-31": "28.94800", "2012-09-30": "35.03400", "2012-06-30": "34.15300", "2012-03-31": "36.42900", "2011-12-31": "43.28700", "2011-09-30": "40.00600", "2011-06-30": "36.03300", "2011-03-31": "5.84600", "2010-12-31": "25.36300", "2010-09-30": "40.18600", "2010-06-30": "36.97200", "2010-03-31": "41.95300", "2009-12-31": "46.58610", "2009-09-30": "33.43100", "2009-06-30": "30.19600", "2009-03-31": "16.47300", "2008-12-31": "-56.26200", "2008-09-30": "34.14000", "2008-06-30": "47.55400", "2008-03-31": "65.01900", "2007-12-31": "36.68000", "2007-09-30": "44.77400", "2007-06-30": "51.83500", "2007-03-31": "42.49600", "2006-12-31": "37.34600", "2006-09-30": "49.35500", "2006-06-30": "49.62800", "2006-03-31": "49.96100", "2005-12-31": "42.28200", "2005-09-30": "44.01100", "2005-06-30": "35.69900", "2005-03-31": "29.82900"}, "Basic Shares Outstanding": {"2020-09-30": "213.38500", "2020-06-30": "213.33700", "2020-03-31": "213.21500", "2019-12-31": "212.94800", "2019-09-30": "212.99500", "2019-06-30": "212.95100", "2019-03-31": "212.85000", "2018-12-31": "217.83000", "2018-09-30": "218.80800", "2018-06-30": "218.98200", "2018-03-31": "218.84900", "2017-12-31": "230.74700", "2017-09-30": "229.50800", "2017-06-30": "234.24300", "2017-03-31": "236.29400", "2016-12-31": "236.65100", "2016-09-30": "236.78300", "2016-06-30": "236.71600", "2016-03-31": "236.57800", "2015-12-31": "236.38000", "2015-09-30": "236.43900", "2015-06-30": "236.35400", "2015-03-31": "236.25000", "2014-12-31": "236.18400", "2014-09-30": "236.20300", "2014-06-30": "236.17600", "2014-03-31": "236.15100", "2013-12-31": "234.13400", "2013-09-30": "236.15100", "2013-06-30": "233.62400", "2013-03-31": "230.61100", "2012-12-31": "220.46400", "2012-09-30": "230.59700", "2012-06-30": "226.54300", "2012-03-31": "194.11900", "2011-12-31": "192.45600", "2011-09-30": "192.77900", "2011-06-30": "192.11400", "2011-03-31": "191.48800", "2010-12-31": "193.49700", "2010-09-30": "484.86500", "2010-06-30": "483.59000", "2010-03-31": "482.40200", "2009-12-31": "480.31000", "2009-09-30": "481.04900", "2009-06-30": "479.85300", "2009-03-31": "478.66200", "2008-12-31": "481.44200", "2008-09-30": "481.30800", "2008-06-30": "482.86800", "2008-03-31": "484.61200", "2007-12-31": "454.28700", "2007-09-30": "451.31900", "2007-06-30": "449.17100", "2007-03-31": "447.85200", "2006-12-31": "441.81600", "2006-09-30": "443.23900", "2006-06-30": "440.72200", "2006-03-31": "437.82600", "2005-12-31": "350.64400", "2005-09-30": "395.66600", "2005-06-30": "321.17000", "2005-03-31": "251.11500"}, "Shares Outstanding": {"2020-09-30": "213.38500", "2020-06-30": "213.33700", "2020-03-31": "213.21500", "2019-12-31": "213.19800", "2019-09-30": "212.99500", "2019-06-30": "213.09000", "2019-03-31": "213.22300", "2018-12-31": "218.23100", "2018-09-30": "219.02100", "2018-06-30": "219.41000", "2018-03-31": "219.40300", "2017-12-31": "230.92700", "2017-09-30": "230.10400", "2017-06-30": "234.81800", "2017-03-31": "236.29400", "2016-12-31": "236.95100", "2016-09-30": "237.10800", "2016-06-30": "236.90200", "2016-03-31": "236.68000", "2015-12-31": "236.38200", "2015-09-30": "236.55300", "2015-06-30": "236.35600", "2015-03-31": "236.25300", "2014-12-31": "236.18700", "2014-09-30": "236.20300", "2014-06-30": "236.17900", "2014-03-31": "236.15300", "2013-12-31": "234.13400", "2013-09-30": "236.15100", "2013-06-30": "233.62400", "2013-03-31": "230.61100", "2012-12-31": "220.46400", "2012-09-30": "230.59700", "2012-06-30": "226.54300", "2012-03-31": "194.11900", "2011-12-31": "192.45600", "2011-09-30": "192.77900", "2011-06-30": "192.11400", "2011-03-31": "191.48800", "2010-12-31": "193.49700", "2010-09-30": "484.86500", "2010-06-30": "483.59000", "2010-03-31": "482.40200", "2009-12-31": "480.31000", "2009-09-30": "481.04900", "2009-06-30": "479.85300", "2009-03-31": "478.66200", "2008-12-31": "481.44200", "2008-09-30": "481.30800", "2008-06-30": "482.86800", "2008-03-31": "484.61200", "2007-12-31": "454.28700", "2007-09-30": "451.31900", "2007-06-30": "449.17100", "2007-03-31": "447.85200", "2006-12-31": "441.81600", "2006-09-30": "443.23900", "2006-06-30": "440.72200", "2006-03-31": "437.82600", "2005-12-31": "350.64400", "2005-09-30": "395.66600", "2005-06-30": "321.17000", "2005-03-31": "251.11500"}, "Basic EPS": {"2020-09-30": "-0.01000", "2020-06-30": "-0.04000", "2020-03-31": "0.10000", "2019-12-31": "0.07000", "2019-09-30": "-0.13000", "2019-06-30": "0.10000", "2019-03-31": "0.11000", "2018-12-31": "0.05000", "2018-09-30": "0.06000", "2018-06-30": "0.05000", "2018-03-31": "0.19000", "2017-12-31": "0.45000", "2017-09-30": "0.15000", "2017-06-30": "0.48000", "2017-03-31": "-0.05000", "2016-12-31": "0.06000", "2016-09-30": "0.30000", "2016-06-30": "0.11000", "2016-03-31": "0.19000", "2015-12-31": "0.00000", "2015-09-30": "0.32000", "2015-06-30": "0.12000", "2015-03-31": "0.05000", "2014-12-31": "0.09000", "2014-09-30": "-0.12000", "2014-06-30": "0.12000", "2014-03-31": "0.05000", "2013-12-31": "0.15000", "2013-09-30": "-0.17000", "2013-06-30": "0.06000", "2013-03-31": "-0.02000", "2012-12-31": "0.06680", "2012-09-30": "-0.07000", "2012-06-30": "0.08000", "2012-03-31": "-0.08000", "2011-12-31": "-0.07000", "2011-09-30": "-0.03000", "2011-06-30": "-0.07000", "2011-03-31": "-0.21000", "2010-12-31": "-0.31000", "2010-09-30": "-0.05000", "2010-06-30": "-0.08000", "2010-03-31": "-0.06000", "2009-12-31": "-0.09000", "2009-09-30": "0.03000", "2009-06-30": "-0.07000", "2009-03-31": "-0.10000", "2008-12-31": "-1.19000", "2008-09-30": "-0.16000", "2008-06-30": "-0.09000", "2008-03-31": "0.02000", "2007-12-31": "0.06180", "2007-09-30": "-0.00180", "2007-06-30": "0.05000", "2007-03-31": "-0.02000", "2006-12-31": "0.00000", "2006-09-30": "0.02000", "2006-06-30": "0.02000", "2006-03-31": "0.03000", "2005-12-31": "0.03000", "2005-09-30": "0.03000", "2005-06-30": "0.03000", "2005-03-31": "0.04000"}, "EPS - Earnings Per Share": {"2020-09-30": "-0.01000", "2020-06-30": "-0.04000", "2020-03-31": "0.10000", "2019-12-31": "0.07000", "2019-09-30": "-0.13000", "2019-06-30": "0.10000", "2019-03-31": "0.11000", "2018-12-31": "0.05000", "2018-09-30": "0.06000", "2018-06-30": "0.05000", "2018-03-31": "0.19000", "2017-12-31": "0.45000", "2017-09-30": "0.15000", "2017-06-30": "0.48000", "2017-03-31": "-0.05000", "2016-12-31": "0.06000", "2016-09-30": "0.30000", "2016-06-30": "0.11000", "2016-03-31": "0.19000", "2015-12-31": "0.00000", "2015-09-30": "0.32000", "2015-06-30": "0.12000", "2015-03-31": "0.05000", "2014-12-31": "0.09000", "2014-09-30": "-0.12000", "2014-06-30": "0.12000", "2014-03-31": "0.05000", "2013-12-31": "0.15000", "2013-09-30": "-0.17000", "2013-06-30": "0.06000", "2013-03-31": "-0.02000", "2012-12-31": "0.06680", "2012-09-30": "-0.07000", "2012-06-30": "0.08000", "2012-03-31": "-0.08000", "2011-12-31": "-0.07000", "2011-09-30": "-0.03000", "2011-06-30": "-0.07000", "2011-03-31": "-0.21000", "2010-12-31": "-0.31000", "2010-09-30": "-0.05000", "2010-06-30": "-0.08000", "2010-03-31": "-0.06000", "2009-12-31": "-0.09000", "2009-09-30": "0.03000", "2009-06-30": "-0.07000", "2009-03-31": "-0.10000", "2008-12-31": "-1.19000", "2008-09-30": "-0.16000", "2008-06-30": "-0.09000", "2008-03-31": "0.02000", "2007-12-31": "0.06180", "2007-09-30": "-0.00180", "2007-06-30": "0.05000", "2007-03-31": "-0.02000", "2006-12-31": "0.00000", "2006-09-30": "0.02000", "2006-06-30": "0.02000", "2006-03-31": "0.03000", "2005-12-31": "0.03000", "2005-09-30": "0.03000", "2005-06-30": "0.03000", "2005-03-31": "0.04000"}}, "balance sheet": {"Cash On Hand": {"2019-12-31": "9.98900", "2018-12-31": "14.72200", "2017-12-31": "25.18500", "2016-12-31": "53.11900", "2015-12-31": "51.42400", "2014-12-31": "112.29200", "2013-12-31": "58.19000", "2012-12-31": "138.06900", "2011-12-31": "136.00900", "2010-12-31": "130.21300", "2009-12-31": "125.90400", "2008-12-31": "121.16700", "2007-12-31": "117.36000", "2006-12-31": "227.75100", "2005-12-31": "367.43800"}, "Receivables": {"2019-12-31": "73.83200", "2018-12-31": "78.39800", "2017-12-31": "71.67800", "2016-12-31": "78.94100", "2015-12-31": "82.80400", "2014-12-31": "86.01300", "2013-12-31": "80.81800", "2012-12-31": "85.43100", "2011-12-31": "94.92200", "2010-12-31": "112.91500", "2009-12-31": "118.17200", "2008-12-31": "140.84000", "2007-12-31": "154.49400", "2006-12-31": "247.09800", "2005-12-31": "78.36200"}, "Inventory": {"2019-12-31": "", "2018-12-31": "", "2017-12-31": "", "2016-12-31": "", "2015-12-31": "", "2014-12-31": "", "2013-12-31": "", "2012-12-31": "", "2011-12-31": "", "2010-12-31": "", "2009-12-31": "", "2008-12-31": "", "2007-12-31": "", "2006-12-31": "", "2005-12-31": ""}, "Pre-Paid Expenses": {"2019-12-31": "", "2018-12-31": "", "2017-12-31": "", "2016-12-31": "", "2015-12-31": "", "2014-12-31": "", "2013-12-31": "", "2012-12-31": "", "2011-12-31": "", "2010-12-31": "", "2009-12-31": "", "2008-12-31": "", "2007-12-31": "", "2006-12-31": "", "2005-12-31": ""}, "Other Current Assets": {"2019-12-31": "", "2018-12-31": "", "2017-12-31": "", "2016-12-31": "", "2015-12-31": "", "2014-12-31": "", "2013-12-31": "", "2012-12-31": "", "2011-12-31": "", "2010-12-31": "", "2009-12-31": "", "2008-12-31": "", "2007-12-31": "", "2006-12-31": "", "2005-12-31": ""}, "Total Current Assets": {"2019-12-31": "83.82100", "2018-12-31": "93.12000", "2017-12-31": "96.86300", "2016-12-31": "132.06000", "2015-12-31": "134.22800", "2014-12-31": "198.30500", "2013-12-31": "139.00800", "2012-12-31": "223.50000", "2011-12-31": "230.93100", "2010-12-31": "243.12800", "2009-12-31": "244.07600", "2008-12-31": "262.00700", "2007-12-31": "271.85400", "2006-12-31": "474.84900", "2005-12-31": "546.48700"}, "Property, Plant, And Equipment": {"2019-12-31": "3296.49000", "2018-12-31": "3379.15200", "2017-12-31": "3569.93700", "2016-12-31": "4056.17300", "2015-12-31": "4254.64700", "2014-12-31": "4314.90500", "2013-12-31": "4474.04400", "2012-12-31": "4687.09100", "2011-12-31": "5260.78800", "2010-12-31": "5686.47300", "2009-12-31": "6103.78200", "2008-12-31": "6631.50600", "2007-12-31": "6727.15400", "2006-12-31": "6873.14400", "2005-12-31": "6465.31100"}, "Long-Term Investments": {"2019-12-31": "", "2018-12-31": "", "2017-12-31": "", "2016-12-31": "", "2015-12-31": "", "2014-12-31": "", "2013-12-31": "", "2012-12-31": "", "2011-12-31": "", "2010-12-31": "", "2009-12-31": "", "2008-12-31": "", "2007-12-31": "", "2006-12-31": "", "2005-12-31": ""}, "Goodwill And Intangible Assets": {"2019-12-31": "79.83200", "2018-12-31": "97.09000", "2017-12-31": "122.64600", "2016-12-31": "142.01500", "2015-12-31": "138.76600", "2014-12-31": "125.49000", "2013-12-31": "129.56100", "2012-12-31": "125.70600", "2011-12-31": "174.40400", "2010-12-31": "230.04600", "2009-12-31": "295.72000", "2008-12-31": "364.29900", "2007-12-31": "821.08300", "2006-12-31": "507.80500", "2005-12-31": "523.39600"}, "Other Long-Term Assets": {"2019-12-31": "75.97800", "2018-12-31": "78.10800", "2017-12-31": "128.81800", "2016-12-31": "122.72500", "2015-12-31": "93.61000", "2014-12-31": "115.79000", "2013-12-31": "126.34700", "2012-12-31": "192.20800", "2011-12-31": "275.77100", "2010-12-31": "227.18900", "2009-12-31": "238.35200", "2008-12-31": "290.72600", "2007-12-31": "485.74000", "2006-12-31": "472.47600", "2005-12-31": "550.73900"}, "Total Long-Term Assets": {"2019-12-31": "3452.30000", "2018-12-31": "3554.35000", "2017-12-31": "3821.40100", "2016-12-31": "4320.91300", "2015-12-31": "4487.02300", "2014-12-31": "4589.68400", "2013-12-31": "4738.56800", "2012-12-31": "5013.92700", "2011-12-31": "5710.96300", "2010-12-31": "6143.70800", "2009-12-31": "6684.29000", "2008-12-31": "7344.65700", "2007-12-31": "8033.97700", "2006-12-31": "7853.42500", "2005-12-31": "7539.44600"}, "Total Assets": {"2019-12-31": "3586.36200", "2018-12-31": "3647.47000", "2017-12-31": "3918.26400", "2016-12-31": "4452.97300", "2015-12-31": "4621.25100", "2014-12-31": "4787.98900", "2013-12-31": "4877.57600", "2012-12-31": "5237.42700", "2011-12-31": "5941.89400", "2010-12-31": "6386.83600", "2009-12-31": "6928.36500", "2008-12-31": "7606.66400", "2007-12-31": "8305.83100", "2006-12-31": "8328.27400", "2005-12-31": "8085.93300"}, "Total Current Liabilities": {"2019-12-31": "114.28900", "2018-12-31": "118.32900", "2017-12-31": "119.00900", "2016-12-31": "122.30700", "2015-12-31": "109.09700", "2014-12-31": "100.31600", "2013-12-31": "93.59500", "2012-12-31": "112.18300", "2011-12-31": "114.46000", "2010-12-31": "111.42100", "2009-12-31": "89.45000", "2008-12-31": "92.59400", "2007-12-31": "86.63800", "2006-12-31": "72.27100", "2005-12-31": "59.07600"}, "Long Term Debt": {"2019-12-31": "1624.92500", "2018-12-31": "1622.04900", "2017-12-31": "1746.08600", "2016-12-31": "1997.92500", "2015-12-31": "2166.23800", "2014-12-31": "2318.73500", "2013-12-31": "2299.63300", "2012-12-31": "2592.08900", "2011-12-31": "3533.64900", "2010-12-31": "3808.50100", "2009-12-31": "4161.12500", "2008-12-31": "4627.60200", "2007-12-31": "4346.16000", "2006-12-31": "4313.22300", "2005-12-31": "3941.01100"}, "Other Non-Current Liabilities": {"2019-12-31": "119.94600", "2018-12-31": "160.08300", "2017-12-31": "167.46900", "2016-12-31": "179.79100", "2015-12-31": "190.57900", "2014-12-31": "171.50100", "2013-12-31": "168.91100", "2012-12-31": "157.34200", "2011-12-31": "156.74200", "2010-12-31": "170.32200", "2009-12-31": "196.75000", "2008-12-31": "251.56900", "2007-12-31": "252.74100", "2006-12-31": "299.44100", "2005-12-31": "304.20300"}, "Total Long Term Liabilities": {"2019-12-31": "1744.87100", "2018-12-31": "1782.13200", "2017-12-31": "1913.55500", "2016-12-31": "2178.58000", "2015-12-31": "2356.81700", "2014-12-31": "2498.29800", "2013-12-31": "2475.14700", "2012-12-31": "2749.49100", "2011-12-31": "3690.91600", "2010-12-31": "3979.35000", "2009-12-31": "4393.19600", "2008-12-31": "4937.69900", "2007-12-31": "4620.42800", "2006-12-31": "4747.43900", "2005-12-31": "4369.17800"}, "Total Liabilities": {"2019-12-31": "1950.28900", "2018-12-31": "1900.46100", "2017-12-31": "2032.56400", "2016-12-31": "2300.88700", "2015-12-31": "2465.91400", "2014-12-31": "2598.61400", "2013-12-31": "2568.74200", "2012-12-31": "2861.67400", "2011-12-31": "3805.37600", "2010-12-31": "4090.77100", "2009-12-31": "4482.64600", "2008-12-31": "5030.59300", "2007-12-31": "4707.06600", "2006-12-31": "4819.71000", "2005-12-31": "4428.25400"}, "Common Stock Net": {"2019-12-31": "0.21400", "2018-12-31": "0.21300", "2017-12-31": "0.21900", "2016-12-31": "0.23700", "2015-12-31": "0.23700", "2014-12-31": "0.23700", "2013-12-31": "0.23600", "2012-12-31": "0.23100", "2011-12-31": "0.19400", "2010-12-31": "0.47700", "2009-12-31": "0.48200", "2008-12-31": "0.47700", "2007-12-31": "0.48500", "2006-12-31": "0.44600", "2005-12-31": "0.43500"}, "Retained Earnings (Accumulated Deficit)": {"2019-12-31": "-2865.93300", "2018-12-31": "-2756.80200", "2017-12-31": "-2690.02100", "2016-12-31": "-2776.03300", "2015-12-31": "-2776.21500", "2014-12-31": "-2734.68800", "2013-12-31": "-2611.79600", "2012-12-31": "-2460.09300", "2011-12-31": "-2312.87700", "2010-12-31": "-2111.13800", "2009-12-31": "-1920.71600", "2008-12-31": "-1733.34100", "2007-12-31": "-740.81600", "2006-12-31": "-489.87000", "2005-12-31": "-233.21700"}, "Comprehensive Income": {"2019-12-31": "-12.28800", "2018-12-31": "-1.52200", "2017-12-31": "1.07400", "2016-12-31": "0.72200", "2015-12-31": "-0.08500", "2014-12-31": "-0.53700", "2013-12-31": "-0.73800", "2012-12-31": "-1.25400", "2011-12-31": "19.73000", "2010-12-31": "22.28200", "2009-12-31": "11.30000", "2008-12-31": "-7.95100", "2007-12-31": "-47.60700", "2006-12-31": "1.39000", "2005-12-31": "-1.16300"}, "Other Share Holders Equity": {"2019-12-31": "", "2018-12-31": "", "2017-12-31": "", "2016-12-31": "", "2015-12-31": "", "2014-12-31": "", "2013-12-31": "", "2012-12-31": "", "2011-12-31": "", "2010-12-31": "", "2009-12-31": "", "2008-12-31": "", "2007-12-31": "", "2006-12-31": "", "2005-12-31": ""}, "Share Holder Equity": {"2019-12-31": "1636.07300", "2018-12-31": "1747.00900", "2017-12-31": "1885.70000", "2016-12-31": "2152.08600", "2015-12-31": "2155.33700", "2014-12-31": "2189.37500", "2013-12-31": "2308.83400", "2012-12-31": "2375.75300", "2011-12-31": "2136.51800", "2010-12-31": "2296.06500", "2009-12-31": "2445.71900", "2008-12-31": "2576.07100", "2007-12-31": "3598.76500", "2006-12-31": "3508.56400", "2005-12-31": "3657.67900"}, "Total Liabilities And Share Holders Equity": {"2019-12-31": "3586.36200", "2018-12-31": "3647.47000", "2017-12-31": "3918.26400", "2016-12-31": "4452.97300", "2015-12-31": "4621.25100", "2014-12-31": "4787.98900", "2013-12-31": "4877.57600", "2012-12-31": "5237.42700", "2011-12-31": "5941.89400", "2010-12-31": "6386.83600", "2009-12-31": "6928.36500", "2008-12-31": "7606.66400", "2007-12-31": "8305.83100", "2006-12-31": "8328.27400", "2005-12-31": "8085.93300"}}, "balance sheet, quarterly": {"Cash On Hand": {"2020-09-30": "27.37100", "2020-06-30": "12.56300", "2020-03-31": "769.24100", "2019-12-31": "9.98900", "2019-09-30": "17.07600", "2019-06-30": "28.45600", "2019-03-31": "11.85500", "2018-12-31": "14.72200", "2018-09-30": "29.70200", "2018-06-30": "29.12500", "2018-03-31": "33.53300", "2017-12-31": "25.18500", "2017-09-30": "29.65200", "2017-06-30": "28.00300", "2017-03-31": "40.27400", "2016-12-31": "53.11900", "2016-09-30": "69.07100", "2016-06-30": "29.78800", "2016-03-31": "100.58800", "2015-12-31": "51.42400", "2015-09-30": "116.53800", "2015-06-30": "84.70100", "2015-03-31": "64.89500", "2014-12-31": "112.29200", "2014-09-30": "67.83000", "2014-06-30": "58.56800", "2014-03-31": "62.66700", "2013-12-31": "58.19000", "2013-09-30": "70.32100", "2013-06-30": "73.57500", "2013-03-31": "67.44600", "2012-12-31": "138.06900", "2012-09-30": "107.42300", "2012-06-30": "102.34600", "2012-03-31": "126.11500", "2011-12-31": "136.00900", "2011-09-30": "116.61800", "2011-06-30": "119.93400", "2011-03-31": "97.02400", "2010-12-31": "130.21300", "2010-09-30": "116.01600", "2010-06-30": "111.23500", "2010-03-31": "130.18900", "2009-12-31": "125.90400", "2009-09-30": "185.72600", "2009-06-30": "115.85000", "2009-03-31": "140.78000", "2008-12-31": "121.16700", "2008-09-30": "200.22400", "2008-06-30": "223.03100", "2008-03-31": "124.01700", "2007-12-31": "117.36000", "2007-09-30": "145.63200", "2007-06-30": "168.48300", "2007-03-31": "171.72900", "2006-12-31": "227.75100", "2006-09-30": "244.43700", "2006-06-30": "184.98900", "2006-03-31": "340.54700", "2005-12-31": "367.43800", "2005-09-30": "687.52700", "2005-06-30": "440.70700", "2005-03-31": "755.07700"}, "Receivables": {"2020-09-30": "86.58900", "2020-06-30": "87.92700", "2020-03-31": "72.00300", "2019-12-31": "73.83200", "2019-09-30": "76.61900", "2019-06-30": "77.33700", "2019-03-31": "72.29400", "2018-12-31": "78.39800", "2018-09-30": "74.62300", "2018-06-30": "71.74500", "2018-03-31": "66.89300", "2017-12-31": "71.67800", "2017-09-30": "72.49600", "2017-06-30": "71.58800", "2017-03-31": "71.70500", "2016-12-31": "78.94100", "2016-09-30": "79.94300", "2016-06-30": "79.52300", "2016-03-31": "73.77400", "2015-12-31": "82.80400", "2015-09-30": "79.39000", "2015-06-30": "76.19200", "2015-03-31": "77.93700", "2014-12-31": "86.01300", "2014-09-30": "83.42800", "2014-06-30": "79.85700", "2014-03-31": "76.04600", "2013-12-31": "80.81800", "2013-09-30": "77.73200", "2013-06-30": "78.46300", "2013-03-31": "75.41000", "2012-12-31": "85.43100", "2012-09-30": "79.70900", "2012-06-30": "86.81000", "2012-03-31": "86.64300", "2011-12-31": "94.92200", "2011-09-30": "98.90100", "2011-06-30": "101.04900", "2011-03-31": "100.14400", "2010-12-31": "112.91500", "2010-09-30": "107.33900", "2010-06-30": "107.99600", "2010-03-31": "104.46100", "2009-12-31": "118.17200", "2009-09-30": "115.99800", "2009-06-30": "125.64000", "2009-03-31": "133.64400", "2008-12-31": "140.84000", "2008-09-30": "149.64900", "2008-06-30": "165.43600", "2008-03-31": "147.88500", "2007-12-31": "154.49400", "2007-09-30": "155.57000", "2007-06-30": "179.07600", "2007-03-31": "124.66200", "2006-12-31": "247.09800", "2006-09-30": "111.70300", "2006-06-30": "100.79800", "2006-03-31": "90.54100", "2005-12-31": "78.36200", "2005-09-30": "61.93300", "2005-06-30": "43.25900", "2005-03-31": "28.14900"}, "Inventory": {"2020-09-30": "", "2020-06-30": "", "2020-03-31": "", "2019-12-31": "", "2019-09-30": "", "2019-06-30": "", "2019-03-31": "", "2018-12-31": "", "2018-09-30": "", "2018-06-30": "", "2018-03-31": "", "2017-12-31": "", "2017-09-30": "", "2017-06-30": "", "2017-03-31": "", "2016-12-31": "", "2016-09-30": "", "2016-06-30": "", "2016-03-31": "", "2015-12-31": "", "2015-09-30": "", "2015-06-30": "", "2015-03-31": "", "2014-12-31": "", "2014-09-30": "", "2014-06-30": "", "2014-03-31": "", "2013-12-31": "", "2013-09-30": "", "2013-06-30": "", "2013-03-31": "", "2012-12-31": "", "2012-09-30": "", "2012-06-30": "", "2012-03-31": "", "2011-12-31": "", "2011-09-30": "", "2011-06-30": "", "2011-03-31": "", "2010-12-31": "", "2010-09-30": "", "2010-06-30": "", "2010-03-31": "", "2009-12-31": "", "2009-09-30": "", "2009-06-30": "", "2009-03-31": "", "2008-12-31": "", "2008-09-30": "", "2008-06-30": "", "2008-03-31": "", "2007-12-31": "", "2007-09-30": "", "2007-06-30": "", "2007-03-31": "", "2006-12-31": "", "2006-09-30": "", "2006-06-30": "", "2006-03-31": "", "2005-12-31": "", "2005-09-30": "", "2005-06-30": "", "2005-03-31": ""}, "Pre-Paid Expenses": {"2020-09-30": "", "2020-06-30": "", "2020-03-31": "", "2019-12-31": "", "2019-09-30": "", "2019-06-30": "", "2019-03-31": "", "2018-12-31": "", "2018-09-30": "", "2018-06-30": "", "2018-03-31": "", "2017-12-31": "", "2017-09-30": "", "2017-06-30": "", "2017-03-31": "", "2016-12-31": "", "2016-09-30": "", "2016-06-30": "", "2016-03-31": "", "2015-12-31": "", "2015-09-30": "", "2015-06-30": "", "2015-03-31": "", "2014-12-31": "", "2014-09-30": "", "2014-06-30": "", "2014-03-31": "", "2013-12-31": "", "2013-09-30": "", "2013-06-30": "", "2013-03-31": "", "2012-12-31": "", "2012-09-30": "", "2012-06-30": "", "2012-03-31": "", "2011-12-31": "", "2011-09-30": "", "2011-06-30": "", "2011-03-31": "", "2010-12-31": "", "2010-09-30": "", "2010-06-30": "", "2010-03-31": "", "2009-12-31": "", "2009-09-30": "", "2009-06-30": "", "2009-03-31": "", "2008-12-31": "", "2008-09-30": "", "2008-06-30": "", "2008-03-31": "", "2007-12-31": "", "2007-09-30": "", "2007-06-30": "", "2007-03-31": "", "2006-12-31": "", "2006-09-30": "", "2006-06-30": "", "2006-03-31": "", "2005-12-31": "", "2005-09-30": "", "2005-06-30": "", "2005-03-31": ""}, "Other Current Assets": {"2020-09-30": "", "2020-06-30": "", "2020-03-31": "", "2019-12-31": "", "2019-09-30": "", "2019-06-30": "", "2019-03-31": "", "2018-12-31": "", "2018-09-30": "", "2018-06-30": "", "2018-03-31": "", "2017-12-31": "", "2017-09-30": "", "2017-06-30": "", "2017-03-31": "", "2016-12-31": "", "2016-09-30": "", "2016-06-30": "", "2016-03-31": "", "2015-12-31": "", "2015-09-30": "", "2015-06-30": "", "2015-03-31": "", "2014-12-31": "", "2014-09-30": "", "2014-06-30": "", "2014-03-31": "", "2013-12-31": "", "2013-09-30": "", "2013-06-30": "", "2013-03-31": "", "2012-12-31": "", "2012-09-30": "", "2012-06-30": "", "2012-03-31": "", "2011-12-31": "", "2011-09-30": "", "2011-06-30": "", "2011-03-31": "", "2010-12-31": "", "2010-09-30": "", "2010-06-30": "", "2010-03-31": "", "2009-12-31": "", "2009-09-30": "", "2009-06-30": "", "2009-03-31": "", "2008-12-31": "", "2008-09-30": "", "2008-06-30": "", "2008-03-31": "", "2007-12-31": "", "2007-09-30": "", "2007-06-30": "", "2007-03-31": "", "2006-12-31": "", "2006-09-30": "", "2006-06-30": "", "2006-03-31": "", "2005-12-31": "", "2005-09-30": "", "2005-06-30": "", "2005-03-31": ""}, "Total Current Assets": {"2020-09-30": "113.96000", "2020-06-30": "100.49000", "2020-03-31": "841.24400", "2019-12-31": "83.82100", "2019-09-30": "93.69500", "2019-06-30": "105.79300", "2019-03-31": "84.14900", "2018-12-31": "93.12000", "2018-09-30": "104.32500", "2018-06-30": "100.87000", "2018-03-31": "100.42600", "2017-12-31": "96.86300", "2017-09-30": "102.14800", "2017-06-30": "99.59100", "2017-03-31": "111.97900", "2016-12-31": "132.06000", "2016-09-30": "149.01400", "2016-06-30": "109.31100", "2016-03-31": "174.36200", "2015-12-31": "134.22800", "2015-09-30": "195.92800", "2015-06-30": "160.89300", "2015-03-31": "142.83200", "2014-12-31": "198.30500", "2014-09-30": "151.25800", "2014-06-30": "138.42500", "2014-03-31": "138.71300", "2013-12-31": "139.00800", "2013-09-30": "148.05300", "2013-06-30": "152.03800", "2013-03-31": "142.85600", "2012-12-31": "223.50000", "2012-09-30": "187.13200", "2012-06-30": "189.15600", "2012-03-31": "212.75800", "2011-12-31": "230.93100", "2011-09-30": "215.51900", "2011-06-30": "220.98300", "2011-03-31": "197.16800", "2010-12-31": "243.12800", "2010-09-30": "223.35500", "2010-06-30": "219.23100", "2010-03-31": "234.65000", "2009-12-31": "244.07600", "2009-09-30": "301.72400", "2009-06-30": "241.49000", "2009-03-31": "274.42400", "2008-12-31": "262.00700", "2008-09-30": "349.87300", "2008-06-30": "388.46700", "2008-03-31": "271.90200", "2007-12-31": "271.85400", "2007-09-30": "301.20200", "2007-06-30": "347.55900", "2007-03-31": "431.71900", "2006-12-31": "474.84900", "2006-09-30": "475.90300", "2006-06-30": "437.47900", "2006-03-31": "545.27900", "2005-12-31": "546.48700", "2005-09-30": "834.00600", "2005-06-30": "619.96590", "2005-03-31": "815.80400"}, "Property, Plant, And Equipment": {"2020-09-30": "3337.10800", "2020-06-30": "3335.68900", "2020-03-31": "3334.12600", "2019-12-31": "3296.49000", "2019-09-30": "3302.72900", "2019-06-30": "3336.52600", "2019-03-31": "3363.57300", "2018-12-31": "3379.15200", "2018-09-30": "3371.64300", "2018-06-30": "3387.47700", "2018-03-31": "3405.21600", "2017-12-31": "3569.93700", "2017-09-30": "3644.52000", "2017-06-30": "3829.02200", "2017-03-31": "4047.96900", "2016-12-31": "4056.17300", "2016-09-30": "4114.97900", "2016-06-30": "4267.54800", "2016-03-31": "4239.20700", "2015-12-31": "4254.64700", "2015-09-30": "4361.50100", "2015-06-30": "4514.84300", "2015-03-31": "4581.08300", "2014-12-31": "4314.90500", "2014-09-30": "4452.26700", "2014-06-30": "4633.30800", "2014-03-31": "4421.00000", "2013-12-31": "4474.04400", "2013-09-30": "4417.08000", "2013-06-30": "4565.46500", "2013-03-31": "4634.31900", "2012-12-31": "4687.09100", "2012-09-30": "4917.54000", "2012-06-30": "5150.89400", "2012-03-31": "5210.13800", "2011-12-31": "5260.78800", "2011-09-30": "5333.05100", "2011-06-30": "5501.84800", "2011-03-31": "5592.30000", "2010-12-31": "5686.47300", "2010-09-30": "5769.53100", "2010-06-30": "5964.13400", "2010-03-31": "6044.45200", "2009-12-31": "6103.78200", "2009-09-30": "6293.90900", "2009-06-30": "6361.76300", "2009-03-31": "6561.42200", "2008-12-31": "6631.50600", "2008-09-30": "6775.87400", "2008-06-30": "6784.28500", "2008-03-31": "6807.91200", "2007-12-31": "6727.15400", "2007-09-30": "6894.01700", "2007-06-30": "6854.18900", "2007-03-31": "6875.57900", "2006-12-31": "6873.14400", "2006-09-30": "6768.17400", "2006-06-30": "6747.42100", "2006-03-31": "6547.20100", "2005-12-31": "6465.31100", "2005-09-30": "6011.40500", "2005-06-30": "5092.05600", "2005-03-31": "3649.65200"}, "Long-Term Investments": {"2020-09-30": "", "2020-06-30": "", "2020-03-31": "", "2019-12-31": "", "2019-09-30": "", "2019-06-30": "", "2019-03-31": "", "2018-12-31": "", "2018-09-30": "", "2018-06-30": "", "2018-03-31": "", "2017-12-31": "", "2017-09-30": "", "2017-06-30": "", "2017-03-31": "", "2016-12-31": "", "2016-09-30": "", "2016-06-30": "", "2016-03-31": "", "2015-12-31": "", "2015-09-30": "", "2015-06-30": "", "2015-03-31": "", "2014-12-31": "", "2014-09-30": "", "2014-06-30": "", "2014-03-31": "", "2013-12-31": "", "2013-09-30": "", "2013-06-30": "", "2013-03-31": "", "2012-12-31": "", "2012-09-30": "", "2012-06-30": "", "2012-03-31": "", "2011-12-31": "", "2011-09-30": "", "2011-06-30": "", "2011-03-31": "", "2010-12-31": "", "2010-09-30": "", "2010-06-30": "", "2010-03-31": "", "2009-12-31": "", "2009-09-30": "", "2009-06-30": "", "2009-03-31": "", "2008-12-31": "", "2008-09-30": "", "2008-06-30": "", "2008-03-31": "", "2007-12-31": "", "2007-09-30": "", "2007-06-30": "", "2007-03-31": "", "2006-12-31": "", "2006-09-30": "", "2006-06-30": "", "2006-03-31": "", "2005-12-31": "", "2005-09-30": "", "2005-06-30": "", "2005-03-31": ""}, "Goodwill And Intangible Assets": {"2020-09-30": "70.83700", "2020-06-30": "74.38600", "2020-03-31": "78.43900", "2019-12-31": "79.83200", "2019-09-30": "84.63900", "2019-06-30": "88.49200", "2019-03-31": "92.53200", "2018-12-31": "97.09000", "2018-09-30": "103.38600", "2018-06-30": "109.05400", "2018-03-31": "116.14100", "2017-12-31": "122.64600", "2017-09-30": "126.48700", "2017-06-30": "131.09200", "2017-03-31": "140.98000", "2016-12-31": "142.01500", "2016-09-30": "137.31000", "2016-06-30": "146.52200", "2016-03-31": "142.78800", "2015-12-31": "138.76600", "2015-09-30": "140.06400", "2015-06-30": "145.36800", "2015-03-31": "151.43700", "2014-12-31": "125.49000", "2014-09-30": "132.32200", "2014-06-30": "142.15000", "2014-03-31": "121.02600", "2013-12-31": "129.56100", "2013-09-30": "96.30000", "2013-06-30": "107.65300", "2013-03-31": "116.61000", "2012-12-31": "125.70600", "2012-09-30": "139.44200", "2012-06-30": "152.71300", "2012-03-31": "163.57100", "2011-12-31": "174.40400", "2011-09-30": "185.44400", "2011-06-30": "203.78700", "2011-03-31": "216.39300", "2010-12-31": "230.04600", "2010-09-30": "243.34500", "2010-06-30": "265.87200", "2010-03-31": "280.25100", "2009-12-31": "295.72000", "2009-09-30": "315.62500", "2009-06-30": "328.99300", "2009-03-31": "348.39200", "2008-12-31": "364.29900", "2008-09-30": "782.87190", "2008-06-30": "795.38400", "2008-03-31": "812.21400", "2007-12-31": "821.08300", "2007-09-30": "473.24600", "2007-06-30": "487.79400", "2007-03-31": "497.39200", "2006-12-31": "507.80500", "2006-09-30": "513.79800", "2006-06-30": "525.14200", "2006-03-31": "518.11700", "2005-12-31": "523.39600", "2005-09-30": "501.56700", "2005-06-30": "424.32300", "2005-03-31": "308.45700"}, "Other Long-Term Assets": {"2020-09-30": "69.67800", "2020-06-30": "67.15100", "2020-03-31": "71.62700", "2019-12-31": "75.97800", "2019-09-30": "69.07200", "2019-06-30": "71.38700", "2019-03-31": "76.82800", "2018-12-31": "78.10800", "2018-09-30": "78.10200", "2018-06-30": "73.99000", "2018-03-31": "135.93800", "2017-12-31": "128.81800", "2017-09-30": "195.93800", "2017-06-30": "204.61800", "2017-03-31": "165.68900", "2016-12-31": "122.72500", "2016-09-30": "111.69800", "2016-06-30": "184.95500", "2016-03-31": "131.45300", "2015-12-31": "93.61000", "2015-09-30": "106.35600", "2015-06-30": "102.83600", "2015-03-31": "112.81700", "2014-12-31": "115.79000", "2014-09-30": "115.22500", "2014-06-30": "113.67100", "2014-03-31": "118.48000", "2013-12-31": "126.34700", "2013-09-30": "185.92300", "2013-06-30": "180.33500", "2013-03-31": "185.41100", "2012-12-31": "192.20800", "2012-09-30": "229.84100", "2012-06-30": "266.64300", "2012-03-31": "254.13900", "2011-12-31": "275.77100", "2011-09-30": "241.47400", "2011-06-30": "237.31000", "2011-03-31": "243.18800", "2010-12-31": "227.18900", "2010-09-30": "293.60800", "2010-06-30": "273.20200", "2010-03-31": "277.34400", "2009-12-31": "238.35200", "2009-09-30": "215.62700", "2009-06-30": "304.01600", "2009-03-31": "262.65000", "2008-12-31": "290.72600", "2008-09-30": "359.98100", "2008-06-30": "423.70800", "2008-03-31": "470.90600", "2007-12-31": "485.74000", "2007-09-30": "545.27700", "2007-06-30": "535.21200", "2007-03-31": "472.32100", "2006-12-31": "472.47600", "2006-09-30": "730.70800", "2006-06-30": "736.43100", "2006-03-31": "669.27200", "2005-12-31": "550.73900", "2005-09-30": "302.90700", "2005-06-30": "244.92100", "2005-03-31": "156.49400"}, "Total Long-Term Assets": {"2020-09-30": "3477.62300", "2020-06-30": "3477.22600", "2020-03-31": "3484.19200", "2019-12-31": "3452.30000", "2019-09-30": "3456.44000", "2019-06-30": "3496.40500", "2019-03-31": "3532.93300", "2018-12-31": "3554.35000", "2018-09-30": "3553.13100", "2018-06-30": "3570.52100", "2018-03-31": "3657.29500", "2017-12-31": "3821.40100", "2017-09-30": "3966.94500", "2017-06-30": "4164.73200", "2017-03-31": "4354.63800", "2016-12-31": "4320.91300", "2016-09-30": "4363.98700", "2016-06-30": "4599.02500", "2016-03-31": "4513.44800", "2015-12-31": "4487.02300", "2015-09-30": "4607.92100", "2015-06-30": "4783.30900", "2015-03-31": "4850.37800", "2014-12-31": "4589.68400", "2014-09-30": "4739.62900", "2014-06-30": "4905.93800", "2014-03-31": "4709.24800", "2013-12-31": "4738.56800", "2013-09-30": "4758.55100", "2013-06-30": "4868.37000", "2013-03-31": "4942.75400", "2012-12-31": "5013.92700", "2012-09-30": "5295.45600", "2012-06-30": "5570.25000", "2012-03-31": "5627.84800", "2011-12-31": "5710.96300", "2011-09-30": "5759.96900", "2011-06-30": "5942.94500", "2011-03-31": "6051.88100", "2010-12-31": "6143.70800", "2010-09-30": "6428.51900", "2010-06-30": "6503.20800", "2010-03-31": "6647.29200", "2009-12-31": "6684.29000", "2009-09-30": "6834.58000", "2009-06-30": "6994.77200", "2009-03-31": "7172.46400", "2008-12-31": "7344.65700", "2008-09-30": "7918.72700", "2008-06-30": "8003.37700", "2008-03-31": "8091.03200", "2007-12-31": "8033.97700", "2007-09-30": "7912.54000", "2007-06-30": "7877.19500", "2007-03-31": "7845.29200", "2006-12-31": "7853.42500", "2006-09-30": "8012.68000", "2006-06-30": "8008.99400", "2006-03-31": "7734.59000", "2005-12-31": "7539.44600", "2005-09-30": "6815.87900", "2005-06-30": "5761.30000", "2005-03-31": "4114.60300"}, "Total Assets": {"2020-09-30": "3634.81700", "2020-06-30": "3621.41200", "2020-03-31": "4369.59300", "2019-12-31": "3586.36200", "2019-09-30": "3600.54000", "2019-06-30": "3653.07900", "2019-03-31": "3668.43900", "2018-12-31": "3647.47000", "2018-09-30": "3657.45600", "2018-06-30": "3671.39100", "2018-03-31": "3757.72100", "2017-12-31": "3918.26400", "2017-09-30": "4069.09300", "2017-06-30": "4264.32300", "2017-03-31": "4466.61700", "2016-12-31": "4452.97300", "2016-09-30": "4513.00100", "2016-06-30": "4708.33600", "2016-03-31": "4687.81000", "2015-12-31": "4621.25100", "2015-09-30": "4803.84900", "2015-06-30": "4944.20200", "2015-03-31": "4993.21000", "2014-12-31": "4787.98900", "2014-09-30": "4890.88700", "2014-06-30": "5044.36300", "2014-03-31": "4847.96100", "2013-12-31": "4877.57600", "2013-09-30": "4906.60400", "2013-06-30": "5020.40800", "2013-03-31": "5085.61000", "2012-12-31": "5237.42700", "2012-09-30": "5482.58800", "2012-06-30": "5759.40600", "2012-03-31": "5840.60600", "2011-12-31": "5941.89400", "2011-09-30": "5975.48800", "2011-06-30": "6163.92800", "2011-03-31": "6249.04900", "2010-12-31": "6386.83600", "2010-09-30": "6651.87400", "2010-06-30": "6722.43900", "2010-03-31": "6881.94200", "2009-12-31": "6928.36500", "2009-09-30": "7136.30400", "2009-06-30": "7236.26200", "2009-03-31": "7446.88800", "2008-12-31": "7606.66400", "2008-09-30": "8268.60000", "2008-06-30": "8391.84400", "2008-03-31": "8362.93400", "2007-12-31": "8305.83100", "2007-09-30": "8213.74200", "2007-06-30": "8224.75400", "2007-03-31": "8277.01100", "2006-12-31": "8328.27400", "2006-09-30": "8488.58300", "2006-06-30": "8446.47300", "2006-03-31": "8279.86900", "2005-12-31": "8085.93300", "2005-09-30": "7649.88500", "2005-06-30": "6381.26600", "2005-03-31": "4930.40700"}, "Total Current Liabilities": {"2020-09-30": "79.74900", "2020-06-30": "59.15200", "2020-03-31": "86.08600", "2019-12-31": "114.28900", "2019-09-30": "105.84400", "2019-06-30": "93.32800", "2019-03-31": "87.53000", "2018-12-31": "118.32900", "2018-09-30": "113.10600", "2018-06-30": "98.53100", "2018-03-31": "89.62300", "2017-12-31": "119.00900", "2017-09-30": "114.25000", "2017-06-30": "103.41100", "2017-03-31": "97.56600", "2016-12-31": "122.30700", "2016-09-30": "106.45600", "2016-06-30": "95.45700", "2016-03-31": "90.68100", "2015-12-31": "109.09700", "2015-09-30": "109.06900", "2015-06-30": "100.63100", "2015-03-31": "93.84700", "2014-12-31": "100.31600", "2014-09-30": "104.24000", "2014-06-30": "90.15500", "2014-03-31": "81.31200", "2013-12-31": "93.59500", "2013-09-30": "104.41500", "2013-06-30": "99.81600", "2013-03-31": "102.93400", "2012-12-31": "112.18300", "2012-09-30": "125.92500", "2012-06-30": "136.65900", "2012-03-31": "91.38400", "2011-12-31": "114.46000", "2011-09-30": "78.68500", "2011-06-30": "102.25700", "2011-03-31": "94.22100", "2010-12-31": "111.42100", "2010-09-30": "111.86900", "2010-06-30": "93.62300", "2010-03-31": "78.52200", "2009-12-31": "89.45000", "2009-09-30": "90.18300", "2009-06-30": "85.51900", "2009-03-31": "69.34700", "2008-12-31": "92.59400", "2008-09-30": "105.99600", "2008-06-30": "91.14900", "2008-03-31": "86.12300", "2007-12-31": "86.63800", "2007-09-30": "115.40400", "2007-06-30": "86.50700", "2007-03-31": "78.88000", "2006-12-31": "72.27100", "2006-09-30": "86.11500", "2006-06-30": "74.16900", "2006-03-31": "63.82100", "2005-12-31": "59.07600", "2005-09-30": "69.56400", "2005-06-30": "55.92400", "2005-03-31": "37.97100"}, "Long Term Debt": {"2020-09-30": "1744.94500", "2020-06-30": "1741.52700", "2020-03-31": "2456.47800", "2019-12-31": "1624.92500", "2019-09-30": "1631.08500", "2019-06-30": "1640.38500", "2019-03-31": "1647.58300", "2018-12-31": "1622.04900", "2018-09-30": "1559.06300", "2018-06-30": "1543.90500", "2018-03-31": "1609.84700", "2017-12-31": "1746.08600", "2017-09-30": "1717.60900", "2017-06-30": "1879.23400", "2017-03-31": "2077.70200", "2016-12-31": "1997.92500", "2016-09-30": "2042.87000", "2016-06-30": "2280.11000", "2016-03-31": "2248.86000", "2015-12-31": "2166.23800", "2015-09-30": "2309.47100", "2015-06-30": "2497.65700", "2015-03-31": "2544.77800", "2014-12-31": "2318.73500", "2014-09-30": "2410.72900", "2014-06-30": "2491.66800", "2014-03-31": "2292.44200", "2013-12-31": "2299.63300", "2013-09-30": "2322.42500", "2013-06-30": "2385.12000", "2013-03-31": "2505.54300", "2012-12-31": "2592.08900", "2012-09-30": "2931.89900", "2012-06-30": "3132.92000", "2012-03-31": "3494.14400", "2011-12-31": "3533.64900", "2011-09-30": "3536.20800", "2011-06-30": "3697.34300", "2011-03-31": "3746.63300", "2010-12-31": "3808.50100", "2010-09-30": "3964.90600", "2010-06-30": "4089.17800", "2010-03-31": "4169.25400", "2009-12-31": "4161.12500", "2009-09-30": "4347.20300", "2009-06-30": "4448.60300", "2009-03-31": "4607.14100", "2008-12-31": "4627.60200", "2008-09-30": "4632.09900", "2008-06-30": "4611.70300", "2008-03-31": "4471.49600", "2007-12-31": "4346.16000", "2007-09-30": "4392.78200", "2007-06-30": "4364.53500", "2007-03-31": "4383.45600", "2006-12-31": "4313.22300", "2006-09-30": "4404.89800", "2006-06-30": "4327.30900", "2006-03-31": "4155.75800", "2005-12-31": "3941.01100", "2005-09-30": "3491.11400", "2005-06-30": "2884.36600", "2005-03-31": "2145.40300"}, "Other Non-Current Liabilities": {"2020-09-30": "137.94800", "2020-06-30": "141.04600", "2020-03-31": "144.38800", "2019-12-31": "119.94600", "2019-09-30": "125.91100", "2019-06-30": "113.61600", "2019-03-31": "109.41800", "2018-12-31": "160.08300", "2018-09-30": "165.90800", "2018-06-30": "157.36600", "2018-03-31": "160.93400", "2017-12-31": "167.46900", "2017-09-30": "179.24000", "2017-06-30": "178.05900", "2017-03-31": "187.80800", "2016-12-31": "179.79100", "2016-09-30": "181.65500", "2016-06-30": "178.48800", "2016-03-31": "186.85100", "2015-12-31": "190.57900", "2015-09-30": "192.26000", "2015-06-30": "191.34400", "2015-03-31": "193.07700", "2014-12-31": "171.50100", "2014-09-30": "170.53600", "2014-06-30": "176.18800", "2014-03-31": "160.99500", "2013-12-31": "168.91100", "2013-09-30": "144.02300", "2013-06-30": "141.50000", "2013-03-31": "142.86200", "2012-12-31": "157.34200", "2012-09-30": "145.96100", "2012-06-30": "148.49900", "2012-03-31": "150.17200", "2011-12-31": "156.74200", "2011-09-30": "159.70100", "2011-06-30": "163.66700", "2011-03-31": "165.94100", "2010-12-31": "170.32200", "2010-09-30": "180.12200", "2010-06-30": "182.33600", "2010-03-31": "186.93400", "2009-12-31": "196.75000", "2009-09-30": "190.29300", "2009-06-30": "185.23900", "2009-03-31": "247.03800", "2008-12-31": "251.56900", "2008-09-30": "261.72300", "2008-06-30": "253.46600", "2008-03-31": "260.21300", "2007-12-31": "252.74100", "2007-09-30": "254.80200", "2007-06-30": "257.63600", "2007-03-31": "260.18100", "2006-12-31": "299.44100", "2006-09-30": "309.25600", "2006-06-30": "320.61100", "2006-03-31": "306.39100", "2005-12-31": "304.20300", "2005-09-30": "272.93000", "2005-06-30": "256.00300", "2005-03-31": "180.92000"}, "Total Long Term Liabilities": {"2020-09-30": "1882.89300", "2020-06-30": "1882.57300", "2020-03-31": "2600.86600", "2019-12-31": "1744.87100", "2019-09-30": "1756.99600", "2019-06-30": "1754.00100", "2019-03-31": "1757.00100", "2018-12-31": "1782.13200", "2018-09-30": "1724.97100", "2018-06-30": "1701.27100", "2018-03-31": "1773.45400", "2017-12-31": "1913.55500", "2017-09-30": "1905.90500", "2017-06-30": "2058.43500", "2017-03-31": "2266.57000", "2016-12-31": "2178.58000", "2016-09-30": "2224.56100", "2016-06-30": "2463.80600", "2016-03-31": "2435.71100", "2015-12-31": "2356.81700", "2015-09-30": "2501.73100", "2015-06-30": "2689.41000", "2015-03-31": "2738.17500", "2014-12-31": "2498.29800", "2014-09-30": "2582.47100", "2014-06-30": "2683.02300", "2014-03-31": "2484.69500", "2013-12-31": "2475.14700", "2013-09-30": "2489.38200", "2013-06-30": "2528.18600", "2013-03-31": "2648.42200", "2012-12-31": "2749.49100", "2012-09-30": "3078.08800", "2012-06-30": "3281.41900", "2012-03-31": "3644.31600", "2011-12-31": "3690.91600", "2011-09-30": "3696.43400", "2011-06-30": "3861.53500", "2011-03-31": "3913.10100", "2010-12-31": "3979.35000", "2010-09-30": "4221.52600", "2010-06-30": "4272.04100", "2010-03-31": "4391.57800", "2009-12-31": "4393.19600", "2009-09-30": "4544.73700", "2009-06-30": "4634.86900", "2009-03-31": "4855.20700", "2008-12-31": "4937.69900", "2008-09-30": "4917.26900", "2008-06-30": "4888.32300", "2008-03-31": "4753.59000", "2007-12-31": "4620.42800", "2007-09-30": "4753.41800", "2007-06-30": "4727.87300", "2007-03-31": "4752.99000", "2006-12-31": "4747.43900", "2006-09-30": "4849.84700", "2006-06-30": "4777.78400", "2006-03-31": "4588.50800", "2005-12-31": "4369.17800", "2005-09-30": "3893.89600", "2005-06-30": "3260.54300", "2005-03-31": "2427.56400"}, "Total Liabilities": {"2020-09-30": "2047.54000", "2020-06-30": "2027.32700", "2020-03-31": "2772.29200", "2019-12-31": "1950.28900", "2019-09-30": "1953.78200", "2019-06-30": "1938.45800", "2019-03-31": "1935.81900", "2018-12-31": "1900.46100", "2018-09-30": "1838.07700", "2018-06-30": "1799.80200", "2018-03-31": "1863.07700", "2017-12-31": "2032.56400", "2017-09-30": "2020.15500", "2017-06-30": "2161.84600", "2017-03-31": "2364.13600", "2016-12-31": "2300.88700", "2016-09-30": "2331.01700", "2016-06-30": "2559.26300", "2016-03-31": "2526.39200", "2015-12-31": "2465.91400", "2015-09-30": "2610.80000", "2015-06-30": "2790.04100", "2015-03-31": "2832.02200", "2014-12-31": "2598.61400", "2014-09-30": "2686.71100", "2014-06-30": "2773.17800", "2014-03-31": "2566.00700", "2013-12-31": "2568.74200", "2013-09-30": "2593.79700", "2013-06-30": "2628.00200", "2013-03-31": "2751.35600", "2012-12-31": "2861.67400", "2012-09-30": "3204.01300", "2012-06-30": "3418.07800", "2012-03-31": "3735.70000", "2011-12-31": "3805.37600", "2011-09-30": "3775.11900", "2011-06-30": "3963.79200", "2011-03-31": "4007.32200", "2010-12-31": "4090.77100", "2010-09-30": "4333.39500", "2010-06-30": "4365.66400", "2010-03-31": "4470.10000", "2009-12-31": "4482.64600", "2009-09-30": "4634.92000", "2009-06-30": "4720.38800", "2009-03-31": "4924.55400", "2008-12-31": "5030.59300", "2008-09-30": "5023.26500", "2008-06-30": "4979.47200", "2008-03-31": "4839.71300", "2007-12-31": "4707.06600", "2007-09-30": "4868.82200", "2007-06-30": "4814.38000", "2007-03-31": "4831.87000", "2006-12-31": "4819.71000", "2006-09-30": "4935.96200", "2006-06-30": "4851.95300", "2006-03-31": "4652.32900", "2005-12-31": "4428.25400", "2005-09-30": "3963.46000", "2005-06-30": "3316.46700", "2005-03-31": "2465.53500"}, "Common Stock Net": {"2020-09-30": "0.21400", "2020-06-30": "0.21400", "2020-03-31": "0.21400", "2019-12-31": "0.21400", "2019-09-30": "0.21400", "2019-06-30": "0.21400", "2019-03-31": "0.21400", "2018-12-31": "0.21300", "2018-09-30": "0.21800", "2018-06-30": "0.21900", "2018-03-31": "0.21900", "2017-12-31": "0.21900", "2017-09-30": "0.22700", "2017-06-30": "0.23100", "2017-03-31": "0.23700", "2016-12-31": "0.23700", "2016-09-30": "0.23700", "2016-06-30": "0.23700", "2016-03-31": "0.23700", "2015-12-31": "0.23700", "2015-09-30": "0.23700", "2015-06-30": "0.23700", "2015-03-31": "0.23700", "2014-12-31": "0.23700", "2014-09-30": "0.23700", "2014-06-30": "0.23700", "2014-03-31": "0.23700", "2013-12-31": "0.23600", "2013-09-30": "0.23600", "2013-06-30": "0.23600", "2013-03-31": "0.23100", "2012-12-31": "0.23100", "2012-09-30": "0.23100", "2012-06-30": "0.23100", "2012-03-31": "0.19400", "2011-12-31": "0.19400", "2011-09-30": "0.48200", "2011-06-30": "0.48000", "2011-03-31": "0.47900", "2010-12-31": "0.47700", "2010-09-30": "0.48500", "2010-06-30": "0.48400", "2010-03-31": "0.48200", "2009-12-31": "0.48200", "2009-09-30": "0.48100", "2009-06-30": "0.47900", "2009-03-31": "0.47900", "2008-12-31": "0.47700", "2008-09-30": "0.47900", "2008-06-30": "0.48200", "2008-03-31": "0.48300", "2007-12-31": "0.48500", "2007-09-30": "0.45200", "2007-06-30": "0.45000", "2007-03-31": "0.44800", "2006-12-31": "0.44600", "2006-09-30": "0.44400", "2006-06-30": "0.44100", "2006-03-31": "0.43800", "2005-12-31": "0.43500", "2005-09-30": "0.43200", "2005-06-30": "0.35700", "2005-03-31": "0.28600"}, "Retained Earnings (Accumulated Deficit)": {"2020-09-30": "-2899.38800", "2020-06-30": "-2886.38700", "2020-03-31": "-2879.04000", "2019-12-31": "-2865.93300", "2019-09-30": "-2846.71800", "2019-06-30": "-2783.18300", "2019-03-31": "-2768.96500", "2018-12-31": "-2756.80200", "2018-09-30": "-2733.55900", "2018-06-30": "-2710.08100", "2018-03-31": "-2684.60600", "2017-12-31": "-2690.02100", "2017-09-30": "-2756.85900", "2017-06-30": "-2752.64800", "2017-03-31": "-2826.73000", "2016-12-31": "-2776.03300", "2016-09-30": "-2752.74300", "2016-06-30": "-2783.56000", "2016-03-31": "-2770.47900", "2015-12-31": "-2776.21500", "2015-09-30": "-2737.56200", "2015-06-30": "-2774.22800", "2015-03-31": "-2763.25800", "2014-12-31": "-2734.68800", "2014-09-30": "-2719.00300", "2014-06-30": "-2650.71800", "2014-03-31": "-2639.21100", "2013-12-31": "-2611.79600", "2013-09-30": "-2607.38200", "2013-06-30": "-2528.33800", "2013-03-31": "-2502.81600", "2012-12-31": "-2460.09300", "2012-09-30": "-2436.01000", "2012-06-30": "-2381.85800", "2012-03-31": "-2361.33400", "2011-12-31": "-2312.87700", "2011-09-30": "-2236.85700", "2011-06-30": "-2231.83400", "2011-03-31": "-2179.59600", "2010-12-31": "-2111.13800", "2010-09-30": "-2080.87600", "2010-06-30": "-2031.10100", "2010-03-31": "-1970.38100", "2009-12-31": "-1920.71600", "2009-09-30": "-1860.21000", "2009-06-30": "-1860.76600", "2009-03-31": "-1803.37700", "2008-12-31": "-1733.34100", "2008-09-30": "-1082.73300", "2008-06-30": "-929.67000", "2008-03-31": "-808.76600", "2007-12-31": "-740.81600", "2007-09-30": "-693.77400", "2007-06-30": "-620.45900", "2007-03-31": "-569.40600", "2006-12-31": "-489.87000", "2006-09-30": "-416.51600", "2006-06-30": "-353.27700", "2006-03-31": "-292.25700", "2005-12-31": "-233.21700", "2005-09-30": "-177.51500", "2005-06-30": "-126.15000", "2005-03-31": "-84.79500"}, "Comprehensive Income": {"2020-09-30": "-36.05200", "2020-06-30": "-39.17600", "2020-03-31": "-39.87000", "2019-12-31": "-12.28800", "2019-09-30": "-18.49500", "2019-06-30": "-11.34300", "2019-03-31": "-5.03600", "2018-12-31": "-1.52200", "2018-09-30": "5.56200", "2018-06-30": "4.69900", "2018-03-31": "3.84000", "2017-12-31": "1.07400", "2017-09-30": "0.88600", "2017-06-30": "1.20900", "2017-03-31": "1.35400", "2016-12-31": "0.72200", "2016-09-30": "0.10400", "2016-06-30": "-0.56200", "2016-03-31": "-0.05200", "2015-12-31": "-0.08500", "2015-09-30": "-0.38000", "2015-06-30": "-0.53500", "2015-03-31": "-0.63200", "2014-12-31": "-0.53700", "2014-09-30": "-0.50300", "2014-06-30": "-0.89300", "2014-03-31": "-0.75600", "2013-12-31": "-0.73800", "2013-09-30": "-0.85800", "2013-06-30": "-0.15300", "2013-03-31": "-0.78800", "2012-12-31": "-1.25400", "2012-09-30": "7.83600", "2012-06-30": "16.49900", "2012-03-31": "24.85300", "2011-12-31": "19.73000", "2011-09-30": "19.13300", "2011-06-30": "25.51300", "2011-03-31": "25.88200", "2010-12-31": "22.28200", "2010-09-30": "20.07700", "2010-06-30": "17.70900", "2010-03-31": "20.72400", "2009-12-31": "11.30000", "2009-09-30": "11.70300", "2009-06-30": "36.78600", "2009-03-31": "-3.82400", "2008-12-31": "-7.95100", "2008-09-30": "-2.02100", "2008-06-30": "-13.37800", "2008-03-31": "-38.47300", "2007-12-31": "-47.60700", "2007-09-30": "-23.93800", "2007-06-30": "-5.14600", "2007-03-31": "-0.93500", "2006-12-31": "1.39000", "2006-09-30": "-1.39800", "2006-06-30": "-3.84600", "2006-03-31": "-1.66400", "2005-12-31": "-1.16300", "2005-09-30": "2.57200", "2005-06-30": "1.12200", "2005-03-31": "0.27500"}, "Other Share Holders Equity": {"2020-09-30": "", "2020-06-30": "", "2020-03-31": "", "2019-12-31": "", "2019-09-30": "", "2019-06-30": "", "2019-03-31": "", "2018-12-31": "", "2018-09-30": "", "2018-06-30": "", "2018-03-31": "", "2017-12-31": "", "2017-09-30": "", "2017-06-30": "", "2017-03-31": "", "2016-12-31": "", "2016-09-30": "", "2016-06-30": "", "2016-03-31": "", "2015-12-31": "", "2015-09-30": "", "2015-06-30": "", "2015-03-31": "", "2014-12-31": "", "2014-09-30": "", "2014-06-30": "", "2014-03-31": "", "2013-12-31": "", "2013-09-30": "", "2013-06-30": "", "2013-03-31": "", "2012-12-31": "", "2012-09-30": "", "2012-06-30": "", "2012-03-31": "", "2011-12-31": "", "2011-09-30": "", "2011-06-30": "", "2011-03-31": "", "2010-12-31": "", "2010-09-30": "", "2010-06-30": "", "2010-03-31": "", "2009-12-31": "", "2009-09-30": "", "2009-06-30": "", "2009-03-31": "", "2008-12-31": "", "2008-09-30": "", "2008-06-30": "", "2008-03-31": "", "2007-12-31": "", "2007-09-30": "", "2007-06-30": "", "2007-03-31": "", "2006-12-31": "", "2006-09-30": "", "2006-06-30": "", "2006-03-31": "", "2005-12-31": "", "2005-09-30": "", "2005-06-30": "", "2005-03-31": ""}, "Share Holder Equity": {"2020-09-30": "1587.27700", "2020-06-30": "1594.08500", "2020-03-31": "1597.30100", "2019-12-31": "1636.07300", "2019-09-30": "1646.75800", "2019-06-30": "1714.62100", "2019-03-31": "1732.62000", "2018-12-31": "1747.00900", "2018-09-30": "1819.37900", "2018-06-30": "1871.58900", "2018-03-31": "1894.64400", "2017-12-31": "1885.70000", "2017-09-30": "2048.93800", "2017-06-30": "2102.47700", "2017-03-31": "2102.48100", "2016-12-31": "2152.08600", "2016-09-30": "2181.98400", "2016-06-30": "2149.07300", "2016-03-31": "2161.41800", "2015-12-31": "2155.33700", "2015-09-30": "2193.04900", "2015-06-30": "2154.16100", "2015-03-31": "2161.18800", "2014-12-31": "2189.37500", "2014-09-30": "2204.17600", "2014-06-30": "2271.18500", "2014-03-31": "2281.95400", "2013-12-31": "2308.83400", "2013-09-30": "2312.80700", "2013-06-30": "2392.40600", "2013-03-31": "2334.25400", "2012-12-31": "2375.75300", "2012-09-30": "2278.57500", "2012-06-30": "2341.32800", "2012-03-31": "2104.90600", "2011-12-31": "2136.51800", "2011-09-30": "2200.36900", "2011-06-30": "2200.13600", "2011-03-31": "2241.72700", "2010-12-31": "2296.06500", "2010-09-30": "2318.47900", "2010-06-30": "2356.77500", "2010-03-31": "2411.84200", "2009-12-31": "2445.71900", "2009-09-30": "2501.38400", "2009-06-30": "2515.87400", "2009-03-31": "2522.33400", "2008-12-31": "2576.07100", "2008-09-30": "3245.33500", "2008-06-30": "3412.37200", "2008-03-31": "3523.22100", "2007-12-31": "3598.76500", "2007-09-30": "3344.92000", "2007-06-30": "3410.37400", "2007-03-31": "3445.14100", "2006-12-31": "3508.56400", "2006-09-30": "3552.62100", "2006-06-30": "3594.52000", "2006-03-31": "3627.54000", "2005-12-31": "3657.67900", "2005-09-30": "3686.42500", "2005-06-30": "3064.79900", "2005-03-31": "2464.87200"}, "Total Liabilities And Share Holders Equity": {"2020-09-30": "3634.81700", "2020-06-30": "3621.41200", "2020-03-31": "4369.59300", "2019-12-31": "3586.36200", "2019-09-30": "3600.54000", "2019-06-30": "3653.07900", "2019-03-31": "3668.43900", "2018-12-31": "3647.47000", "2018-09-30": "3657.45600", "2018-06-30": "3671.39100", "2018-03-31": "3757.72100", "2017-12-31": "3918.26400", "2017-09-30": "4069.09300", "2017-06-30": "4264.32300", "2017-03-31": "4466.61700", "2016-12-31": "4452.97300", "2016-09-30": "4513.00100", "2016-06-30": "4708.33600", "2016-03-31": "4687.81000", "2015-12-31": "4621.25100", "2015-09-30": "4803.84900", "2015-06-30": "4944.20200", "2015-03-31": "4993.21000", "2014-12-31": "4787.98900", "2014-09-30": "4890.88700", "2014-06-30": "5044.36300", "2014-03-31": "4847.96100", "2013-12-31": "4877.57600", "2013-09-30": "4906.60400", "2013-06-30": "5020.40800", "2013-03-31": "5085.61000", "2012-12-31": "5237.42700", "2012-09-30": "5482.58800", "2012-06-30": "5759.40600", "2012-03-31": "5840.60600", "2011-12-31": "5941.89400", "2011-09-30": "5975.48800", "2011-06-30": "6163.92800", "2011-03-31": "6249.04900", "2010-12-31": "6386.83600", "2010-09-30": "6651.87400", "2010-06-30": "6722.43900", "2010-03-31": "6881.94200", "2009-12-31": "6928.36500", "2009-09-30": "7136.30400", "2009-06-30": "7236.26200", "2009-03-31": "7446.88800", "2008-12-31": "7606.66400", "2008-09-30": "8268.60000", "2008-06-30": "8391.84400", "2008-03-31": "8362.93400", "2007-12-31": "8305.83100", "2007-09-30": "8213.74200", "2007-06-30": "8224.75400", "2007-03-31": "8277.01100", "2006-12-31": "8328.27400", "2006-09-30": "8488.58300", "2006-06-30": "8446.47300", "2006-03-31": "8279.86900", "2005-12-31": "8085.93300", "2005-09-30": "7649.88500", "2005-06-30": "6381.26600", "2005-03-31": "4930.40700"}}, "cash flow statement": {"Net Income/Loss": {"2019-12-31": "32.39700", "2018-12-31": "77.64000", "2017-12-31": "251.49100", "2016-12-31": "166.81700", "2015-12-31": "125.62400", "2014-12-31": "43.30000", "2013-12-31": "13.62600", "2012-12-31": "-0.44700", "2011-12-31": "-72.57800", "2010-12-31": "-94.70700", "2009-12-31": "-115.40900", "2008-12-31": "-683.21300", "2007-12-31": "43.03400", "2006-12-31": "31.94300", "2005-12-31": "45.24900"}, "Total Depreciation And Amortization - Cash Flow": {"2019-12-31": "197.43600", "2018-12-31": "179.39300", "2017-12-31": "211.52100", "2016-12-31": "230.21100", "2015-12-31": "219.83500", "2014-12-31": "220.89200", "2013-12-31": "243.81700", "2012-12-31": "236.12100", "2011-12-31": "244.85400", "2010-12-31": "259.79000", "2009-12-31": "272.39600", "2008-12-31": "273.64100", "2007-12-31": "272.75500", "2006-12-31": "260.12600", "2005-12-31": "188.35800"}, "Other Non-Cash Items": {"2019-12-31": "-1.30000", "2018-12-31": "-31.12400", "2017-12-31": "-212.42800", "2016-12-31": "-126.79500", "2015-12-31": "-81.10400", "2014-12-31": "0.60300", "2013-12-31": "-11.92800", "2012-12-31": "-72.51800", "2011-12-31": "-0.83300", "2010-12-31": "6.97900", "2009-12-31": "61.76200", "2008-12-31": "727.45200", "2007-12-31": "-8.20900", "2006-12-31": "-9.83300", "2005-12-31": "-11.13900"}, "Total Non-Cash Items": {"2019-12-31": "196.13600", "2018-12-31": "148.26900", "2017-12-31": "-0.90700", "2016-12-31": "103.41600", "2015-12-31": "138.73100", "2014-12-31": "221.49500", "2013-12-31": "231.88900", "2012-12-31": "163.60300", "2011-12-31": "244.02100", "2010-12-31": "266.76900", "2009-12-31": "334.15800", "2008-12-31": "1001.09300", "2007-12-31": "264.54600", "2006-12-31": "250.29300", "2005-12-31": "177.21900"}, "Change In Accounts Receivable": {"2019-12-31": "4.83000", "2018-12-31": "-8.39500", "2017-12-31": "0.96200", "2016-12-31": "-1.91800", "2015-12-31": "4.42000", "2014-12-31": "-5.76200", "2013-12-31": "-2.57400", "2012-12-31": "3.37800", "2011-12-31": "4.91500", "2010-12-31": "8.33600", "2009-12-31": "1.46700", "2008-12-31": "-5.14600", "2007-12-31": "-0.81500", "2006-12-31": "-21.77900", "2005-12-31": "-42.74800"}, "Change In Inventories": {"2019-12-31": "", "2018-12-31": "", "2017-12-31": "", "2016-12-31": "", "2015-12-31": "", "2014-12-31": "", "2013-12-31": "", "2012-12-31": "", "2011-12-31": "", "2010-12-31": "", "2009-12-31": "", "2008-12-31": "", "2007-12-31": "", "2006-12-31": "", "2005-12-31": ""}, "Change In Accounts Payable": {"2019-12-31": "", "2018-12-31": "", "2017-12-31": "", "2016-12-31": "", "2015-12-31": "", "2014-12-31": "", "2013-12-31": "", "2012-12-31": "", "2011-12-31": "", "2010-12-31": "", "2009-12-31": "", "2008-12-31": "", "2007-12-31": "", "2006-12-31": "", "2005-12-31": ""}, "Change In Assets/Liabilities": {"2019-12-31": "4.22800", "2018-12-31": "-0.67200", "2017-12-31": "-1.77000", "2016-12-31": "-3.25700", "2015-12-31": "-0.46900", "2014-12-31": "-7.49900", "2013-12-31": "-4.83600", "2012-12-31": "8.70100", "2011-12-31": "-6.61800", "2010-12-31": "-9.66200", "2009-12-31": "15.69900", "2008-12-31": "-7.86000", "2007-12-31": "-0.46500", "2006-12-31": "23.29500", "2005-12-31": "-3.21100"}, "Total Change In Assets/Liabilities": {"2019-12-31": "9.18700", "2018-12-31": "-15.46500", "2017-12-31": "-0.22900", "2016-12-31": "-3.16800", "2015-12-31": "5.92700", "2014-12-31": "-10.04100", "2013-12-31": "-13.45300", "2012-12-31": "3.04200", "2011-12-31": "-2.51600", "2010-12-31": "11.98700", "2009-12-31": "28.30200", "2008-12-31": "-8.52900", "2007-12-31": "11.06100", "2006-12-31": "14.34200", "2005-12-31": "-20.61100"}, "Cash Flow From Operating Activities": {"2019-12-31": "231.49100", "2018-12-31": "204.16300", "2017-12-31": "247.51600", "2016-12-31": "266.13000", "2015-12-31": "266.65000", "2014-12-31": "254.01400", "2013-12-31": "239.63200", "2012-12-31": "167.08500", "2011-12-31": "174.60700", "2010-12-31": "184.07200", "2009-12-31": "249.83700", "2008-12-31": "309.35100", "2007-12-31": "318.64100", "2006-12-31": "296.57800", "2005-12-31": "201.85700"}, "Net Change In Property, Plant, And Equipment": {"2019-12-31": "-60.83200", "2018-12-31": "99.50100", "2017-12-31": "621.95100", "2016-12-31": "12.86200", "2015-12-31": "5.76900", "2014-12-31": "97.96900", "2013-12-31": "38.02500", "2012-12-31": "409.74200", "2011-12-31": "146.88400", "2010-12-31": "109.47700", "2009-12-31": "131.22900", "2008-12-31": "-132.23300", "2007-12-31": "-317.29900", "2006-12-31": "-531.31400", "2005-12-31": "-3178.73800"}, "Net Change In Intangible Assets": {"2019-12-31": "", "2018-12-31": "", "2017-12-31": "", "2016-12-31": "", "2015-12-31": "", "2014-12-31": "", "2013-12-31": "", "2012-12-31": "", "2011-12-31": "", "2010-12-31": "", "2009-12-31": "", "2008-12-31": "-17.58700", "2007-12-31": "-42.46500", "2006-12-31": "-38.29400", "2005-12-31": "-217.30400"}, "Net Acquisitions/Divestitures": {"2019-12-31": "", "2018-12-31": "", "2017-12-31": "", "2016-12-31": "", "2015-12-31": "", "2014-12-31": "", "2013-12-31": "", "2012-12-31": "", "2011-12-31": "", "2010-12-31": "", "2009-12-31": "", "2008-12-31": "", "2007-12-31": "", "2006-12-31": "", "2005-12-31": ""}, "Net Change In Short-term Investments": {"2019-12-31": "", "2018-12-31": "", "2017-12-31": "", "2016-12-31": "", "2015-12-31": "", "2014-12-31": "", "2013-12-31": "", "2012-12-31": "", "2011-12-31": "", "2010-12-31": "", "2009-12-31": "", "2008-12-31": "-28.43300", "2007-12-31": "-59.67300", "2006-12-31": "170.40000", "2005-12-31": "-184.80600"}, "Net Change In Long-Term Investments": {"2019-12-31": "-29.47000", "2018-12-31": "-12.22600", "2017-12-31": "-13.64900", "2016-12-31": "-1.36200", "2015-12-31": "-2.37100", "2014-12-31": "-3.01700", "2013-12-31": "-11.10800", "2012-12-31": "20.74700", "2011-12-31": "-52.95900", "2010-12-31": "1.82100", "2009-12-31": "106.91200", "2008-12-31": "-41.77500", "2007-12-31": "-103.30800", "2006-12-31": "-104.66600", "2005-12-31": "-234.96100"}, "Net Change In Investments - Total": {"2019-12-31": "-29.47000", "2018-12-31": "-12.22600", "2017-12-31": "-13.64900", "2016-12-31": "-1.36200", "2015-12-31": "-2.37100", "2014-12-31": "-3.01700", "2013-12-31": "-11.10800", "2012-12-31": "20.74700", "2011-12-31": "-52.95900", "2010-12-31": "1.82100", "2009-12-31": "106.91200", "2008-12-31": "-70.20800", "2007-12-31": "-162.98100", "2006-12-31": "65.73400", "2005-12-31": "-419.76700"}, "Investing Activities - Other": {"2019-12-31": "", "2018-12-31": "", "2017-12-31": "", "2016-12-31": "0.94400", "2015-12-31": "-0.77500", "2014-12-31": "-17.05200", "2013-12-31": "76.29500", "2012-12-31": "41.34000", "2011-12-31": "13.54600", "2010-12-31": "43.10200", "2009-12-31": "-44.43500", "2008-12-31": "41.47300", "2007-12-31": "11.06900", "2006-12-31": "-19.59700", "2005-12-31": "-126.41800"}, "Cash Flow From Investing Activities": {"2019-12-31": "-90.30200", "2018-12-31": "87.27500", "2017-12-31": "608.30200", "2016-12-31": "12.44400", "2015-12-31": "2.62300", "2014-12-31": "77.90000", "2013-12-31": "103.21200", "2012-12-31": "471.82900", "2011-12-31": "107.47100", "2010-12-31": "154.40000", "2009-12-31": "193.70600", "2008-12-31": "-178.55500", "2007-12-31": "-511.67600", "2006-12-31": "-523.47100", "2005-12-31": "-3942.22700"}, "Net Long-Term Debt": {"2019-12-31": "4.45400", "2018-12-31": "-124.78800", "2017-12-31": "123.27800", "2016-12-31": "-80.03300", "2015-12-31": "-179.06100", "2014-12-31": "-103.70300", "2013-12-31": "-335.93000", "2012-12-31": "-843.79190", "2011-12-31": "-185.83910", "2010-12-31": "-265.75990", "2009-12-31": "-301.25700", "2008-12-31": "313.79200", "2007-12-31": "299.15200", "2006-12-31": "423.76700", "2005-12-31": "2042.42000"}, "Net Current Debt": {"2019-12-31": "", "2018-12-31": "", "2017-12-31": "", "2016-12-31": "", "2015-12-31": "", "2014-12-31": "", "2013-12-31": "", "2012-12-31": "-7.54100", "2011-12-31": "-2.47600", "2010-12-31": "-3.41000", "2009-12-31": "-55.99900", "2008-12-31": "-47.49300", "2007-12-31": "82.20500", "2006-12-31": "-81.42000", "2005-12-31": "81.49800"}, "Debt Issuance/Retirement Net - Total": {"2019-12-31": "4.45400", "2018-12-31": "-124.78800", "2017-12-31": "123.27800", "2016-12-31": "-80.03300", "2015-12-31": "-179.06100", "2014-12-31": "-103.70300", "2013-12-31": "-335.93000", "2012-12-31": "-851.33290", "2011-12-31": "-188.31500", "2010-12-31": "-269.16990", "2009-12-31": "-357.25600", "2008-12-31": "266.29900", "2007-12-31": "381.35700", "2006-12-31": "342.34700", "2005-12-31": "2123.91800"}, "Net Common Equity Issued/Repurchased": {"2019-12-31": "", "2018-12-31": "", "2017-12-31": "", "2016-12-31": "", "2015-12-31": "", "2014-12-31": "", "2013-12-31": "84.83500", "2012-12-31": "272.08100", "2011-12-31": "", "2010-12-31": "", "2009-12-31": "", "2008-12-31": "-227.15600", "2007-12-31": "-140.14300", "2006-12-31": "-47.18800", "2005-12-31": "2062.80100"}, "Net Total Equity Issued/Repurchased": {"2019-12-31": "", "2018-12-31": "", "2017-12-31": "-135.00000", "2016-12-31": "", "2015-12-31": "", "2014-12-31": "", "2013-12-31": "84.83500", "2012-12-31": "402.82800", "2011-12-31": "", "2010-12-31": "", "2009-12-31": "", "2008-12-31": "-227.15600", "2007-12-31": "-140.14300", "2006-12-31": "-47.18800", "2005-12-31": "2062.80100"}, "Total Common And Preferred Stock Dividends Paid": {"2019-12-31": "-141.52800", "2018-12-31": "-145.33300", "2017-12-31": "-163.68400", "2016-12-31": "-166.69300", "2015-12-31": "-166.51300", "2014-12-31": "", "2013-12-31": "", "2012-12-31": "", "2011-12-31": "", "2010-12-31": "", "2009-12-31": "", "2008-12-31": "", "2007-12-31": "", "2006-12-31": "", "2005-12-31": ""}, "Financial Activities - Other": {"2019-12-31": "-9.26900", "2018-12-31": "-88.05100", "2017-12-31": "-676.42600", "2016-12-31": "-36.72700", "2015-12-31": "-7.23200", "2014-12-31": "-174.10900", "2013-12-31": "-171.62800", "2012-12-31": "-188.34900", "2011-12-31": "-87.96700", "2010-12-31": "-52.57700", "2009-12-31": "-81.55000", "2008-12-31": "-166.13200", "2007-12-31": "-158.57000", "2006-12-31": "-139.36200", "2005-12-31": "-388.72600"}, "Cash Flow From Financial Activities": {"2019-12-31": "-146.34300", "2018-12-31": "-358.17200", "2017-12-31": "-851.83200", "2016-12-31": "-283.45300", "2015-12-31": "-352.80600", "2014-12-31": "-277.81200", "2013-12-31": "-422.72300", "2012-12-31": "-636.85400", "2011-12-31": "-276.28200", "2010-12-31": "-321.74700", "2009-12-31": "-438.80600", "2008-12-31": "-126.98900", "2007-12-31": "82.64400", "2006-12-31": "155.79700", "2005-12-31": "3797.99300"}, "Net Cash Flow": {"2019-12-31": "-5.15400", "2018-12-31": "-66.73400", "2017-12-31": "3.98600", "2016-12-31": "-4.87900", "2015-12-31": "-83.53300", "2014-12-31": "54.10200", "2013-12-31": "-79.87900", "2012-12-31": "2.06000", "2011-12-31": "5.79600", "2010-12-31": "4.30900", "2009-12-31": "4.73700", "2008-12-31": "3.80700", "2007-12-31": "-110.39100", "2006-12-31": "-71.09600", "2005-12-31": "57.62300"}, "Stock-Based Compensation": {"2019-12-31": "7.55900", "2018-12-31": "6.99200", "2017-12-31": "6.05900", "2016-12-31": "7.20900", "2015-12-31": "10.75500", "2014-12-31": "3.42000", "2013-12-31": "0.47900", "2012-12-31": "", "2011-12-31": "", "2010-12-31": "", "2009-12-31": "", "2008-12-31": "0.00800", "2007-12-31": "0.00200", "2006-12-31": "0.00200", "2005-12-31": ""}, "Common Stock Dividends Paid": {"2019-12-31": "-141.52800", "2018-12-31": "-145.33300", "2017-12-31": "-163.68400", "2016-12-31": "-166.69300", "2015-12-31": "-166.51300", "2014-12-31": "", "2013-12-31": "", "2012-12-31": "", "2011-12-31": "", "2010-12-31": "", "2009-12-31": "", "2008-12-31": "", "2007-12-31": "", "2006-12-31": "", "2005-12-31": ""}}, "cash flow statement, quarterly": {"Net Income/Loss": {"2020-09-30": -2.288, "2020-06-30": -7.347, "2020-03-31": "22.35700", "2019-12-31": 16.172, "2019-09-30": -28.153, "2019-06-30": 21.17, "2019-03-31": "23.20800", "2018-12-31": 12.144, "2018-09-30": 12.834, "2018-06-30": 10.882, "2018-03-31": "41.78000", "2017-12-31": 109.924, "2017-09-30": 35.904, "2017-06-30": 114.763, "2017-03-31": "-9.10000", "2016-12-31": 18.295, "2016-09-30": 72.494, "2016-06-30": 28.602, "2016-03-31": "47.42600", "2015-12-31": 3.535, "2015-09-30": 78.329, "2015-06-30": 30.684, "2015-03-31": "13.07600", "2014-12-31": 25.865, "2014-09-30": -26.736, "2014-06-30": 30.043, "2014-03-31": "14.12800", "2013-12-31": 37.087, "2013-09-30": -37.552, "2013-06-30": 15.971, "2013-03-31": "-1.88000", "2012-12-31": 14.117, "2012-09-30": -15.952, "2012-06-30": 17.676, "2012-03-31": "-16.28800", "2011-12-31": -13.829, "2011-09-30": -5.016, "2011-06-30": -13.716, "2011-03-31": "-40.01700", "2010-12-31": -2.931, "2010-09-30": -25.206, "2010-06-30": -38.107, "2010-03-31": "-28.46300", "2009-12-31": -44.721, "2009-09-30": 12.504, "2009-06-30": -33.338, "2009-03-31": "-49.85400", "2008-12-31": -574.523, "2008-09-30": -75.617, "2008-06-30": -43.198, "2008-03-31": "10.12500", "2007-12-31": 30.365, "2007-09-30": -0.801, "2007-06-30": 21.094, "2007-03-31": "-7.62400", "2006-12-31": 3.219, "2006-09-30": 7.374, "2006-06-30": 9.412, "2006-03-31": "11.93800", "2005-12-31": 14.505, "2005-09-30": 12.167, "2005-06-30": 9.563, "2005-03-31": "9.01400"}, "Total Depreciation And Amortization - Cash Flow": {"2020-09-30": 43.078, "2020-06-30": 44.717, "2020-03-31": "41.12300", "2019-12-31": 41.914, "2019-09-30": 67.776, "2019-06-30": 43.681, "2019-03-31": "44.06500", "2018-12-31": 44.65, "2018-09-30": 44.025, "2018-06-30": 44.55, "2018-03-31": "46.16800", "2017-12-31": 47.505, "2017-09-30": 52.346, "2017-06-30": 53.231, "2017-03-31": "58.43900", "2016-12-31": 62.237, "2016-09-30": 57.948, "2016-06-30": 54.633, "2016-03-31": "55.39300", "2015-12-31": 52.609, "2015-09-30": 54.712, "2015-06-30": 56.846, "2015-03-31": "55.66800", "2014-12-31": 53.31, "2014-09-30": 55.775, "2014-06-30": 56.378, "2014-03-31": "55.42900", "2013-12-31": 64.144, "2013-09-30": 55.905, "2013-06-30": 64.892, "2013-03-31": "58.87600", "2012-12-31": 64.365, "2012-09-30": 60.377, "2012-06-30": 50.436, "2012-03-31": "60.94300", "2011-12-31": 61.373, "2011-09-30": 62.239, "2011-06-30": 57.969, "2011-03-31": "63.27300", "2010-12-31": 65.725, "2010-09-30": 63.878, "2010-06-30": 64.803, "2010-03-31": "65.38400", "2009-12-31": 71.752, "2009-09-30": 64.88, "2009-06-30": 67.872, "2009-03-31": "67.89200", "2008-12-31": 68.933, "2008-09-30": 68.912, "2008-06-30": 67.994, "2008-03-31": "67.80200", "2007-12-31": 63.015, "2007-09-30": 73.609, "2007-06-30": 67.391, "2007-03-31": "68.74000", "2006-12-31": 64.316, "2006-09-30": 66.733, "2006-06-30": 65.667, "2006-03-31": "63.41000", "2005-12-31": 60.312, "2005-09-30": 53.241, "2005-06-30": 41.436, "2005-03-31": "33.36900"}, "Other Non-Cash Items": {"2020-09-30": -7.6, "2020-06-30": 16.446, "2020-03-31": "-1.09700", "2019-12-31": -1.986, "2019-09-30": 17.336, "2019-06-30": -7.428, "2019-03-31": "-9.22200", "2018-12-31": -0.284, "2018-09-30": 1.312, "2018-06-30": 0.815, "2018-03-31": "-32.96700", "2017-12-31": -98.864, "2017-09-30": -27.111, "2017-06-30": -107.182, "2017-03-31": "20.72900", "2016-12-31": -17.041, "2016-09-30": -61.812, "2016-06-30": -12.786, "2016-03-31": "-35.15600", "2015-12-31": 9.638, "2015-09-30": -64.901, "2015-06-30": -23.703, "2015-03-31": "-2.13800", "2014-12-31": -13.487, "2014-09-30": 38.375, "2014-06-30": -19.611, "2014-03-31": "-4.67400", "2013-12-31": -31.182, "2013-09-30": 46.21, "2013-06-30": -15.589, "2013-03-31": "-11.36700", "2012-12-31": -30.804, "2012-09-30": -23.165, "2012-06-30": -16.968, "2012-03-31": "-1.58100", "2011-12-31": -17.437, "2011-09-30": -12.488, "2011-06-30": 1.072, "2011-03-31": "28.02000", "2010-12-31": -15.36, "2010-09-30": 2.566, "2010-06-30": 16.2, "2010-03-31": "3.57300", "2009-12-31": 8.304, "2009-09-30": -24.882, "2009-06-30": 31.487, "2009-03-31": "46.85300", "2008-12-31": 575.796, "2008-09-30": 83.145, "2008-06-30": 57.098, "2008-03-31": "11.41300", "2007-12-31": -11.579, "2007-09-30": -1.907, "2007-06-30": -11.711, "2007-03-31": "16.98800", "2006-12-31": -3.367, "2006-09-30": 0.677, "2006-06-30": -2.033, "2006-03-31": "-5.11000", "2005-12-31": -3.174, "2005-09-30": -10.485, "2005-06-30": 4.879, "2005-03-31": "-2.35900"}, "Total Non-Cash Items": {"2020-09-30": 35.478, "2020-06-30": 61.163, "2020-03-31": "40.02600", "2019-12-31": 39.928, "2019-09-30": 85.112, "2019-06-30": 36.253, "2019-03-31": "34.84300", "2018-12-31": 44.366, "2018-09-30": 45.337, "2018-06-30": 45.365, "2018-03-31": "13.20100", "2017-12-31": -51.359, "2017-09-30": 25.235, "2017-06-30": -53.951, "2017-03-31": "79.16800", "2016-12-31": 45.196, "2016-09-30": -3.864, "2016-06-30": 41.847, "2016-03-31": "20.23700", "2015-12-31": 62.247, "2015-09-30": -10.189, "2015-06-30": 33.143, "2015-03-31": "53.53000", "2014-12-31": 39.823, "2014-09-30": 94.15, "2014-06-30": 36.767, "2014-03-31": "50.75500", "2013-12-31": 32.962, "2013-09-30": 102.115, "2013-06-30": 49.303, "2013-03-31": "47.50900", "2012-12-31": 33.561, "2012-09-30": 37.212, "2012-06-30": 33.468, "2012-03-31": "59.36200", "2011-12-31": 43.936, "2011-09-30": 49.751, "2011-06-30": 59.041, "2011-03-31": "91.29300", "2010-12-31": 50.365, "2010-09-30": 66.444, "2010-06-30": 81.003, "2010-03-31": "68.95700", "2009-12-31": 80.056, "2009-09-30": 39.998, "2009-06-30": 99.359, "2009-03-31": "114.74500", "2008-12-31": 644.729, "2008-09-30": 152.057, "2008-06-30": 125.092, "2008-03-31": "79.21500", "2007-12-31": 51.436, "2007-09-30": 71.702, "2007-06-30": 55.68, "2007-03-31": "85.72800", "2006-12-31": 60.949, "2006-09-30": 67.41, "2006-06-30": 63.634, "2006-03-31": "58.30000", "2005-12-31": 57.138, "2005-09-30": 42.756, "2005-06-30": 46.315, "2005-03-31": "31.01000"}, "Change In Accounts Receivable": {"2020-09-30": 14.452, "2020-06-30": -32.425, "2020-03-31": "0.77800", "2019-12-31": 1.759, "2019-09-30": 1.739, "2019-06-30": -4.98, "2019-03-31": "6.31200", "2018-12-31": -4.011, "2018-09-30": -2.864, "2018-06-30": -4.399, "2018-03-31": "2.87900", "2017-12-31": 0.111, "2017-09-30": -3.243, "2017-06-30": -2.44, "2017-03-31": "6.53400", "2016-12-31": -0.809, "2016-09-30": 0.546, "2016-06-30": -8.552, "2016-03-31": "6.89700", "2015-12-31": -2.4, "2015-09-30": -4.621, "2015-06-30": 1.155, "2015-03-31": "10.28600", "2014-12-31": -4.895, "2014-09-30": -3.878, "2014-06-30": -2.934, "2014-03-31": "5.94500", "2013-12-31": -5.65, "2013-09-30": -1.6, "2013-06-30": -3.83, "2013-03-31": "8.50600", "2012-12-31": -6.742, "2012-09-30": 2.651, "2012-06-30": -1.017, "2012-03-31": "8.48600", "2011-12-31": -4.789, "2011-09-30": -0.314, "2011-06-30": -2.1, "2011-03-31": "12.11800", "2010-12-31": -6.287, "2010-09-30": 2.435, "2010-06-30": -2.329, "2010-03-31": "14.51700", "2009-12-31": -2.902, "2009-09-30": 8.411, "2009-06-30": -9.895, "2009-03-31": "5.85300", "2008-12-31": -1.704, "2008-09-30": 4.638, "2008-06-30": -11.195, "2008-03-31": "3.11500", "2007-12-31": -2.909, "2007-09-30": 14.542, "2007-06-30": -7.428, "2007-03-31": "-5.02000", "2006-12-31": -0.761, "2006-09-30": -6.358, "2006-06-30": -7.547, "2006-03-31": "-7.11300", "2005-12-31": -11.512, "2005-09-30": -13.82, "2005-06-30": -12.023, "2005-03-31": "-5.39300"}, "Change In Inventories": {"2020-09-30": 0, "2020-06-30": 0, "2020-03-31": "", "2019-12-31": 0, "2019-09-30": 0, "2019-06-30": 0, "2019-03-31": "", "2018-12-31": 0, "2018-09-30": 0, "2018-06-30": 0, "2018-03-31": "", "2017-12-31": 0, "2017-09-30": 0, "2017-06-30": 0, "2017-03-31": "", "2016-12-31": 0, "2016-09-30": 0, "2016-06-30": 0, "2016-03-31": "", "2015-12-31": 0, "2015-09-30": 0, "2015-06-30": 0, "2015-03-31": "", "2014-12-31": 0, "2014-09-30": 0, "2014-06-30": 0, "2014-03-31": "", "2013-12-31": 0, "2013-09-30": 0, "2013-06-30": 0, "2013-03-31": "", "2012-12-31": 0, "2012-09-30": 0, "2012-06-30": 0, "2012-03-31": "", "2011-12-31": 0, "2011-09-30": 0, "2011-06-30": 0, "2011-03-31": "", "2010-12-31": 0, "2010-09-30": 0, "2010-06-30": 0, "2010-03-31": "", "2009-12-31": 0, "2009-09-30": 0, "2009-06-30": 0, "2009-03-31": "", "2008-12-31": 0, "2008-09-30": 0, "2008-06-30": 0, "2008-03-31": "", "2007-12-31": 0, "2007-09-30": 0, "2007-06-30": 0, "2007-03-31": "", "2006-12-31": 0, "2006-09-30": 0, "2006-06-30": 0, "2006-03-31": "", "2005-12-31": 0, "2005-09-30": 0, "2005-06-30": 0, "2005-03-31": ""}, "Change In Accounts Payable": {"2020-09-30": 0, "2020-06-30": 0, "2020-03-31": "", "2019-12-31": 0, "2019-09-30": 0, "2019-06-30": 0, "2019-03-31": "", "2018-12-31": 0, "2018-09-30": 0, "2018-06-30": 0, "2018-03-31": "", "2017-12-31": 0, "2017-09-30": 0, "2017-06-30": 0, "2017-03-31": "", "2016-12-31": 0, "2016-09-30": 0, "2016-06-30": 0, "2016-03-31": "", "2015-12-31": 0, "2015-09-30": 0, "2015-06-30": 0, "2015-03-31": "", "2014-12-31": 0, "2014-09-30": 0, "2014-06-30": 0, "2014-03-31": "", "2013-12-31": 0, "2013-09-30": 0, "2013-06-30": 0, "2013-03-31": "", "2012-12-31": 0, "2012-09-30": 0, "2012-06-30": 0, "2012-03-31": "", "2011-12-31": 0, "2011-09-30": 0, "2011-06-30": 0, "2011-03-31": "", "2010-12-31": 0, "2010-09-30": 0, "2010-06-30": 0, "2010-03-31": "", "2009-12-31": 0, "2009-09-30": 0, "2009-06-30": 0, "2009-03-31": "", "2008-12-31": 0, "2008-09-30": 0, "2008-06-30": 0, "2008-03-31": "", "2007-12-31": 0, "2007-09-30": 0, "2007-06-30": 0, "2007-03-31": "", "2006-12-31": 0, "2006-09-30": 0, "2006-06-30": 0, "2006-03-31": "", "2005-12-31": 0, "2005-09-30": 0, "2005-06-30": 0, "2005-03-31": ""}, "Change In Assets/Liabilities": {"2020-09-30": -2.779, "2020-06-30": 5.144, "2020-03-31": "-2.41500", "2019-12-31": -1.432, "2019-09-30": 1.735, "2019-06-30": 3.192, "2019-03-31": "0.73300", "2018-12-31": -0.644, "2018-09-30": -3.315, "2018-06-30": -0.243, "2018-03-31": "3.53000", "2017-12-31": -5.001, "2017-09-30": -8.152, "2017-06-30": 3.146, "2017-03-31": "8.23700", "2016-12-31": -2.62, "2016-09-30": -2.364, "2016-06-30": 3.295, "2016-03-31": "-1.56800", "2015-12-31": -3.399, "2015-09-30": -4.169, "2015-06-30": 0.743, "2015-03-31": "6.35600", "2014-12-31": 2.187, "2014-09-30": -7.639, "2014-06-30": -0.178, "2014-03-31": "-1.86900", "2013-12-31": 2.276, "2013-09-30": 8.646, "2013-06-30": -0.044, "2013-03-31": "-15.71400", "2012-12-31": 9.331, "2012-09-30": -9.493, "2012-06-30": 6.704, "2012-03-31": "2.15900", "2011-12-31": -0.521, "2011-09-30": -5.188, "2011-06-30": 3.1, "2011-03-31": "-4.00900", "2010-12-31": -7.894, "2010-09-30": -2.549, "2010-06-30": 0.737, "2010-03-31": "0.04400", "2009-12-31": 13.28, "2009-09-30": 1.448, "2009-06-30": 0.447, "2009-03-31": "0.52400", "2008-12-31": -13.767, "2008-09-30": 5.376, "2008-06-30": 0.837, "2008-03-31": "-0.30600", "2007-12-31": 2.236, "2007-09-30": -10.255, "2007-06-30": 9.812, "2007-03-31": "-2.25800", "2006-12-31": 3.998, "2006-09-30": 1.75, "2006-06-30": 9.853, "2006-03-31": "7.69400", "2005-12-31": -3.954, "2005-09-30": -6.525, "2005-06-30": 7.496, "2005-03-31": "-0.22800"}, "Total Change In Assets/Liabilities": {"2020-09-30": 21.18, "2020-06-30": -22.861, "2020-03-31": "-27.95600", "2019-12-31": 4.678, "2019-09-30": 16.251, "2019-06-30": 6.271, "2019-03-31": "-18.01300", "2018-12-31": -2.709, "2018-09-30": 5.031, "2018-06-30": 1.006, "2018-03-31": "-18.79300", "2017-12-31": 1.122, "2017-09-30": -1.251, "2017-06-30": 9.44, "2017-03-31": "-9.54000", "2016-12-31": -2.225, "2016-09-30": 10.395, "2016-06-30": 3.795, "2016-03-31": "-15.13300", "2015-12-31": -6.148, "2015-09-30": 0.351, "2015-06-30": 7.796, "2015-03-31": "3.92800", "2014-12-31": -9.222, "2014-09-30": 2.342, "2014-06-30": 3.571, "2014-03-31": "-6.73200", "2013-12-31": -9.28, "2013-09-30": 9.534, "2013-06-30": 3.815, "2013-03-31": "-17.52200", "2012-12-31": -14.082, "2012-09-30": 12.824, "2012-06-30": 13.581, "2012-03-31": "-9.28100", "2011-12-31": -0.033, "2011-09-30": -1.829, "2011-06-30": 9.884, "2011-03-31": "-10.53800", "2010-12-31": -17.057, "2010-09-30": 18.423, "2010-06-30": 12.5, "2010-03-31": "-1.87900", "2009-12-31": 7.753, "2009-09-30": 26.283, "2009-06-30": 7.581, "2009-03-31": "-13.31500", "2008-12-31": -28.332, "2008-09-30": 24.307, "2008-06-30": -3.64, "2008-03-31": "-0.86400", "2007-12-31": -21.786, "2007-09-30": 21.898, "2007-06-30": 14.679, "2007-03-31": "-3.73000", "2006-12-31": -10.799, "2006-09-30": 6.892, "2006-06-30": 12.75, "2006-03-31": "5.49900", "2005-12-31": -26.571, "2005-09-30": -8.465, "2005-06-30": 11.236, "2005-03-31": "3.18900"}, "Cash Flow From Operating Activities": {"2020-09-30": 54.216, "2020-06-30": 29.383, "2020-03-31": "35.04200", "2019-12-31": 60.803, "2019-09-30": 71.502, "2019-06-30": 62.231, "2019-03-31": "36.95500", "2018-12-31": 52.455, "2018-09-30": 63.005, "2018-06-30": 54.538, "2018-03-31": "34.16500", "2017-12-31": 58.3, "2017-09-30": 58.499, "2017-06-30": 69.538, "2017-03-31": "61.17900", "2016-12-31": 61.122, "2016-09-30": 78.234, "2016-06-30": 73.521, "2016-03-31": "53.25300", "2015-12-31": 57.574, "2015-09-30": 66.085, "2015-06-30": 71.864, "2015-03-31": "71.12700", "2014-12-31": 56.062, "2014-09-30": 70.265, "2014-06-30": 69.536, "2014-03-31": "58.15100", "2013-12-31": 61.665, "2013-09-30": 76.377, "2013-06-30": 71.1, "2013-03-31": "30.49000", "2012-12-31": 35.43, "2012-09-30": 34.823, "2012-06-30": 61.557, "2012-03-31": "35.27500", "2011-12-31": 46.22, "2011-09-30": 43.376, "2011-06-30": 53.156, "2011-03-31": "31.85500", "2010-12-31": 30.4, "2010-09-30": 59.661, "2010-06-30": 55.396, "2010-03-31": "38.61500", "2009-12-31": 45.874, "2009-09-30": 78.785, "2009-06-30": 73.602, "2009-03-31": "51.57600", "2008-12-31": 41.874, "2008-09-30": 100.747, "2008-06-30": 78.254, "2008-03-31": "88.47600", "2007-12-31": 62.501, "2007-09-30": 92.799, "2007-06-30": 88.967, "2007-03-31": "74.37400", "2006-12-31": 53.369, "2006-09-30": 81.676, "2006-06-30": 85.796, "2006-03-31": "75.73700", "2005-12-31": 45.072, "2005-09-30": 46.458, "2005-06-30": 67.114, "2005-03-31": "43.21300"}, "Net Change In Property, Plant, And Equipment": {"2020-09-30": -14.177, "2020-06-30": -16.587, "2020-03-31": "-57.79200", "2019-12-31": -15.626, "2019-09-30": -20.582, "2019-06-30": -2.279, "2019-03-31": "-22.34500", "2018-12-31": -39.561, "2018-09-30": -15.102, "2018-06-30": 53.642, "2018-03-31": "100.52200", "2017-12-31": 193.553, "2017-09-30": 154.465, "2017-06-30": 275.59, "2017-03-31": "-1.65700", "2016-12-31": 15.091, "2016-09-30": 248.833, "2016-06-30": -121.832, "2016-03-31": "-129.23000", "2015-12-31": 53.984, "2015-09-30": 206.172, "2015-06-30": 37.416, "2015-03-31": "-291.80300", "2014-12-31": 116.878, "2014-09-30": 75.754, "2014-06-30": -65.985, "2014-03-31": "-28.67800", "2013-12-31": 2.062, "2013-09-30": 18.252, "2013-06-30": -3.641, "2013-03-31": "21.35200", "2012-12-31": 235.787, "2012-09-30": 177.525, "2012-06-30": -0.882, "2012-03-31": "-2.68800", "2011-12-31": 23.341, "2011-09-30": 72.696, "2011-06-30": 28.568, "2011-03-31": "22.27900", "2010-12-31": 40.58, "2010-09-30": 1.339, "2010-06-30": 59.704, "2010-03-31": "7.85400", "2009-12-31": 46.574, "2009-09-30": -7.466, "2009-06-30": 43.868, "2009-03-31": "48.25300", "2008-12-31": -37.683, "2008-09-30": -21.019, "2008-06-30": -7.906, "2008-03-31": "-65.62500", "2007-12-31": 54.281, "2007-09-30": -61.279, "2007-06-30": -206.577, "2007-03-31": "-103.72400", "2006-12-31": -131.51, "2006-09-30": -47.363, "2006-06-30": -218.899, "2006-03-31": "-133.54200", "2005-12-31": -436.972, "2005-09-30": -852.995, "2005-06-30": -1420.547, "2005-03-31": "-468.22400"}, "Net Change In Intangible Assets": {"2020-09-30": 0, "2020-06-30": 0, "2020-03-31": "", "2019-12-31": 0, "2019-09-30": 0, "2019-06-30": 0, "2019-03-31": "", "2018-12-31": 0, "2018-09-30": 0, "2018-06-30": 0, "2018-03-31": "", "2017-12-31": 0, "2017-09-30": 0, "2017-06-30": 0, "2017-03-31": "", "2016-12-31": 0, "2016-09-30": 0, "2016-06-30": 0, "2016-03-31": "", "2015-12-31": 0, "2015-09-30": 0, "2015-06-30": 0, "2015-03-31": "", "2014-12-31": 0, "2014-09-30": 0, "2014-06-30": 0, "2014-03-31": "", "2013-12-31": 0, "2013-09-30": 0, "2013-06-30": 0, "2013-03-31": "", "2012-12-31": 0, "2012-09-30": 0, "2012-06-30": 0, "2012-03-31": "", "2011-12-31": 0, "2011-09-30": 0, "2011-06-30": 0, "2011-03-31": "", "2010-12-31": 0, "2010-09-30": 0, "2010-06-30": 0, "2010-03-31": "", "2009-12-31": 6.858, "2009-09-30": -2.065, "2009-06-30": -3.714, "2009-03-31": "-1.07900", "2008-12-31": -1.665, "2008-09-30": -13.102, "2008-06-30": -0.355, "2008-03-31": "-2.46500", "2007-12-31": -9.359, "2007-09-30": -3.92, "2007-06-30": -23.453, "2007-03-31": "-5.73300", "2006-12-31": -10.396, "2006-09-30": -4.023, "2006-06-30": -18.097, "2006-03-31": "-5.77800", "2005-12-31": -30.549, "2005-09-30": -68.375, "2005-06-30": -94.75, "2005-03-31": "-23.63000"}, "Net Acquisitions/Divestitures": {"2020-09-30": 0, "2020-06-30": 0, "2020-03-31": "", "2019-12-31": 0, "2019-09-30": 0, "2019-06-30": 0, "2019-03-31": "", "2018-12-31": 0, "2018-09-30": 0, "2018-06-30": 0, "2018-03-31": "", "2017-12-31": 0, "2017-09-30": 0, "2017-06-30": 0, "2017-03-31": "", "2016-12-31": 0, "2016-09-30": 0, "2016-06-30": 0, "2016-03-31": "", "2015-12-31": 0, "2015-09-30": 0, "2015-06-30": 0, "2015-03-31": "", "2014-12-31": 0, "2014-09-30": 0, "2014-06-30": 0, "2014-03-31": "", "2013-12-31": 0, "2013-09-30": 0, "2013-06-30": 0, "2013-03-31": "", "2012-12-31": 0, "2012-09-30": 0, "2012-06-30": 0, "2012-03-31": "", "2011-12-31": 0, "2011-09-30": 0, "2011-06-30": 0, "2011-03-31": "", "2010-12-31": 0, "2010-09-30": 0, "2010-06-30": 0, "2010-03-31": "", "2009-12-31": 0, "2009-09-30": 0, "2009-06-30": 0, "2009-03-31": "", "2008-12-31": 0, "2008-09-30": 0, "2008-06-30": 0, "2008-03-31": "", "2007-12-31": 0, "2007-09-30": 0, "2007-06-30": 0, "2007-03-31": "", "2006-12-31": 0, "2006-09-30": 0, "2006-06-30": 0, "2006-03-31": "", "2005-12-31": 0, "2005-09-30": 0, "2005-06-30": 0, "2005-03-31": ""}, "Net Change In Short-term Investments": {"2020-09-30": 0, "2020-06-30": 0, "2020-03-31": "", "2019-12-31": 0, "2019-09-30": 0, "2019-06-30": 0, "2019-03-31": "", "2018-12-31": 0, "2018-09-30": 0, "2018-06-30": 0, "2018-03-31": "", "2017-12-31": 0, "2017-09-30": 0, "2017-06-30": 0, "2017-03-31": "", "2016-12-31": 0, "2016-09-30": 0, "2016-06-30": 0, "2016-03-31": "", "2015-12-31": 0, "2015-09-30": 0, "2015-06-30": 0, "2015-03-31": "", "2014-12-31": 0, "2014-09-30": 0, "2014-06-30": 0, "2014-03-31": "", "2013-12-31": 0, "2013-09-30": 0, "2013-06-30": 0, "2013-03-31": "", "2012-12-31": 0, "2012-09-30": 0, "2012-06-30": 0, "2012-03-31": "", "2011-12-31": 0, "2011-09-30": 0, "2011-06-30": 0, "2011-03-31": "", "2010-12-31": 0, "2010-09-30": 0, "2010-06-30": 0, "2010-03-31": "", "2009-12-31": 0.19, "2009-09-30": -0.09, "2009-06-30": -0.085, "2009-03-31": "-0.01500", "2008-12-31": -0.037, "2008-09-30": -2.541, "2008-06-30": -7.908, "2008-03-31": "-17.94700", "2007-12-31": -37.76, "2007-09-30": -10.691, "2007-06-30": -2.501, "2007-03-31": "-8.72100", "2006-12-31": 263.659, "2006-09-30": -7.23, "2006-06-30": -32.991, "2006-03-31": "-53.03800", "2005-12-31": -55.731, "2005-09-30": -72.543, "2005-06-30": -53.784, "2005-03-31": "-2.74800"}, "Net Change In Long-Term Investments": {"2020-09-30": -26.44, "2020-06-30": -19.784, "2020-03-31": "-12.71500", "2019-12-31": -11.653, "2019-09-30": -10.033, "2019-06-30": -1.943, "2019-03-31": "-5.84100", "2018-12-31": -2.889, "2018-09-30": -2.404, "2018-06-30": -4.085, "2018-03-31": "-2.84800", "2017-12-31": -2.489, "2017-09-30": -2.548, "2017-06-30": -7.002, "2017-03-31": "-1.61000", "2016-12-31": -1.047, "2016-09-30": -0.315, "2016-06-30": 0, "2016-03-31": "", "2015-12-31": -1.352, "2015-09-30": -0.186, "2015-06-30": -0.453, "2015-03-31": "-0.38000", "2014-12-31": -0.381, "2014-09-30": -0.233, "2014-06-30": -0.937, "2014-03-31": "-1.46600", "2013-12-31": -3.11, "2013-09-30": -5.252, "2013-06-30": -1.904, "2013-03-31": "-0.84200", "2012-12-31": 3.092, "2012-09-30": 19.578, "2012-06-30": 5.33, "2012-03-31": "-7.25300", "2011-12-31": -41.32, "2011-09-30": -4.576, "2011-06-30": -5.383, "2011-03-31": "-1.68000", "2010-12-31": 3.933, "2010-09-30": 0.372, "2010-06-30": -1.396, "2010-03-31": "-1.08800", "2009-12-31": -0.664, "2009-09-30": 114.172, "2009-06-30": -3.97, "2009-03-31": "-2.62600", "2008-12-31": -8.01, "2008-09-30": 3.904, "2008-06-30": -23.286, "2008-03-31": "-14.38300", "2007-12-31": -26.64, "2007-09-30": -36.112, "2007-06-30": -23.878, "2007-03-31": "-16.67800", "2006-12-31": -38.583, "2006-09-30": -17.536, "2006-06-30": -7.859, "2006-03-31": "-40.68800", "2005-12-31": -234.961, "2005-09-30": 0, "2005-06-30": 0, "2005-03-31": ""}, "Net Change In Investments - Total": {"2020-09-30": -26.44, "2020-06-30": -19.784, "2020-03-31": "-12.71500", "2019-12-31": -11.653, "2019-09-30": -10.033, "2019-06-30": -1.943, "2019-03-31": "-5.84100", "2018-12-31": -2.889, "2018-09-30": -2.404, "2018-06-30": -4.085, "2018-03-31": "-2.84800", "2017-12-31": -2.489, "2017-09-30": -2.548, "2017-06-30": -7.002, "2017-03-31": "-1.61000", "2016-12-31": -1.047, "2016-09-30": -0.315, "2016-06-30": 0, "2016-03-31": "", "2015-12-31": -1.352, "2015-09-30": -0.186, "2015-06-30": -0.453, "2015-03-31": "-0.38000", "2014-12-31": -0.381, "2014-09-30": -0.233, "2014-06-30": -0.937, "2014-03-31": "-1.46600", "2013-12-31": -3.11, "2013-09-30": -5.252, "2013-06-30": -1.904, "2013-03-31": "-0.84200", "2012-12-31": 3.092, "2012-09-30": 19.578, "2012-06-30": 5.33, "2012-03-31": "-7.25300", "2011-12-31": -41.32, "2011-09-30": -4.576, "2011-06-30": -5.383, "2011-03-31": "-1.68000", "2010-12-31": 3.933, "2010-09-30": 0.372, "2010-06-30": -1.396, "2010-03-31": "-1.08800", "2009-12-31": -0.474, "2009-09-30": 114.082, "2009-06-30": -4.055, "2009-03-31": "-2.64100", "2008-12-31": -8.047, "2008-09-30": 1.363, "2008-06-30": -31.194, "2008-03-31": "-32.33000", "2007-12-31": -64.4, "2007-09-30": -46.803, "2007-06-30": -26.379, "2007-03-31": "-25.39900", "2006-12-31": 225.076, "2006-09-30": -24.766, "2006-06-30": -40.85, "2006-03-31": "-93.72600", "2005-12-31": -290.692, "2005-09-30": -72.543, "2005-06-30": -53.784, "2005-03-31": "-2.74800"}, "Investing Activities - Other": {"2020-09-30": 0, "2020-06-30": 0, "2020-03-31": "", "2019-12-31": 0, "2019-09-30": 0, "2019-06-30": 0, "2019-03-31": "", "2018-12-31": 0, "2018-09-30": 0, "2018-06-30": 0, "2018-03-31": "", "2017-12-31": 0, "2017-09-30": 0, "2017-06-30": 0, "2017-03-31": "", "2016-12-31": 6.654, "2016-09-30": -7.673, "2016-06-30": 4.481, "2016-03-31": "-2.51800", "2015-12-31": -22.017, "2015-09-30": -0.432, "2015-06-30": 4.026, "2015-03-31": "17.64800", "2014-12-31": -17.578, "2014-09-30": -0.125, "2014-06-30": -0.848, "2014-03-31": "1.49900", "2013-12-31": 73.017, "2013-09-30": -4.424, "2013-06-30": 4.835, "2013-03-31": "2.86700", "2012-12-31": 2.817, "2012-09-30": 12.897, "2012-06-30": -3.27, "2012-03-31": "28.89600", "2011-12-31": 14.343, "2011-09-30": 5.66, "2011-06-30": -1.092, "2011-03-31": "-5.36500", "2010-12-31": 90.042, "2010-09-30": -16.333, "2010-06-30": -8.949, "2010-03-31": "-21.65800", "2009-12-31": -20.452, "2009-09-30": -7.531, "2009-06-30": -12.089, "2009-03-31": "-4.36300", "2008-12-31": -7.894, "2008-09-30": -7.763, "2008-06-30": 14.788, "2008-03-31": "42.34200", "2007-12-31": -57.536, "2007-09-30": 18.472, "2007-06-30": 60.219, "2007-03-31": "-10.08600", "2006-12-31": -6.12, "2006-09-30": 24.659, "2006-06-30": -22.236, "2006-03-31": "-15.90000", "2005-12-31": -19.543, "2005-09-30": 12.023, "2005-06-30": -110.887, "2005-03-31": "-8.01100"}, "Cash Flow From Investing Activities": {"2020-09-30": -40.617, "2020-06-30": -36.371, "2020-03-31": "-70.50700", "2019-12-31": -27.279, "2019-09-30": -30.615, "2019-06-30": -4.222, "2019-03-31": "-28.18600", "2018-12-31": -42.45, "2018-09-30": -17.506, "2018-06-30": 49.557, "2018-03-31": "97.67400", "2017-12-31": 191.064, "2017-09-30": 151.917, "2017-06-30": 268.588, "2017-03-31": "-3.26700", "2016-12-31": 20.698, "2016-09-30": 240.845, "2016-06-30": -117.351, "2016-03-31": "-131.74800", "2015-12-31": 30.615, "2015-09-30": 205.554, "2015-06-30": 40.989, "2015-03-31": "-274.53500", "2014-12-31": 98.919, "2014-09-30": 75.396, "2014-06-30": -67.77, "2014-03-31": "-28.64500", "2013-12-31": 71.969, "2013-09-30": 8.576, "2013-06-30": -0.71, "2013-03-31": "23.37700", "2012-12-31": 241.696, "2012-09-30": 210, "2012-06-30": 1.178, "2012-03-31": "18.95500", "2011-12-31": -3.636, "2011-09-30": 73.78, "2011-06-30": 22.093, "2011-03-31": "15.23400", "2010-12-31": 134.555, "2010-09-30": -14.622, "2010-06-30": 49.359, "2010-03-31": "-14.89200", "2009-12-31": 32.506, "2009-09-30": 97.02, "2009-06-30": 24.01, "2009-03-31": "40.17000", "2008-12-31": -55.289, "2008-09-30": -40.521, "2008-06-30": -24.667, "2008-03-31": "-58.07800", "2007-12-31": -77.014, "2007-09-30": -93.53, "2007-06-30": -196.19, "2007-03-31": "-144.94200", "2006-12-31": 77.05, "2006-09-30": -51.493, "2006-06-30": -300.082, "2006-03-31": "-248.94600", "2005-12-31": -777.756, "2005-09-30": -981.89, "2005-06-30": -1679.968, "2005-03-31": "-502.61300"}, "Net Long-Term Debt": {"2020-09-30": 7.8279, "2020-06-30": -715.327, "2020-03-31": "831.08500", "2019-12-31": -6.629, "2019-09-30": -7.387, "2019-06-30": -6.766, "2019-03-31": "25.23600", "2018-12-31": 63.248, "2018-09-30": 14.782, "2018-06-30": -66.03, "2018-03-31": "-136.78800", "2017-12-31": 20.306, "2017-09-30": -154.457, "2017-06-30": -198.983, "2017-03-31": "456.41200", "2016-12-31": -34.789, "2016-09-30": -237.565, "2016-06-30": 15.157, "2016-03-31": "177.16400", "2015-12-31": -212.679, "2015-09-30": -147.408, "2015-06-30": -31.606, "2015-03-31": "212.63200", "2014-12-31": -62.732, "2014-09-30": -94.787, "2014-06-30": 37.308, "2014-03-31": "16.50800", "2013-12-31": -104.137, "2013-09-30": -44.209, "2013-06-30": -100.91, "2013-03-31": "-86.67400", "2012-12-31": -339.9369, "2012-09-30": -198.895, "2012-06-30": -267.933, "2012-03-31": "-37.02700", "2011-12-31": -174.9321, "2011-09-30": -50.617, "2011-06-30": 90.009, "2011-03-31": "-50.29900", "2010-12-31": -116.9469, "2010-09-30": -24.748, "2010-06-30": -120.932, "2010-03-31": "-3.13300", "2009-12-31": -156.964, "2009-09-30": -42.387, "2009-06-30": -62.292, "2009-03-31": "-39.61400", "2008-12-31": 70.958, "2008-09-30": 39.122, "2008-06-30": 143.354, "2008-03-31": "60.35800", "2007-12-31": -160.9, "2007-09-30": 24.877, "2007-06-30": 135.977, "2007-03-31": "299.19800", "2006-12-31": 31.47, "2006-09-30": 78.625, "2006-06-30": 123.756, "2006-03-31": "189.91600", "2005-12-31": 405.698, "2005-09-30": 561.053, "2005-06-30": 693.62, "2005-03-31": "382.04900"}, "Net Current Debt": {"2020-09-30": 0, "2020-06-30": 0, "2020-03-31": "", "2019-12-31": 0, "2019-09-30": 0, "2019-06-30": 0, "2019-03-31": "", "2018-12-31": 0, "2018-09-30": 0, "2018-06-30": 0, "2018-03-31": "", "2017-12-31": 0, "2017-09-30": 0, "2017-06-30": 0, "2017-03-31": "", "2016-12-31": 0, "2016-09-30": 0, "2016-06-30": 0, "2016-03-31": "", "2015-12-31": 0, "2015-09-30": 0, "2015-06-30": 0, "2015-03-31": "", "2014-12-31": 0, "2014-09-30": 0, "2014-06-30": 0, "2014-03-31": "", "2013-12-31": 0, "2013-09-30": 0, "2013-06-30": 0, "2013-03-31": "", "2012-12-31": 0, "2012-09-30": -2.254, "2012-06-30": -4.381, "2012-03-31": "-0.90600", "2011-12-31": 171.635, "2011-09-30": -50, "2011-06-30": -123.455, "2011-03-31": "-0.65600", "2010-12-31": -18.154, "2010-09-30": -1.385, "2010-06-30": 8.653, "2010-03-31": "7.47600", "2009-12-31": 56.34, "2009-09-30": -53.052, "2009-06-30": -41.273, "2009-03-31": "-18.01400", "2008-12-31": -38.885, "2008-09-30": -18.188, "2008-06-30": 6.038, "2008-03-31": "3.54200", "2007-12-31": 10.679, "2007-09-30": 96.526, "2007-06-30": -74.616, "2007-03-31": "49.61600", "2006-12-31": -123.092, "2006-09-30": -1.036, "2006-06-30": 42.708, "2006-03-31": "", "2005-12-31": 29.033, "2005-09-30": 36.558, "2005-06-30": 15.907, "2005-03-31": ""}, "Debt Issuance/Retirement Net - Total": {"2020-09-30": 7.8279, "2020-06-30": -715.327, "2020-03-31": "831.08500", "2019-12-31": -6.629, "2019-09-30": -7.387, "2019-06-30": -6.766, "2019-03-31": "25.23600", "2018-12-31": 63.248, "2018-09-30": 14.782, "2018-06-30": -66.03, "2018-03-31": "-136.78800", "2017-12-31": 20.306, "2017-09-30": -154.457, "2017-06-30": -198.983, "2017-03-31": "456.41200", "2016-12-31": -34.789, "2016-09-30": -237.565, "2016-06-30": 15.157, "2016-03-31": "177.16400", "2015-12-31": -212.679, "2015-09-30": -147.408, "2015-06-30": -31.606, "2015-03-31": "212.63200", "2014-12-31": -62.732, "2014-09-30": -94.787, "2014-06-30": 37.308, "2014-03-31": "16.50800", "2013-12-31": -104.137, "2013-09-30": -44.209, "2013-06-30": -100.91, "2013-03-31": "-86.67400", "2012-12-31": -339.9369, "2012-09-30": -201.149, "2012-06-30": -272.314, "2012-03-31": "-37.93300", "2011-12-31": -3.297, "2011-09-30": -100.617, "2011-06-30": -33.446, "2011-03-31": "-50.95500", "2010-12-31": -135.1009, "2010-09-30": -26.133, "2010-06-30": -112.279, "2010-03-31": "4.34300", "2009-12-31": -100.624, "2009-09-30": -95.439, "2009-06-30": -103.565, "2009-03-31": "-57.62800", "2008-12-31": 32.073, "2008-09-30": 20.934, "2008-06-30": 149.392, "2008-03-31": "63.90000", "2007-12-31": -150.221, "2007-09-30": 121.403, "2007-06-30": 61.361, "2007-03-31": "348.81400", "2006-12-31": -91.622, "2006-09-30": 77.589, "2006-06-30": 166.464, "2006-03-31": "189.91600", "2005-12-31": 434.731, "2005-09-30": 597.611, "2005-06-30": 709.527, "2005-03-31": "382.04900"}, "Net Common Equity Issued/Repurchased": {"2020-09-30": 0, "2020-06-30": 0, "2020-03-31": "", "2019-12-31": 0, "2019-09-30": 0, "2019-06-30": 0, "2019-03-31": "", "2018-12-31": 0, "2018-09-30": 0, "2018-06-30": 0, "2018-03-31": "", "2017-12-31": 0, "2017-09-30": 75.697, "2017-06-30": -75.697, "2017-03-31": "", "2016-12-31": 0, "2016-09-30": 0, "2016-06-30": 0, "2016-03-31": "", "2015-12-31": 0, "2015-09-30": 0, "2015-06-30": 0, "2015-03-31": "", "2014-12-31": 0, "2014-09-30": 0, "2014-06-30": 0, "2014-03-31": "", "2013-12-31": 0, "2013-09-30": 0, "2013-06-30": 84.005, "2013-03-31": "0.83000", "2012-12-31": 0, "2012-09-30": 0, "2012-06-30": 272.081, "2012-03-31": "", "2011-12-31": 0, "2011-09-30": 0, "2011-06-30": 0, "2011-03-31": "", "2010-12-31": 0, "2010-09-30": 0, "2010-06-30": 0, "2010-03-31": "", "2009-12-31": 0, "2009-09-30": 0, "2009-06-30": 0, "2009-03-31": "", "2008-12-31": -53.758, "2008-09-30": -63.494, "2008-06-30": -53.523, "2008-03-31": "-56.38100", "2007-12-31": -86.436, "2007-09-30": -13.876, "2007-06-30": -18.762, "2007-03-31": "-21.06900", "2006-12-31": -16.939, "2006-09-30": -14.614, "2006-06-30": -9.304, "2006-03-31": "-6.33100", "2005-12-31": -83.171, "2005-09-30": 749.923, "2005-06-30": 713.987, "2005-03-31": "682.06200"}, "Net Total Equity Issued/Repurchased": {"2020-09-30": 0, "2020-06-30": 0, "2020-03-31": "", "2019-12-31": 0, "2019-09-30": 0, "2019-06-30": 0, "2019-03-31": "", "2018-12-31": 0, "2018-09-30": 0, "2018-06-30": 0, "2018-03-31": "", "2017-12-31": -135, "2017-09-30": 75.697, "2017-06-30": -75.697, "2017-03-31": "", "2016-12-31": 0, "2016-09-30": 0, "2016-06-30": 0, "2016-03-31": "", "2015-12-31": 0, "2015-09-30": 0, "2015-06-30": 0, "2015-03-31": "", "2014-12-31": 0, "2014-09-30": 0, "2014-06-30": 0, "2014-03-31": "", "2013-12-31": 0, "2013-09-30": 0, "2013-06-30": 84.005, "2013-03-31": "0.83000", "2012-12-31": 130.747, "2012-09-30": 0, "2012-06-30": 272.081, "2012-03-31": "", "2011-12-31": 0, "2011-09-30": 0, "2011-06-30": 0, "2011-03-31": "", "2010-12-31": 0, "2010-09-30": 0, "2010-06-30": 0, "2010-03-31": "", "2009-12-31": 0, "2009-09-30": 0, "2009-06-30": 0, "2009-03-31": "", "2008-12-31": -53.758, "2008-09-30": -63.494, "2008-06-30": -53.523, "2008-03-31": "-56.38100", "2007-12-31": -86.436, "2007-09-30": -13.876, "2007-06-30": -18.762, "2007-03-31": "-21.06900", "2006-12-31": -16.939, "2006-09-30": -14.614, "2006-06-30": -9.304, "2006-03-31": "-6.33100", "2005-12-31": -83.171, "2005-09-30": 749.923, "2005-06-30": 713.987, "2005-03-31": "682.06200"}, "Total Common And Preferred Stock Dividends Paid": {"2020-09-30": 0, "2020-06-30": -35.464, "2020-03-31": "-35.38700", "2019-12-31": -35.387, "2019-09-30": -35.383, "2019-06-30": -35.375, "2019-03-31": "-35.38300", "2018-12-31": -36.312, "2018-09-30": -36.363, "2018-06-30": -36.347, "2018-03-31": "-36.31100", "2017-12-31": -42.214, "2017-09-30": -121.47, "2017-06-30": 0, "2017-03-31": "", "2016-12-31": -166.693, "2016-09-30": 0, "2016-06-30": 0, "2016-03-31": "", "2015-12-31": -166.513, "2015-09-30": 0, "2015-06-30": 0, "2015-03-31": "", "2014-12-31": 0, "2014-09-30": 0, "2014-06-30": 0, "2014-03-31": "", "2013-12-31": 0, "2013-09-30": 0, "2013-06-30": 0, "2013-03-31": "", "2012-12-31": 0, "2012-09-30": 0, "2012-06-30": 0, "2012-03-31": "", "2011-12-31": 0, "2011-09-30": 0, "2011-06-30": 0, "2011-03-31": "", "2010-12-31": 0, "2010-09-30": 0, "2010-06-30": 0, "2010-03-31": "", "2009-12-31": 0, "2009-09-30": 0, "2009-06-30": 0, "2009-03-31": "", "2008-12-31": 0, "2008-09-30": 0, "2008-06-30": 0, "2008-03-31": "", "2007-12-31": 0, "2007-09-30": 0, "2007-06-30": 0, "2007-03-31": "", "2006-12-31": 0, "2006-09-30": 0, "2006-06-30": 0, "2006-03-31": "", "2005-12-31": 0, "2005-09-30": 0, "2005-06-30": 0, "2005-03-31": ""}, "Financial Activities - Other": {"2020-09-30": -7.249, "2020-06-30": 1.065, "2020-03-31": "-0.31600", "2019-12-31": 0.436, "2019-09-30": -8.941, "2019-06-30": -0.081, "2019-03-31": "-0.68300", "2018-12-31": -54.776, "2018-09-30": -25.503, "2018-06-30": -5.428, "2018-03-31": "-2.34400", "2017-12-31": -107.688, "2017-09-30": -40.265, "2017-06-30": -43.859, "2017-03-31": "-484.61400", "2016-12-31": 97.136, "2016-09-30": -42.231, "2016-06-30": -42.127, "2016-03-31": "-49.50500", "2015-12-31": 203.224, "2015-09-30": -92.394, "2015-06-30": -61.441, "2015-03-31": "-56.62100", "2014-12-31": -47.787, "2014-09-30": -41.612, "2014-06-30": -43.173, "2014-03-31": "-41.53700", "2013-12-31": -41.628, "2013-09-30": -43.998, "2013-06-30": -47.356, "2013-03-31": "-38.64600", "2012-12-31": -37.29, "2012-09-30": -38.597, "2012-06-30": -86.271, "2012-03-31": "-26.19100", "2011-12-31": -19.896, "2011-09-30": -19.855, "2011-06-30": -18.893, "2011-03-31": "-29.32300", "2010-12-31": -3.241, "2010-09-30": -14.125, "2010-06-30": -11.43, "2010-03-31": "-23.78100", "2009-12-31": -37.578, "2009-09-30": -10.49, "2009-06-30": -18.977, "2009-03-31": "-14.50500", "2008-12-31": -43.957, "2008-09-30": -40.473, "2008-06-30": -50.442, "2008-03-31": "-31.26000", "2007-12-31": 222.898, "2007-09-30": -129.647, "2007-06-30": 61.378, "2007-03-31": "-313.19900", "2006-12-31": -38.544, "2006-09-30": -33.71, "2006-06-30": -59.194, "2006-03-31": "-7.91400", "2005-12-31": 42.456, "2005-09-30": -145.628, "2005-06-30": -133.588, "2005-03-31": "-151.96600"}, "Cash Flow From Financial Activities": {"2020-09-30": 0.579, "2020-06-30": -749.726, "2020-03-31": "795.38200", "2019-12-31": -41.58, "2019-09-30": -51.711, "2019-06-30": -42.222, "2019-03-31": "-10.83000", "2018-12-31": -27.84, "2018-09-30": -47.084, "2018-06-30": -107.805, "2018-03-31": "-175.44300", "2017-12-31": -264.596, "2017-09-30": -240.495, "2017-06-30": -318.539, "2017-03-31": "-28.20200", "2016-12-31": -104.346, "2016-09-30": -279.796, "2016-06-30": -26.97, "2016-03-31": "127.65900", "2015-12-31": -175.968, "2015-09-30": -239.802, "2015-06-30": -93.047, "2015-03-31": "156.01100", "2014-12-31": -110.519, "2014-09-30": -136.399, "2014-06-30": -5.865, "2014-03-31": "-25.02900", "2013-12-31": -145.765, "2013-09-30": -88.207, "2013-06-30": -64.261, "2013-03-31": "-124.49000", "2012-12-31": -246.48, "2012-09-30": -239.746, "2012-06-30": -86.504, "2012-03-31": "-64.12400", "2011-12-31": -23.193, "2011-09-30": -120.472, "2011-06-30": -52.339, "2011-03-31": "-80.27800", "2010-12-31": -138.342, "2010-09-30": -40.258, "2010-06-30": -123.709, "2010-03-31": "-19.43800", "2009-12-31": -138.202, "2009-09-30": -105.929, "2009-06-30": -122.542, "2009-03-31": "-72.13300", "2008-12-31": -65.642, "2008-09-30": -83.033, "2008-06-30": 45.427, "2008-03-31": "-23.74100", "2007-12-31": -13.759, "2007-09-30": -22.12, "2007-06-30": 103.977, "2007-03-31": "14.54600", "2006-12-31": -147.105, "2006-09-30": 29.265, "2006-06-30": 97.966, "2006-03-31": "175.67100", "2005-12-31": 394.016, "2005-09-30": 1201.906, "2005-06-30": 1289.926, "2005-03-31": "912.14500"}, "Net Cash Flow": {"2020-09-30": 14.178, "2020-06-30": -756.714, "2020-03-31": "759.91700", "2019-12-31": -8.056, "2019-09-30": -10.824, "2019-06-30": 15.787, "2019-03-31": "-2.06100", "2018-12-31": -17.835, "2018-09-30": -1.585, "2018-06-30": -3.71, "2018-03-31": "-43.60400", "2017-12-31": -15.232, "2017-09-30": -30.079, "2017-06-30": 19.587, "2017-03-31": "29.71000", "2016-12-31": -22.526, "2016-09-30": 39.283, "2016-06-30": -70.8, "2016-03-31": "49.16400", "2015-12-31": -87.779, "2015-09-30": 31.837, "2015-06-30": 19.806, "2015-03-31": "-47.39700", "2014-12-31": 44.462, "2014-09-30": 9.262, "2014-06-30": -4.099, "2014-03-31": "4.47700", "2013-12-31": -12.131, "2013-09-30": -3.254, "2013-06-30": 6.129, "2013-03-31": "-70.62300", "2012-12-31": 30.646, "2012-09-30": 5.077, "2012-06-30": -23.769, "2012-03-31": "-9.89400", "2011-12-31": 19.391, "2011-09-30": -3.316, "2011-06-30": 22.91, "2011-03-31": "-33.18900", "2010-12-31": 14.197, "2010-09-30": 4.781, "2010-06-30": -18.954, "2010-03-31": "4.28500", "2009-12-31": -59.822, "2009-09-30": 69.876, "2009-06-30": -24.93, "2009-03-31": "19.61300", "2008-12-31": -79.057, "2008-09-30": -22.807, "2008-06-30": 99.014, "2008-03-31": "6.65700", "2007-12-31": -28.272, "2007-09-30": -22.851, "2007-06-30": -3.246, "2007-03-31": "-56.02200", "2006-12-31": -16.686, "2006-09-30": 59.448, "2006-06-30": -116.32, "2006-03-31": "2.46200", "2005-12-31": -338.668, "2005-09-30": 266.474, "2005-06-30": -322.928, "2005-03-31": "452.74500"}, "Stock-Based Compensation": {"2020-09-30": 2.28, "2020-06-30": 2.221, "2020-03-31": "2.23300", "2019-12-31": 1.887, "2019-09-30": 1.849, "2019-06-30": 1.857, "2019-03-31": "1.96600", "2018-12-31": 1.664, "2018-09-30": 1.599, "2018-06-30": 1.596, "2018-03-31": "2.13300", "2017-12-31": 1.576, "2017-09-30": 0.934, "2017-06-30": 1.756, "2017-03-31": "1.79300", "2016-12-31": 1.913, "2016-09-30": 1.594, "2016-06-30": 1.676, "2016-03-31": "2.02600", "2015-12-31": 2.53, "2015-09-30": 2.099, "2015-06-30": 4.757, "2015-03-31": "1.36900", "2014-12-31": 0.927, "2014-09-30": 0.922, "2014-06-30": 0.982, "2014-03-31": "0.58900", "2013-12-31": 0.479, "2013-09-30": 0, "2013-06-30": 0, "2013-03-31": "", "2012-12-31": 0, "2012-09-30": 0, "2012-06-30": 0, "2012-03-31": "", "2011-12-31": 0, "2011-09-30": 0, "2011-06-30": 0, "2011-03-31": "", "2010-12-31": -0.033, "2010-09-30": 0.011, "2010-06-30": 0.011, "2010-03-31": "0.01100", "2009-12-31": -0.013, "2009-09-30": 0.004, "2009-06-30": 0.005, "2009-03-31": "0.00400", "2008-12-31": 0.003, "2008-09-30": 0.002, "2008-06-30": 0, "2008-03-31": "0.00300", "2007-12-31": 0, "2007-09-30": 0.002, "2007-06-30": 0, "2007-03-31": "", "2006-12-31": 0.002, "2006-09-30": 0, "2006-06-30": 0, "2006-03-31": "", "2005-12-31": 0, "2005-09-30": 0, "2005-06-30": 0, "2005-03-31": ""}, "Common Stock Dividends Paid": {"2020-09-30": 0, "2020-06-30": -35.464, "2020-03-31": "-35.38700", "2019-12-31": -35.387, "2019-09-30": -35.383, "2019-06-30": -35.375, "2019-03-31": "-35.38300", "2018-12-31": -36.312, "2018-09-30": -36.363, "2018-06-30": -36.347, "2018-03-31": "-36.31100", "2017-12-31": -42.214, "2017-09-30": -121.47, "2017-06-30": 0, "2017-03-31": "", "2016-12-31": -166.693, "2016-09-30": 0, "2016-06-30": 0, "2016-03-31": "", "2015-12-31": -166.513, "2015-09-30": 0, "2015-06-30": 0, "2015-03-31": "", "2014-12-31": 0, "2014-09-30": 0, "2014-06-30": 0, "2014-03-31": "", "2013-12-31": 0, "2013-09-30": 0, "2013-06-30": 0, "2013-03-31": "", "2012-12-31": 0, "2012-09-30": 0, "2012-06-30": 0, "2012-03-31": "", "2011-12-31": 0, "2011-09-30": 0, "2011-06-30": 0, "2011-03-31": "", "2010-12-31": 0, "2010-09-30": 0, "2010-06-30": 0, "2010-03-31": "", "2009-12-31": 0, "2009-09-30": 0, "2009-06-30": 0, "2009-03-31": "", "2008-12-31": 0, "2008-09-30": 0, "2008-06-30": 0, "2008-03-31": "", "2007-12-31": 0, "2007-09-30": 0, "2007-06-30": 0, "2007-03-31": "", "2006-12-31": 0, "2006-09-30": 0, "2006-06-30": 0, "2006-03-31": "", "2005-12-31": 0, "2005-09-30": 0, "2005-06-30": 0, "2005-03-31": ""}}, "financial ratios": {"Current Ratio": {"2019-12-31": "", "2018-12-31": "", "2017-12-31": "", "2016-12-31": "", "2015-12-31": "", "2014-12-31": "", "2013-12-31": "", "2012-12-31": "", "2011-12-31": "", "2010-12-31": "", "2009-12-31": "", "2008-12-31": "", "2007-12-31": "", "2006-12-31": "", "2005-12-31": ""}, "Long-term Debt / Capital": {"2019-12-31": "0.49830", "2018-12-31": "0.48150", "2017-12-31": "0.48080", "2016-12-31": "0.48140", "2015-12-31": "0.50130", "2014-12-31": "0.51430", "2013-12-31": "0.49900", "2012-12-31": "0.52180", "2011-12-31": "0.62320", "2010-12-31": "0.62390", "2009-12-31": "0.62980", "2008-12-31": "0.64240", "2007-12-31": "0.54700", "2006-12-31": "0.55140", "2005-12-31": "0.51860"}, "Debt/Equity Ratio": {"2019-12-31": "1.01480", "2018-12-31": "0.94870", "2017-12-31": "0.94520", "2016-12-31": "0.94660", "2015-12-31": "1.02330", "2014-12-31": "1.07700", "2013-12-31": "1.01300", "2012-12-31": "1.10710", "2011-12-31": "1.66860", "2010-12-31": "1.67040", "2009-12-31": "1.70780", "2008-12-31": "1.80630", "2007-12-31": "1.21490", "2006-12-31": "1.23620", "2005-12-31": "1.08400"}, "Gross Margin": {"2019-12-31": "", "2018-12-31": "", "2017-12-31": "", "2016-12-31": "", "2015-12-31": "", "2014-12-31": "", "2013-12-31": "", "2012-12-31": "", "2011-12-31": "", "2010-12-31": "", "2009-12-31": "", "2008-12-31": "", "2007-12-31": "", "2006-12-31": "", "2005-12-31": ""}, "Operating Margin": {"2019-12-31": "19.24140", "2018-12-31": "23.52550", "2017-12-31": "11.00740", "2016-12-31": "21.63210", "2015-12-31": "23.35750", "2014-12-31": "17.09000", "2013-12-31": "14.05620", "2012-12-31": "25.33350", "2011-12-31": "23.60990", "2010-12-31": "24.25820", "2009-12-31": "19.53230", "2008-12-31": "12.79010", "2007-12-31": "24.94840", "2006-12-31": "27.14600", "2005-12-31": "30.32990"}, "EBIT Margin": {"2019-12-31": "19.24140", "2018-12-31": "23.52550", "2017-12-31": "11.00740", "2016-12-31": "21.63210", "2015-12-31": "23.35750", "2014-12-31": "17.09000", "2013-12-31": "14.05620", "2012-12-31": "25.33350", "2011-12-31": "23.60990", "2010-12-31": "24.25820", "2009-12-31": "19.53230", "2008-12-31": "12.79010", "2007-12-31": "24.94840", "2006-12-31": "27.14600", "2005-12-31": "30.32990"}, "EBITDA Margin": {"2019-12-31": "60.22990", "2018-12-31": "60.70570", "2017-12-31": "50.31340", "2016-12-31": "61.10970", "2015-12-31": "59.75640", "2014-12-31": "53.86770", "2013-12-31": "58.26530", "2012-12-31": "69.78640", "2011-12-31": "69.79410", "2010-12-31": "67.87890", "2009-12-31": "61.53000", "2008-12-31": "51.48400", "2007-12-31": "63.65940", "2006-12-31": "65.05140", "2005-12-31": "67.95900"}, "Pre-Tax Profit Margin": {"2019-12-31": "6.72570", "2018-12-31": "16.09130", "2017-12-31": "46.73350", "2016-12-31": "6.36380", "2015-12-31": "0.63450", "2014-12-31": "0.09940", "2013-12-31": "-7.77050", "2012-12-31": "-2.70500", "2011-12-31": "-13.48480", "2010-12-31": "-16.16740", "2009-12-31": "-16.57880", "2008-12-31": "-93.10370", "2007-12-31": "0.30070", "2006-12-31": "4.42290", "2005-12-31": "8.84920"}, "Net Profit Margin": {"2019-12-31": "6.64170", "2018-12-31": "16.02100", "2017-12-31": "44.06130", "2016-12-31": "26.98600", "2015-12-31": "19.14800", "2014-12-31": "5.63590", "2013-12-31": "0.75720", "2012-12-31": "-0.13370", "2011-12-31": "-13.69550", "2010-12-31": "-16.09270", "2009-12-31": "-17.31970", "2008-12-31": "-96.68150", "2007-12-31": "5.91390", "2006-12-31": "4.65470", "2005-12-31": "9.03960"}, "Asset Turnover": {"2019-12-31": "0.13430", "2018-12-31": "0.13230", "2017-12-31": "0.13730", "2016-12-31": "0.13100", "2015-12-31": "0.13070", "2014-12-31": "0.12540", "2013-12-31": "0.11310", "2012-12-31": "0.10140", "2011-12-31": "0.08920", "2010-12-31": "0.09320", "2009-12-31": "0.09360", "2008-12-31": "0.09300", "2007-12-31": "0.08480", "2006-12-31": "0.08240", "2005-12-31": "0.06190"}, "Inventory Turnover Ratio": {"2019-12-31": "", "2018-12-31": "", "2017-12-31": "", "2016-12-31": "", "2015-12-31": "", "2014-12-31": "", "2013-12-31": "", "2012-12-31": "", "2011-12-31": "", "2010-12-31": "", "2009-12-31": "", "2008-12-31": "", "2007-12-31": "", "2006-12-31": "", "2005-12-31": ""}, "Receiveable Turnover": {"2019-12-31": "", "2018-12-31": "", "2017-12-31": "", "2016-12-31": "", "2015-12-31": "", "2014-12-31": "", "2013-12-31": "", "2012-12-31": "", "2011-12-31": "", "2010-12-31": "", "2009-12-31": "", "2008-12-31": "", "2007-12-31": "", "2006-12-31": "", "2005-12-31": ""}, "Days Sales In Receivables": {"2019-12-31": "", "2018-12-31": "", "2017-12-31": "", "2016-12-31": "", "2015-12-31": "", "2014-12-31": "", "2013-12-31": "", "2012-12-31": "", "2011-12-31": "", "2010-12-31": "", "2009-12-31": "", "2008-12-31": "", "2007-12-31": "", "2006-12-31": "", "2005-12-31": ""}, "ROE - Return On Equity": {"2019-12-31": "1.98020", "2018-12-31": "4.44420", "2017-12-31": "13.33670", "2016-12-31": "1.72440", "2015-12-31": "0.17780", "2014-12-31": "0.02730", "2013-12-31": "-1.85610", "2012-12-31": "-0.60480", "2011-12-31": "-3.34620", "2010-12-31": "-4.19360", "2009-12-31": "-4.39670", "2008-12-31": "-25.55930", "2007-12-31": "0.05890", "2006-12-31": "0.86510", "2005-12-31": "1.21100"}, "Return On Tangible Equity": {"2019-12-31": "2.08170", "2018-12-31": "4.70570", "2017-12-31": "14.26450", "2016-12-31": "1.84620", "2015-12-31": "0.19000", "2014-12-31": "0.02890", "2013-12-31": "-1.96650", "2012-12-31": "-0.63860", "2011-12-31": "-3.64360", "2010-12-31": "-4.66060", "2009-12-31": "-5.00140", "2008-12-31": "-29.76910", "2007-12-31": "0.07630", "2006-12-31": "1.01150", "2005-12-31": "1.41330"}, "ROA - Return On Assets": {"2019-12-31": "0.90330", "2018-12-31": "2.12860", "2017-12-31": "6.41840", "2016-12-31": "0.83340", "2015-12-31": "0.08290", "2014-12-31": "0.01250", "2013-12-31": "-0.87860", "2012-12-31": "-0.27430", "2011-12-31": "-1.20320", "2010-12-31": "-1.50760", "2009-12-31": "-1.55200", "2008-12-31": "-8.65590", "2007-12-31": "0.02550", "2006-12-31": "0.36440", "2005-12-31": "0.54780"}, "ROI - Return On Investment": {"2019-12-31": "0.99350", "2018-12-31": "2.30450", "2017-12-31": "6.92470", "2016-12-31": "0.89420", "2015-12-31": "0.08870", "2014-12-31": "0.01320", "2013-12-31": "-0.92990", "2012-12-31": "-0.28920", "2011-12-31": "-1.26080", "2010-12-31": "-1.57730", "2009-12-31": "-1.62760", "2008-12-31": "-9.14010", "2007-12-31": "0.02670", "2006-12-31": "0.38800", "2005-12-31": "0.58290"}, "Book Value Per Share": {"2019-12-31": "7.65950", "2018-12-31": "8.19510", "2017-12-31": "8.60120", "2016-12-31": "9.08940", "2015-12-31": "9.08400", "2014-12-31": "9.25340", "2013-12-31": "9.77070", "2012-12-31": "10.30060", "2011-12-31": "11.03980", "2010-12-31": "4.81010", "2009-12-31": "5.07680", "2008-12-31": "5.39420", "2007-12-31": "7.42130", "2006-12-31": "7.85980", "2005-12-31": "8.40020"}, "Operating Cash Flow Per Share": {"2019-12-31": 0.1503, "2018-12-31": -0.1363, "2017-12-31": -0.0513, "2016-12-31": -0.0049, "2015-12-31": 0.0525, "2014-12-31": 0.052, "2013-12-31": 0.2656, "2012-12-31": -0.1494, "2011-12-31": -0.044, "2010-12-31": 0.4311, "2009-12-31": -0.1224, "2008-12-31": -0.0588, "2007-12-31": 0.0301, "2006-12-31": 0.0956, "2005-12-31": 0.5757}, "Free Cash Flow Per Share": {"2019-12-31": -0.591, "2018-12-31": -2.3736, "2017-12-31": 2.5877, "2016-12-31": 0.0249, "2015-12-31": -0.3378, "2014-12-31": 0.3044, "2013-12-31": -1.4305, "2012-12-31": 0.9459, "2011-12-31": 0.1534, "2010-12-31": 0.7237, "2009-12-31": 0.4255, "2008-12-31": 0.3649, "2007-12-31": 0.5343, "2006-12-31": 7.9585, "2005-12-31": -8.4898}}, "financial ratios, quarterly": {"Current Ratio": {"2020-09-30": "", "2020-06-30": "", "2020-03-31": "", "2019-12-31": "", "2019-09-30": "", "2019-06-30": "", "2019-03-31": "", "2018-12-31": "", "2018-09-30": "", "2018-06-30": "", "2018-03-31": "", "2017-12-31": "", "2017-09-30": "", "2017-06-30": "", "2017-03-31": "", "2016-12-31": "", "2016-09-30": "", "2016-06-30": "", "2016-03-31": "", "2015-12-31": "", "2015-09-30": "", "2015-06-30": "", "2015-03-31": "", "2014-12-31": "", "2014-09-30": "", "2014-06-30": "", "2014-03-31": "", "2013-12-31": "", "2013-09-30": "", "2013-06-30": "", "2013-03-31": "", "2012-12-31": "", "2012-09-30": "", "2012-06-30": "", "2012-03-31": "", "2011-12-31": "", "2011-09-30": "", "2011-06-30": "", "2011-03-31": "", "2010-12-31": "", "2010-09-30": "", "2010-06-30": "", "2010-03-31": "", "2009-12-31": "", "2009-09-30": "", "2009-06-30": "", "2009-03-31": "", "2008-12-31": "", "2008-09-30": "", "2008-06-30": "", "2008-03-31": "", "2007-12-31": "", "2007-09-30": "", "2007-06-30": "", "2007-03-31": "", "2006-12-31": "", "2006-09-30": "", "2006-06-30": "", "2006-03-31": "", "2005-12-31": "", "2005-09-30": "", "2005-06-30": "", "2005-03-31": ""}, "Long-term Debt / Capital": {"2020-09-30": "0.52370", "2020-06-30": "0.52210", "2020-03-31": "0.60600", "2019-12-31": "0.49830", "2019-09-30": "0.49760", "2019-06-30": "0.48890", "2019-03-31": "0.48740", "2018-12-31": "0.48150", "2018-09-30": "0.46150", "2018-06-30": "0.45200", "2018-03-31": "0.45940", "2017-12-31": "0.48080", "2017-09-30": "0.45600", "2017-06-30": "0.47200", "2017-03-31": "0.49700", "2016-12-31": "0.48140", "2016-09-30": "0.48350", "2016-06-30": "0.51480", "2016-03-31": "0.50990", "2015-12-31": "0.50130", "2015-09-30": "0.51290", "2015-06-30": "0.53690", "2015-03-31": "0.54080", "2014-12-31": "0.51430", "2014-09-30": "0.52240", "2014-06-30": "0.52310", "2014-03-31": "0.50110", "2013-12-31": "0.49900", "2013-09-30": "0.50100", "2013-06-30": "0.49920", "2013-03-31": "0.51770", "2012-12-31": "0.52180", "2012-09-30": "0.56270", "2012-06-30": "0.57230", "2012-03-31": "0.62410", "2011-12-31": "0.62320", "2011-09-30": "0.61640", "2011-06-30": "0.62690", "2011-03-31": "0.62570", "2010-12-31": "0.62390", "2010-09-30": "0.63100", "2010-06-30": "0.63440", "2010-03-31": "0.63350", "2009-12-31": "0.62980", "2009-09-30": "0.63480", "2009-06-30": "0.63880", "2009-03-31": "0.64620", "2008-12-31": "0.64240", "2008-09-30": "0.58800", "2008-06-30": "0.57470", "2008-03-31": "0.55930", "2007-12-31": "0.54700", "2007-09-30": "0.56770", "2007-06-30": "0.56140", "2007-03-31": "0.55990", "2006-12-31": "0.55140", "2006-09-30": "0.55360", "2006-06-30": "0.54630", "2006-03-31": "0.53390", "2005-12-31": "0.51860", "2005-09-30": "0.48640", "2005-06-30": "0.48480", "2005-03-31": "0.46540"}, "Debt/Equity Ratio": {"2020-09-30": "1.10610", "2020-06-30": "1.09250", "2020-03-31": "1.56010", "2019-12-31": "1.01480", "2019-09-30": "1.01200", "2019-06-30": "0.97730", "2019-03-31": "0.97130", "2018-12-31": "0.94870", "2018-09-30": "0.87690", "2018-06-30": "0.84430", "2018-03-31": "0.86890", "2017-12-31": "0.94520", "2017-09-30": "0.85790", "2017-06-30": "0.91200", "2017-03-31": "1.00690", "2016-12-31": "0.94660", "2016-09-30": "0.95430", "2016-06-30": "1.07930", "2016-03-31": "1.05860", "2015-12-31": "1.02330", "2015-09-30": "1.07100", "2015-06-30": "1.17770", "2015-03-31": "1.19570", "2014-12-31": "1.07700", "2014-09-30": "1.11150", "2014-06-30": "1.11430", "2014-03-31": "1.02180", "2013-12-31": "1.01300", "2013-09-30": "1.02110", "2013-06-30": "1.01430", "2013-03-31": "1.09090", "2012-12-31": "1.10710", "2012-09-30": "1.30350", "2012-06-30": "1.35440", "2012-03-31": "1.67530", "2011-12-31": "1.66860", "2011-09-30": "1.60710", "2011-06-30": "1.69420", "2011-03-31": "1.68400", "2010-12-31": "1.67040", "2010-09-30": "1.72060", "2010-06-30": "1.74460", "2010-03-31": "1.73740", "2009-12-31": "1.70780", "2009-09-30": "1.74270", "2009-06-30": "1.77780", "2009-03-31": "1.83580", "2008-12-31": "1.80630", "2008-09-30": "1.43520", "2008-06-30": "1.35900", "2008-03-31": "1.27650", "2007-12-31": "1.21490", "2007-09-30": "1.32050", "2007-06-30": "1.28680", "2007-03-31": "1.27930", "2006-12-31": "1.23620", "2006-09-30": "1.24660", "2006-06-30": "1.21040", "2006-03-31": "1.15210", "2005-12-31": "1.08400", "2005-09-30": "0.95300", "2005-06-30": "0.94700", "2005-03-31": "0.87630"}, "Gross Margin": {"2020-09-30": "", "2020-06-30": "", "2020-03-31": "", "2019-12-31": "", "2019-09-30": "", "2019-06-30": "", "2019-03-31": "", "2018-12-31": "", "2018-09-30": "", "2018-06-30": "", "2018-03-31": "", "2017-12-31": "", "2017-09-30": "", "2017-06-30": "", "2017-03-31": "", "2016-12-31": "", "2016-09-30": "", "2016-06-30": "", "2016-03-31": "", "2015-12-31": "", "2015-09-30": "", "2015-06-30": "", "2015-03-31": "", "2014-12-31": "", "2014-09-30": "", "2014-06-30": "", "2014-03-31": "", "2013-12-31": "", "2013-09-30": "", "2013-06-30": "", "2013-03-31": "", "2012-12-31": "", "2012-09-30": "", "2012-06-30": "", "2012-03-31": "", "2011-12-31": "", "2011-09-30": "", "2011-06-30": "", "2011-03-31": "", "2010-12-31": "", "2010-09-30": "", "2010-06-30": "", "2010-03-31": "", "2009-12-31": "", "2009-09-30": "", "2009-06-30": "", "2009-03-31": "", "2008-12-31": "", "2008-09-30": "", "2008-06-30": "", "2008-03-31": "", "2007-12-31": "", "2007-09-30": "", "2007-06-30": "", "2007-03-31": "", "2006-12-31": "", "2006-09-30": "", "2006-06-30": "", "2006-03-31": "", "2005-12-31": "", "2005-09-30": "", "2005-06-30": "", "2005-03-31": ""}, "Operating Margin": {"2020-09-30": "18.14860", "2020-06-30": "12.18760", "2020-03-31": "28.69880", "2019-12-31": "27.48700", "2019-09-30": "-3.27860", "2019-06-30": "25.79250", "2019-03-31": "26.77030", "2018-12-31": "24.43150", "2018-09-30": "26.16740", "2018-06-30": "22.96920", "2018-03-31": "20.66930", "2017-12-31": "16.46680", "2017-09-30": "-12.25260", "2017-06-30": "13.92100", "2017-03-31": "24.54050", "2016-12-31": "12.67790", "2016-09-30": "21.92620", "2016-06-30": "25.59740", "2016-03-31": "26.01810", "2015-12-31": "15.43310", "2015-09-30": "28.66680", "2015-06-30": "22.19460", "2015-03-31": "26.97440", "2014-12-31": "21.28320", "2014-09-30": "-5.95720", "2014-06-30": "25.54800", "2014-03-31": "27.86830", "2013-12-31": "5.09660", "2013-09-30": "7.97210", "2013-06-30": "19.33190", "2013-03-31": "25.28610", "2012-12-31": "26.20960", "2012-09-30": "25.23160", "2012-06-30": "24.57280", "2012-03-31": "25.49520", "2011-12-31": "51.26420", "2011-09-30": "27.39290", "2011-06-30": "24.45220", "2011-03-31": "3.83790", "2010-12-31": "23.44180", "2010-09-30": "24.80160", "2010-06-30": "23.02320", "2010-03-31": "25.46390", "2009-12-31": "32.12630", "2009-09-30": "20.32950", "2009-06-30": "17.75000", "2009-03-31": "9.74590", "2008-12-31": "-36.52710", "2008-09-30": "19.00450", "2008-06-30": "26.22870", "2008-03-31": "33.82530", "2007-12-31": "24.81210", "2007-09-30": "23.82330", "2007-06-30": "28.49550", "2007-03-31": "22.73550", "2006-12-31": "23.35800", "2006-09-30": "27.13330", "2006-06-30": "28.57010", "2006-03-31": "29.25770", "2005-12-31": "27.86940", "2005-09-30": "30.36330", "2005-06-30": "31.55990", "2005-03-31": "32.85600"}, "EBIT Margin": {"2020-09-30": "18.14860", "2020-06-30": "12.18760", "2020-03-31": "28.69880", "2019-12-31": "27.48700", "2019-09-30": "-3.27860", "2019-06-30": "25.79250", "2019-03-31": "26.77030", "2018-12-31": "24.43150", "2018-09-30": "26.16740", "2018-06-30": "22.96920", "2018-03-31": "20.66930", "2017-12-31": "16.46680", "2017-09-30": "-12.25260", "2017-06-30": "13.92100", "2017-03-31": "24.54050", "2016-12-31": "12.67790", "2016-09-30": "21.92620", "2016-06-30": "25.59740", "2016-03-31": "26.01810", "2015-12-31": "15.43310", "2015-09-30": "28.66680", "2015-06-30": "22.19460", "2015-03-31": "26.97440", "2014-12-31": "21.28320", "2014-09-30": "-5.95720", "2014-06-30": "25.54800", "2014-03-31": "27.86830", "2013-12-31": "5.09660", "2013-09-30": "7.97210", "2013-06-30": "19.33190", "2013-03-31": "25.28610", "2012-12-31": "26.20960", "2012-09-30": "25.23160", "2012-06-30": "24.57280", "2012-03-31": "25.49520", "2011-12-31": "51.26420", "2011-09-30": "27.39290", "2011-06-30": "24.45220", "2011-03-31": "3.83790", "2010-12-31": "23.44180", "2010-09-30": "24.80160", "2010-06-30": "23.02320", "2010-03-31": "25.46390", "2009-12-31": "32.12630", "2009-09-30": "20.32950", "2009-06-30": "17.75000", "2009-03-31": "9.74590", "2008-12-31": "-36.52710", "2008-09-30": "19.00450", "2008-06-30": "26.22870", "2008-03-31": "33.82530", "2007-12-31": "24.81210", "2007-09-30": "23.82330", "2007-06-30": "28.49550", "2007-03-31": "22.73550", "2006-12-31": "23.35800", "2006-09-30": "27.13330", "2006-06-30": "28.57010", "2006-03-31": "29.25770", "2005-12-31": "27.86940", "2005-09-30": "30.36330", "2005-06-30": "31.55990", "2005-03-31": "32.85600"}, "EBITDA Margin": {"2020-09-30": "", "2020-06-30": "", "2020-03-31": "", "2019-12-31": "", "2019-09-30": "", "2019-06-30": "", "2019-03-31": "", "2018-12-31": "", "2018-09-30": "", "2018-06-30": "", "2018-03-31": "", "2017-12-31": "", "2017-09-30": "", "2017-06-30": "", "2017-03-31": "", "2016-12-31": "", "2016-09-30": "", "2016-06-30": "", "2016-03-31": "", "2015-12-31": "", "2015-09-30": "", "2015-06-30": "", "2015-03-31": "", "2014-12-31": "", "2014-09-30": "", "2014-06-30": "", "2014-03-31": "", "2013-12-31": "", "2013-09-30": "", "2013-06-30": "", "2013-03-31": "", "2012-12-31": "", "2012-09-30": "", "2012-06-30": "", "2012-03-31": "", "2011-12-31": "", "2011-09-30": "", "2011-06-30": "", "2011-03-31": "", "2010-12-31": "", "2010-09-30": "", "2010-06-30": "", "2010-03-31": "", "2009-12-31": "", "2009-09-30": "", "2009-06-30": "", "2009-03-31": "", "2008-12-31": "", "2008-09-30": "", "2008-06-30": "", "2008-03-31": "", "2007-12-31": "", "2007-09-30": "", "2007-06-30": "", "2007-03-31": "", "2006-12-31": "", "2006-09-30": "", "2006-06-30": "", "2006-03-31": "", "2005-12-31": "", "2005-09-30": "", "2005-06-30": "", "2005-03-31": ""}, "Pre-Tax Profit Margin": {"2020-09-30": "-2.13120", "2020-06-30": "-7.58960", "2020-03-31": "18.83570", "2019-12-31": "13.38550", "2019-09-30": "-23.51630", "2019-06-30": "17.87270", "2019-03-31": "18.91400", "2018-12-31": "10.17480", "2018-09-30": "10.77250", "2018-06-30": "9.13200", "2018-03-31": "33.46630", "2017-12-31": "269.21820", "2017-09-30": "-28.48480", "2017-06-30": "-1.35800", "2017-03-31": "-34.98010", "2016-12-31": "-9.57960", "2016-09-30": "4.22690", "2016-06-30": "12.89790", "2016-03-31": "17.28150", "2015-12-31": "-3.38640", "2015-09-30": "2.20460", "2015-06-30": "-1.95970", "2015-03-31": "5.55100", "2014-12-31": "-0.41420", "2014-09-30": "-27.66910", "2014-06-30": "20.15490", "2014-03-31": "9.12990", "2013-12-31": "-2.46750", "2013-09-30": "-14.78710", "2013-06-30": "-5.57060", "2013-03-31": "-8.80580", "2012-12-31": "1.16160", "2012-09-30": "-2.10150", "2012-06-30": "4.27520", "2012-03-31": "-13.06990", "2011-12-31": "14.89360", "2011-09-30": "-12.50570", "2011-06-30": "-12.57390", "2011-03-31": "-31.03600", "2010-12-31": "-14.08270", "2010-09-30": "-15.02930", "2010-06-30": "-18.92630", "2010-03-31": "-15.96670", "2009-12-31": "-15.69900", "2009-09-30": "13.40740", "2009-06-30": "-25.61340", "2009-03-31": "-37.41460", "2008-12-31": "-356.03530", "2008-09-30": "-42.41270", "2008-06-30": "-24.08710", "2008-03-31": "5.11450", "2007-12-31": "-6.79430", "2007-09-30": "-0.53260", "2007-06-30": "11.47680", "2007-03-31": "-4.12650", "2006-12-31": "1.01760", "2006-09-30": "4.05450", "2006-06-30": "5.41830", "2006-03-31": "6.99100", "2005-12-31": "8.93320", "2005-09-30": "8.39340", "2005-06-30": "8.45420", "2005-03-31": "9.92870"}, "Net Profit Margin": {"2020-09-30": "-2.13120", "2020-06-30": "-7.58960", "2020-03-31": "18.83570", "2019-12-31": "13.05030", "2019-09-30": "-23.51630", "2019-06-30": "17.87270", "2019-03-31": "18.91400", "2018-12-31": "9.89070", "2018-09-30": "10.77250", "2018-06-30": "9.13200", "2018-03-31": "33.46630", "2017-12-31": "81.07480", "2017-09-30": "25.69890", "2017-06-30": "81.84130", "2017-03-31": "-7.97670", "2016-12-31": "11.16060", "2016-09-30": "48.52550", "2016-06-30": "17.82230", "2016-03-31": "30.31780", "2015-12-31": "0.43240", "2015-09-30": "50.32430", "2015-06-30": "18.76960", "2015-03-31": "6.99360", "2014-12-31": "15.30780", "2014-09-30": "-19.21330", "2014-06-30": "18.90120", "2014-03-31": "7.88650", "2013-12-31": "23.00100", "2013-09-30": "-29.32160", "2013-06-30": "10.28420", "2013-03-31": "-3.21820", "2012-12-31": "12.54350", "2012-09-30": "-11.48870", "2012-06-30": "12.71770", "2012-03-31": "-11.39930", "2011-12-31": "-16.38700", "2011-09-30": "-3.43940", "2011-06-30": "-9.31320", "2011-03-31": "-26.27640", "2010-12-31": "-3.15260", "2010-09-30": "-15.75450", "2010-06-30": "-23.88070", "2010-03-31": "-17.33240", "2009-12-31": "-30.92840", "2009-09-30": "7.65300", "2009-06-30": "-19.62810", "2009-03-31": "-27.61720", "2008-12-31": "-372.72710", "2008-09-30": "-42.26070", "2008-06-30": "-23.97510", "2008-03-31": "5.07910", "2007-12-31": "19.61700", "2007-09-30": "-0.42620", "2007-06-30": "11.59610", "2007-03-31": "-4.07890", "2006-12-31": "2.01270", "2006-09-30": "4.05450", "2006-06-30": "5.41840", "2006-03-31": "6.99100", "2005-12-31": "17.58030", "2005-09-30": "0.00000", "2005-06-30": "8.45420", "2005-03-31": "9.92870"}, "Asset Turnover": {"2020-09-30": "0.02950", "2020-06-30": "0.02670", "2020-03-31": "0.02720", "2019-12-31": "0.03370", "2019-09-30": "0.03320", "2019-06-30": "0.03240", "2019-03-31": "0.03340", "2018-12-31": "0.03270", "2018-09-30": "0.03260", "2018-06-30": "0.03250", "2018-03-31": "0.03320", "2017-12-31": "0.03230", "2017-09-30": "0.03210", "2017-06-30": "0.03220", "2017-03-31": "0.03220", "2016-12-31": "0.03210", "2016-09-30": "0.03200", "2016-06-30": "0.03130", "2016-03-31": "0.03170", "2015-12-31": "0.03220", "2015-09-30": "0.03140", "2015-06-30": "0.03050", "2015-03-31": "0.03070", "2014-12-31": "0.03210", "2014-09-30": "0.03100", "2014-06-30": "0.02900", "2014-03-31": "0.03080", "2013-12-31": "0.03100", "2013-09-30": "0.02770", "2013-06-30": "0.02640", "2013-03-31": "0.02600", "2012-12-31": "0.02110", "2012-09-30": "0.02530", "2012-06-30": "0.02410", "2012-03-31": "0.02450", "2011-12-31": "0.01420", "2011-09-30": "0.02440", "2011-06-30": "0.02390", "2011-03-31": "0.02440", "2010-12-31": "0.01690", "2010-09-30": "0.02440", "2010-06-30": "0.02390", "2010-03-31": "0.02390", "2009-12-31": "0.02090", "2009-09-30": "0.02300", "2009-06-30": "0.02350", "2009-03-31": "0.02270", "2008-12-31": "0.02020", "2008-09-30": "0.02170", "2008-06-30": "0.02160", "2008-03-31": "0.02300", "2007-12-31": "0.01780", "2007-09-30": "0.02290", "2007-06-30": "0.02210", "2007-03-31": "0.02260", "2006-12-31": "0.01920", "2006-09-30": "0.02140", "2006-06-30": "0.02060", "2006-03-31": "0.02060", "2005-12-31": "0.01880", "2005-09-30": "0.01890", "2005-06-30": "0.01770", "2005-03-31": "0.01840"}, "Inventory Turnover Ratio": {"2020-09-30": "", "2020-06-30": "", "2020-03-31": "", "2019-12-31": "", "2019-09-30": "", "2019-06-30": "", "2019-03-31": "", "2018-12-31": "", "2018-09-30": "", "2018-06-30": "", "2018-03-31": "", "2017-12-31": "", "2017-09-30": "", "2017-06-30": "", "2017-03-31": "", "2016-12-31": "", "2016-09-30": "", "2016-06-30": "", "2016-03-31": "", "2015-12-31": "", "2015-09-30": "", "2015-06-30": "", "2015-03-31": "", "2014-12-31": "", "2014-09-30": "", "2014-06-30": "", "2014-03-31": "", "2013-12-31": "", "2013-09-30": "", "2013-06-30": "", "2013-03-31": "", "2012-12-31": "", "2012-09-30": "", "2012-06-30": "", "2012-03-31": "", "2011-12-31": "", "2011-09-30": "", "2011-06-30": "", "2011-03-31": "", "2010-12-31": "", "2010-09-30": "", "2010-06-30": "", "2010-03-31": "", "2009-12-31": "", "2009-09-30": "", "2009-06-30": "", "2009-03-31": "", "2008-12-31": "", "2008-09-30": "", "2008-06-30": "", "2008-03-31": "", "2007-12-31": "", "2007-09-30": "", "2007-06-30": "", "2007-03-31": "", "2006-12-31": "", "2006-09-30": "", "2006-06-30": "", "2006-03-31": "", "2005-12-31": "", "2005-09-30": "", "2005-06-30": "", "2005-03-31": ""}, "Receiveable Turnover": {"2020-09-30": "", "2020-06-30": "", "2020-03-31": "", "2019-12-31": "", "2019-09-30": "", "2019-06-30": "", "2019-03-31": "", "2018-12-31": "", "2018-09-30": "", "2018-06-30": "", "2018-03-31": "", "2017-12-31": "", "2017-09-30": "", "2017-06-30": "", "2017-03-31": "", "2016-12-31": "", "2016-09-30": "", "2016-06-30": "", "2016-03-31": "", "2015-12-31": "", "2015-09-30": "", "2015-06-30": "", "2015-03-31": "", "2014-12-31": "", "2014-09-30": "", "2014-06-30": "", "2014-03-31": "", "2013-12-31": "", "2013-09-30": "", "2013-06-30": "", "2013-03-31": "", "2012-12-31": "", "2012-09-30": "", "2012-06-30": "", "2012-03-31": "", "2011-12-31": "", "2011-09-30": "", "2011-06-30": "", "2011-03-31": "", "2010-12-31": "", "2010-09-30": "", "2010-06-30": "", "2010-03-31": "", "2009-12-31": "", "2009-09-30": "", "2009-06-30": "", "2009-03-31": "", "2008-12-31": "", "2008-09-30": "", "2008-06-30": "", "2008-03-31": "", "2007-12-31": "", "2007-09-30": "", "2007-06-30": "", "2007-03-31": "", "2006-12-31": "", "2006-09-30": "", "2006-06-30": "", "2006-03-31": "", "2005-12-31": "", "2005-09-30": "", "2005-06-30": "", "2005-03-31": ""}, "Days Sales In Receivables": {"2020-09-30": "", "2020-06-30": "", "2020-03-31": "", "2019-12-31": "", "2019-09-30": "", "2019-06-30": "", "2019-03-31": "", "2018-12-31": "", "2018-09-30": "", "2018-06-30": "", "2018-03-31": "", "2017-12-31": "", "2017-09-30": "", "2017-06-30": "", "2017-03-31": "", "2016-12-31": "", "2016-09-30": "", "2016-06-30": "", "2016-03-31": "", "2015-12-31": "", "2015-09-30": "", "2015-06-30": "", "2015-03-31": "", "2014-12-31": "", "2014-09-30": "", "2014-06-30": "", "2014-03-31": "", "2013-12-31": "", "2013-09-30": "", "2013-06-30": "", "2013-03-31": "", "2012-12-31": "", "2012-09-30": "", "2012-06-30": "", "2012-03-31": "", "2011-12-31": "", "2011-09-30": "", "2011-06-30": "", "2011-03-31": "", "2010-12-31": "", "2010-09-30": "", "2010-06-30": "", "2010-03-31": "", "2009-12-31": "", "2009-09-30": "", "2009-06-30": "", "2009-03-31": "", "2008-12-31": "", "2008-09-30": "", "2008-06-30": "", "2008-03-31": "", "2007-12-31": "", "2007-09-30": "", "2007-06-30": "", "2007-03-31": "", "2006-12-31": "", "2006-09-30": "", "2006-06-30": "", "2006-03-31": "", "2005-12-31": "", "2005-09-30": "", "2005-06-30": "", "2005-03-31": ""}, "ROE - Return On Equity": {"2020-09-30": "-0.14410", "2020-06-30": "-0.46090", "2020-03-31": "1.39970", "2019-12-31": "0.98850", "2019-09-30": "-1.70960", "2019-06-30": "1.23470", "2019-03-31": "1.33950", "2018-12-31": "0.69510", "2018-09-30": "0.70540", "2018-06-30": "0.58140", "2018-03-31": "2.20520", "2017-12-31": "18.07280", "2017-09-30": "-1.81450", "2017-06-30": "-0.08870", "2017-03-31": "-2.39070", "2016-12-31": "-0.63540", "2016-09-30": "0.28000", "2016-06-30": "0.88360", "2016-03-31": "1.18840", "2015-12-31": "-0.23400", "2015-09-30": "0.15180", "2015-06-30": "-0.13730", "2015-03-31": "0.39350", "2014-12-31": "-0.02900", "2014-09-30": "-1.90110", "2014-06-30": "1.29960", "2014-03-31": "0.59690", "2013-12-31": "-0.16140", "2013-09-30": "-0.87030", "2013-06-30": "-0.30810", "2013-03-31": "-0.49820", "2012-12-31": "0.05400", "2012-09-30": "-0.12810", "2012-06-30": "0.25380", "2012-03-31": "-0.88720", "2011-12-31": "0.58860", "2011-09-30": "-0.83000", "2011-06-30": "-0.84220", "2011-03-31": "-2.10890", "2010-12-31": "-0.66360", "2010-09-30": "-1.05030", "2010-06-30": "-1.28960", "2010-03-31": "-1.09070", "2009-12-31": "-0.93080", "2009-09-30": "0.88140", "2009-06-30": "-1.73190", "2009-03-31": "-2.50720", "2008-12-31": "-21.28800", "2008-09-30": "-2.34770", "2008-06-30": "-1.27980", "2008-03-31": "0.27900", "2007-12-31": "-0.27910", "2007-09-30": "-0.02990", "2007-06-30": "0.61220", "2007-03-31": "-0.22390", "2006-12-31": "0.04640", "2006-09-30": "0.20760", "2006-06-30": "0.26180", "2006-03-31": "0.32910", "2005-12-31": "0.37050", "2005-09-30": "0.33000", "2005-06-30": "0.31200", "2005-03-31": "0.36570"}, "Return On Tangible Equity": {"2020-09-30": "-0.15090", "2020-06-30": "-0.48350", "2020-03-31": "1.47200", "2019-12-31": "1.03920", "2019-09-30": "-1.80220", "2019-06-30": "1.30190", "2019-03-31": "1.41500", "2018-12-31": "0.73600", "2018-09-30": "0.74790", "2018-06-30": "0.61740", "2018-03-31": "2.34920", "2017-12-31": "19.33000", "2017-09-30": "-1.93390", "2017-06-30": "-0.09460", "2017-03-31": "-2.56250", "2016-12-31": "-0.68030", "2016-09-30": "0.29880", "2016-06-30": "0.94820", "2016-03-31": "1.27250", "2015-12-31": "-0.25010", "2015-09-30": "0.16210", "2015-06-30": "-0.14720", "2015-03-31": "0.42310", "2014-12-31": "-0.03080", "2014-09-30": "-2.02250", "2014-06-30": "1.38640", "2014-03-31": "0.63030", "2013-12-31": "-0.17100", "2013-09-30": "-0.90810", "2013-06-30": "-0.32260", "2013-03-31": "-0.52440", "2012-12-31": "0.05700", "2012-09-30": "-0.13640", "2012-06-30": "0.27150", "2012-03-31": "-0.96200", "2011-12-31": "0.64090", "2011-09-30": "-0.90640", "2011-06-30": "-0.92810", "2011-03-31": "-2.33420", "2010-12-31": "-0.73750", "2010-09-30": "-1.17350", "2010-06-30": "-1.45360", "2010-03-31": "-1.23410", "2009-12-31": "-1.05880", "2009-09-30": "1.00870", "2009-06-30": "-1.99250", "2009-03-31": "-2.90900", "2008-12-31": "-24.79430", "2008-09-30": "-3.09410", "2008-06-30": "-1.66880", "2008-03-31": "0.36260", "2007-12-31": "-0.36160", "2007-09-30": "-0.03490", "2007-06-30": "0.71430", "2007-03-31": "-0.26170", "2006-12-31": "0.05420", "2006-09-30": "0.24270", "2006-06-30": "0.30660", "2006-03-31": "0.38390", "2005-12-31": "0.43240", "2005-09-30": "0.38200", "2005-06-30": "0.36220", "2005-03-31": "0.41800"}, "ROA - Return On Assets": {"2020-09-30": "-0.06290", "2020-06-30": "-0.20290", "2020-03-31": "0.51160", "2019-12-31": "0.45090", "2019-09-30": "-0.78190", "2019-06-30": "0.57950", "2019-03-31": "0.63260", "2018-12-31": "0.33290", "2018-09-30": "0.35090", "2018-06-30": "0.29640", "2018-03-31": "1.11180", "2017-12-31": "8.69770", "2017-09-30": "-0.91370", "2017-06-30": "-0.04370", "2017-03-31": "-1.12530", "2016-12-31": "-0.30710", "2016-09-30": "0.13540", "2016-06-30": "0.40330", "2016-03-31": "0.54800", "2015-12-31": "-0.10910", "2015-09-30": "0.06930", "2015-06-30": "-0.05980", "2015-03-31": "0.17030", "2014-12-31": "-0.01330", "2014-09-30": "-0.85680", "2014-06-30": "0.58510", "2014-03-31": "0.28100", "2013-12-31": "-0.07640", "2013-09-30": "-0.41020", "2013-06-30": "-0.14680", "2013-03-31": "-0.22870", "2012-12-31": "0.02450", "2012-09-30": "-0.05320", "2012-06-30": "0.10320", "2012-03-31": "-0.31970", "2011-12-31": "0.21160", "2011-09-30": "-0.30560", "2011-06-30": "-0.30060", "2011-03-31": "-0.75650", "2010-12-31": "-0.23860", "2010-09-30": "-0.36610", "2010-06-30": "-0.45210", "2010-03-31": "-0.38220", "2009-12-31": "-0.32860", "2009-09-30": "0.30900", "2009-06-30": "-0.60210", "2009-03-31": "-0.84920", "2008-12-31": "-7.20940", "2008-09-30": "-0.92140", "2008-06-30": "-0.52040", "2008-03-31": "0.11760", "2007-12-31": "-0.12090", "2007-09-30": "-0.01220", "2007-06-30": "0.25380", "2007-03-31": "-0.09320", "2006-12-31": "0.01950", "2006-09-30": "0.08690", "2006-06-30": "0.11140", "2006-03-31": "0.14420", "2005-12-31": "0.16760", "2005-09-30": "0.15900", "2005-06-30": "0.14990", "2005-03-31": "0.18280"}, "ROI - Return On Investment": {"2020-09-30": "-0.06870", "2020-06-30": "-0.22030", "2020-03-31": "0.55150", "2019-12-31": "0.49590", "2019-09-30": "-0.85890", "2019-06-30": "0.63100", "2019-03-31": "0.68660", "2018-12-31": "0.36050", "2018-09-30": "0.37990", "2018-06-30": "0.31860", "2018-03-31": "1.19220", "2017-12-31": "9.38380", "2017-09-30": "-0.98710", "2017-06-30": "-0.04680", "2017-03-31": "-1.20240", "2016-12-31": "-0.32950", "2016-09-30": "0.14460", "2016-06-30": "0.42870", "2016-03-31": "0.58240", "2015-12-31": "-0.11670", "2015-09-30": "0.07390", "2015-06-30": "-0.06360", "2015-03-31": "0.18070", "2014-12-31": "-0.01410", "2014-09-30": "-0.90800", "2014-06-30": "0.61970", "2014-03-31": "0.29780", "2013-12-31": "-0.08090", "2013-09-30": "-0.43430", "2013-06-30": "-0.15430", "2013-03-31": "-0.24030", "2012-12-31": "0.02580", "2012-09-30": "-0.05600", "2012-06-30": "0.10850", "2012-03-31": "-0.33350", "2011-12-31": "0.22180", "2011-09-30": "-0.31840", "2011-06-30": "-0.31420", "2011-03-31": "-0.78940", "2010-12-31": "-0.24960", "2010-09-30": "-0.38760", "2010-06-30": "-0.47150", "2010-03-31": "-0.39970", "2009-12-31": "-0.34460", "2009-09-30": "0.32190", "2009-06-30": "-0.62560", "2009-03-31": "-0.88700", "2008-12-31": "-7.61270", "2008-09-30": "-0.96720", "2008-06-30": "-0.54420", "2008-03-31": "0.12300", "2007-12-31": "-0.12640", "2007-09-30": "-0.01290", "2007-06-30": "0.26850", "2007-03-31": "-0.09850", "2006-12-31": "0.02080", "2006-09-30": "0.09270", "2006-06-30": "0.11880", "2006-03-31": "0.15340", "2005-12-31": "0.17840", "2005-09-30": "0.16950", "2005-06-30": "0.16070", "2005-03-31": "0.19550"}, "Book Value Per Share": {"2020-09-30": "7.40840", "2020-06-30": "7.44020", "2020-03-31": "7.45980", "2019-12-31": "7.65950", "2019-09-30": "7.70760", "2019-06-30": "8.02490", "2019-03-31": "8.11210", "2018-12-31": "8.19510", "2018-09-30": "8.35140", "2018-06-30": "8.52470", "2018-03-31": "8.63210", "2017-12-31": "8.60120", "2017-09-30": "9.00650", "2017-06-30": "9.10390", "2017-03-31": "8.87540", "2016-12-31": "9.08940", "2016-09-30": "9.19210", "2016-06-30": "9.05320", "2016-03-31": "9.10660", "2015-12-31": "9.08400", "2015-09-30": "9.24220", "2015-06-30": "9.08060", "2015-03-31": "9.11180", "2014-12-31": "9.25340", "2014-09-30": "9.31600", "2014-06-30": "9.59930", "2014-03-31": "9.64620", "2013-12-31": "9.77070", "2013-09-30": "9.78930", "2013-06-30": "10.12620", "2013-03-31": "10.11600", "2012-12-31": "10.30060", "2012-09-30": "9.87920", "2012-06-30": "10.15130", "2012-03-31": "10.84700", "2011-12-31": "11.03980", "2011-09-30": "4.56360", "2011-06-30": "4.57890", "2011-03-31": "4.68130", "2010-12-31": "4.81010", "2010-09-30": "4.78060", "2010-06-30": "4.87240", "2010-03-31": "4.99880", "2009-12-31": "5.07680", "2009-09-30": "5.19860", "2009-06-30": "5.24170", "2009-03-31": "5.26840", "2008-12-31": "5.39420", "2008-09-30": "6.77220", "2008-06-30": "7.08340", "2008-03-31": "7.29070", "2007-12-31": "7.42130", "2007-09-30": "7.39270", "2007-06-30": "7.58150", "2007-03-31": "7.68870", "2006-12-31": "7.85980", "2006-09-30": "8.00080", "2006-06-30": "8.13690", "2006-03-31": "8.26720", "2005-12-31": "8.40020", "2005-09-30": "8.52750", "2005-06-30": "8.57980", "2005-03-31": "8.62950"}, "Operating Cash Flow Per Share": {"2020-09-30": 0.254, "2020-06-30": 0.1376, "2020-03-31": "0.16440", "2019-12-31": 0.2844, "2019-09-30": 0.3359, "2019-06-30": 0.2922, "2019-03-31": "0.17330", "2018-12-31": 0.2428, "2018-09-30": 0.2884, "2018-06-30": 0.2486, "2018-03-31": "0.15570", "2017-12-31": 0.2495, "2017-09-30": 0.2656, "2017-06-30": 0.2978, "2017-03-31": "0.25890", "2016-12-31": 0.2585, "2016-09-30": 0.3295, "2016-06-30": 0.3101, "2016-03-31": "0.22500", "2015-12-31": 0.2442, "2015-09-30": 0.2788, "2015-06-30": 0.3039, "2015-03-31": "0.30110", "2014-12-31": 0.2374, "2014-09-30": 0.2975, "2014-06-30": 0.2944, "2014-03-31": "0.24620", "2013-12-31": 0.2699, "2013-09-30": 0.3188, "2013-06-30": 0.3026, "2013-03-31": "0.13220", "2012-12-31": 0.187, "2012-09-30": 0.1435, "2012-06-30": 0.2457, "2012-03-31": "0.18170", "2011-12-31": 0.2413, "2011-09-30": 0.2235, "2011-06-30": 0.2761, "2011-03-31": "0.16640", "2010-12-31": 0.6344, "2010-09-30": 0.1225, "2010-06-30": 0.1144, "2010-03-31": "0.08000", "2009-12-31": 0.0962, "2009-09-30": 0.1631, "2009-06-30": 0.1531, "2009-03-31": "0.10780", "2008-12-31": 0.0869, "2008-09-30": 0.2104, "2008-06-30": 0.1627, "2008-03-31": "0.18260", "2007-12-31": 0.1339, "2007-09-30": 0.2039, "2007-06-30": 0.1975, "2007-03-31": "0.16610", "2006-12-31": 0.1226, "2006-09-30": 0.1822, "2006-06-30": 0.1935, "2006-03-31": "0.17300", "2005-12-31": 0.1794, "2005-09-30": 0.0528, "2005-06-30": 0.1714, "2005-03-31": "0.17210"}, "Free Cash Flow Per Share": {"2020-09-30": 0.1877, "2020-06-30": 0.06, "2020-03-31": "-0.10670", "2019-12-31": 0.2114, "2019-09-30": 0.2392, "2019-06-30": 0.2814, "2019-03-31": "0.06850", "2018-12-31": 0.0639, "2018-09-30": 0.2207, "2018-06-30": 0.493, "2018-03-31": "0.61390", "2017-12-31": 1.081, "2017-09-30": 0.9609, "2017-06-30": 1.4713, "2017-03-31": "0.25190", "2016-12-31": 0.3222, "2016-09-30": 1.3798, "2016-06-30": -0.2036, "2016-03-31": "-0.32100", "2015-12-31": 0.4725, "2015-09-30": 1.1513, "2015-06-30": 0.4628, "2015-03-31": "-0.93410", "2014-12-31": 0.7323, "2014-09-30": 0.6182, "2014-06-30": 0.015, "2014-03-31": "0.12480", "2013-12-31": 0.28, "2013-09-30": 0.3952, "2013-06-30": 0.2859, "2013-03-31": "0.22480", "2012-12-31": 1.2911, "2012-09-30": 0.9136, "2012-06-30": 0.2438, "2012-03-31": "0.16790", "2011-12-31": 0.3637, "2011-09-30": 0.5996, "2011-06-30": 0.4245, "2011-03-31": "0.28270", "2010-12-31": 1.0581, "2010-09-30": 0.1249, "2010-06-30": 0.2378, "2010-03-31": "0.09630", "2009-12-31": 0.1934, "2009-09-30": 0.1472, "2009-06-30": 0.2442, "2009-03-31": "0.20860", "2008-12-31": 0.0086, "2008-09-30": 0.1663, "2008-06-30": 0.1458, "2008-03-31": "0.04720", "2007-12-31": 0.2588, "2007-09-30": 0.0714, "2007-06-30": -0.2617, "2007-03-31": "-0.06550", "2006-12-31": -0.178, "2006-09-30": 0.0799, "2006-06-30": -0.3012, "2006-03-31": "-0.13200", "2005-12-31": -1.9566, "2005-09-30": -0.9958, "2005-06-30": -3.8449, "2005-03-31": "-1.69250"}}, "revenue": {"Retail Properties Of America Annual Revenue (Millions of US $)": {"2019": "$482", "2018": "$482", "2017": "$538", "2016": "$583", "2015": "$604", "2014": "$601", "2013": "$552", "2012": "$531", "2011": "$530", "2010": "$596", "2009": "$649", "2008": "$707", "2007": "$705", "2006": "$686", "2005": "$501"}, "Retail Properties Of America Quarterly Revenue (Millions of US $)": {"2020-09-30": "$107", "2020-06-30": "$97", "2020-03-31": "$119", "2019-12-31": "$121", "2019-09-30": "$120", "2019-06-30": "$118", "2019-03-31": "$123", "2018-12-31": "$119", "2018-09-30": "$119", "2018-06-30": "$119", "2018-03-31": "$125", "2017-12-31": "$127", "2017-09-30": "$131", "2017-06-30": "$137", "2017-03-31": "$144", "2016-12-31": "$143", "2016-09-30": "$145", "2016-06-30": "$147", "2016-03-31": "$149", "2015-12-31": "$149", "2015-09-30": "$151", "2015-06-30": "$151", "2015-03-31": "$153", "2014-12-31": "$154", "2014-09-30": "$151", "2014-06-30": "$146", "2014-03-31": "$149", "2013-12-31": "$151", "2013-09-30": "$136", "2013-06-30": "$132", "2013-03-31": "$132", "2012-12-31": "$110", "2012-09-30": "$139", "2012-06-30": "$139", "2012-03-31": "$143", "2011-12-31": "$84", "2011-09-30": "$146", "2011-06-30": "$147", "2011-03-31": "$152", "2010-12-31": "$108", "2010-09-30": "$162", "2010-06-30": "$161", "2010-03-31": "$165", "2009-12-31": "$145", "2009-09-30": "$164", "2009-06-30": "$170", "2009-03-31": "$169", "2008-12-31": "$154", "2008-09-30": "$180", "2008-06-30": "$181", "2008-03-31": "$192", "2007-12-31": "$148", "2007-09-30": "$188", "2007-06-30": "$182", "2007-03-31": "$187", "2006-12-31": "$160", "2006-09-30": "$182", "2006-06-30": "$174", "2006-03-31": "$171", "2005-12-31": "$152", "2005-09-30": "$145", "2005-06-30": "$113", "2005-03-31": "$91"}}, "gross-profit": {"Retail Properties Of America Annual Gross Profit (Millions of US $)": {"2019": "$340", "2018": "$334", "2017": "$371", "2016": "$415", "2015": "$426", "2014": "$425", "2013": "$391", "2012": "$371", "2011": "$366", "2010": "$414", "2009": "$436", "2008": "$480", "2007": "$464", "2006": "$451", "2005": "$343"}, "Retail Properties Of America Quarterly Gross Profit (Millions of US $)": {"2020-09-30": "$72", "2020-06-30": "$64", "2020-03-31": "$84", "2019-12-31": "$68", "2019-09-30": "$85", "2019-06-30": "$83", "2019-03-31": "$87", "2018-12-31": "$84", "2018-09-30": "$84", "2018-06-30": "$82", "2018-03-31": "$84", "2017-12-31": "$46", "2017-09-30": "$89", "2017-06-30": "$95", "2017-03-31": "$100", "2016-12-31": "$56", "2016-09-30": "$104", "2016-06-30": "$106", "2016-03-31": "$106", "2015-12-31": "$79", "2015-09-30": "$107", "2015-06-30": "$107", "2015-03-31": "$107", "2014-12-31": "$82", "2014-09-30": "$107", "2014-06-30": "$105", "2014-03-31": "$104", "2013-12-31": "$132", "2013-09-30": "$96", "2013-06-30": "$94", "2013-03-31": "$93", "2012-12-31": "$78", "2012-09-30": "$97", "2012-06-30": "$97", "2012-03-31": "$99", "2011-12-31": "$54", "2011-09-30": "$104", "2011-06-30": "$103", "2011-03-31": "$105", "2010-12-31": "$75", "2010-09-30": "$114", "2010-06-30": "$113", "2010-03-31": "$113", "2009-12-31": "$96", "2009-09-30": "$110", "2009-06-30": "$119", "2009-03-31": "$111", "2008-12-31": "$58", "2008-09-30": "$122", "2008-06-30": "$128", "2008-03-31": "$139", "2007-12-31": "$30", "2007-09-30": "$119", "2007-06-30": "$121", "2007-03-31": "$126", "2006-12-31": "$129", "2006-09-30": "$119", "2006-06-30": "$117", "2006-03-31": "$115", "2005-12-31": "$56", "2005-09-30": "$100", "2005-06-30": "$80", "2005-03-31": "$66"}}, "operating-income": {"Retail Properties Of America Annual Operating Income (Millions of US $)": {"2019": "$93", "2018": "$114", "2017": "$59", "2016": "$126", "2015": "$141", "2014": "$103", "2013": "$78", "2012": "$135", "2011": "$125", "2010": "$144", "2009": "$127", "2008": "$90", "2007": "$176", "2006": "$186", "2005": "$152"}, "Retail Properties Of America Quarterly Operating Income (Millions of US $)": {"2020-09-30": "$19", "2020-06-30": "$12", "2020-03-31": "$34", "2019-12-31": "$33", "2019-09-30": "$-4", "2019-06-30": "$31", "2019-03-31": "$33", "2018-12-31": "$29", "2018-09-30": "$31", "2018-06-30": "$27", "2018-03-31": "$26", "2017-12-31": "$21", "2017-09-30": "$-16", "2017-06-30": "$19", "2017-03-31": "$35", "2016-12-31": "$18", "2016-09-30": "$32", "2016-06-30": "$38", "2016-03-31": "$39", "2015-12-31": "$23", "2015-09-30": "$43", "2015-06-30": "$33", "2015-03-31": "$41", "2014-12-31": "$33", "2014-09-30": "$-9", "2014-06-30": "$37", "2014-03-31": "$42", "2013-12-31": "$8", "2013-09-30": "$11", "2013-06-30": "$26", "2013-03-31": "$33", "2012-12-31": "$29", "2012-09-30": "$35", "2012-06-30": "$34", "2012-03-31": "$36", "2011-12-31": "$43", "2011-09-30": "$40", "2011-06-30": "$36", "2011-03-31": "$6", "2010-12-31": "$25", "2010-09-30": "$40", "2010-06-30": "$37", "2010-03-31": "$42", "2009-12-31": "$47", "2009-09-30": "$33", "2009-06-30": "$30", "2009-03-31": "$16", "2008-12-31": "$-56", "2008-09-30": "$34", "2008-06-30": "$48", "2008-03-31": "$65", "2007-12-31": "$37", "2007-09-30": "$45", "2007-06-30": "$52", "2007-03-31": "$42", "2006-12-31": "$37", "2006-09-30": "$49", "2006-06-30": "$50", "2006-03-31": "$50", "2005-12-31": "$42", "2005-09-30": "$44", "2005-06-30": "$36", "2005-03-31": "$30"}}, "ebitda": {"Retail Properties Of America Annual EBITDA (Millions of US $)": {"2019": "$290", "2018": "$293", "2017": "$271", "2016": "$356", "2015": "$361", "2014": "$324", "2013": "$321", "2012": "$371", "2011": "$370", "2010": "$404", "2009": "$399", "2008": "$364", "2007": "$449", "2006": "$446", "2005": "$340"}, "Retail Properties Of America Quarterly EBITDA (Millions of US $)": {"2020-09-30": "$63", "2020-06-30": "$57", "2020-03-31": "$75", "2019-12-31": "$75", "2019-09-30": "$64", "2019-06-30": "$74", "2019-03-31": "$77", "2018-12-31": "$74", "2018-09-30": "$75", "2018-06-30": "$72", "2018-03-31": "$72", "2017-12-31": "$68", "2017-09-30": "$36", "2017-06-30": "$72", "2017-03-31": "$94", "2016-12-31": "$80", "2016-09-30": "$90", "2016-06-30": "$92", "2016-03-31": "$94", "2015-12-31": "$76", "2015-09-30": "$98", "2015-06-30": "$90", "2015-03-31": "$97", "2014-12-31": "$86", "2014-09-30": "$47", "2014-06-30": "$94", "2014-03-31": "$97", "2013-12-31": "$72", "2013-09-30": "$67", "2013-06-30": "$90", "2013-03-31": "$92", "2012-12-31": "$93", "2012-09-30": "$95", "2012-06-30": "$85", "2012-03-31": "$97", "2011-12-31": "$105", "2011-09-30": "$102", "2011-06-30": "$94", "2011-03-31": "$69", "2010-12-31": "$91", "2010-09-30": "$104", "2010-06-30": "$102", "2010-03-31": "$107", "2009-12-31": "$118", "2009-09-30": "$98", "2009-06-30": "$98", "2009-03-31": "$84", "2008-12-31": "$13", "2008-09-30": "$103", "2008-06-30": "$116", "2008-03-31": "$133", "2007-12-31": "$100", "2007-09-30": "$118", "2007-06-30": "$119", "2007-03-31": "$111", "2006-12-31": "$102", "2006-09-30": "$116", "2006-06-30": "$115", "2006-03-31": "$113", "2005-12-31": "$103", "2005-09-30": "$97", "2005-06-30": "$77", "2005-03-31": "$63"}}, "net-income": {"Retail Properties Of America Annual Net Income (Millions of US $)": {"2019": "$32", "2018": "$77", "2017": "$237", "2016": "$157", "2015": "$116", "2014": "$34", "2013": "$4", "2012": "$-1", "2011": "$-73", "2010": "$-96", "2009": "$-112", "2008": "$-684", "2007": "$42", "2006": "$32", "2005": "$45"}, "Retail Properties Of America Quarterly Net Income (Millions of US $)": {"2020-09-30": "$-2", "2020-06-30": "$-7", "2020-03-31": "$22", "2019-12-31": "$16", "2019-09-30": "$-28", "2019-06-30": "$21", "2019-03-31": "$23", "2018-12-31": "$12", "2018-09-30": "$13", "2018-06-30": "$11", "2018-03-31": "$42", "2017-12-31": "$103", "2017-09-30": "$34", "2017-06-30": "$112", "2017-03-31": "$-11", "2016-12-31": "$16", "2016-09-30": "$70", "2016-06-30": "$26", "2016-03-31": "$45", "2015-12-31": "$1", "2015-09-30": "$76", "2015-06-30": "$28", "2015-03-31": "$11", "2014-12-31": "$24", "2014-09-30": "$-29", "2014-06-30": "$28", "2014-03-31": "$12", "2013-12-31": "$35", "2013-09-30": "$-40", "2013-06-30": "$14", "2013-03-31": "$-4", "2012-12-31": "$14", "2012-09-30": "$-16", "2012-06-30": "$18", "2012-03-31": "$-16", "2011-12-31": "$-14", "2011-09-30": "$-5", "2011-06-30": "$-14", "2011-03-31": "$-40", "2010-12-31": "$-3", "2010-09-30": "$-26", "2010-06-30": "$-38", "2010-03-31": "$-29", "2009-12-31": "$-45", "2009-09-30": "$13", "2009-06-30": "$-33", "2009-03-31": "$-47", "2008-12-31": "$-574", "2008-09-30": "$-76", "2008-06-30": "$-43", "2008-03-31": "$10", "2007-12-31": "$29", "2007-09-30": "$-1", "2007-06-30": "$21", "2007-03-31": "$-8", "2006-12-31": "$3", "2006-09-30": "$7", "2006-06-30": "$9", "2006-03-31": "$12", "2005-12-31": "$27", "2005-09-30": "$0", "2005-06-30": "$10", "2005-03-31": "$9"}}, "eps-earnings-per-share-diluted": {"Retail Properties Of America Annual EPS": {"2019": "$0.15", "2018": "$0.35", "2017": "$1.03", "2016": "$0.66", "2015": "$0.49", "2014": "$0.14", "2013": "$0.02", "2012": "$-0.00", "2011": "$-0.38", "2010": "$-0.50", "2009": "$-0.23", "2008": "$-1.42", "2007": "$0.09", "2006": "$0.07", "2005": "$0.13"}, "Retail Properties Of America Quarterly EPS": {"2020-09-30": "$-0.01", "2020-06-30": "$-0.04", "2020-03-31": "$0.10", "2019-12-31": "$0.07", "2019-09-30": "$-0.13", "2019-06-30": "$0.10", "2019-03-31": "$0.11", "2018-12-31": "$0.05", "2018-09-30": "$0.06", "2018-06-30": "$0.05", "2018-03-31": "$0.19", "2017-12-31": "$0.45", "2017-09-30": "$0.15", "2017-06-30": "$0.48", "2017-03-31": "$-0.05", "2016-12-31": "$0.06", "2016-09-30": "$0.30", "2016-06-30": "$0.11", "2016-03-31": "$0.19", "2015-12-31": "$0.00", "2015-09-30": "$0.32", "2015-06-30": "$0.12", "2015-03-31": "$0.05", "2014-12-31": "$0.09", "2014-09-30": "$-0.12", "2014-06-30": "$0.12", "2014-03-31": "$0.05", "2013-12-31": "$0.15", "2013-09-30": "$-0.17", "2013-06-30": "$0.06", "2013-03-31": "$-0.02", "2012-12-31": "$0.07", "2012-09-30": "$-0.07", "2012-06-30": "$0.08", "2012-03-31": "$-0.08", "2011-12-31": "$-0.07", "2011-09-30": "$-0.03", "2011-06-30": "$-0.07", "2011-03-31": "$-0.21", "2010-12-31": "$-0.31", "2010-09-30": "$-0.05", "2010-06-30": "$-0.08", "2010-03-31": "$-0.06", "2009-12-31": "$-0.09", "2009-09-30": "$0.03", "2009-06-30": "$-0.07", "2009-03-31": "$-0.10", "2008-12-31": "$-1.19", "2008-09-30": "$-0.16", "2008-06-30": "$-0.09", "2008-03-31": "$0.02", "2007-12-31": "$0.06", "2007-09-30": "$-0.00", "2007-06-30": "$0.05", "2007-03-31": "$-0.02", "2006-12-31": "$0.00", "2006-09-30": "$0.02", "2006-06-30": "$0.02", "2006-03-31": "$0.03", "2005-12-31": "$0.03", "2005-09-30": "$0.03", "2005-06-30": "$0.03", "2005-03-31": "$0.04"}}, "shares-outstanding": {"Retail Properties Of America Annual Shares Outstanding (Millions of Shares)": {"2019": "213", "2018": "218", "2017": "231", "2016": "237", "2015": "236", "2014": "236", "2013": "234", "2012": "220", "2011": "192", "2010": "193", "2009": "480", "2008": "481", "2007": "454", "2006": "442", "2005": "351"}, "Retail Properties Of America Quarterly Shares Outstanding (Millions of Shares)": {"2020-09-30": "213", "2020-06-30": "213", "2020-03-31": "213", "2019-12-31": "213", "2019-09-30": "213", "2019-06-30": "213", "2019-03-31": "213", "2018-12-31": "218", "2018-09-30": "219", "2018-06-30": "219", "2018-03-31": "219", "2017-12-31": "231", "2017-09-30": "230", "2017-06-30": "235", "2017-03-31": "236", "2016-12-31": "237", "2016-09-30": "237", "2016-06-30": "237", "2016-03-31": "237", "2015-12-31": "236", "2015-09-30": "237", "2015-06-30": "236", "2015-03-31": "236", "2014-12-31": "236", "2014-09-30": "236", "2014-06-30": "236", "2014-03-31": "236", "2013-12-31": "234", "2013-09-30": "236", "2013-06-30": "234", "2013-03-31": "231", "2012-12-31": "220", "2012-09-30": "231", "2012-06-30": "227", "2012-03-31": "194", "2011-12-31": "192", "2011-09-30": "193", "2011-06-30": "192", "2011-03-31": "191", "2010-12-31": "193", "2010-09-30": "485", "2010-06-30": "484", "2010-03-31": "482", "2009-12-31": "480", "2009-09-30": "481", "2009-06-30": "480", "2009-03-31": "479", "2008-12-31": "481", "2008-09-30": "481", "2008-06-30": "483", "2008-03-31": "485", "2007-12-31": "454", "2007-09-30": "451", "2007-06-30": "449", "2007-03-31": "448", "2006-12-31": "442", "2006-09-30": "443", "2006-06-30": "441", "2006-03-31": "438", "2005-12-31": "351", "2005-09-30": "396", "2005-06-30": "321", "2005-03-31": "251"}}, "total-assets": {"Retail Properties Of America Annual Total Assets (Millions of US $)": {"2019": "$3,586", "2018": "$3,647", "2017": "$3,918", "2016": "$4,453", "2015": "$4,621", "2014": "$4,788", "2013": "$4,878", "2012": "$5,237", "2011": "$5,942", "2010": "$6,387", "2009": "$6,928", "2008": "$7,607", "2007": "$8,306", "2006": "$8,328", "2005": "$8,086"}, "Retail Properties Of America Quarterly Total Assets (Millions of US $)": {"2020-09-30": "$3,635", "2020-06-30": "$3,621", "2020-03-31": "$4,370", "2019-12-31": "$3,586", "2019-09-30": "$3,601", "2019-06-30": "$3,653", "2019-03-31": "$3,668", "2018-12-31": "$3,647", "2018-09-30": "$3,657", "2018-06-30": "$3,671", "2018-03-31": "$3,758", "2017-12-31": "$3,918", "2017-09-30": "$4,069", "2017-06-30": "$4,264", "2017-03-31": "$4,467", "2016-12-31": "$4,453", "2016-09-30": "$4,513", "2016-06-30": "$4,708", "2016-03-31": "$4,688", "2015-12-31": "$4,621", "2015-09-30": "$4,804", "2015-06-30": "$4,944", "2015-03-31": "$4,993", "2014-12-31": "$4,788", "2014-09-30": "$4,891", "2014-06-30": "$5,044", "2014-03-31": "$4,848", "2013-12-31": "$4,878", "2013-09-30": "$4,907", "2013-06-30": "$5,020", "2013-03-31": "$5,086", "2012-12-31": "$5,237", "2012-09-30": "$5,483", "2012-06-30": "$5,759", "2012-03-31": "$5,841", "2011-12-31": "$5,942", "2011-09-30": "$5,975", "2011-06-30": "$6,164", "2011-03-31": "$6,249", "2010-12-31": "$6,387", "2010-09-30": "$6,652", "2010-06-30": "$6,722", "2010-03-31": "$6,882", "2009-12-31": "$6,928", "2009-09-30": "$7,136", "2009-06-30": "$7,236", "2009-03-31": "$7,447", "2008-12-31": "$7,607", "2008-09-30": "$8,269", "2008-06-30": "$8,392", "2008-03-31": "$8,363", "2007-12-31": "$8,306", "2007-09-30": "$8,214", "2007-06-30": "$8,225", "2007-03-31": "$8,277", "2006-12-31": "$8,328", "2006-09-30": "$8,489", "2006-06-30": "$8,446", "2006-03-31": "$8,280", "2005-12-31": "$8,086", "2005-09-30": "$7,650", "2005-06-30": "$6,381", "2005-03-31": "$4,930"}}, "cash-on-hand": {"Retail Properties Of America Annual Cash on Hand (Millions of US $)": {"2019": "$10", "2018": "$15", "2017": "$25", "2016": "$53", "2015": "$51", "2014": "$112", "2013": "$58", "2012": "$138", "2011": "$136", "2010": "$130", "2009": "$126", "2008": "$121", "2007": "$117", "2006": "$228", "2005": "$367"}, "Retail Properties Of America Quarterly Cash on Hand (Millions of US $)": {"2020-09-30": "$27", "2020-06-30": "$13", "2020-03-31": "$769", "2019-12-31": "$10", "2019-09-30": "$17", "2019-06-30": "$28", "2019-03-31": "$12", "2018-12-31": "$15", "2018-09-30": "$30", "2018-06-30": "$29", "2018-03-31": "$34", "2017-12-31": "$25", "2017-09-30": "$30", "2017-06-30": "$28", "2017-03-31": "$40", "2016-12-31": "$53", "2016-09-30": "$69", "2016-06-30": "$30", "2016-03-31": "$101", "2015-12-31": "$51", "2015-09-30": "$117", "2015-06-30": "$85", "2015-03-31": "$65", "2014-12-31": "$112", "2014-09-30": "$68", "2014-06-30": "$59", "2014-03-31": "$63", "2013-12-31": "$58", "2013-09-30": "$70", "2013-06-30": "$74", "2013-03-31": "$67", "2012-12-31": "$138", "2012-09-30": "$107", "2012-06-30": "$102", "2012-03-31": "$126", "2011-12-31": "$136", "2011-09-30": "$117", "2011-06-30": "$120", "2011-03-31": "$97", "2010-12-31": "$130", "2010-09-30": "$116", "2010-06-30": "$111", "2010-03-31": "$130", "2009-12-31": "$126", "2009-09-30": "$186", "2009-06-30": "$116", "2009-03-31": "$141", "2008-12-31": "$121", "2008-09-30": "$200", "2008-06-30": "$223", "2008-03-31": "$124", "2007-12-31": "$117", "2007-09-30": "$146", "2007-06-30": "$168", "2007-03-31": "$172", "2006-12-31": "$228", "2006-09-30": "$244", "2006-06-30": "$185", "2006-03-31": "$341", "2005-12-31": "$367", "2005-09-30": "$688", "2005-06-30": "$441", "2005-03-31": "$755"}}, "long-term-debt": {"Retail Properties Of America Annual Long Term Debt (Millions of US $)": {"2019": "$1,625", "2018": "$1,622", "2017": "$1,746", "2016": "$1,998", "2015": "$2,166", "2014": "$2,319", "2013": "$2,300", "2012": "$2,592", "2011": "$3,534", "2010": "$3,809", "2009": "$4,161", "2008": "$4,628", "2007": "$4,346", "2006": "$4,313", "2005": "$3,941"}, "Retail Properties Of America Quarterly Long Term Debt (Millions of US $)": {"2020-09-30": "$1,745", "2020-06-30": "$1,742", "2020-03-31": "$2,456", "2019-12-31": "$1,625", "2019-09-30": "$1,631", "2019-06-30": "$1,640", "2019-03-31": "$1,648", "2018-12-31": "$1,622", "2018-09-30": "$1,559", "2018-06-30": "$1,544", "2018-03-31": "$1,610", "2017-12-31": "$1,746", "2017-09-30": "$1,718", "2017-06-30": "$1,879", "2017-03-31": "$2,078", "2016-12-31": "$1,998", "2016-09-30": "$2,043", "2016-06-30": "$2,280", "2016-03-31": "$2,249", "2015-12-31": "$2,166", "2015-09-30": "$2,309", "2015-06-30": "$2,498", "2015-03-31": "$2,545", "2014-12-31": "$2,319", "2014-09-30": "$2,411", "2014-06-30": "$2,492", "2014-03-31": "$2,292", "2013-12-31": "$2,300", "2013-09-30": "$2,322", "2013-06-30": "$2,385", "2013-03-31": "$2,506", "2012-12-31": "$2,592", "2012-09-30": "$2,932", "2012-06-30": "$3,133", "2012-03-31": "$3,494", "2011-12-31": "$3,534", "2011-09-30": "$3,536", "2011-06-30": "$3,697", "2011-03-31": "$3,747", "2010-12-31": "$3,809", "2010-09-30": "$3,965", "2010-06-30": "$4,089", "2010-03-31": "$4,169", "2009-12-31": "$4,161", "2009-09-30": "$4,347", "2009-06-30": "$4,449", "2009-03-31": "$4,607", "2008-12-31": "$4,628", "2008-09-30": "$4,632", "2008-06-30": "$4,612", "2008-03-31": "$4,471", "2007-12-31": "$4,346", "2007-09-30": "$4,393", "2007-06-30": "$4,365", "2007-03-31": "$4,383", "2006-12-31": "$4,313", "2006-09-30": "$4,405", "2006-06-30": "$4,327", "2006-03-31": "$4,156", "2005-12-31": "$3,941", "2005-09-30": "$3,491", "2005-06-30": "$2,884", "2005-03-31": "$2,145"}}, "total-liabilities": {"Retail Properties Of America Annual Total Liabilities (Millions of US $)": {"2019": "$1,950", "2018": "$1,900", "2017": "$2,033", "2016": "$2,301", "2015": "$2,466", "2014": "$2,599", "2013": "$2,569", "2012": "$2,862", "2011": "$3,805", "2010": "$4,091", "2009": "$4,483", "2008": "$5,031", "2007": "$4,707", "2006": "$4,820", "2005": "$4,428"}, "Retail Properties Of America Quarterly Total Liabilities (Millions of US $)": {"2020-09-30": "$2,048", "2020-06-30": "$2,027", "2020-03-31": "$2,772", "2019-12-31": "$1,950", "2019-09-30": "$1,954", "2019-06-30": "$1,938", "2019-03-31": "$1,936", "2018-12-31": "$1,900", "2018-09-30": "$1,838", "2018-06-30": "$1,800", "2018-03-31": "$1,863", "2017-12-31": "$2,033", "2017-09-30": "$2,020", "2017-06-30": "$2,162", "2017-03-31": "$2,364", "2016-12-31": "$2,301", "2016-09-30": "$2,331", "2016-06-30": "$2,559", "2016-03-31": "$2,526", "2015-12-31": "$2,466", "2015-09-30": "$2,611", "2015-06-30": "$2,790", "2015-03-31": "$2,832", "2014-12-31": "$2,599", "2014-09-30": "$2,687", "2014-06-30": "$2,773", "2014-03-31": "$2,566", "2013-12-31": "$2,569", "2013-09-30": "$2,594", "2013-06-30": "$2,628", "2013-03-31": "$2,751", "2012-12-31": "$2,862", "2012-09-30": "$3,204", "2012-06-30": "$3,418", "2012-03-31": "$3,736", "2011-12-31": "$3,805", "2011-09-30": "$3,775", "2011-06-30": "$3,964", "2011-03-31": "$4,007", "2010-12-31": "$4,091", "2010-09-30": "$4,333", "2010-06-30": "$4,366", "2010-03-31": "$4,470", "2009-12-31": "$4,483", "2009-09-30": "$4,635", "2009-06-30": "$4,720", "2009-03-31": "$4,925", "2008-12-31": "$5,031", "2008-09-30": "$5,023", "2008-06-30": "$4,979", "2008-03-31": "$4,840", "2007-12-31": "$4,707", "2007-09-30": "$4,869", "2007-06-30": "$4,814", "2007-03-31": "$4,832", "2006-12-31": "$4,820", "2006-09-30": "$4,936", "2006-06-30": "$4,852", "2006-03-31": "$4,652", "2005-12-31": "$4,428", "2005-09-30": "$3,963", "2005-06-30": "$3,316", "2005-03-31": "$2,466"}}, "total-share-holder-equity": {"Retail Properties Of America Annual Share Holder Equity (Millions of US $)": {"2019": "$1,636", "2018": "$1,747", "2017": "$1,886", "2016": "$2,152", "2015": "$2,155", "2014": "$2,189", "2013": "$2,309", "2012": "$2,376", "2011": "$2,137", "2010": "$2,296", "2009": "$2,446", "2008": "$2,576", "2007": "$3,599", "2006": "$3,509", "2005": "$3,658"}, "Retail Properties Of America Quarterly Share Holder Equity (Millions of US $)": {"2020-09-30": "$1,587", "2020-06-30": "$1,594", "2020-03-31": "$1,597", "2019-12-31": "$1,636", "2019-09-30": "$1,647", "2019-06-30": "$1,715", "2019-03-31": "$1,733", "2018-12-31": "$1,747", "2018-09-30": "$1,819", "2018-06-30": "$1,872", "2018-03-31": "$1,895", "2017-12-31": "$1,886", "2017-09-30": "$2,049", "2017-06-30": "$2,102", "2017-03-31": "$2,102", "2016-12-31": "$2,152", "2016-09-30": "$2,182", "2016-06-30": "$2,149", "2016-03-31": "$2,161", "2015-12-31": "$2,155", "2015-09-30": "$2,193", "2015-06-30": "$2,154", "2015-03-31": "$2,161", "2014-12-31": "$2,189", "2014-09-30": "$2,204", "2014-06-30": "$2,271", "2014-03-31": "$2,282", "2013-12-31": "$2,309", "2013-09-30": "$2,313", "2013-06-30": "$2,392", "2013-03-31": "$2,334", "2012-12-31": "$2,376", "2012-09-30": "$2,279", "2012-06-30": "$2,341", "2012-03-31": "$2,105", "2011-12-31": "$2,137", "2011-09-30": "$2,200", "2011-06-30": "$2,200", "2011-03-31": "$2,242", "2010-12-31": "$2,296", "2010-09-30": "$2,318", "2010-06-30": "$2,357", "2010-03-31": "$2,412", "2009-12-31": "$2,446", "2009-09-30": "$2,501", "2009-06-30": "$2,516", "2009-03-31": "$2,522", "2008-12-31": "$2,576", "2008-09-30": "$3,245", "2008-06-30": "$3,412", "2008-03-31": "$3,523", "2007-12-31": "$3,599", "2007-09-30": "$3,345", "2007-06-30": "$3,410", "2007-03-31": "$3,445", "2006-12-31": "$3,509", "2006-09-30": "$3,553", "2006-06-30": "$3,595", "2006-03-31": "$3,628", "2005-12-31": "$3,658", "2005-09-30": "$3,686", "2005-06-30": "$3,065", "2005-03-31": "$2,465"}}, "profit-margins": {"current": "6.51%"}, "gross margin": {"2020-09-30": "64.86%", "2020-06-30": "65.86%", "2020-03-31": "66.95%", "2019-12-31": "67.01%", "2019-09-30": "70.63%", "2019-06-30": "70.56%", "2019-03-31": "70.21%", "2018-12-31": "69.29%", "2018-09-30": "60.41%", "2018-06-30": "59.96%", "2018-03-31": "60.38%", "2017-12-31": "61.22%", "2017-09-30": "61.26%", "2017-06-30": "62.39%", "2017-03-31": "63.21%", "2016-12-31": "63.70%", "2016-09-30": "66.95%", "2016-06-30": "66.78%", "2016-03-31": "66.50%", "2015-12-31": "66.23%", "2015-09-30": "66.17%", "2015-06-30": "66.17%", "2015-03-31": "66.39%", "2014-12-31": "66.33%", "2014-09-30": "75.04%", "2014-06-30": "75.09%", "2014-03-31": "75.00%", "2013-12-31": "75.32%", "2013-09-30": "70.78%", "2013-06-30": "70.57%", "2013-03-31": "70.19%", "2012-12-31": "69.87%", "2012-09-30": "68.71%", "2012-06-30": "69.14%", "2012-03-31": "69.23%", "2011-12-31": "69.19%", "2011-09-30": "69.98%", "2011-06-30": "69.77%", "2011-03-31": "69.81%", "2010-12-31": "69.63%", "2010-09-30": "68.88%", "2010-06-30": "68.03%", "2010-03-31": "68.01%", "2009-12-31": "67.28%", "2009-09-30": "60.58%", "2009-06-30": "60.92%", "2009-03-31": "61.26%", "2008-12-31": "63.22%", "2008-09-30": "59.77%", "2008-06-30": "58.67%", "2008-03-31": "57.61%", "2007-12-31": "56.17%", "2007-09-30": "69.04%", "2007-06-30": "69.62%", "2007-03-31": "69.84%", "2006-12-31": "69.87%", "2006-09-30": "59.94%", "2006-06-30": "60.44%", "2006-03-31": "60.41%", "2005-12-31": "60.28%"}, "operating margin": {"2020-09-30": "22.07%", "2020-06-30": "16.41%", "2020-03-31": "19.67%", "2019-12-31": "19.29%", "2019-09-30": "18.54%", "2019-06-30": "25.89%", "2019-03-31": "25.00%", "2018-12-31": "23.44%", "2018-09-30": "21.43%", "2018-06-30": "11.55%", "2018-03-31": "9.62%", "2017-12-31": "10.95%", "2017-09-30": "10.09%", "2017-06-30": "18.28%", "2017-03-31": "21.24%", "2016-12-31": "21.75%", "2016-09-30": "22.37%", "2016-06-30": "23.99%", "2016-03-31": "23.00%", "2015-12-31": "23.18%", "2015-09-30": "24.63%", "2015-06-30": "16.09%", "2015-03-31": "16.89%", "2014-12-31": "17.17%", "2014-09-30": "13.07%", "2014-06-30": "16.84%", "2014-03-31": "15.32%", "2013-12-31": "14.16%", "2013-09-30": "19.41%", "2013-06-30": "23.98%", "2013-03-31": "25.19%", "2012-12-31": "25.24%", "2012-09-30": "29.31%", "2012-06-30": "29.88%", "2012-03-31": "29.81%", "2011-12-31": "23.63%", "2011-09-30": "19.35%", "2011-06-30": "18.80%", "2011-03-31": "18.52%", "2010-12-31": "24.16%", "2010-09-30": "26.22%", "2010-06-30": "25.04%", "2010-03-31": "23.60%", "2009-12-31": "19.44%", "2009-09-30": "3.50%", "2009-06-30": "3.57%", "2009-03-31": "6.14%", "2008-12-31": "12.87%", "2008-09-30": "26.25%", "2008-06-30": "27.50%", "2008-03-31": "28.03%", "2007-12-31": "24.96%", "2007-09-30": "24.55%", "2007-06-30": "25.32%", "2007-03-31": "25.32%", "2006-12-31": "27.07%", "2006-09-30": "28.13%", "2006-06-30": "28.97%", "2006-03-31": "29.60%", "2005-12-31": "30.34%"}, "ebitda margin": {"2020-09-30": "60.81%", "2020-06-30": "59.30%", "2020-03-31": "60.25%", "2019-12-31": "60.17%", "2019-09-30": "60.21%", "2019-06-30": "62.63%", "2019-03-31": "62.08%", "2018-12-31": "60.79%", "2018-09-30": "58.57%", "2018-06-30": "49.40%", "2018-03-31": "47.69%", "2017-12-31": "50.09%", "2017-09-30": "50.81%", "2017-06-30": "59.05%", "2017-03-31": "61.49%", "2016-12-31": "60.96%", "2016-09-30": "59.66%", "2016-06-30": "60.40%", "2016-03-31": "59.67%", "2015-12-31": "59.77%", "2015-09-30": "60.92%", "2015-06-30": "52.55%", "2015-03-31": "53.64%", "2014-12-31": "54.00%", "2014-09-30": "51.93%", "2014-06-30": "56.70%", "2014-03-31": "57.39%", "2013-12-31": "58.26%", "2013-09-30": "67.06%", "2013-06-30": "72.12%", "2013-03-31": "70.19%", "2012-12-31": "69.68%", "2012-09-30": "75.64%", "2012-06-30": "75.98%", "2012-03-31": "76.54%", "2011-12-31": "69.94%", "2011-09-30": "64.38%", "2011-06-30": "62.92%", "2011-03-31": "62.78%", "2010-12-31": "67.79%", "2010-09-30": "68.09%", "2010-06-30": "66.93%", "2010-03-31": "65.37%", "2009-12-31": "61.42%", "2009-09-30": "44.60%", "2009-06-30": "44.28%", "2009-03-31": "46.20%", "2008-12-31": "51.63%", "2008-09-30": "64.48%", "2008-06-30": "65.87%", "2008-03-31": "66.20%", "2007-12-31": "63.55%", "2007-09-30": "62.76%", "2007-06-30": "63.01%", "2007-03-31": "63.16%", "2006-12-31": "64.92%", "2006-09-30": "65.83%", "2006-06-30": "66.67%", "2006-03-31": "67.13%", "2005-12-31": "67.86%"}, "pre tax profit margin": {"2020-09-30": "6.53%", "2020-06-30": "0.66%", "2020-03-31": "6.49%", "2019-12-31": "6.64%", "2019-09-30": "5.83%", "2019-06-30": "14.41%", "2019-03-31": "12.29%", "2018-12-31": "16.18%", "2018-09-30": "83.06%", "2018-06-30": "71.12%", "2018-03-31": "66.15%", "2017-12-31": "46.75%", "2017-09-30": "-18.56%", "2017-06-30": "-10.54%", "2017-03-31": "-6.74%", "2016-12-31": "6.34%", "2016-09-30": "7.80%", "2016-06-30": "7.21%", "2016-03-31": "3.50%", "2015-12-31": "0.66%", "2015-09-30": "1.31%", "2015-06-30": "-6.08%", "2015-03-31": "-0.66%", "2014-12-31": "0.17%", "2014-09-30": "-0.34%", "2014-06-30": "3.44%", "2014-03-31": "-2.99%", "2013-12-31": "-7.80%", "2013-09-30": "-7.45%", "2013-06-30": "-4.09%", "2013-03-31": "-1.54%", "2012-12-31": "-2.82%", "2012-09-30": "-0.59%", "2012-06-30": "-3.52%", "2012-03-31": "-8.27%", "2011-12-31": "-13.42%", "2011-09-30": "-17.90%", "2011-06-30": "-18.45%", "2011-03-31": "-19.90%", "2010-12-31": "-15.94%", "2010-09-30": "-16.27%", "2010-06-30": "-8.98%", "2010-03-31": "-11.02%", "2009-12-31": "-16.67%", "2009-09-30": "-96.35%", "2009-06-30": "-108.62%", "2009-03-31": "-106.87%", "2008-12-31": "-93.07%", "2008-09-30": "-17.12%", "2008-06-30": "-6.35%", "2008-03-31": "2.82%", "2007-12-31": "0.28%", "2007-09-30": "1.95%", "2007-06-30": "3.09%", "2007-03-31": "1.42%", "2006-12-31": "4.37%", "2006-09-30": "6.19%", "2006-06-30": "7.32%", "2006-03-31": "8.26%", "2005-12-31": "8.98%"}, "net profit margin": {"2020-09-30": "6.53%", "2020-06-30": "0.66%", "2020-03-31": "6.49%", "2019-12-31": "6.64%", "2019-09-30": "5.83%", "2019-06-30": "14.41%", "2019-03-31": "12.29%", "2018-12-31": "16.18%", "2018-09-30": "34.49%", "2018-06-30": "37.85%", "2018-03-31": "55.96%", "2017-12-31": "44.16%", "2017-09-30": "27.21%", "2017-06-30": "32.86%", "2017-03-31": "17.44%", "2016-12-31": "26.88%", "2016-09-30": "24.07%", "2016-06-30": "24.83%", "2016-03-31": "25.00%", "2015-12-31": "19.21%", "2015-09-30": "22.82%", "2015-06-30": "5.58%", "2015-03-31": "5.63%", "2014-12-31": "5.83%", "2014-09-30": "7.71%", "2014-06-30": "6.01%", "2014-03-31": "3.70%", "2013-12-31": "0.91%", "2013-09-30": "-3.14%", "2013-06-30": "1.56%", "2013-03-31": "2.31%", "2012-12-31": "0.00%", "2012-09-30": "-5.54%", "2012-06-30": "-3.32%", "2012-03-31": "-9.42%", "2011-12-31": "-13.80%", "2011-09-30": "-11.21%", "2011-06-30": "-14.59%", "2011-03-31": "-18.35%", "2010-12-31": "-16.11%", "2010-09-30": "-21.80%", "2010-06-30": "-15.59%", "2010-03-31": "-14.60%", "2009-12-31": "-17.28%", "2009-09-30": "-97.56%", "2009-06-30": "-108.47%", "2009-03-31": "-108.19%", "2008-12-31": "-96.61%", "2008-09-30": "-11.41%", "2008-06-30": "-0.71%", "2008-03-31": "8.31%", "2007-12-31": "5.82%", "2007-09-30": "2.09%", "2007-06-30": "3.23%", "2007-03-31": "1.56%", "2006-12-31": "4.51%", "2006-09-30": "8.10%", "2006-06-30": "7.48%", "2006-03-31": "8.43%", "2005-12-31": "9.18%"}, "pe ratio": {"current": "10.47", "2021-02-05": "74.08", "2020-09-30": "44.38", "2020-06-30": "720.14", "2020-03-31": "33.91", "2019-12-31": "79.91", "2019-09-30": "82.92", "2019-06-30": "33.13", "2019-03-31": "39.91", "2018-12-31": "27.26", "2018-09-30": "14.29", "2018-06-30": "13.22", "2018-03-31": "7.91", "2017-12-31": "11.06", "2017-09-30": "17.07", "2017-06-30": "12.74", "2017-03-31": "27.60", "2016-12-31": "18.62", "2016-09-30": "22.54", "2016-06-30": "21.73", "2016-03-31": "19.85", "2015-12-31": "23.53", "2015-09-30": "18.43", "2015-06-30": "70.83", "2015-03-31": "80.57", "2014-12-31": "83.01", "2014-09-30": "54.03", "2014-06-30": "74.88", "2014-03-31": "108.69", "2013-12-31": "453.82", "2013-09-30": "0.00", "2013-06-30": "331.15", "2013-03-31": "203.48"}, "price sales": {"2021-02-05": "4.63", "2020-09-30": "2.77", "2020-06-30": "3.37", "2020-03-31": "2.27", "2019-12-31": "5.66", "2019-09-30": "5.18", "2019-06-30": "4.92", "2019-03-31": "5.06", "2018-12-31": "4.45", "2018-09-30": "4.93", "2018-06-30": "5.04", "2018-03-31": "4.46", "2017-12-31": "4.98", "2017-09-30": "4.70", "2017-06-30": "4.24", "2017-03-31": "4.86", "2016-12-31": "5.07", "2016-09-30": "5.43", "2016-06-30": "5.35", "2016-03-31": "4.93", "2015-12-31": "4.51", "2015-09-30": "4.22", "2015-06-30": "4.12", "2015-03-31": "4.72", "2014-12-31": "4.90", "2014-09-30": "4.26", "2014-06-30": "4.54", "2014-03-31": "4.04", "2013-12-31": "3.85", "2013-09-30": "4.37", "2013-06-30": "4.43", "2013-03-31": "4.44"}, "price book": {"current": "1.30", "2021-02-05": "1.30", "2020-09-30": "0.78", "2020-06-30": "0.97", "2020-03-31": "0.68", "2019-12-31": "1.67", "2019-09-30": "1.51", "2019-06-30": "1.36", "2019-03-31": "1.38", "2018-12-31": "1.20", "2018-09-30": "1.30", "2018-06-30": "1.32", "2018-03-31": "1.17", "2017-12-31": "1.34", "2017-09-30": "1.23", "2017-06-30": "1.12", "2017-03-31": "1.34", "2016-12-31": "1.37", "2016-09-30": "1.47", "2016-06-30": "1.49", "2016-03-31": "1.37", "2015-12-31": "1.27", "2015-09-30": "1.18", "2015-06-30": "1.17", "2015-03-31": "1.33", "2014-12-31": "1.35", "2014-09-30": "1.16", "2014-06-30": "1.17", "2014-03-31": "1.01", "2013-12-31": "0.93", "2013-09-30": "0.99", "2013-06-30": "0.98", "2013-03-31": "1.01", "2012-12-31": "0.79", "2012-09-30": "0.77", "2012-06-30": "0.63"}, "price fcf": {"2021-02-05": "", "2020-09-30": "$0.35", "2020-06-30": "$0.40", "2020-03-31": "$0.63", "2019-12-31": "$0.80", "2019-09-30": "$0.65", "2019-06-30": "$0.63", "2019-03-31": "$0.85", "2018-12-31": "$1.39", "2018-09-30": "$2.41", "2018-06-30": "$3.15", "2018-03-31": "$4.13", "2017-12-31": "$3.77", "2017-09-30": "$3.01", "2017-06-30": "$3.43", "2017-03-31": "$1.75", "2016-12-31": "$1.18", "2016-09-30": "$1.33", "2016-06-30": "$1.10", "2016-03-31": "$1.77", "2015-12-31": "$1.15", "2015-09-30": "$1.41", "2015-06-30": "$0.88", "2015-03-31": "$0.43", "2014-12-31": "$1.49", "2014-09-30": "$1.04", "2014-06-30": "$0.82", "2014-03-31": "$1.09", "2013-12-31": "$1.19", "2013-09-30": "$2.20", "2013-06-30": "$2.72", "2013-03-31": "$2.84"}, "net worth": {"value": "$2.06B"}, "current ratio": {"2020-09-30": "1.43", "2020-06-30": "1.70", "2020-03-31": "9.77", "2019-12-31": "0.73", "2019-09-30": "0.89", "2019-06-30": "1.13", "2019-03-31": "0.96", "2018-12-31": "0.79", "2018-09-30": "0.92", "2018-06-30": "1.02", "2018-03-31": "1.12", "2017-12-31": "0.81", "2017-09-30": "0.89", "2017-06-30": "0.96", "2017-03-31": "1.15", "2016-12-31": "1.08", "2016-09-30": "1.40", "2016-06-30": "1.15", "2016-03-31": "1.92", "2015-12-31": "1.23", "2015-09-30": "1.80", "2015-06-30": "1.60", "2015-03-31": "1.52", "2014-12-31": "1.98", "2014-09-30": "1.45", "2014-06-30": "1.54", "2014-03-31": "1.71", "2013-12-31": "1.49", "2013-09-30": "1.42", "2013-06-30": "1.52", "2013-03-31": "1.39", "2012-12-31": "1.99", "2012-09-30": "1.49", "2012-06-30": "1.38", "2012-03-31": "2.33", "2011-12-31": "2.02", "2011-09-30": "2.74", "2011-06-30": "2.16", "2011-03-31": "2.09", "2010-12-31": "2.18", "2010-09-30": "2.00", "2010-06-30": "2.34", "2010-03-31": "2.99", "2009-12-31": "2.73", "2009-09-30": "3.35", "2009-06-30": "2.82", "2009-03-31": "3.96", "2008-12-31": "2.83", "2008-09-30": "3.30", "2008-06-30": "4.26", "2008-03-31": "3.16", "2007-12-31": "3.14", "2007-09-30": "2.61", "2007-06-30": "4.02", "2007-03-31": "5.47", "2006-12-31": "6.57", "2006-09-30": "5.53", "2006-06-30": "5.90", "2006-03-31": "8.54", "2005-12-31": "9.25", "2005-09-30": "11.99", "2005-06-30": "11.09", "2005-03-31": "21.49"}, "quick ratio": {"2020-09-30": "0.00", "2020-06-30": "0.00", "2020-03-31": "0.00", "2019-12-31": "0.00", "2019-09-30": "0.00", "2019-06-30": "0.00", "2019-03-31": "0.00", "2018-12-31": "0.00", "2018-09-30": "0.00", "2018-06-30": "0.00", "2018-03-31": "0.00", "2017-12-31": "0.00", "2017-09-30": "0.00", "2017-06-30": "0.00", "2017-03-31": "0.00", "2016-12-31": "0.00", "2016-09-30": "0.00", "2016-06-30": "0.00", "2016-03-31": "0.00", "2015-12-31": "0.00", "2015-09-30": "0.00", "2015-06-30": "0.00", "2015-03-31": "0.00", "2014-12-31": "0.00", "2014-09-30": "0.00", "2014-06-30": "0.00", "2014-03-31": "0.00", "2013-12-31": "0.00", "2013-09-30": "0.00", "2013-06-30": "0.00", "2013-03-31": "0.00", "2012-12-31": "0.00", "2012-09-30": "0.00", "2012-06-30": "0.00", "2012-03-31": "0.00", "2011-12-31": "0.00", "2011-09-30": "0.00", "2011-06-30": "0.00", "2011-03-31": "0.00", "2010-12-31": "0.00", "2010-09-30": "0.00", "2010-06-30": "0.00", "2010-03-31": "0.00", "2009-12-31": "0.00", "2009-09-30": "0.00", "2009-06-30": "0.00", "2009-03-31": "0.00", "2008-12-31": "0.00", "2008-09-30": "0.00", "2008-06-30": "0.00", "2008-03-31": "0.00", "2007-12-31": "0.00", "2007-09-30": "0.00", "2007-06-30": "0.00", "2007-03-31": "0.00", "2006-12-31": "0.00", "2006-09-30": "0.00", "2006-06-30": "0.00", "2006-03-31": "0.00", "2005-12-31": "0.00", "2005-09-30": "0.00", "2005-06-30": "0.00", "2005-03-31": "0.00"}, "debt equity ratio": {"current": "1.10", "2020-09-30": "1.29", "2020-06-30": "1.27", "2020-03-31": "1.74", "2019-12-31": "1.19", "2019-09-30": "1.19", "2019-06-30": "1.13", "2019-03-31": "1.12", "2018-12-31": "1.09", "2018-09-30": "1.01", "2018-06-30": "0.96", "2018-03-31": "0.98", "2017-12-31": "1.08", "2017-09-30": "0.99", "2017-06-30": "1.03", "2017-03-31": "1.12", "2016-12-31": "1.07", "2016-09-30": "1.07", "2016-06-30": "1.19", "2016-03-31": "1.17", "2015-12-31": "1.14", "2015-09-30": "1.19", "2015-06-30": "1.30", "2015-03-31": "1.31", "2014-12-31": "1.19", "2014-09-30": "1.22", "2014-06-30": "1.22", "2014-03-31": "1.12", "2013-12-31": "1.11", "2013-09-30": "1.12", "2013-06-30": "1.10", "2013-03-31": "1.18", "2012-12-31": "1.21", "2012-09-30": "1.41", "2012-06-30": "1.46", "2012-03-31": "1.78", "2011-12-31": "1.78", "2011-09-30": "1.72", "2011-06-30": "1.80", "2011-03-31": "1.79", "2010-12-31": "1.78", "2010-09-30": "1.87", "2010-06-30": "1.85", "2010-03-31": "1.85", "2009-12-31": "1.83", "2009-09-30": "1.85", "2009-06-30": "1.88", "2009-03-31": "1.95", "2008-12-31": "1.95", "2008-09-30": "1.55", "2008-06-30": "1.46", "2008-03-31": "1.37", "2007-12-31": "1.31", "2007-09-30": "1.46", "2007-06-30": "1.41", "2007-03-31": "1.40", "2006-12-31": "1.37", "2006-09-30": "1.39", "2006-06-30": "1.35", "2006-03-31": "1.28", "2005-12-31": "1.21", "2005-09-30": "1.08", "2005-06-30": "1.08", "2005-03-31": "1.00"}, "return on equity": {"2020-09-30": "1.81%", "2020-06-30": "0.19%", "2020-03-31": "1.88%", "2019-12-31": "1.90%", "2019-09-30": "1.64%", "2019-06-30": "3.93%", "2019-03-31": "3.29%", "2018-12-31": "4.25%", "2018-09-30": "9.05%", "2018-06-30": "9.87%", "2018-03-31": "14.67%", "2017-12-31": "11.70%", "2017-09-30": "7.19%", "2017-06-30": "8.76%", "2017-03-31": "4.71%", "2016-12-31": "7.27%", "2016-09-30": "6.57%", "2016-06-30": "6.84%", "2016-03-31": "6.93%", "2015-12-31": "5.36%", "2015-09-30": "6.39%", "2015-06-30": "1.56%", "2015-03-31": "1.54%", "2014-12-31": "1.56%", "2014-09-30": "2.03%", "2014-06-30": "1.53%", "2014-03-31": "0.90%", "2013-12-31": "0.21%", "2013-09-30": "-0.68%", "2013-06-30": "0.34%", "2013-03-31": "0.51%", "2012-12-31": "0.00%", "2012-09-30": "-1.26%", "2012-06-30": "-0.77%", "2012-03-31": "-2.27%", "2011-12-31": "-3.33%", "2011-09-30": "-2.77%", "2011-06-30": "-3.67%", "2011-03-31": "-4.65%", "2010-12-31": "-4.09%", "2010-09-30": "-5.79%", "2010-06-30": "-4.08%", "2010-03-31": "-3.81%", "2009-12-31": "-4.49%", "2009-09-30": "-25.35%", "2009-06-30": "-26.89%", "2009-03-31": "-25.18%", "2008-12-31": "-21.42%", "2008-09-30": "-2.32%", "2008-06-30": "-0.14%", "2008-03-31": "1.70%", "2007-12-31": "1.19%", "2007-09-30": "0.44%", "2007-06-30": "0.66%", "2007-03-31": "0.31%", "2006-12-31": "0.87%", "2006-09-30": "1.52%", "2006-06-30": "1.32%", "2006-03-31": "1.40%", "2005-12-31": "1.43%"}, "return on assets": {"2020-09-30": "0.76%", "2020-06-30": "0.08%", "2020-03-31": "0.82%", "2019-12-31": "0.88%", "2019-09-30": "0.77%", "2019-06-30": "1.89%", "2019-03-31": "1.61%", "2018-12-31": "2.12%", "2018-09-30": "4.51%", "2018-06-30": "4.93%", "2018-03-31": "7.27%", "2017-12-31": "5.69%", "2017-09-30": "3.50%", "2017-06-30": "4.23%", "2017-03-31": "2.23%", "2016-12-31": "3.42%", "2016-09-30": "3.07%", "2016-06-30": "3.15%", "2016-03-31": "3.15%", "2015-12-31": "2.40%", "2015-09-30": "2.85%", "2015-06-30": "0.69%", "2015-03-31": "0.69%", "2014-12-31": "0.72%", "2014-09-30": "0.94%", "2014-06-30": "0.71%", "2014-03-31": "0.43%", "2013-12-31": "0.10%", "2013-09-30": "-0.32%", "2013-06-30": "0.15%", "2013-03-31": "0.22%", "2012-12-31": "0.00%", "2012-09-30": "-0.49%", "2012-06-30": "-0.29%", "2012-03-31": "-0.82%", "2011-12-31": "-1.20%", "2011-09-30": "-1.00%", "2011-06-30": "-1.30%", "2011-03-31": "-1.65%", "2010-12-31": "-1.44%", "2010-09-30": "-2.03%", "2010-06-30": "-1.43%", "2010-03-31": "-1.33%", "2009-12-31": "-1.56%", "2009-09-30": "-8.71%", "2009-06-30": "-9.56%", "2009-03-31": "-9.33%", "2008-12-31": "-8.37%", "2008-09-30": "-0.96%", "2008-06-30": "-0.06%", "2008-03-31": "0.71%", "2007-12-31": "0.50%", "2007-09-30": "0.18%", "2007-06-30": "0.28%", "2007-03-31": "0.13%", "2006-12-31": "0.37%", "2006-09-30": "0.66%", "2006-06-30": "0.59%", "2006-03-31": "0.64%", "2005-12-31": "0.68%"}, "return on investments": {"2020-09-30": "2.80%", "2020-06-30": "2.15%", "2020-03-31": "2.70%", "2019-12-31": "2.80%", "2019-09-30": "2.66%", "2019-06-30": "3.68%", "2019-03-31": "3.54%", "2018-12-31": "3.31%", "2018-09-30": "3.02%", "2018-06-30": "1.62%", "2018-03-31": "1.34%", "2017-12-31": "1.52%", "2017-09-30": "1.39%", "2017-06-30": "2.52%", "2017-03-31": "2.90%", "2016-12-31": "2.95%", "2016-09-30": "3.04%", "2016-06-30": "3.24%", "2016-03-31": "3.09%", "2015-12-31": "3.08%", "2015-09-30": "3.27%", "2015-06-30": "2.12%", "2015-03-31": "2.19%", "2014-12-31": "2.23%", "2014-09-30": "1.68%", "2014-06-30": "2.11%", "2014-03-31": "1.87%", "2013-12-31": "1.65%", "2013-09-30": "2.06%", "2013-06-30": "2.49%", "2013-03-31": "2.56%", "2012-12-31": "2.52%", "2012-09-30": "2.70%", "2012-06-30": "2.72%", "2012-03-31": "2.71%", "2011-12-31": "2.15%", "2011-09-30": "1.80%", "2011-06-30": "1.76%", "2011-03-31": "1.74%", "2010-12-31": "2.27%", "2010-09-30": "2.56%", "2010-06-30": "2.40%", "2010-03-31": "2.25%", "2009-12-31": "1.83%", "2009-09-30": "0.33%", "2009-06-30": "0.33%", "2009-03-31": "0.56%", "2008-12-31": "1.17%", "2008-09-30": "2.31%", "2008-06-30": "2.46%", "2008-03-31": "2.53%", "2007-12-31": "2.25%", "2007-09-30": "2.26%", "2007-06-30": "2.29%", "2007-03-31": "2.26%", "2006-12-31": "2.36%", "2006-09-30": "2.44%", "2006-06-30": "2.44%", "2006-03-31": "2.41%", "2005-12-31": "2.40%"}, "return on tangible equity": {"2020-09-30": "1.90%", "2020-06-30": "0.19%", "2020-03-31": "1.98%", "2019-12-31": "2.01%", "2019-09-30": "1.73%", "2019-06-30": "4.16%", "2019-03-31": "3.49%", "2018-12-31": "4.52%", "2018-09-30": "9.63%", "2018-06-30": "10.52%", "2018-03-31": "15.66%", "2017-12-31": "12.50%", "2017-09-30": "7.68%", "2017-06-30": "9.36%", "2017-03-31": "5.04%", "2016-12-31": "7.78%", "2016-09-30": "7.03%", "2016-06-30": "7.32%", "2016-03-31": "7.41%", "2015-12-31": "5.74%", "2015-09-30": "6.83%", "2015-06-30": "1.67%", "2015-03-31": "1.64%", "2014-12-31": "1.66%", "2014-09-30": "2.15%", "2014-06-30": "1.61%", "2014-03-31": "0.95%", "2013-12-31": "0.22%", "2013-09-30": "-0.71%", "2013-06-30": "0.36%", "2013-03-31": "0.55%", "2012-12-31": "0.00%", "2012-09-30": "-1.36%", "2012-06-30": "-0.84%", "2012-03-31": "-2.48%", "2011-12-31": "-3.65%", "2011-09-30": "-3.06%", "2011-06-30": "-4.07%", "2011-03-31": "-5.18%", "2010-12-31": "-4.59%", "2010-09-30": "-6.53%", "2010-06-30": "-4.63%", "2010-03-31": "-4.34%", "2009-12-31": "-5.15%", "2009-09-30": "-29.27%", "2009-06-30": "-32.32%", "2009-03-31": "-31.27%", "2008-12-31": "-27.31%", "2008-09-30": "-3.03%", "2008-06-30": "-0.18%", "2008-03-31": "2.09%", "2007-12-31": "1.42%", "2007-09-30": "0.51%", "2007-06-30": "0.77%", "2007-03-31": "0.36%", "2006-12-31": "1.01%", "2006-09-30": "1.78%", "2006-06-30": "1.54%", "2006-03-31": "1.62%", "2005-12-31": "1.66%"}, "dividend yield history": {"last payout": "$0.24", "last yield": "2.49%"}}