{"ticker": "RF", "price": {"title": "Regions Financial Historical Annual Stock Price Data", "value": 19.34, "historical": {"2021": {"Average Stock Price": "18.0157", "Year Open": "15.9500", "Year High": "19.5500", "Year Low": "15.9500", "Year Close": "19.3400", "Annual % Change": "19.98%"}, "2020": {"Average Stock Price": "12.5628", "Year Open": "17.0900", "Year High": "17.0900", "Year Low": "7.3600", "Year Close": "16.1200", "Annual % Change": "-6.06%"}, "2019": {"Average Stock Price": "15.4199", "Year Open": "13.6700", "Year High": "17.4300", "Year Low": "13.5300", "Year Close": "17.1600", "Annual % Change": "28.25%"}, "2018": {"Average Stock Price": "18.1364", "Year Open": "17.3700", "Year High": "20.1100", "Year Low": "12.5700", "Year Close": "13.3800", "Annual % Change": "-22.57%"}, "2017": {"Average Stock Price": "14.7998", "Year Open": "14.4300", "Year High": "17.4900", "Year Low": "13.1700", "Year Close": "17.2800", "Annual % Change": "20.33%"}, "2016": {"Average Stock Price": "9.7139", "Year Open": "9.4400", "Year High": "14.6400", "Year Low": "7.0800", "Year Close": "14.3600", "Annual % Change": "49.58%"}, "2015": {"Average Stock Price": "9.7540", "Year Open": "10.5100", "Year High": "10.8000", "Year Low": "8.7000", "Year Close": "9.6000", "Annual % Change": "-9.09%"}, "2014": {"Average Stock Price": "10.2854", "Year Open": "9.8900", "Year High": "11.3000", "Year Low": "9.0600", "Year Close": "10.5600", "Annual % Change": "6.77%"}, "2013": {"Average Stock Price": "9.0074", "Year Open": "7.3100", "Year High": "10.4200", "Year Low": "7.1900", "Year Close": "9.8900", "Annual % Change": "38.71%"}, "2012": {"Average Stock Price": "6.4660", "Year Open": "4.3500", "Year High": "7.6500", "Year Low": "4.3400", "Year Close": "7.1300", "Annual % Change": "65.81%"}, "2011": {"Average Stock Price": "5.7231", "Year Open": "7.0700", "Year High": "8.0200", "Year Low": "3.0200", "Year Close": "4.3000", "Annual % Change": "-38.57%"}, "2010": {"Average Stock Price": "7.0151", "Year Open": "5.4200", "Year High": "8.9500", "Year Low": "5.2100", "Year Close": "7.0000", "Annual % Change": "32.33%"}, "2009": {"Average Stock Price": "4.9088", "Year Open": "8.6100", "Year High": "8.8300", "Year Low": "2.5000", "Year Close": "5.2900", "Annual % Change": "-33.54%"}, "2008": {"Average Stock Price": "14.9954", "Year Open": "23.2800", "Year High": "25.7300", "Year Low": "6.8800", "Year Close": "7.9600", "Annual % Change": "-66.34%"}, "2007": {"Average Stock Price": "32.2180", "Year Open": "38.0200", "Year High": "38.0200", "Year Low": "23.0100", "Year Close": "23.6500", "Annual % Change": "-36.76%"}, "2006": {"Average Stock Price": "35.7335", "Year Open": "34.4900", "Year High": "38.8700", "Year Low": "32.4500", "Year Close": "37.4000", "Annual % Change": "9.48%"}, "2005": {"Average Stock Price": "33.1344", "Year Open": "35.2500", "Year High": "35.3100", "Year Low": "29.5700", "Year Close": "34.1600", "Annual % Change": "-4.02%"}, "2004": {"Average Stock Price": "31.3521", "Year Open": "29.6842", "Year High": "35.7900", "Year Low": "27.5304", "Year Close": "35.5900", "Annual % Change": "18.15%"}, "2003": {"Average Stock Price": "28.0842", "Year Open": "27.9595", "Year High": "30.6478", "Year Low": "24.6883", "Year Close": "30.1215", "Annual % Change": "11.51%"}, "2002": {"Average Stock Price": "27.2363", "Year Open": "24.2753", "Year High": "29.2551", "Year Low": "21.9433", "Year Close": "27.0121", "Annual % Change": "11.05%"}, "2001": {"Average Stock Price": "24.0862", "Year Open": "21.9676", "Year High": "26.1943", "Year Low": "21.3279", "Year Close": "24.3239", "Annual % Change": "10.00%"}, "2000": {"Average Stock Price": "18.1191", "Year Open": "19.0283", "Year High": "22.5182", "Year Low": "14.9312", "Year Close": "22.1134", "Annual % Change": "8.67%"}, "1999": {"Average Stock Price": "27.9779", "Year Open": "32.9960", "Year High": "33.5547", "Year Low": "18.9312", "Year Close": "20.3482", "Annual % Change": "-37.66%"}, "1998": {"Average Stock Price": "31.9558", "Year Open": "34.4615", "Year High": "36.6397", "Year Low": "24.4939", "Year Close": "32.6397", "Annual % Change": "-4.46%"}, "1997": {"Average Stock Price": "26.8463", "Year Open": "20.9028", "Year High": "36.2348", "Year Low": "20.8016", "Year Close": "34.1619", "Annual % Change": "63.24%"}, "1996": {"Average Stock Price": "18.8671", "Year Open": "18.0688", "Year High": "21.7611", "Year Low": "16.4980", "Year Close": "20.9271", "Annual % Change": "20.21%"}, "1995": {"Average Stock Price": "15.1808", "Year Open": "12.8543", "Year High": "18.1660", "Year Low": "12.8016", "Year Close": "17.4089", "Annual % Change": "38.71%"}, "1994": {"Average Stock Price": "13.4697", "Year Open": "12.9555", "Year High": "14.7773", "Year Low": "12.1457", "Year Close": "12.5506", "Annual % Change": "-4.23%"}, "1993": {"Average Stock Price": "13.7294", "Year Open": "14.3725", "Year High": "15.6356", "Year Low": "12.0445", "Year Close": "13.1053", "Annual % Change": "-10.70%"}, "1992": {"Average Stock Price": "12.6718", "Year Open": "11.9433", "Year High": "14.9271", "Year Low": "10.6275", "Year Close": "14.6761", "Annual % Change": "21.32%"}, "1991": {"Average Stock Price": "10.2297", "Year Open": "7.1377", "Year High": "12.0972", "Year Low": "7.0850", "Year Close": "12.0972", "Annual % Change": "68.34%"}}}, "market cap": {"value": "$18.78B"}, "income statement": {"Revenue": {"2020-12-31": "6655.00000", "2019-12-31": "6755.00000", "2018-12-31": "6412.00000", "2017-12-31": "5949.00000", "2016-12-31": "5825.00000", "2015-12-31": "5674.00000", "2014-12-31": "5492.00000", "2013-12-31": "5743.00000", "2012-12-31": "6003.00000", "2011-12-31": "6395.00000", "2010-12-31": "7126.00000", "2009-12-31": "8042.00000", "2008-12-31": "9636.00000", "2007-12-31": "10930.00000", "2006-12-31": "7678.83800", "2005-12-31": "5957.96500"}, "Cost Of Goods Sold": {"2020-12-31": "368.00000", "2019-12-31": "894.00000", "2018-12-31": "658.00000", "2017-12-31": "448.00000", "2016-12-31": "416.00000", "2015-12-31": "296.00000", "2014-12-31": "309.00000", "2013-12-31": "384.00000", "2012-12-31": "603.00000", "2011-12-31": "842.00000", "2010-12-31": "1248.00000", "2009-12-31": "1984.00000", "2008-12-31": "2720.00000", "2007-12-31": "3676.00000", "2006-12-31": "2340.81600", "2005-12-31": "1489.75600"}, "Gross Profit": {"2020-12-31": "6287.00000", "2019-12-31": "5861.00000", "2018-12-31": "5754.00000", "2017-12-31": "5501.00000", "2016-12-31": "5409.00000", "2015-12-31": "5378.00000", "2014-12-31": "5183.00000", "2013-12-31": "5359.00000", "2012-12-31": "5400.00000", "2011-12-31": "5553.00000", "2010-12-31": "5878.00000", "2009-12-31": "6058.00000", "2008-12-31": "6916.00000", "2007-12-31": "7254.00000", "2006-12-31": "5338.02200", "2005-12-31": "4468.20900"}, "Research And Development Expenses": {"2020-12-31": "", "2019-12-31": "", "2018-12-31": "", "2017-12-31": "", "2016-12-31": "", "2015-12-31": "", "2014-12-31": "", "2013-12-31": "", "2012-12-31": "", "2011-12-31": "", "2010-12-31": "", "2009-12-31": "", "2008-12-31": "", "2007-12-31": "", "2006-12-31": "", "2005-12-31": ""}, "SG&A Expenses": {"2020-12-31": "4973.00000", "2019-12-31": "3876.00000", "2018-12-31": "3799.00000", "2017-12-31": "3641.00000", "2016-12-31": "3745.00000", "2015-12-31": "3848.00000", "2014-12-31": "3501.00000", "2013-12-31": "3694.00000", "2012-12-31": "3739.00000", "2011-12-31": "5139.00000", "2010-12-31": "6722.00000", "2009-12-31": "7251.00000", "2008-12-31": "6826.00000", "2007-12-31": "5208.00000", "2006-12-31": "3346.40100", "2005-12-31": "3109.64100"}, "Other Operating Income Or Expenses": {"2020-12-31": "", "2019-12-31": "", "2018-12-31": "", "2017-12-31": "", "2016-12-31": "", "2015-12-31": "", "2014-12-31": "", "2013-12-31": "", "2012-12-31": "", "2011-12-31": "", "2010-12-31": "", "2009-12-31": "", "2008-12-31": "", "2007-12-31": "", "2006-12-31": "", "2005-12-31": ""}, "Operating Expenses": {"2020-12-31": "5341.00000", "2019-12-31": "4770.00000", "2018-12-31": "4457.00000", "2017-12-31": "4089.00000", "2016-12-31": "4161.00000", "2015-12-31": "4144.00000", "2014-12-31": "3810.00000", "2013-12-31": "4078.00000", "2012-12-31": "4342.00000", "2011-12-31": "6234.00000", "2010-12-31": "7970.00000", "2009-12-31": "9235.00000", "2008-12-31": "15546.00000", "2007-12-31": "8884.00000", "2006-12-31": "5687.21700", "2005-12-31": "4599.39700"}, "Operating Income": {"2020-12-31": "1314.00000", "2019-12-31": "1985.00000", "2018-12-31": "1955.00000", "2017-12-31": "1860.00000", "2016-12-31": "1664.00000", "2015-12-31": "1530.00000", "2014-12-31": "1682.00000", "2013-12-31": "1665.00000", "2012-12-31": "1661.00000", "2011-12-31": "161.00000", "2010-12-31": "-844.00000", "2009-12-31": "-1193.00000", "2008-12-31": "-5910.00000", "2007-12-31": "2046.00000", "2006-12-31": "1991.62100", "2005-12-31": "1358.56800"}, "Total Non-Operating Income/Expense": {"2020-12-31": "", "2019-12-31": "", "2018-12-31": "", "2017-12-31": "", "2016-12-31": "", "2015-12-31": "", "2014-12-31": "", "2013-12-31": "", "2012-12-31": "", "2011-12-31": "", "2010-12-31": "", "2009-12-31": "-75.00000", "2008-12-31": "-23.00000", "2007-12-31": "-7.00000", "2006-12-31": "", "2005-12-31": ""}, "Pre-Tax Income": {"2020-12-31": "1314.00000", "2019-12-31": "1985.00000", "2018-12-31": "1955.00000", "2017-12-31": "1860.00000", "2016-12-31": "1664.00000", "2015-12-31": "1530.00000", "2014-12-31": "1682.00000", "2013-12-31": "1665.00000", "2012-12-31": "1661.00000", "2011-12-31": "161.00000", "2010-12-31": "-844.00000", "2009-12-31": "-1268.00000", "2008-12-31": "-5933.00000", "2007-12-31": "2039.00000", "2006-12-31": "1991.62100", "2005-12-31": "1358.56800"}, "Income Taxes": {"2020-12-31": "220.00000", "2019-12-31": "403.00000", "2018-12-31": "387.00000", "2017-12-31": "619.00000", "2016-12-31": "510.00000", "2015-12-31": "455.00000", "2014-12-31": "548.00000", "2013-12-31": "561.00000", "2012-12-31": "482.00000", "2011-12-31": "-28.00000", "2010-12-31": "-376.00000", "2009-12-31": "-194.00000", "2008-12-31": "-348.00000", "2007-12-31": "646.00000", "2006-12-31": "619.10000", "2005-12-31": "395.86100"}, "Income After Taxes": {"2020-12-31": "1094.00000", "2019-12-31": "1582.00000", "2018-12-31": "1568.00000", "2017-12-31": "1241.00000", "2016-12-31": "1154.00000", "2015-12-31": "1075.00000", "2014-12-31": "1134.00000", "2013-12-31": "1104.00000", "2012-12-31": "1179.00000", "2011-12-31": "189.00000", "2010-12-31": "-468.00000", "2009-12-31": "-1074.00000", "2008-12-31": "-5585.00000", "2007-12-31": "1393.00000", "2006-12-31": "1372.52100", "2005-12-31": "962.70700"}, "Other Income": {"2020-12-31": "", "2019-12-31": "", "2018-12-31": "", "2017-12-31": "", "2016-12-31": "", "2015-12-31": "", "2014-12-31": "", "2013-12-31": "", "2012-12-31": "", "2011-12-31": "", "2010-12-31": "", "2009-12-31": "", "2008-12-31": "", "2007-12-31": "", "2006-12-31": "", "2005-12-31": ""}, "Income From Continuous Operations": {"2020-12-31": "1094.00000", "2019-12-31": "1582.00000", "2018-12-31": "1568.00000", "2017-12-31": "1241.00000", "2016-12-31": "1154.00000", "2015-12-31": "1075.00000", "2014-12-31": "1134.00000", "2013-12-31": "1104.00000", "2012-12-31": "1179.00000", "2011-12-31": "189.00000", "2010-12-31": "-468.00000", "2009-12-31": "-1074.00000", "2008-12-31": "-5585.00000", "2007-12-31": "1393.00000", "2006-12-31": "1372.52100", "2005-12-31": "962.70700"}, "Income From Discontinued Operations": {"2020-12-31": "", "2019-12-31": "", "2018-12-31": "191.00000", "2017-12-31": "22.00000", "2016-12-31": "9.00000", "2015-12-31": "-13.00000", "2014-12-31": "13.00000", "2013-12-31": "-13.00000", "2012-12-31": "-59.00000", "2011-12-31": "-404.00000", "2010-12-31": "-71.00000", "2009-12-31": "43.00000", "2008-12-31": "-11.00000", "2007-12-31": "-142.00000", "2006-12-31": "-19.37600", "2005-12-31": "37.83700"}, "Net Income": {"2020-12-31": "991.00000", "2019-12-31": "1503.00000", "2018-12-31": "1695.00000", "2017-12-31": "1199.00000", "2016-12-31": "1099.00000", "2015-12-31": "998.00000", "2014-12-31": "1095.00000", "2013-12-31": "1059.00000", "2012-12-31": "991.00000", "2011-12-31": "-429.00000", "2010-12-31": "-763.00000", "2009-12-31": "-1261.00000", "2008-12-31": "-5622.00000", "2007-12-31": "1251.00000", "2006-12-31": "1353.14500", "2005-12-31": "1000.54400"}, "EBITDA": {"2020-12-31": "", "2019-12-31": "", "2018-12-31": "", "2017-12-31": "", "2016-12-31": "", "2015-12-31": "", "2014-12-31": "", "2013-12-31": "", "2012-12-31": "", "2011-12-31": "", "2010-12-31": "", "2009-12-31": "", "2008-12-31": "", "2007-12-31": "", "2006-12-31": "", "2005-12-31": ""}, "EBIT": {"2020-12-31": "", "2019-12-31": "", "2018-12-31": "", "2017-12-31": "", "2016-12-31": "", "2015-12-31": "", "2014-12-31": "", "2013-12-31": "", "2012-12-31": "", "2011-12-31": "", "2010-12-31": "", "2009-12-31": "", "2008-12-31": "", "2007-12-31": "", "2006-12-31": "", "2005-12-31": ""}, "Basic Shares Outstanding": {"2020-12-31": "959.00000", "2019-12-31": "995.00000", "2018-12-31": "1092.00000", "2017-12-31": "1186.00000", "2016-12-31": "1255.00000", "2015-12-31": "1325.00000", "2014-12-31": "1375.00000", "2013-12-31": "1395.00000", "2012-12-31": "1381.00000", "2011-12-31": "1258.00000", "2010-12-31": "1227.00000", "2009-12-31": "989.00000", "2008-12-31": "695.00000", "2007-12-31": "708.00000", "2006-12-31": "501.68100", "2005-12-31": "461.17100"}, "Shares Outstanding": {"2020-12-31": "962.00000", "2019-12-31": "999.00000", "2018-12-31": "1102.00000", "2017-12-31": "1198.00000", "2016-12-31": "1261.00000", "2015-12-31": "1334.00000", "2014-12-31": "1387.00000", "2013-12-31": "1410.00000", "2012-12-31": "1387.00000", "2011-12-31": "1258.00000", "2010-12-31": "1227.00000", "2009-12-31": "989.00000", "2008-12-31": "695.00000", "2007-12-31": "713.00000", "2006-12-31": "506.98900", "2005-12-31": "466.18300"}, "Basic EPS": {"2020-12-31": "1.03000", "2019-12-31": "1.51000", "2018-12-31": "1.55000", "2017-12-31": "1.01000", "2016-12-31": "0.87000", "2015-12-31": "0.75000", "2014-12-31": "0.80000", "2013-12-31": "0.76000", "2012-12-31": "0.72000", "2011-12-31": "-0.34000", "2010-12-31": "-0.62000", "2009-12-31": "-1.27000", "2008-12-31": "-8.09000", "2007-12-31": "1.77000", "2006-12-31": "2.70000", "2005-12-31": "2.17000"}, "EPS - Earnings Per Share": {"2020-12-31": "1.03000", "2019-12-31": "1.50000", "2018-12-31": "1.54000", "2017-12-31": "1.00000", "2016-12-31": "0.87000", "2015-12-31": "0.75000", "2014-12-31": "0.79000", "2013-12-31": "0.75000", "2012-12-31": "0.71000", "2011-12-31": "-0.34000", "2010-12-31": "-0.62000", "2009-12-31": "-1.27000", "2008-12-31": "-8.09000", "2007-12-31": "1.76000", "2006-12-31": "2.67000", "2005-12-31": "2.15000"}}, "income statement, quarterly": {"Revenue": {"2020-12-31": "1741.00000", "2020-09-30": "1714.00000", "2020-06-30": "1636.00000", "2020-03-31": "1564.00000", "2019-12-31": "1703.00000", "2019-09-30": "1708.00000", "2019-06-30": "1671.00000", "2019-03-31": "1673.00000", "2018-12-31": "1639.00000", "2018-09-30": "1631.00000", "2018-06-30": "1588.00000", "2018-03-31": "1554.00000", "2017-12-31": "1536.00000", "2017-09-30": "1494.00000", "2017-06-30": "1479.00000", "2017-03-31": "1440.00000", "2016-12-31": "1337.00000", "2016-09-30": "1541.00000", "2016-06-30": "1478.00000", "2016-03-31": "1469.00000", "2015-12-31": "1447.00000", "2015-09-30": "1398.00000", "2015-06-30": "1473.00000", "2015-03-31": "1356.00000", "2014-12-31": "1368.00000", "2014-09-30": "1394.00000", "2014-06-30": "1375.00000", "2014-03-31": "1355.00000", "2013-12-31": "1521.00000", "2013-09-30": "1406.00000", "2013-06-30": "1404.00000", "2013-03-31": "1412.00000", "2012-12-31": "1484.00000", "2012-09-30": "1497.00000", "2012-06-30": "1501.00000", "2012-03-31": "1521.00000", "2011-12-31": "1538.00000", "2011-09-30": "1568.00000", "2011-06-30": "1619.00000", "2011-03-31": "1670.00000", "2010-12-31": "1255.00000", "2010-09-30": "1908.00000", "2010-06-30": "1936.00000", "2010-03-31": "2027.00000", "2009-12-31": "961.00000", "2009-09-30": "2086.00000", "2009-06-30": "2550.00000", "2009-03-31": "2445.00000", "2008-12-31": "2283.00000", "2008-09-30": "2288.00000", "2008-06-30": "2374.00000", "2008-03-31": "2691.00000", "2007-12-31": "2666.64800", "2007-09-30": "2742.26400", "2007-06-30": "2724.28100", "2007-03-31": "2796.80700", "2006-12-31": "2521.16000", "2006-09-30": "1789.68400", "2006-06-30": "1721.67000", "2006-03-31": "1646.32400", "2005-12-31": "1406.10300", "2005-09-30": "1564.16700", "2005-06-30": "1564.80900", "2005-03-31": "1422.88600"}, "Cost Of Goods Sold": {"2020-12-31": "55.00000", "2020-09-30": "71.00000", "2020-06-30": "91.00000", "2020-03-31": "151.00000", "2019-12-31": "223.00000", "2019-09-30": "213.00000", "2019-06-30": "235.00000", "2019-03-31": "223.00000", "2018-12-31": "200.00000", "2018-09-30": "170.00000", "2018-06-30": "150.00000", "2018-03-31": "138.00000", "2017-12-31": "119.00000", "2017-09-30": "115.00000", "2017-06-30": "107.00000", "2017-03-31": "107.00000", "2016-12-31": "104.00000", "2016-09-30": "107.00000", "2016-06-30": "104.00000", "2016-03-31": "101.00000", "2015-12-31": "97.00000", "2015-09-30": "65.00000", "2015-06-30": "63.00000", "2015-03-31": "71.00000", "2014-12-31": "74.00000", "2014-09-30": "76.00000", "2014-06-30": "77.00000", "2014-03-31": "82.00000", "2013-12-31": "85.00000", "2013-09-30": "87.00000", "2013-06-30": "99.00000", "2013-03-31": "113.00000", "2012-12-31": "130.00000", "2012-09-30": "147.00000", "2012-06-30": "156.00000", "2012-03-31": "170.00000", "2011-12-31": "182.00000", "2011-09-30": "205.00000", "2011-06-30": "220.00000", "2011-03-31": "235.00000", "2010-12-31": "250.00000", "2010-09-30": "290.00000", "2010-06-30": "324.00000", "2010-03-31": "384.00000", "2009-12-31": "425.00000", "2009-09-30": "469.00000", "2009-06-30": "520.00000", "2009-03-31": "570.00000", "2008-12-31": "657.00000", "2008-09-30": "647.00000", "2008-06-30": "651.00000", "2008-03-31": "765.00000", "2007-12-31": "889.65910", "2007-09-30": "933.33900", "2007-06-30": "922.14500", "2007-03-31": "930.85700", "2006-12-31": "823.43790", "2006-09-30": "561.92200", "2006-06-30": "502.45100", "2006-03-31": "453.00500", "2005-12-31": "423.24700", "2005-09-30": "396.43200", "2005-06-30": "358.67200", "2005-03-31": "311.40500"}, "Gross Profit": {"2020-12-31": "1686.00000", "2020-09-30": "1643.00000", "2020-06-30": "1545.00000", "2020-03-31": "1413.00000", "2019-12-31": "1480.00000", "2019-09-30": "1495.00000", "2019-06-30": "1436.00000", "2019-03-31": "1450.00000", "2018-12-31": "1439.00000", "2018-09-30": "1461.00000", "2018-06-30": "1438.00000", "2018-03-31": "1416.00000", "2017-12-31": "1417.00000", "2017-09-30": "1379.00000", "2017-06-30": "1372.00000", "2017-03-31": "1333.00000", "2016-12-31": "1233.00000", "2016-09-30": "1434.00000", "2016-06-30": "1374.00000", "2016-03-31": "1368.00000", "2015-12-31": "1350.00000", "2015-09-30": "1333.00000", "2015-06-30": "1410.00000", "2015-03-31": "1285.00000", "2014-12-31": "1294.00000", "2014-09-30": "1318.00000", "2014-06-30": "1298.00000", "2014-03-31": "1273.00000", "2013-12-31": "1436.00000", "2013-09-30": "1319.00000", "2013-06-30": "1305.00000", "2013-03-31": "1299.00000", "2012-12-31": "1354.00000", "2012-09-30": "1350.00000", "2012-06-30": "1345.00000", "2012-03-31": "1351.00000", "2011-12-31": "1356.00000", "2011-09-30": "1363.00000", "2011-06-30": "1399.00000", "2011-03-31": "1435.00000", "2010-12-31": "1005.00000", "2010-09-30": "1618.00000", "2010-06-30": "1612.00000", "2010-03-31": "1643.00000", "2009-12-31": "536.00000", "2009-09-30": "1617.00000", "2009-06-30": "2030.00000", "2009-03-31": "1875.00000", "2008-12-31": "1626.00000", "2008-09-30": "1641.00000", "2008-06-30": "1723.00000", "2008-03-31": "1926.00000", "2007-12-31": "1776.98900", "2007-09-30": "1808.92500", "2007-06-30": "1802.13600", "2007-03-31": "1865.95000", "2006-12-31": "1697.72200", "2006-09-30": "1227.76200", "2006-06-30": "1219.21900", "2006-03-31": "1193.31900", "2005-12-31": "982.85580", "2005-09-30": "1167.73500", "2005-06-30": "1206.13700", "2005-03-31": "1111.48100"}, "Research And Development Expenses": {"2020-12-31": "", "2020-09-30": "", "2020-06-30": "", "2020-03-31": "", "2019-12-31": "", "2019-09-30": "", "2019-06-30": "", "2019-03-31": "", "2018-12-31": "", "2018-09-30": "", "2018-06-30": "", "2018-03-31": "", "2017-12-31": "", "2017-09-30": "", "2017-06-30": "", "2017-03-31": "", "2016-12-31": "", "2016-09-30": "", "2016-06-30": "", "2016-03-31": "", "2015-12-31": "", "2015-09-30": "", "2015-06-30": "", "2015-03-31": "", "2014-12-31": "", "2014-09-30": "", "2014-06-30": "", "2014-03-31": "", "2013-12-31": "", "2013-09-30": "", "2013-06-30": "", "2013-03-31": "", "2012-12-31": "", "2012-09-30": "", "2012-06-30": "", "2012-03-31": "", "2011-12-31": "", "2011-09-30": "", "2011-06-30": "", "2011-03-31": "", "2010-12-31": "", "2010-09-30": "", "2010-06-30": "", "2010-03-31": "", "2009-12-31": "", "2009-09-30": "", "2009-06-30": "", "2009-03-31": "", "2008-12-31": "", "2008-09-30": "", "2008-06-30": "", "2008-03-31": "", "2007-12-31": "", "2007-09-30": "", "2007-06-30": "", "2007-03-31": "", "2006-12-31": "", "2006-09-30": "", "2006-06-30": "", "2006-03-31": "", "2005-12-31": "", "2005-09-30": "", "2005-06-30": "", "2005-03-31": ""}, "SG&A Expenses": {"2020-12-31": "949.00000", "2020-09-30": "1009.00000", "2020-06-30": "1806.00000", "2020-03-31": "1209.00000", "2019-12-31": "993.00000", "2019-09-30": "979.00000", "2019-06-30": "953.00000", "2019-03-31": "951.00000", "2018-12-31": "948.00000", "2018-09-30": "1006.00000", "2018-06-30": "971.00000", "2018-03-31": "874.00000", "2017-12-31": "876.00000", "2017-09-30": "929.00000", "2017-06-30": "923.00000", "2017-03-31": "913.00000", "2016-12-31": "813.00000", "2016-09-30": "963.00000", "2016-06-30": "987.00000", "2016-03-31": "982.00000", "2015-12-31": "942.00000", "2015-09-30": "955.00000", "2015-06-30": "997.00000", "2015-03-31": "954.00000", "2014-12-31": "977.00000", "2014-09-30": "850.00000", "2014-06-30": "855.00000", "2014-03-31": "819.00000", "2013-12-31": "1025.00000", "2013-09-30": "902.00000", "2013-06-30": "915.00000", "2013-03-31": "852.00000", "2012-12-31": "939.00000", "2012-09-30": "902.00000", "2012-06-30": "868.00000", "2012-03-31": "1030.00000", "2011-12-31": "1166.00000", "2011-09-30": "1205.00000", "2011-06-30": "1354.00000", "2011-03-31": "1414.00000", "2010-12-31": "822.00000", "2010-09-30": "1923.00000", "2010-06-30": "1977.00000", "2010-03-31": "2000.00000", "2009-12-31": "1429.00000", "2009-09-30": "2265.00000", "2009-06-30": "2074.00000", "2009-03-31": "1483.00000", "2008-12-31": "2396.00000", "2008-09-30": "1525.00000", "2008-06-30": "1516.00000", "2008-03-31": "1389.00000", "2007-12-31": "1680.90500", "2007-09-30": "1215.39400", "2007-06-30": "1155.73500", "2007-03-31": "1155.96600", "2006-12-31": "1149.02700", "2006-09-30": "705.26500", "2006-06-30": "735.47700", "2006-03-31": "756.63200", "2005-12-31": "691.72110", "2005-09-30": "803.62300", "2005-06-30": "850.35100", "2005-03-31": "763.94600"}, "Other Operating Income Or Expenses": {"2020-12-31": "", "2020-09-30": "", "2020-06-30": "", "2020-03-31": "", "2019-12-31": "", "2019-09-30": "", "2019-06-30": "", "2019-03-31": "", "2018-12-31": "", "2018-09-30": "", "2018-06-30": "", "2018-03-31": "", "2017-12-31": "", "2017-09-30": "", "2017-06-30": "", "2017-03-31": "", "2016-12-31": "", "2016-09-30": "", "2016-06-30": "", "2016-03-31": "", "2015-12-31": "", "2015-09-30": "", "2015-06-30": "", "2015-03-31": "", "2014-12-31": "", "2014-09-30": "", "2014-06-30": "", "2014-03-31": "", "2013-12-31": "", "2013-09-30": "", "2013-06-30": "", "2013-03-31": "", "2012-12-31": "", "2012-09-30": "", "2012-06-30": "", "2012-03-31": "", "2011-12-31": "", "2011-09-30": "", "2011-06-30": "", "2011-03-31": "", "2010-12-31": "", "2010-09-30": "", "2010-06-30": "", "2010-03-31": "", "2009-12-31": "", "2009-09-30": "", "2009-06-30": "", "2009-03-31": "", "2008-12-31": "", "2008-09-30": "", "2008-06-30": "", "2008-03-31": "", "2007-12-31": "", "2007-09-30": "", "2007-06-30": "", "2007-03-31": "", "2006-12-31": "", "2006-09-30": "", "2006-06-30": "", "2006-03-31": "", "2005-12-31": "", "2005-09-30": "", "2005-06-30": "", "2005-03-31": ""}, "Operating Expenses": {"2020-12-31": "1004.00000", "2020-09-30": "1080.00000", "2020-06-30": "1897.00000", "2020-03-31": "1360.00000", "2019-12-31": "1216.00000", "2019-09-30": "1192.00000", "2019-06-30": "1188.00000", "2019-03-31": "1174.00000", "2018-12-31": "1148.00000", "2018-09-30": "1176.00000", "2018-06-30": "1121.00000", "2018-03-31": "1012.00000", "2017-12-31": "995.00000", "2017-09-30": "1044.00000", "2017-06-30": "1030.00000", "2017-03-31": "1020.00000", "2016-12-31": "917.00000", "2016-09-30": "1070.00000", "2016-06-30": "1091.00000", "2016-03-31": "1083.00000", "2015-12-31": "1039.00000", "2015-09-30": "1020.00000", "2015-06-30": "1060.00000", "2015-03-31": "1025.00000", "2014-12-31": "1051.00000", "2014-09-30": "926.00000", "2014-06-30": "932.00000", "2014-03-31": "901.00000", "2013-12-31": "1110.00000", "2013-09-30": "989.00000", "2013-06-30": "1014.00000", "2013-03-31": "965.00000", "2012-12-31": "1069.00000", "2012-09-30": "1049.00000", "2012-06-30": "1024.00000", "2012-03-31": "1200.00000", "2011-12-31": "1348.00000", "2011-09-30": "1410.00000", "2011-06-30": "1574.00000", "2011-03-31": "1649.00000", "2010-12-31": "1072.00000", "2010-09-30": "2213.00000", "2010-06-30": "2301.00000", "2010-03-31": "2384.00000", "2009-12-31": "1854.00000", "2009-09-30": "2734.00000", "2009-06-30": "2594.00000", "2009-03-31": "2053.00000", "2008-12-31": "3053.00000", "2008-09-30": "2172.00000", "2008-06-30": "2167.00000", "2008-03-31": "2154.00000", "2007-12-31": "2570.56400", "2007-09-30": "2148.73300", "2007-06-30": "2077.88000", "2007-03-31": "2086.82300", "2006-12-31": "1972.46500", "2006-09-30": "1267.18700", "2006-06-30": "1237.92800", "2006-03-31": "1209.63700", "2005-12-31": "1114.96800", "2005-09-30": "1200.05500", "2005-06-30": "1209.02300", "2005-03-31": "1075.35100"}, "Operating Income": {"2020-12-31": "737.00000", "2020-09-30": "634.00000", "2020-06-30": "-261.00000", "2020-03-31": "204.00000", "2019-12-31": "487.00000", "2019-09-30": "516.00000", "2019-06-30": "483.00000", "2019-03-31": "499.00000", "2018-12-31": "491.00000", "2018-09-30": "455.00000", "2018-06-30": "467.00000", "2018-03-31": "542.00000", "2017-12-31": "541.00000", "2017-09-30": "450.00000", "2017-06-30": "449.00000", "2017-03-31": "420.00000", "2016-12-31": "420.00000", "2016-09-30": "471.00000", "2016-06-30": "387.00000", "2016-03-31": "386.00000", "2015-12-31": "408.00000", "2015-09-30": "378.00000", "2015-06-30": "413.00000", "2015-03-31": "331.00000", "2014-12-31": "317.00000", "2014-09-30": "468.00000", "2014-06-30": "443.00000", "2014-03-31": "454.00000", "2013-12-31": "411.00000", "2013-09-30": "417.00000", "2013-06-30": "390.00000", "2013-03-31": "447.00000", "2012-12-31": "415.00000", "2012-09-30": "448.00000", "2012-06-30": "477.00000", "2012-03-31": "321.00000", "2011-12-31": "190.00000", "2011-09-30": "158.00000", "2011-06-30": "45.00000", "2011-03-31": "21.00000", "2010-12-31": "183.00000", "2010-09-30": "-305.00000", "2010-06-30": "-365.00000", "2010-03-31": "-357.00000", "2009-12-31": "-893.00000", "2009-09-30": "-648.00000", "2009-06-30": "-44.00000", "2009-03-31": "392.00000", "2008-12-31": "-770.00000", "2008-09-30": "116.00000", "2008-06-30": "207.00000", "2008-03-31": "537.00000", "2007-12-31": "96.08400", "2007-09-30": "593.53100", "2007-06-30": "646.40110", "2007-03-31": "709.98410", "2006-12-31": "548.69520", "2006-09-30": "522.49710", "2006-06-30": "483.74190", "2006-03-31": "436.68700", "2005-12-31": "291.13480", "2005-09-30": "364.11210", "2005-06-30": "355.78610", "2005-03-31": "347.53490"}, "Total Non-Operating Income/Expense": {"2020-12-31": "", "2020-09-30": "", "2020-06-30": "", "2020-03-31": "", "2019-12-31": "", "2019-09-30": "", "2019-06-30": "", "2019-03-31": "", "2018-12-31": "", "2018-09-30": "", "2018-06-30": "", "2018-03-31": "", "2017-12-31": "", "2017-09-30": "", "2017-06-30": "", "2017-03-31": "", "2016-12-31": "", "2016-09-30": "", "2016-06-30": "", "2016-03-31": "", "2015-12-31": "", "2015-09-30": "", "2015-06-30": "", "2015-03-31": "", "2014-12-31": "", "2014-09-30": "", "2014-06-30": "", "2014-03-31": "", "2013-12-31": "", "2013-09-30": "", "2013-06-30": "", "2013-03-31": "", "2012-12-31": "", "2012-09-30": "", "2012-06-30": "", "2012-03-31": "", "2011-12-31": "", "2011-09-30": "", "2011-06-30": "", "2011-03-31": "", "2010-12-31": "", "2010-09-30": "", "2010-06-30": "", "2010-03-31": "", "2009-12-31": "-3.00000", "2009-09-30": "-3.00000", "2009-06-30": "-69.00000", "2009-03-31": "", "2008-12-31": "-27.00000", "2008-09-30": "-20.00000", "2008-06-30": "66.00000", "2008-03-31": "-42.00000", "2007-12-31": "-25.00000", "2007-09-30": "-20.00000", "2007-06-30": "38.00000", "2007-03-31": "", "2006-12-31": "", "2006-09-30": "-8.00000", "2006-06-30": "10.00000", "2006-03-31": "", "2005-12-31": "", "2005-09-30": "", "2005-06-30": "", "2005-03-31": ""}, "Pre-Tax Income": {"2020-12-31": "737.00000", "2020-09-30": "634.00000", "2020-06-30": "-261.00000", "2020-03-31": "204.00000", "2019-12-31": "487.00000", "2019-09-30": "516.00000", "2019-06-30": "483.00000", "2019-03-31": "499.00000", "2018-12-31": "491.00000", "2018-09-30": "455.00000", "2018-06-30": "467.00000", "2018-03-31": "542.00000", "2017-12-31": "541.00000", "2017-09-30": "450.00000", "2017-06-30": "449.00000", "2017-03-31": "420.00000", "2016-12-31": "420.00000", "2016-09-30": "471.00000", "2016-06-30": "387.00000", "2016-03-31": "386.00000", "2015-12-31": "408.00000", "2015-09-30": "378.00000", "2015-06-30": "413.00000", "2015-03-31": "331.00000", "2014-12-31": "317.00000", "2014-09-30": "468.00000", "2014-06-30": "443.00000", "2014-03-31": "454.00000", "2013-12-31": "411.00000", "2013-09-30": "417.00000", "2013-06-30": "390.00000", "2013-03-31": "447.00000", "2012-12-31": "415.00000", "2012-09-30": "448.00000", "2012-06-30": "477.00000", "2012-03-31": "321.00000", "2011-12-31": "-63.00000", "2011-09-30": "158.00000", "2011-06-30": "45.00000", "2011-03-31": "21.00000", "2010-12-31": "183.00000", "2010-09-30": "-305.00000", "2010-06-30": "-365.00000", "2010-03-31": "-357.00000", "2009-12-31": "-896.00000", "2009-09-30": "-651.00000", "2009-06-30": "-113.00000", "2009-03-31": "392.00000", "2008-12-31": "-6797.00000", "2008-09-30": "96.00000", "2008-06-30": "273.00000", "2008-03-31": "495.00000", "2007-12-31": "71.08400", "2007-09-30": "573.53100", "2007-06-30": "684.40100", "2007-03-31": "709.98400", "2006-12-31": "546.69500", "2006-09-30": "514.49700", "2006-06-30": "493.74200", "2006-03-31": "436.68700", "2005-12-31": "291.13500", "2005-09-30": "364.11200", "2005-06-30": "355.78600", "2005-03-31": "347.53500"}, "Income Taxes": {"2020-12-31": "121.00000", "2020-09-30": "104.00000", "2020-06-30": "-47.00000", "2020-03-31": "42.00000", "2019-12-31": "98.00000", "2019-09-30": "107.00000", "2019-06-30": "93.00000", "2019-03-31": "105.00000", "2018-12-31": "85.00000", "2018-09-30": "85.00000", "2018-06-30": "89.00000", "2018-03-31": "128.00000", "2017-12-31": "221.00000", "2017-09-30": "138.00000", "2017-06-30": "133.00000", "2017-03-31": "127.00000", "2016-12-31": "130.00000", "2016-09-30": "152.00000", "2016-06-30": "115.00000", "2016-03-31": "113.00000", "2015-12-31": "120.00000", "2015-09-30": "116.00000", "2015-06-30": "124.00000", "2015-03-31": "95.00000", "2014-12-31": "98.00000", "2014-09-30": "151.00000", "2014-06-30": "148.00000", "2014-03-31": "151.00000", "2013-12-31": "201.00000", "2013-09-30": "124.00000", "2013-06-30": "122.00000", "2013-03-31": "114.00000", "2012-12-31": "138.00000", "2012-09-30": "136.00000", "2012-06-30": "126.00000", "2012-03-31": "82.00000", "2011-12-31": "18.00000", "2011-09-30": "17.00000", "2011-06-30": "-34.00000", "2011-03-31": "-29.00000", "2010-12-31": "23.00000", "2010-09-30": "-150.00000", "2010-06-30": "-88.00000", "2010-03-31": "-161.00000", "2009-12-31": "-310.00000", "2009-09-30": "-274.00000", "2009-06-30": "75.00000", "2009-03-31": "315.00000", "2008-12-31": "-579.00000", "2008-09-30": "6.00000", "2008-06-30": "67.00000", "2008-03-31": "158.00000", "2007-12-31": "0.13200", "2007-09-30": "179.29100", "2007-06-30": "230.66900", "2007-03-31": "235.90800", "2006-12-31": "174.70000", "2006-09-30": "156.57500", "2006-06-30": "150.28000", "2006-03-31": "137.54500", "2005-12-31": "74.97600", "2005-09-30": "107.55600", "2005-06-30": "107.43500", "2005-03-31": "105.89400"}, "Income After Taxes": {"2020-12-31": "616.00000", "2020-09-30": "530.00000", "2020-06-30": "-214.00000", "2020-03-31": "162.00000", "2019-12-31": "389.00000", "2019-09-30": "409.00000", "2019-06-30": "390.00000", "2019-03-31": "394.00000", "2018-12-31": "406.00000", "2018-09-30": "370.00000", "2018-06-30": "378.00000", "2018-03-31": "414.00000", "2017-12-31": "320.00000", "2017-09-30": "312.00000", "2017-06-30": "316.00000", "2017-03-31": "293.00000", "2016-12-31": "290.00000", "2016-09-30": "319.00000", "2016-06-30": "272.00000", "2016-03-31": "273.00000", "2015-12-31": "288.00000", "2015-09-30": "262.00000", "2015-06-30": "289.00000", "2015-03-31": "236.00000", "2014-12-31": "219.00000", "2014-09-30": "317.00000", "2014-06-30": "295.00000", "2014-03-31": "303.00000", "2013-12-31": "210.00000", "2013-09-30": "293.00000", "2013-06-30": "268.00000", "2013-03-31": "333.00000", "2012-12-31": "277.00000", "2012-09-30": "312.00000", "2012-06-30": "351.00000", "2012-03-31": "239.00000", "2011-12-31": "-81.00000", "2011-09-30": "141.00000", "2011-06-30": "79.00000", "2011-03-31": "50.00000", "2010-12-31": "160.00000", "2010-09-30": "-155.00000", "2010-06-30": "-277.00000", "2010-03-31": "-196.00000", "2009-12-31": "-586.00000", "2009-09-30": "-377.00000", "2009-06-30": "-188.00000", "2009-03-31": "77.00000", "2008-12-31": "-6218.00000", "2008-09-30": "90.00000", "2008-06-30": "206.00000", "2008-03-31": "337.00000", "2007-12-31": "70.95200", "2007-09-30": "394.24000", "2007-06-30": "453.73200", "2007-03-31": "474.07600", "2006-12-31": "371.99490", "2006-09-30": "357.92200", "2006-06-30": "343.46200", "2006-03-31": "299.14200", "2005-12-31": "216.15900", "2005-09-30": "256.55600", "2005-06-30": "248.35100", "2005-03-31": "241.64100"}, "Other Income": {"2020-12-31": "", "2020-09-30": "", "2020-06-30": "", "2020-03-31": "", "2019-12-31": "", "2019-09-30": "", "2019-06-30": "", "2019-03-31": "", "2018-12-31": "", "2018-09-30": "", "2018-06-30": "", "2018-03-31": "", "2017-12-31": "", "2017-09-30": "", "2017-06-30": "", "2017-03-31": "", "2016-12-31": "", "2016-09-30": "", "2016-06-30": "", "2016-03-31": "", "2015-12-31": "", "2015-09-30": "", "2015-06-30": "", "2015-03-31": "", "2014-12-31": "", "2014-09-30": "", "2014-06-30": "", "2014-03-31": "", "2013-12-31": "", "2013-09-30": "", "2013-06-30": "", "2013-03-31": "", "2012-12-31": "", "2012-09-30": "", "2012-06-30": "", "2012-03-31": "", "2011-12-31": "", "2011-09-30": "", "2011-06-30": "", "2011-03-31": "", "2010-12-31": "", "2010-09-30": "", "2010-06-30": "", "2010-03-31": "", "2009-12-31": "", "2009-09-30": "", "2009-06-30": "", "2009-03-31": "", "2008-12-31": "", "2008-09-30": "", "2008-06-30": "", "2008-03-31": "", "2007-12-31": "", "2007-09-30": "", "2007-06-30": "", "2007-03-31": "", "2006-12-31": "", "2006-09-30": "", "2006-06-30": "", "2006-03-31": "", "2005-12-31": "", "2005-09-30": "", "2005-06-30": "", "2005-03-31": ""}, "Income From Continuous Operations": {"2020-12-31": "616.00000", "2020-09-30": "530.00000", "2020-06-30": "-214.00000", "2020-03-31": "162.00000", "2019-12-31": "389.00000", "2019-09-30": "409.00000", "2019-06-30": "390.00000", "2019-03-31": "394.00000", "2018-12-31": "406.00000", "2018-09-30": "370.00000", "2018-06-30": "378.00000", "2018-03-31": "414.00000", "2017-12-31": "320.00000", "2017-09-30": "312.00000", "2017-06-30": "316.00000", "2017-03-31": "293.00000", "2016-12-31": "290.00000", "2016-09-30": "319.00000", "2016-06-30": "272.00000", "2016-03-31": "273.00000", "2015-12-31": "288.00000", "2015-09-30": "262.00000", "2015-06-30": "289.00000", "2015-03-31": "236.00000", "2014-12-31": "219.00000", "2014-09-30": "317.00000", "2014-06-30": "295.00000", "2014-03-31": "303.00000", "2013-12-31": "210.00000", "2013-09-30": "293.00000", "2013-06-30": "268.00000", "2013-03-31": "333.00000", "2012-12-31": "277.00000", "2012-09-30": "312.00000", "2012-06-30": "351.00000", "2012-03-31": "239.00000", "2011-12-31": "-81.00000", "2011-09-30": "141.00000", "2011-06-30": "79.00000", "2011-03-31": "50.00000", "2010-12-31": "160.00000", "2010-09-30": "-155.00000", "2010-06-30": "-277.00000", "2010-03-31": "-196.00000", "2009-12-31": "-586.00000", "2009-09-30": "-377.00000", "2009-06-30": "-188.00000", "2009-03-31": "77.00000", "2008-12-31": "-6218.00000", "2008-09-30": "90.00000", "2008-06-30": "206.00000", "2008-03-31": "337.00000", "2007-12-31": "70.95200", "2007-09-30": "394.24000", "2007-06-30": "453.73200", "2007-03-31": "474.07600", "2006-12-31": "371.99500", "2006-09-30": "357.92200", "2006-06-30": "343.46200", "2006-03-31": "299.14200", "2005-12-31": "216.15900", "2005-09-30": "256.55600", "2005-06-30": "248.35100", "2005-03-31": "241.64100"}, "Income From Discontinued Operations": {"2020-12-31": "", "2020-09-30": "", "2020-06-30": "", "2020-03-31": "", "2019-12-31": "", "2019-09-30": "", "2019-06-30": "", "2019-03-31": "", "2018-12-31": "", "2018-09-30": "194.00000", "2018-06-30": "-3.00000", "2018-03-31": "", "2017-12-31": "15.00000", "2017-09-30": "-1.00000", "2017-06-30": "", "2017-03-31": "8.00000", "2016-12-31": "5.00000", "2016-09-30": "1.00000", "2016-06-30": "3.00000", "2016-03-31": "0.00000", "2015-12-31": "-3.00000", "2015-09-30": "-4.00000", "2015-06-30": "-4.00000", "2015-03-31": "-2.00000", "2014-12-31": "-3.00000", "2014-09-30": "3.00000", "2014-06-30": "1.00000", "2014-03-31": "12.00000", "2013-12-31": "-14.00000", "2013-09-30": "0.00000", "2013-06-30": "-1.00000", "2013-03-31": "2.00000", "2012-12-31": "-12.00000", "2012-09-30": "-11.00000", "2012-06-30": "4.00000", "2012-03-31": "-40.00000", "2011-12-31": "-467.00000", "2011-09-30": "14.00000", "2011-06-30": "30.00000", "2011-03-31": "19.00000", "2010-12-31": "", "2010-09-30": "", "2010-06-30": "", "2010-03-31": "", "2009-12-31": "", "2009-09-30": "", "2009-06-30": "", "2009-03-31": "", "2008-12-31": "", "2008-09-30": "-11.00000", "2008-06-30": "", "2008-03-31": "", "2007-12-31": "-0.40600", "2007-09-30": "-0.07600", "2007-06-30": "-0.42300", "2007-03-31": "-141.09500", "2006-12-31": "-10.44400", "2006-09-30": "-6.26500", "2006-06-30": "1.79500", "2006-03-31": "-4.46200", "2005-12-31": "", "2005-09-30": "", "2005-06-30": "", "2005-03-31": ""}, "Net Income": {"2020-12-31": "588.00000", "2020-09-30": "501.00000", "2020-06-30": "-237.00000", "2020-03-31": "139.00000", "2019-12-31": "366.00000", "2019-09-30": "385.00000", "2019-06-30": "374.00000", "2019-03-31": "378.00000", "2018-12-31": "390.00000", "2018-09-30": "548.00000", "2018-06-30": "359.00000", "2018-03-31": "398.00000", "2017-12-31": "319.00000", "2017-09-30": "295.00000", "2017-06-30": "300.00000", "2017-03-31": "285.00000", "2016-12-31": "279.00000", "2016-09-30": "304.00000", "2016-06-30": "259.00000", "2016-03-31": "257.00000", "2015-12-31": "269.00000", "2015-09-30": "242.00000", "2015-06-30": "269.00000", "2015-03-31": "218.00000", "2014-12-31": "200.00000", "2014-09-30": "300.00000", "2014-06-30": "288.00000", "2014-03-31": "307.00000", "2013-12-31": "188.00000", "2013-09-30": "285.00000", "2013-06-30": "259.00000", "2013-03-31": "327.00000", "2012-12-31": "261.00000", "2012-09-30": "301.00000", "2012-06-30": "284.00000", "2012-03-31": "145.00000", "2011-12-31": "-602.00000", "2011-09-30": "101.00000", "2011-06-30": "55.00000", "2011-03-31": "17.00000", "2010-12-31": "36.00000", "2010-09-30": "-209.00000", "2010-06-30": "-335.00000", "2010-03-31": "-255.00000", "2009-12-31": "-606.00000", "2009-09-30": "-437.00000", "2009-06-30": "-244.00000", "2009-03-31": "26.00000", "2008-12-31": "-6244.00000", "2008-09-30": "79.00000", "2008-06-30": "206.00000", "2008-03-31": "337.00000", "2007-12-31": "70.54600", "2007-09-30": "394.16400", "2007-06-30": "453.30900", "2007-03-31": "332.98100", "2006-12-31": "361.55110", "2006-09-30": "351.65700", "2006-06-30": "345.25700", "2006-03-31": "294.68000", "2005-12-31": "253.99600", "2005-09-30": "256.55600", "2005-06-30": "248.35100", "2005-03-31": "241.64100"}, "EBITDA": {"2020-12-31": "", "2020-09-30": "", "2020-06-30": "", "2020-03-31": "", "2019-12-31": "", "2019-09-30": "", "2019-06-30": "", "2019-03-31": "", "2018-12-31": "", "2018-09-30": "", "2018-06-30": "", "2018-03-31": "", "2017-12-31": "", "2017-09-30": "", "2017-06-30": "", "2017-03-31": "", "2016-12-31": "", "2016-09-30": "", "2016-06-30": "", "2016-03-31": "", "2015-12-31": "", "2015-09-30": "", "2015-06-30": "", "2015-03-31": "", "2014-12-31": "", "2014-09-30": "", "2014-06-30": "", "2014-03-31": "", "2013-12-31": "", "2013-09-30": "", "2013-06-30": "", "2013-03-31": "", "2012-12-31": "", "2012-09-30": "", "2012-06-30": "", "2012-03-31": "", "2011-12-31": "", "2011-09-30": "", "2011-06-30": "", "2011-03-31": "", "2010-12-31": "", "2010-09-30": "", "2010-06-30": "", "2010-03-31": "", "2009-12-31": "", "2009-09-30": "", "2009-06-30": "", "2009-03-31": "", "2008-12-31": "", "2008-09-30": "", "2008-06-30": "", "2008-03-31": "", "2007-12-31": "", "2007-09-30": "", "2007-06-30": "", "2007-03-31": "", "2006-12-31": "", "2006-09-30": "", "2006-06-30": "", "2006-03-31": "", "2005-12-31": "", "2005-09-30": "", "2005-06-30": "", "2005-03-31": ""}, "EBIT": {"2020-12-31": "", "2020-09-30": "", "2020-06-30": "", "2020-03-31": "", "2019-12-31": "", "2019-09-30": "", "2019-06-30": "", "2019-03-31": "", "2018-12-31": "", "2018-09-30": "", "2018-06-30": "", "2018-03-31": "", "2017-12-31": "", "2017-09-30": "", "2017-06-30": "", "2017-03-31": "", "2016-12-31": "", "2016-09-30": "", "2016-06-30": "", "2016-03-31": "", "2015-12-31": "", "2015-09-30": "", "2015-06-30": "", "2015-03-31": "", "2014-12-31": "", "2014-09-30": "", "2014-06-30": "", "2014-03-31": "", "2013-12-31": "", "2013-09-30": "", "2013-06-30": "", "2013-03-31": "", "2012-12-31": "", "2012-09-30": "", "2012-06-30": "", "2012-03-31": "", "2011-12-31": "", "2011-09-30": "", "2011-06-30": "", "2011-03-31": "", "2010-12-31": "", "2010-09-30": "", "2010-06-30": "", "2010-03-31": "", "2009-12-31": "", "2009-09-30": "", "2009-06-30": "", "2009-03-31": "", "2008-12-31": "", "2008-09-30": "", "2008-06-30": "", "2008-03-31": "", "2007-12-31": "", "2007-09-30": "", "2007-06-30": "", "2007-03-31": "", "2006-12-31": "", "2006-09-30": "", "2006-06-30": "", "2006-03-31": "", "2005-12-31": "", "2005-09-30": "", "2005-06-30": "", "2005-03-31": ""}, "Basic Shares Outstanding": {"2020-12-31": "960.00000", "2020-09-30": "960.00000", "2020-06-30": "960.00000", "2020-03-31": "957.00000", "2019-12-31": "995.00000", "2019-09-30": "988.00000", "2019-06-30": "1010.00000", "2019-03-31": "1019.00000", "2018-12-31": "1092.00000", "2018-09-30": "1086.00000", "2018-06-30": "1119.00000", "2018-03-31": "1127.00000", "2017-12-31": "1186.00000", "2017-09-30": "1182.00000", "2017-06-30": "1202.00000", "2017-03-31": "1209.00000", "2016-12-31": "1255.00000", "2016-09-30": "1246.00000", "2016-06-30": "1265.00000", "2016-03-31": "1286.00000", "2015-12-31": "1325.00000", "2015-09-30": "1319.00000", "2015-06-30": "1335.00000", "2015-03-31": "1346.00000", "2014-12-31": "1375.00000", "2014-09-30": "1378.00000", "2014-06-30": "1378.00000", "2014-03-31": "1378.00000", "2013-12-31": "1395.00000", "2013-09-30": "1388.00000", "2013-06-30": "1401.00000", "2013-03-31": "1413.00000", "2012-12-31": "1381.00000", "2012-09-30": "1414.00000", "2012-06-30": "1414.00000", "2012-03-31": "1282.00000", "2011-12-31": "1258.00000", "2011-09-30": "1259.00000", "2011-06-30": "1258.00000", "2011-03-31": "1257.00000", "2010-12-31": "1227.00000", "2010-09-30": "1257.00000", "2010-06-30": "1200.00000", "2010-03-31": "1194.00000", "2009-12-31": "989.00000", "2009-09-30": "1189.00000", "2009-06-30": "876.00000", "2009-03-31": "693.00000", "2008-12-31": "695.00000", "2008-09-30": "696.00000", "2008-06-30": "696.00000", "2008-03-31": "695.00000", "2007-12-31": "708.00000", "2007-09-30": "700.58900", "2007-06-30": "709.33200", "2007-03-31": "726.92100", "2006-12-31": "501.68100", "2006-09-30": "454.44100", "2006-06-30": "455.52800", "2006-03-31": "456.44200", "2005-12-31": "461.17100", "2005-09-30": "459.56300", "2005-06-30": "462.91300", "2005-03-31": "465.12200"}, "Shares Outstanding": {"2020-12-31": "965.00000", "2020-09-30": "962.00000", "2020-06-30": "960.00000", "2020-03-31": "961.00000", "2019-12-31": "999.00000", "2019-09-30": "991.00000", "2019-06-30": "1012.00000", "2019-03-31": "1028.00000", "2018-12-31": "1102.00000", "2018-09-30": "1095.00000", "2018-06-30": "1128.00000", "2018-03-31": "1141.00000", "2017-12-31": "1198.00000", "2017-09-30": "1193.00000", "2017-06-30": "1212.00000", "2017-03-31": "1224.00000", "2016-12-31": "1261.00000", "2016-09-30": "1252.00000", "2016-06-30": "1268.00000", "2016-03-31": "1291.00000", "2015-12-31": "1334.00000", "2015-09-30": "1326.00000", "2015-06-30": "1346.00000", "2015-03-31": "1358.00000", "2014-12-31": "1387.00000", "2014-09-30": "1389.00000", "2014-06-30": "1390.00000", "2014-03-31": "1390.00000", "2013-12-31": "1410.00000", "2013-09-30": "1405.00000", "2013-06-30": "1418.00000", "2013-03-31": "1423.00000", "2012-12-31": "1387.00000", "2012-09-30": "1423.00000", "2012-06-30": "1418.00000", "2012-03-31": "1283.00000", "2011-12-31": "1258.00000", "2011-09-30": "1261.00000", "2011-06-30": "1260.00000", "2011-03-31": "1259.00000", "2010-12-31": "1227.00000", "2010-09-30": "1257.00000", "2010-06-30": "1200.00000", "2010-03-31": "1194.00000", "2009-12-31": "989.00000", "2009-09-30": "1189.00000", "2009-06-30": "876.00000", "2009-03-31": "694.00000", "2008-12-31": "695.00000", "2008-09-30": "696.00000", "2008-06-30": "696.00000", "2008-03-31": "696.00000", "2007-12-31": "713.00000", "2007-09-30": "704.48500", "2007-06-30": "715.56400", "2007-03-31": "734.53400", "2006-12-31": "506.98900", "2006-09-30": "458.90300", "2006-06-30": "460.13100", "2006-03-31": "461.04300", "2005-12-31": "466.18300", "2005-09-30": "464.25000", "2005-06-30": "468.19300", "2005-03-31": "470.75900"}, "Basic EPS": {"2020-12-31": "0.61000", "2020-09-30": "0.52000", "2020-06-30": "-0.25000", "2020-03-31": "0.15000", "2019-12-31": "0.38000", "2019-09-30": "0.39000", "2019-06-30": "0.37000", "2019-03-31": "0.37000", "2018-12-31": "0.38000", "2018-09-30": "0.50000", "2018-06-30": "0.32000", "2018-03-31": "0.35000", "2017-12-31": "0.27000", "2017-09-30": "0.25000", "2017-06-30": "0.25000", "2017-03-31": "0.24000", "2016-12-31": "0.23000", "2016-09-30": "0.24000", "2016-06-30": "0.20000", "2016-03-31": "0.20000", "2015-12-31": "0.21000", "2015-09-30": "0.18000", "2015-06-30": "0.20000", "2015-03-31": "0.16000", "2014-12-31": "0.15000", "2014-09-30": "0.22000", "2014-06-30": "0.21000", "2014-03-31": "0.22000", "2013-12-31": "0.14000", "2013-09-30": "0.21000", "2013-06-30": "0.18000", "2013-03-31": "0.23000", "2012-12-31": "0.20000", "2012-09-30": "0.21000", "2012-06-30": "0.20000", "2012-03-31": "0.11000", "2011-12-31": "-0.47000", "2011-09-30": "0.08000", "2011-06-30": "0.04000", "2011-03-31": "0.01000", "2010-12-31": "0.04000", "2010-09-30": "-0.17000", "2010-06-30": "-0.28000", "2010-03-31": "-0.21000", "2009-12-31": "-0.66000", "2009-09-30": "-0.37000", "2009-06-30": "-0.28000", "2009-03-31": "0.04000", "2008-12-31": "-8.98000", "2008-09-30": "0.11000", "2008-06-30": "0.30000", "2008-03-31": "0.48000", "2007-12-31": "0.11000", "2007-09-30": "0.56000", "2007-06-30": "0.64000", "2007-03-31": "0.46000", "2006-12-31": "0.53000", "2006-09-30": "0.77000", "2006-06-30": "0.75000", "2006-03-31": "0.65000", "2005-12-31": "0.55000", "2005-09-30": "0.56000", "2005-06-30": "0.54000", "2005-03-31": "0.52000"}, "EPS - Earnings Per Share": {"2020-12-31": "0.61000", "2020-09-30": "0.52000", "2020-06-30": "-0.25000", "2020-03-31": "0.14000", "2019-12-31": "0.37000", "2019-09-30": "0.39000", "2019-06-30": "0.37000", "2019-03-31": "0.37000", "2018-12-31": "0.37000", "2018-09-30": "0.50000", "2018-06-30": "0.32000", "2018-03-31": "0.35000", "2017-12-31": "0.27000", "2017-09-30": "0.25000", "2017-06-30": "0.25000", "2017-03-31": "0.23000", "2016-12-31": "0.23000", "2016-09-30": "0.24000", "2016-06-30": "0.20000", "2016-03-31": "0.20000", "2015-12-31": "0.21000", "2015-09-30": "0.18000", "2015-06-30": "0.20000", "2015-03-31": "0.16000", "2014-12-31": "0.14000", "2014-09-30": "0.22000", "2014-06-30": "0.21000", "2014-03-31": "0.22000", "2013-12-31": "0.14000", "2013-09-30": "0.20000", "2013-06-30": "0.18000", "2013-03-31": "0.23000", "2012-12-31": "0.19000", "2012-09-30": "0.21000", "2012-06-30": "0.20000", "2012-03-31": "0.11000", "2011-12-31": "-0.47000", "2011-09-30": "0.08000", "2011-06-30": "0.04000", "2011-03-31": "0.01000", "2010-12-31": "0.04000", "2010-09-30": "-0.17000", "2010-06-30": "-0.28000", "2010-03-31": "-0.21000", "2009-12-31": "-0.66000", "2009-09-30": "-0.37000", "2009-06-30": "-0.28000", "2009-03-31": "0.04000", "2008-12-31": "-8.98000", "2008-09-30": "0.11000", "2008-06-30": "0.30000", "2008-03-31": "0.48000", "2007-12-31": "0.12000", "2007-09-30": "0.56000", "2007-06-30": "0.63000", "2007-03-31": "0.45000", "2006-12-31": "0.51000", "2006-09-30": "0.77000", "2006-06-30": "0.75000", "2006-03-31": "0.64000", "2005-12-31": "0.56000", "2005-09-30": "0.55000", "2005-06-30": "0.53000", "2005-03-31": "0.51000"}}, "balance sheet": {"Cash On Hand": {"2020-12-31": "17956.00000", "2019-12-31": "4114.00000", "2018-12-31": "3538.00000", "2017-12-31": "3981.00000", "2016-12-31": "5575.00000", "2015-12-31": "5457.00000", "2014-12-31": "4110.00000", "2013-12-31": "5384.00000", "2012-12-31": "5605.00000", "2011-12-31": "8511.00000", "2010-12-31": "8035.00000", "2009-12-31": "11050.00000", "2008-12-31": "12023.00000", "2007-12-31": "5836.54100", "2006-12-31": "6160.41200", "2005-12-31": "4209.02200"}, "Receivables": {"2020-12-31": "", "2019-12-31": "", "2018-12-31": "", "2017-12-31": "", "2016-12-31": "", "2015-12-31": "", "2014-12-31": "", "2013-12-31": "", "2012-12-31": "", "2011-12-31": "", "2010-12-31": "", "2009-12-31": "", "2008-12-31": "", "2007-12-31": "", "2006-12-31": "", "2005-12-31": ""}, "Inventory": {"2020-12-31": "", "2019-12-31": "", "2018-12-31": "", "2017-12-31": "", "2016-12-31": "", "2015-12-31": "", "2014-12-31": "", "2013-12-31": "", "2012-12-31": "", "2011-12-31": "", "2010-12-31": "", "2009-12-31": "", "2008-12-31": "", "2007-12-31": "", "2006-12-31": "", "2005-12-31": ""}, "Pre-Paid Expenses": {"2020-12-31": "", "2019-12-31": "", "2018-12-31": "", "2017-12-31": "", "2016-12-31": "", "2015-12-31": "", "2014-12-31": "", "2013-12-31": "", "2012-12-31": "", "2011-12-31": "", "2010-12-31": "", "2009-12-31": "", "2008-12-31": "", "2007-12-31": "", "2006-12-31": "", "2005-12-31": ""}, "Other Current Assets": {"2020-12-31": "", "2019-12-31": "", "2018-12-31": "", "2017-12-31": "", "2016-12-31": "", "2015-12-31": "", "2014-12-31": "", "2013-12-31": "", "2012-12-31": "", "2011-12-31": "", "2010-12-31": "", "2009-12-31": "", "2008-12-31": "", "2007-12-31": "", "2006-12-31": "", "2005-12-31": ""}, "Total Current Assets": {"2020-12-31": "103306.00000", "2019-12-31": "87207.00000", "2018-12-31": "86529.00000", "2017-12-31": "83679.00000", "2016-12-31": "85616.00000", "2015-12-31": "86280.00000", "2014-12-31": "81165.00000", "2013-12-31": "80020.00000", "2012-12-31": "79408.00000", "2011-12-31": "84914.00000", "2010-12-31": "89620.00000", "2009-12-31": "100589.00000", "2008-12-31": "109356.00000", "2007-12-31": "101230.80000", "2006-12-31": "105811.80000", "2005-12-31": "64310.20000"}, "Property, Plant, And Equipment": {"2020-12-31": "1897.00000", "2019-12-31": "1960.00000", "2018-12-31": "2045.00000", "2017-12-31": "2064.00000", "2016-12-31": "2096.00000", "2015-12-31": "2152.00000", "2014-12-31": "2193.00000", "2013-12-31": "2216.00000", "2012-12-31": "2279.00000", "2011-12-31": "2375.00000", "2010-12-31": "2569.00000", "2009-12-31": "2668.00000", "2008-12-31": "2786.00000", "2007-12-31": "2610.85100", "2006-12-31": "2398.49400", "2005-12-31": "1122.28900"}, "Long-Term Investments": {"2020-12-31": "28276.00000", "2019-12-31": "23938.00000", "2018-12-31": "24211.00000", "2017-12-31": "25061.00000", "2016-12-31": "25143.00000", "2015-12-31": "24656.00000", "2014-12-31": "24228.00000", "2013-12-31": "23838.00000", "2012-12-31": "27254.00000", "2011-12-31": "24487.00000", "2010-12-31": "23313.00000", "2009-12-31": "24100.00000", "2008-12-31": "18897.00000", "2007-12-31": "17369.01000", "2006-12-31": "18562.06000", "2005-12-31": "11979.27000"}, "Goodwill And Intangible Assets": {"2020-12-31": "5608.00000", "2019-12-31": "5295.00000", "2018-12-31": "5362.00000", "2017-12-31": "5417.00000", "2016-12-31": "5449.00000", "2015-12-31": "5389.00000", "2014-12-31": "5348.00000", "2013-12-31": "5408.00000", "2012-12-31": "5352.00000", "2011-12-31": "5447.00000", "2010-12-31": "6213.00000", "2009-12-31": "6307.00000", "2008-12-31": "6347.00000", "2007-12-31": "12572.81000", "2006-12-31": "12508.35000", "2005-12-31": "5753.42000"}, "Other Long-Term Assets": {"2020-12-31": "8302.00000", "2019-12-31": "7840.00000", "2018-12-31": "7541.00000", "2017-12-31": "8073.00000", "2016-12-31": "7664.00000", "2015-12-31": "7573.00000", "2014-12-31": "6629.00000", "2013-12-31": "5914.00000", "2012-12-31": "7054.00000", "2011-12-31": "9827.00000", "2010-12-31": "10636.00000", "2009-12-31": "8654.00000", "2008-12-31": "8862.00000", "2007-12-31": "7258.26500", "2006-12-31": "4088.28000", "2005-12-31": "1620.41900"}, "Total Long-Term Assets": {"2020-12-31": "44083.00000", "2019-12-31": "39033.00000", "2018-12-31": "39159.00000", "2017-12-31": "40615.00000", "2016-12-31": "40352.00000", "2015-12-31": "39770.00000", "2014-12-31": "38398.00000", "2013-12-31": "37376.00000", "2012-12-31": "41939.00000", "2011-12-31": "42136.00000", "2010-12-31": "42731.00000", "2009-12-31": "41729.00000", "2008-12-31": "36892.00000", "2007-12-31": "39810.94000", "2006-12-31": "37557.19000", "2005-12-31": "20475.40000"}, "Total Assets": {"2020-12-31": "147389.00000", "2019-12-31": "126240.00000", "2018-12-31": "125688.00000", "2017-12-31": "124294.00000", "2016-12-31": "125968.00000", "2015-12-31": "126050.00000", "2014-12-31": "119563.00000", "2013-12-31": "117396.00000", "2012-12-31": "121347.00000", "2011-12-31": "127050.00000", "2010-12-31": "132351.00000", "2009-12-31": "142318.00000", "2008-12-31": "146248.00000", "2007-12-31": "141041.70000", "2006-12-31": "143369.00000", "2005-12-31": "84785.60000"}, "Total Current Liabilities": {"2020-12-31": "122479.00000", "2019-12-31": "99525.00000", "2018-12-31": "96091.00000", "2017-12-31": "97389.00000", "2016-12-31": "99035.00000", "2015-12-31": "98440.00000", "2014-12-31": "96453.00000", "2013-12-31": "94635.00000", "2012-12-31": "97048.00000", "2011-12-31": "98694.00000", "2010-12-31": "98551.00000", "2009-12-31": "102348.00000", "2008-12-31": "106726.00000", "2007-12-31": "105895.10000", "2006-12-31": "110895.00000", "2005-12-31": "65344.65000"}, "Long Term Debt": {"2020-12-31": "3569.00000", "2019-12-31": "7879.00000", "2018-12-31": "12424.00000", "2017-12-31": "8132.00000", "2016-12-31": "7763.00000", "2015-12-31": "8349.00000", "2014-12-31": "3462.00000", "2013-12-31": "4830.00000", "2012-12-31": "5861.00000", "2011-12-31": "8110.00000", "2010-12-31": "13190.00000", "2009-12-31": "18464.00000", "2008-12-31": "19231.00000", "2007-12-31": "11324.79000", "2006-12-31": "8642.64900", "2005-12-31": "6971.68000"}, "Other Non-Current Liabilities": {"2020-12-31": "3230.00000", "2019-12-31": "2541.00000", "2018-12-31": "2083.00000", "2017-12-31": "2581.00000", "2016-12-31": "2506.00000", "2015-12-31": "2417.00000", "2014-12-31": "2775.00000", "2013-12-31": "2163.00000", "2012-12-31": "2939.00000", "2011-12-31": "3747.00000", "2010-12-31": "3876.00000", "2009-12-31": "3625.00000", "2008-12-31": "3478.00000", "2007-12-31": "3998.80800", "2006-12-31": "3129.87800", "2005-12-31": "1854.99100"}, "Total Long Term Liabilities": {"2020-12-31": "6799.00000", "2019-12-31": "10420.00000", "2018-12-31": "14507.00000", "2017-12-31": "10713.00000", "2016-12-31": "10269.00000", "2015-12-31": "10766.00000", "2014-12-31": "6237.00000", "2013-12-31": "6993.00000", "2012-12-31": "8800.00000", "2011-12-31": "11857.00000", "2010-12-31": "17066.00000", "2009-12-31": "22089.00000", "2008-12-31": "22709.00000", "2007-12-31": "15323.60000", "2006-12-31": "11772.53000", "2005-12-31": "8826.67100"}, "Total Liabilities": {"2020-12-31": "129278.00000", "2019-12-31": "109945.00000", "2018-12-31": "110598.00000", "2017-12-31": "108102.00000", "2016-12-31": "109304.00000", "2015-12-31": "109206.00000", "2014-12-31": "102690.00000", "2013-12-31": "101628.00000", "2012-12-31": "105848.00000", "2011-12-31": "110551.00000", "2010-12-31": "115617.00000", "2009-12-31": "124437.00000", "2008-12-31": "129435.00000", "2007-12-31": "121218.70000", "2006-12-31": "122667.60000", "2005-12-31": "74171.32000"}, "Common Stock Net": {"2020-12-31": "10.00000", "2019-12-31": "10.00000", "2018-12-31": "11.00000", "2017-12-31": "12.00000", "2016-12-31": "13.00000", "2015-12-31": "13.00000", "2014-12-31": "14.00000", "2013-12-31": "14.00000", "2012-12-31": "15.00000", "2011-12-31": "13.00000", "2010-12-31": "13.00000", "2009-12-31": "12.00000", "2008-12-31": "7.00000", "2007-12-31": "7.34700", "2006-12-31": "7.30300", "2005-12-31": "4.73800"}, "Retained Earnings (Accumulated Deficit)": {"2020-12-31": "3770.00000", "2019-12-31": "3751.00000", "2018-12-31": "2828.00000", "2017-12-31": "1628.00000", "2016-12-31": "666.00000", "2015-12-31": "-115.00000", "2014-12-31": "-1177.00000", "2013-12-31": "-2216.00000", "2012-12-31": "-3338.00000", "2011-12-31": "-4322.00000", "2010-12-31": "-4047.00000", "2009-12-31": "-3235.00000", "2008-12-31": "-1869.00000", "2007-12-31": "4439.50500", "2006-12-31": "4493.24500", "2005-12-31": "4034.90500"}, "Comprehensive Income": {"2020-12-31": "1315.00000", "2019-12-31": "-90.00000", "2018-12-31": "-964.00000", "2017-12-31": "-749.00000", "2016-12-31": "-550.00000", "2015-12-31": "-380.00000", "2014-12-31": "-238.00000", "2013-12-31": "-319.00000", "2012-12-31": "65.00000", "2011-12-31": "-69.00000", "2010-12-31": "-260.00000", "2009-12-31": "130.00000", "2008-12-31": "-22.00000", "2007-12-31": "202.28700", "2006-12-31": "-131.27200", "2005-12-31": "-92.32500"}, "Other Share Holders Equity": {"2020-12-31": "", "2019-12-31": "", "2018-12-31": "", "2017-12-31": "", "2016-12-31": "", "2015-12-31": "", "2014-12-31": "", "2013-12-31": "", "2012-12-31": "", "2011-12-31": "", "2010-12-31": "", "2009-12-31": "", "2008-12-31": "", "2007-12-31": "", "2006-12-31": "", "2005-12-31": ""}, "Share Holder Equity": {"2020-12-31": "18111.00000", "2019-12-31": "16295.00000", "2018-12-31": "15090.00000", "2017-12-31": "16192.00000", "2016-12-31": "16664.00000", "2015-12-31": "16844.00000", "2014-12-31": "16873.00000", "2013-12-31": "15768.00000", "2012-12-31": "15499.00000", "2011-12-31": "16499.00000", "2010-12-31": "16734.00000", "2009-12-31": "17881.00000", "2008-12-31": "16813.00000", "2007-12-31": "19823.03000", "2006-12-31": "20701.45000", "2005-12-31": "10614.28000"}, "Total Liabilities And Share Holders Equity": {"2020-12-31": "147389.00000", "2019-12-31": "126240.00000", "2018-12-31": "125688.00000", "2017-12-31": "124294.00000", "2016-12-31": "125968.00000", "2015-12-31": "126050.00000", "2014-12-31": "119563.00000", "2013-12-31": "117396.00000", "2012-12-31": "121347.00000", "2011-12-31": "127050.00000", "2010-12-31": "132351.00000", "2009-12-31": "142318.00000", "2008-12-31": "146248.00000", "2007-12-31": "141041.70000", "2006-12-31": "143369.00000", "2005-12-31": "84785.60000"}}, "balance sheet, quarterly": {"Cash On Hand": {"2020-12-31": "17956.00000", "2020-09-30": "13473.00000", "2020-06-30": "13198.00000", "2020-03-31": "5255.00000", "2019-12-31": "4114.00000", "2019-09-30": "5067.00000", "2019-06-30": "4488.00000", "2019-03-31": "3807.00000", "2018-12-31": "3538.00000", "2018-09-30": "3495.00000", "2018-06-30": "4286.00000", "2018-03-31": "3185.00000", "2017-12-31": "3981.00000", "2017-09-30": "3954.00000", "2017-06-30": "4309.00000", "2017-03-31": "4500.00000", "2016-12-31": "5575.00000", "2016-09-30": "4358.00000", "2016-06-30": "4354.00000", "2016-03-31": "4500.00000", "2015-12-31": "5457.00000", "2015-09-30": "5114.00000", "2015-06-30": "3865.00000", "2015-03-31": "6133.00000", "2014-12-31": "4110.00000", "2014-09-30": "4886.00000", "2014-06-30": "4919.00000", "2014-03-31": "5313.00000", "2013-12-31": "5384.00000", "2013-09-30": "3978.00000", "2013-06-30": "4382.00000", "2013-03-31": "5054.00000", "2012-12-31": "5605.00000", "2012-09-30": "4044.00000", "2012-06-30": "3876.00000", "2012-03-31": "8600.00000", "2011-12-31": "8511.00000", "2011-09-30": "9725.00000", "2011-06-30": "9197.00000", "2011-03-31": "8604.00000", "2010-12-31": "8035.00000", "2010-09-30": "8467.00000", "2010-06-30": "8672.00000", "2010-03-31": "8109.00000", "2009-12-31": "11050.00000", "2009-09-30": "9757.00000", "2009-06-30": "9539.00000", "2009-03-31": "6483.00000", "2008-12-31": "12023.00000", "2008-09-30": "4826.00000", "2008-06-30": "5639.00000", "2008-03-31": "5480.00000", "2007-12-31": "5836.54100", "2007-09-30": "4993.62000", "2007-06-30": "5635.06000", "2007-03-31": "5673.96500", "2006-12-31": "6160.41200", "2006-09-30": "4445.62100", "2006-06-30": "4126.40900", "2006-03-31": "4085.27100", "2005-12-31": "4209.02200", "2005-09-30": "3588.01600", "2005-06-30": "3752.57700", "2005-03-31": "3579.33400"}, "Receivables": {"2020-12-31": "", "2020-09-30": "", "2020-06-30": "", "2020-03-31": "", "2019-12-31": "", "2019-09-30": "", "2019-06-30": "", "2019-03-31": "", "2018-12-31": "", "2018-09-30": "", "2018-06-30": "", "2018-03-31": "", "2017-12-31": "", "2017-09-30": "", "2017-06-30": "", "2017-03-31": "", "2016-12-31": "", "2016-09-30": "", "2016-06-30": "", "2016-03-31": "", "2015-12-31": "", "2015-09-30": "", "2015-06-30": "", "2015-03-31": "", "2014-12-31": "", "2014-09-30": "", "2014-06-30": "", "2014-03-31": "", "2013-12-31": "", "2013-09-30": "", "2013-06-30": "", "2013-03-31": "", "2012-12-31": "", "2012-09-30": "", "2012-06-30": "", "2012-03-31": "", "2011-12-31": "", "2011-09-30": "", "2011-06-30": "", "2011-03-31": "", "2010-12-31": "", "2010-09-30": "", "2010-06-30": "", "2010-03-31": "", "2009-12-31": "", "2009-09-30": "", "2009-06-30": "", "2009-03-31": "", "2008-12-31": "", "2008-09-30": "", "2008-06-30": "", "2008-03-31": "", "2007-12-31": "", "2007-09-30": "", "2007-06-30": "", "2007-03-31": "", "2006-12-31": "", "2006-09-30": "", "2006-06-30": "", "2006-03-31": "", "2005-12-31": "", "2005-09-30": "", "2005-06-30": "", "2005-03-31": ""}, "Inventory": {"2020-12-31": "", "2020-09-30": "", "2020-06-30": "", "2020-03-31": "", "2019-12-31": "", "2019-09-30": "", "2019-06-30": "", "2019-03-31": "", "2018-12-31": "", "2018-09-30": "", "2018-06-30": "", "2018-03-31": "", "2017-12-31": "", "2017-09-30": "", "2017-06-30": "", "2017-03-31": "", "2016-12-31": "", "2016-09-30": "", "2016-06-30": "", "2016-03-31": "", "2015-12-31": "", "2015-09-30": "", "2015-06-30": "", "2015-03-31": "", "2014-12-31": "", "2014-09-30": "", "2014-06-30": "", "2014-03-31": "", "2013-12-31": "", "2013-09-30": "", "2013-06-30": "", "2013-03-31": "", "2012-12-31": "", "2012-09-30": "", "2012-06-30": "", "2012-03-31": "", "2011-12-31": "", "2011-09-30": "", "2011-06-30": "", "2011-03-31": "", "2010-12-31": "", "2010-09-30": "", "2010-06-30": "", "2010-03-31": "", "2009-12-31": "", "2009-09-30": "", "2009-06-30": "", "2009-03-31": "", "2008-12-31": "", "2008-09-30": "", "2008-06-30": "", "2008-03-31": "", "2007-12-31": "", "2007-09-30": "", "2007-06-30": "", "2007-03-31": "", "2006-12-31": "", "2006-09-30": "", "2006-06-30": "", "2006-03-31": "", "2005-12-31": "", "2005-09-30": "", "2005-06-30": "", "2005-03-31": ""}, "Pre-Paid Expenses": {"2020-12-31": "", "2020-09-30": "", "2020-06-30": "", "2020-03-31": "", "2019-12-31": "", "2019-09-30": "", "2019-06-30": "", "2019-03-31": "", "2018-12-31": "", "2018-09-30": "", "2018-06-30": "", "2018-03-31": "", "2017-12-31": "", "2017-09-30": "", "2017-06-30": "", "2017-03-31": "", "2016-12-31": "", "2016-09-30": "", "2016-06-30": "", "2016-03-31": "", "2015-12-31": "", "2015-09-30": "", "2015-06-30": "", "2015-03-31": "", "2014-12-31": "", "2014-09-30": "", "2014-06-30": "", "2014-03-31": "", "2013-12-31": "", "2013-09-30": "", "2013-06-30": "", "2013-03-31": "", "2012-12-31": "", "2012-09-30": "", "2012-06-30": "", "2012-03-31": "", "2011-12-31": "", "2011-09-30": "", "2011-06-30": "", "2011-03-31": "", "2010-12-31": "", "2010-09-30": "", "2010-06-30": "", "2010-03-31": "", "2009-12-31": "", "2009-09-30": "", "2009-06-30": "", "2009-03-31": "", "2008-12-31": "", "2008-09-30": "", "2008-06-30": "", "2008-03-31": "", "2007-12-31": "", "2007-09-30": "", "2007-06-30": "", "2007-03-31": "", "2006-12-31": "", "2006-09-30": "", "2006-06-30": "", "2006-03-31": "", "2005-12-31": "", "2005-09-30": "", "2005-06-30": "", "2005-03-31": ""}, "Other Current Assets": {"2020-12-31": "", "2020-09-30": "", "2020-06-30": "", "2020-03-31": "", "2019-12-31": "", "2019-09-30": "", "2019-06-30": "", "2019-03-31": "", "2018-12-31": "", "2018-09-30": "", "2018-06-30": "", "2018-03-31": "", "2017-12-31": "", "2017-09-30": "", "2017-06-30": "", "2017-03-31": "", "2016-12-31": "", "2016-09-30": "", "2016-06-30": "", "2016-03-31": "", "2015-12-31": "", "2015-09-30": "", "2015-06-30": "", "2015-03-31": "", "2014-12-31": "", "2014-09-30": "", "2014-06-30": "", "2014-03-31": "", "2013-12-31": "", "2013-09-30": "", "2013-06-30": "", "2013-03-31": "", "2012-12-31": "", "2012-09-30": "", "2012-06-30": "", "2012-03-31": "", "2011-12-31": "", "2011-09-30": "", "2011-06-30": "", "2011-03-31": "", "2010-12-31": "", "2010-09-30": "", "2010-06-30": "", "2010-03-31": "", "2009-12-31": "", "2009-09-30": "", "2009-06-30": "", "2009-03-31": "", "2008-12-31": "", "2008-09-30": "", "2008-06-30": "", "2008-03-31": "", "2007-12-31": "", "2007-09-30": "", "2007-06-30": "", "2007-03-31": "", "2006-12-31": "", "2006-09-30": "", "2006-06-30": "", "2006-03-31": "", "2005-12-31": "", "2005-09-30": "", "2005-06-30": "", "2005-03-31": ""}, "Total Current Assets": {"2020-12-31": "103306.00000", "2020-09-30": "101090.00000", "2020-06-30": "102965.00000", "2020-03-31": "92708.00000", "2019-12-31": "87207.00000", "2019-09-30": "87909.00000", "2019-06-30": "88085.00000", "2019-03-31": "88090.00000", "2018-12-31": "86529.00000", "2018-09-30": "85167.00000", "2018-06-30": "84763.00000", "2018-03-31": "82947.00000", "2017-12-31": "83679.00000", "2017-09-30": "82976.00000", "2017-06-30": "84281.00000", "2017-03-31": "84128.00000", "2016-12-31": "85616.00000", "2016-09-30": "84991.00000", "2016-06-30": "85768.00000", "2016-03-31": "85620.00000", "2015-12-31": "86280.00000", "2015-09-30": "85831.00000", "2015-06-30": "83715.00000", "2015-03-31": "84082.00000", "2014-12-31": "81165.00000", "2014-09-30": "81129.00000", "2014-06-30": "81025.00000", "2014-03-31": "80443.00000", "2013-12-31": "80020.00000", "2013-09-30": "79334.00000", "2013-06-30": "78901.00000", "2013-03-31": "78689.00000", "2012-12-31": "79408.00000", "2012-09-30": "78868.00000", "2012-06-30": "79315.00000", "2012-03-31": "84241.00000", "2011-12-31": "84914.00000", "2011-09-30": "87642.00000", "2011-06-30": "88748.00000", "2011-03-31": "88782.00000", "2010-12-31": "89620.00000", "2010-09-30": "91801.00000", "2010-06-30": "93060.00000", "2010-03-31": "94650.00000", "2009-12-31": "100589.00000", "2009-09-30": "101853.00000", "2009-06-30": "105839.00000", "2009-03-31": "102690.00000", "2008-12-31": "109356.00000", "2008-09-30": "103632.00000", "2008-06-30": "103621.00000", "2008-03-31": "102412.00000", "2007-12-31": "101230.80000", "2007-09-30": "100279.60000", "2007-06-30": "101401.40000", "2007-03-31": "101145.10000", "2006-12-31": "105811.80000", "2006-09-30": "66008.28000", "2006-06-30": "65745.05000", "2006-03-31": "64276.23000", "2005-12-31": "64310.20000", "2005-09-30": "64136.93000", "2005-06-30": "64350.54000", "2005-03-31": "63690.55000"}, "Property, Plant, And Equipment": {"2020-12-31": "1897.00000", "2020-09-30": "1896.00000", "2020-06-30": "1929.00000", "2020-03-31": "1935.00000", "2019-12-31": "1960.00000", "2019-09-30": "1944.00000", "2019-06-30": "1950.00000", "2019-03-31": "2026.00000", "2018-12-31": "2045.00000", "2018-09-30": "2051.00000", "2018-06-30": "2050.00000", "2018-03-31": "2065.00000", "2017-12-31": "2064.00000", "2017-09-30": "2057.00000", "2017-06-30": "2060.00000", "2017-03-31": "2088.00000", "2016-12-31": "2096.00000", "2016-09-30": "2075.00000", "2016-06-30": "2091.00000", "2016-03-31": "2134.00000", "2015-12-31": "2152.00000", "2015-09-30": "2122.00000", "2015-06-30": "2147.00000", "2015-03-31": "2174.00000", "2014-12-31": "2193.00000", "2014-09-30": "2192.00000", "2014-06-30": "2194.00000", "2014-03-31": "2194.00000", "2013-12-31": "2216.00000", "2013-09-30": "2218.00000", "2013-06-30": "2228.00000", "2013-03-31": "2252.00000", "2012-12-31": "2279.00000", "2012-09-30": "2274.00000", "2012-06-30": "2300.00000", "2012-03-31": "2350.00000", "2011-12-31": "2375.00000", "2011-09-30": "2399.00000", "2011-06-30": "2481.00000", "2011-03-31": "2528.00000", "2010-12-31": "2569.00000", "2010-09-30": "2564.00000", "2010-06-30": "2588.00000", "2010-03-31": "2637.00000", "2009-12-31": "2668.00000", "2009-09-30": "2694.00000", "2009-06-30": "2789.00000", "2009-03-31": "2808.00000", "2008-12-31": "2786.00000", "2008-09-30": "2730.00000", "2008-06-30": "2726.00000", "2008-03-31": "2666.00000", "2007-12-31": "2610.85100", "2007-09-30": "2473.33900", "2007-06-30": "2422.25600", "2007-03-31": "2372.80000", "2006-12-31": "2398.49400", "2006-09-30": "1097.61600", "2006-06-30": "1109.73200", "2006-03-31": "1109.58700", "2005-12-31": "1122.28900", "2005-09-30": "1109.92200", "2005-06-30": "1092.30200", "2005-03-31": "1108.46900"}, "Long-Term Investments": {"2020-12-31": "28276.00000", "2020-09-30": "28197.00000", "2020-06-30": "25153.00000", "2020-03-31": "25071.00000", "2019-12-31": "23938.00000", "2019-09-30": "24361.00000", "2019-06-30": "24114.00000", "2019-03-31": "25237.00000", "2018-12-31": "24211.00000", "2018-09-30": "24195.00000", "2018-06-30": "24503.00000", "2018-03-31": "24696.00000", "2017-12-31": "25061.00000", "2017-09-30": "25362.00000", "2017-06-30": "25362.00000", "2017-03-31": "25298.00000", "2016-12-31": "25143.00000", "2016-09-30": "25290.00000", "2016-06-30": "25140.00000", "2016-03-31": "24996.00000", "2015-12-31": "24656.00000", "2015-09-30": "24715.00000", "2015-06-30": "24739.00000", "2015-03-31": "25008.00000", "2014-12-31": "24228.00000", "2014-09-30": "24601.00000", "2014-06-30": "24238.00000", "2014-03-31": "23932.00000", "2013-12-31": "23838.00000", "2013-09-30": "24018.00000", "2013-06-30": "24426.00000", "2013-03-31": "27097.00000", "2012-12-31": "27254.00000", "2012-09-30": "27615.00000", "2012-06-30": "27245.00000", "2012-03-31": "27192.00000", "2011-12-31": "24487.00000", "2011-09-30": "24653.00000", "2011-06-30": "23849.00000", "2011-03-31": "24724.00000", "2010-12-31": "23313.00000", "2010-09-30": "23581.00000", "2010-06-30": "24194.00000", "2010-03-31": "24249.00000", "2009-12-31": "24100.00000", "2009-09-30": "21069.00000", "2009-06-30": "19724.00000", "2009-03-31": "21015.00000", "2008-12-31": "18897.00000", "2008-09-30": "17683.00000", "2008-06-30": "17773.00000", "2008-03-31": "17816.00000", "2007-12-31": "17369.01000", "2007-09-30": "17006.63000", "2007-06-30": "17458.86000", "2007-03-31": "18407.06000", "2006-12-31": "18562.06000", "2006-09-30": "12455.59000", "2006-06-30": "11788.02000", "2006-03-31": "11853.79000", "2005-12-31": "11979.27000", "2005-09-30": "11945.08000", "2005-06-30": "12226.33000", "2005-03-31": "12214.54000"}, "Goodwill And Intangible Assets": {"2020-12-31": "5608.00000", "2020-09-30": "5583.00000", "2020-06-30": "5579.00000", "2020-03-31": "5197.00000", "2019-12-31": "5295.00000", "2019-09-30": "5263.00000", "2019-06-30": "5267.00000", "2019-03-31": "5323.00000", "2018-12-31": "5362.00000", "2018-09-30": "5357.00000", "2018-06-30": "5422.00000", "2018-03-31": "5427.00000", "2017-12-31": "5417.00000", "2017-09-30": "5426.00000", "2017-06-30": "5448.00000", "2017-03-31": "5439.00000", "2016-12-31": "5449.00000", "2016-09-30": "5348.00000", "2016-06-30": "5338.00000", "2016-03-31": "5363.00000", "2015-12-31": "5389.00000", "2015-09-30": "5335.00000", "2015-06-30": "5352.00000", "2015-03-31": "5327.00000", "2014-12-31": "5348.00000", "2014-09-30": "5380.00000", "2014-06-30": "5373.00000", "2014-03-31": "5398.00000", "2013-12-31": "5408.00000", "2013-09-30": "5404.00000", "2013-06-30": "5410.00000", "2013-03-31": "5383.00000", "2012-12-31": "5352.00000", "2012-09-30": "5357.00000", "2012-06-30": "5386.00000", "2012-03-31": "5435.00000", "2011-12-31": "5447.00000", "2011-09-30": "6221.00000", "2011-06-30": "6249.00000", "2011-03-31": "6201.00000", "2010-12-31": "6213.00000", "2010-09-30": "6179.00000", "2010-06-30": "6224.00000", "2010-03-31": "6301.00000", "2009-12-31": "6307.00000", "2009-09-30": "6308.00000", "2009-06-30": "6326.00000", "2009-03-31": "6315.00000", "2008-12-31": "6347.00000", "2008-09-30": "12467.00000", "2008-06-30": "12495.00000", "2008-03-31": "12525.00000", "2007-12-31": "12572.81000", "2007-09-30": "12634.61000", "2007-06-30": "12453.17000", "2007-03-31": "12473.31000", "2006-12-31": "12508.35000", "2006-09-30": "5662.97600", "2006-06-30": "5711.93800", "2006-03-31": "5705.45000", "2005-12-31": "5753.42000", "2005-09-30": "5749.07300", "2005-06-30": "5778.74700", "2005-03-31": "5766.85900"}, "Other Long-Term Assets": {"2020-12-31": "8302.00000", "2020-09-30": "8414.00000", "2020-06-30": "8444.00000", "2020-03-31": "8631.00000", "2019-12-31": "7840.00000", "2019-09-30": "8670.00000", "2019-06-30": "8102.00000", "2019-03-31": "8126.00000", "2018-12-31": "7541.00000", "2018-09-30": "7808.00000", "2018-06-30": "7819.00000", "2018-03-31": "7778.00000", "2017-12-31": "8073.00000", "2017-09-30": "7450.00000", "2017-06-30": "7492.00000", "2017-03-31": "7592.00000", "2016-12-31": "7664.00000", "2016-09-30": "7473.00000", "2016-06-30": "7875.00000", "2016-03-31": "7426.00000", "2015-12-31": "7573.00000", "2015-09-30": "6786.00000", "2015-06-30": "5902.00000", "2015-03-31": "5856.00000", "2014-12-31": "6629.00000", "2014-09-30": "5924.00000", "2014-06-30": "5889.00000", "2014-03-31": "5966.00000", "2013-12-31": "5914.00000", "2013-09-30": "5890.00000", "2013-06-30": "7742.00000", "2013-03-31": "6297.00000", "2012-12-31": "7054.00000", "2012-09-30": "7684.00000", "2012-06-30": "8099.00000", "2012-03-31": "9064.00000", "2011-12-31": "9827.00000", "2011-09-30": "8847.00000", "2011-06-30": "9581.00000", "2011-03-31": "9521.00000", "2010-12-31": "10636.00000", "2010-09-30": "9373.00000", "2010-06-30": "9274.00000", "2010-03-31": "9393.00000", "2009-12-31": "8654.00000", "2009-09-30": "8062.00000", "2009-06-30": "8133.00000", "2009-03-31": "9152.00000", "2008-12-31": "8862.00000", "2008-09-30": "7780.00000", "2008-06-30": "7821.00000", "2008-03-31": "8830.00000", "2007-12-31": "7258.26500", "2007-09-30": "5841.00200", "2007-06-30": "3886.76200", "2007-03-31": "3669.79000", "2006-12-31": "4088.28000", "2006-09-30": "1755.62700", "2006-06-30": "1708.04100", "2006-03-31": "1649.46400", "2005-12-31": "1620.41900", "2005-09-30": "1653.60900", "2005-06-30": "1831.18300", "2005-03-31": "1503.21700"}, "Total Long-Term Assets": {"2020-12-31": "44083.00000", "2020-09-30": "44090.00000", "2020-06-30": "41105.00000", "2020-03-31": "40834.00000", "2019-12-31": "39033.00000", "2019-09-30": "40238.00000", "2019-06-30": "39433.00000", "2019-03-31": "40712.00000", "2018-12-31": "39159.00000", "2018-09-30": "39411.00000", "2018-06-30": "39794.00000", "2018-03-31": "39966.00000", "2017-12-31": "40615.00000", "2017-09-30": "40295.00000", "2017-06-30": "40362.00000", "2017-03-31": "40417.00000", "2016-12-31": "40352.00000", "2016-09-30": "40186.00000", "2016-06-30": "40444.00000", "2016-03-31": "39919.00000", "2015-12-31": "39770.00000", "2015-09-30": "38958.00000", "2015-06-30": "38140.00000", "2015-03-31": "38365.00000", "2014-12-31": "38398.00000", "2014-09-30": "38097.00000", "2014-06-30": "37694.00000", "2014-03-31": "37490.00000", "2013-12-31": "37376.00000", "2013-09-30": "37530.00000", "2013-06-30": "39806.00000", "2013-03-31": "41029.00000", "2012-12-31": "41939.00000", "2012-09-30": "42930.00000", "2012-06-30": "43030.00000", "2012-03-31": "44041.00000", "2011-12-31": "42136.00000", "2011-09-30": "42120.00000", "2011-06-30": "42160.00000", "2011-03-31": "42974.00000", "2010-12-31": "42731.00000", "2010-09-30": "41697.00000", "2010-06-30": "42280.00000", "2010-03-31": "42580.00000", "2009-12-31": "41729.00000", "2009-09-30": "38133.00000", "2009-06-30": "36972.00000", "2009-03-31": "39290.00000", "2008-12-31": "36892.00000", "2008-09-30": "40660.00000", "2008-06-30": "40815.00000", "2008-03-31": "41837.00000", "2007-12-31": "39810.94000", "2007-09-30": "37955.59000", "2007-06-30": "36221.05000", "2007-03-31": "36922.95000", "2006-12-31": "37557.19000", "2006-09-30": "20971.81000", "2006-06-30": "20317.73000", "2006-03-31": "20318.29000", "2005-12-31": "20475.40000", "2005-09-30": "20457.68000", "2005-06-30": "20928.56000", "2005-03-31": "20593.09000"}, "Total Assets": {"2020-12-31": "147389.00000", "2020-09-30": "145180.00000", "2020-06-30": "144070.00000", "2020-03-31": "133542.00000", "2019-12-31": "126240.00000", "2019-09-30": "128147.00000", "2019-06-30": "127518.00000", "2019-03-31": "128802.00000", "2018-12-31": "125688.00000", "2018-09-30": "124578.00000", "2018-06-30": "124557.00000", "2018-03-31": "122913.00000", "2017-12-31": "124294.00000", "2017-09-30": "123271.00000", "2017-06-30": "124643.00000", "2017-03-31": "124545.00000", "2016-12-31": "125968.00000", "2016-09-30": "125177.00000", "2016-06-30": "126212.00000", "2016-03-31": "125539.00000", "2015-12-31": "126050.00000", "2015-09-30": "124789.00000", "2015-06-30": "121855.00000", "2015-03-31": "122447.00000", "2014-12-31": "119563.00000", "2014-09-30": "119226.00000", "2014-06-30": "118719.00000", "2014-03-31": "117933.00000", "2013-12-31": "117396.00000", "2013-09-30": "116864.00000", "2013-06-30": "118707.00000", "2013-03-31": "119718.00000", "2012-12-31": "121347.00000", "2012-09-30": "121798.00000", "2012-06-30": "122345.00000", "2012-03-31": "128282.00000", "2011-12-31": "127050.00000", "2011-09-30": "129762.00000", "2011-06-30": "130908.00000", "2011-03-31": "131756.00000", "2010-12-31": "132351.00000", "2010-09-30": "133498.00000", "2010-06-30": "135340.00000", "2010-03-31": "137230.00000", "2009-12-31": "142318.00000", "2009-09-30": "139986.00000", "2009-06-30": "142811.00000", "2009-03-31": "141980.00000", "2008-12-31": "146248.00000", "2008-09-30": "144292.00000", "2008-06-30": "144436.00000", "2008-03-31": "144249.00000", "2007-12-31": "141041.70000", "2007-09-30": "138235.20000", "2007-06-30": "137622.50000", "2007-03-31": "138068.10000", "2006-12-31": "143369.00000", "2006-09-30": "86980.09000", "2006-06-30": "86062.79000", "2006-03-31": "84594.52000", "2005-12-31": "84785.60000", "2005-09-30": "84594.62000", "2005-06-30": "85279.10000", "2005-03-31": "84283.63000"}, "Total Current Liabilities": {"2020-12-31": "122479.00000", "2020-09-30": "118445.00000", "2020-06-30": "116779.00000", "2020-03-31": "103180.00000", "2019-12-31": "99525.00000", "2019-09-30": "99706.00000", "2019-06-30": "99221.00000", "2019-03-31": "97320.00000", "2018-12-31": "96091.00000", "2018-09-30": "96505.00000", "2018-06-30": "96683.00000", "2018-03-31": "96990.00000", "2017-12-31": "97389.00000", "2017-09-30": "98191.00000", "2017-06-30": "98693.00000", "2017-03-31": "99424.00000", "2016-12-31": "99035.00000", "2016-09-30": "99289.00000", "2016-06-30": "97247.00000", "2016-03-31": "98154.00000", "2015-12-31": "98440.00000", "2015-09-30": "97178.00000", "2015-06-30": "98921.00000", "2015-03-31": "99562.00000", "2014-12-31": "96453.00000", "2014-09-30": "96023.00000", "2014-06-30": "95640.00000", "2014-03-31": "95374.00000", "2013-12-31": "94635.00000", "2013-09-30": "94094.00000", "2013-06-30": "96331.00000", "2013-03-31": "95963.00000", "2012-12-31": "97048.00000", "2012-09-30": "96817.00000", "2012-06-30": "98404.00000", "2012-03-31": "100046.00000", "2011-12-31": "98694.00000", "2011-09-30": "98881.00000", "2011-06-30": "99053.00000", "2011-03-31": "99551.00000", "2010-12-31": "98551.00000", "2010-09-30": "98639.00000", "2010-06-30": "99214.00000", "2010-03-31": "101016.00000", "2009-12-31": "102348.00000", "2009-09-30": "100166.00000", "2009-06-30": "101918.00000", "2009-03-31": "102889.00000", "2008-12-31": "106726.00000", "2008-09-30": "106763.00000", "2008-06-30": "107494.00000", "2008-03-31": "106355.00000", "2007-12-31": "105895.10000", "2007-09-30": "103231.00000", "2007-06-30": "105145.80000", "2007-03-31": "105852.80000", "2006-12-31": "110895.00000", "2006-09-30": "68481.59000", "2006-06-30": "67133.41000", "2006-03-31": "65415.53000", "2005-12-31": "65344.65000", "2005-09-30": "65124.77000", "2005-06-30": "65664.48000", "2005-03-31": "65081.71000"}, "Long Term Debt": {"2020-12-31": "3569.00000", "2020-09-30": "4919.00000", "2020-06-30": "6408.00000", "2020-03-31": "10105.00000", "2019-12-31": "7879.00000", "2019-09-30": "9128.00000", "2019-06-30": "9213.00000", "2019-03-31": "12957.00000", "2018-12-31": "12424.00000", "2018-09-30": "11178.00000", "2018-06-30": "9890.00000", "2018-03-31": "7949.00000", "2017-12-31": "8132.00000", "2017-09-30": "6102.00000", "2017-06-30": "6765.00000", "2017-03-31": "6010.00000", "2016-12-31": "7763.00000", "2016-09-30": "6054.00000", "2016-06-30": "8968.00000", "2016-03-31": "7851.00000", "2015-12-31": "8349.00000", "2015-09-30": "7364.00000", "2015-06-30": "3602.00000", "2015-03-31": "3208.00000", "2014-12-31": "3462.00000", "2014-09-30": "3813.00000", "2014-06-30": "3824.00000", "2014-03-31": "4226.00000", "2013-12-31": "4830.00000", "2013-09-30": "4838.00000", "2013-06-30": "4856.00000", "2013-03-31": "5847.00000", "2012-12-31": "5861.00000", "2012-09-30": "6224.00000", "2012-06-30": "6230.00000", "2012-03-31": "7196.00000", "2011-12-31": "8110.00000", "2011-09-30": "10140.00000", "2011-06-30": "11646.00000", "2011-03-31": "12197.00000", "2010-12-31": "13190.00000", "2010-09-30": "14335.00000", "2010-06-30": "15415.00000", "2010-03-31": "15683.00000", "2009-12-31": "18464.00000", "2009-09-30": "18093.00000", "2009-06-30": "18238.00000", "2009-03-31": "18762.00000", "2008-12-31": "19231.00000", "2008-09-30": "14168.00000", "2008-06-30": "13319.00000", "2008-03-31": "12357.00000", "2007-12-31": "11324.79000", "2007-09-30": "10817.49000", "2007-06-30": "9287.92600", "2007-03-31": "8593.11700", "2006-12-31": "8642.64900", "2006-09-30": "5490.40400", "2006-06-30": "6293.37200", "2006-03-31": "6621.71000", "2005-12-31": "6971.68000", "2005-09-30": "7207.01500", "2005-06-30": "7285.71700", "2005-03-31": "7153.91000"}, "Other Non-Current Liabilities": {"2020-12-31": "3230.00000", "2020-09-30": "3912.00000", "2020-06-30": "3255.00000", "2020-03-31": "2925.00000", "2019-12-31": "2541.00000", "2019-09-30": "2732.00000", "2019-06-30": "2476.00000", "2019-03-31": "3002.00000", "2018-12-31": "2083.00000", "2018-09-30": "2125.00000", "2018-06-30": "2207.00000", "2018-03-31": "2108.00000", "2017-12-31": "2581.00000", "2017-09-30": "2354.00000", "2017-06-30": "2292.00000", "2017-03-31": "2389.00000", "2016-12-31": "2506.00000", "2016-09-30": "2469.00000", "2016-06-30": "2612.00000", "2016-03-31": "2323.00000", "2015-12-31": "2417.00000", "2015-09-30": "3295.00000", "2015-06-30": "2433.00000", "2015-03-31": "2626.00000", "2014-12-31": "2775.00000", "2014-09-30": "2230.00000", "2014-06-30": "2226.00000", "2014-03-31": "2201.00000", "2013-12-31": "2163.00000", "2013-09-30": "2443.00000", "2013-06-30": "2191.00000", "2013-03-31": "2168.00000", "2012-12-31": "2939.00000", "2012-09-30": "3856.00000", "2012-06-30": "3256.00000", "2012-03-31": "3506.00000", "2011-12-31": "3747.00000", "2011-09-30": "3478.00000", "2011-06-30": "3321.00000", "2011-03-31": "3389.00000", "2010-12-31": "3876.00000", "2010-09-30": "3361.00000", "2010-06-30": "3248.00000", "2010-03-31": "2893.00000", "2009-12-31": "3625.00000", "2009-09-30": "3235.00000", "2009-06-30": "3918.00000", "2009-03-31": "3512.00000", "2008-12-31": "3478.00000", "2008-09-30": "3656.00000", "2008-06-30": "3915.00000", "2008-03-31": "5515.00000", "2007-12-31": "3998.80800", "2007-09-30": "4340.33400", "2007-06-30": "3492.40400", "2007-03-31": "3308.00300", "2006-12-31": "3129.87800", "2006-09-30": "1965.19100", "2006-06-30": "1937.64300", "2006-03-31": "1900.49500", "2005-12-31": "1854.99100", "2005-09-30": "1617.77100", "2005-06-30": "1585.60400", "2005-03-31": "1402.87200"}, "Total Long Term Liabilities": {"2020-12-31": "6799.00000", "2020-09-30": "8831.00000", "2020-06-30": "9663.00000", "2020-03-31": "13030.00000", "2019-12-31": "10420.00000", "2019-09-30": "11860.00000", "2019-06-30": "11689.00000", "2019-03-31": "15959.00000", "2018-12-31": "14507.00000", "2018-09-30": "13303.00000", "2018-06-30": "12097.00000", "2018-03-31": "10057.00000", "2017-12-31": "10713.00000", "2017-09-30": "8456.00000", "2017-06-30": "9057.00000", "2017-03-31": "8399.00000", "2016-12-31": "10269.00000", "2016-09-30": "8523.00000", "2016-06-30": "11580.00000", "2016-03-31": "10174.00000", "2015-12-31": "10766.00000", "2015-09-30": "10659.00000", "2015-06-30": "6035.00000", "2015-03-31": "5834.00000", "2014-12-31": "6237.00000", "2014-09-30": "6043.00000", "2014-06-30": "6050.00000", "2014-03-31": "6427.00000", "2013-12-31": "6993.00000", "2013-09-30": "7281.00000", "2013-06-30": "7047.00000", "2013-03-31": "8015.00000", "2012-12-31": "8800.00000", "2012-09-30": "10080.00000", "2012-06-30": "9486.00000", "2012-03-31": "10702.00000", "2011-12-31": "11857.00000", "2011-09-30": "13618.00000", "2011-06-30": "14967.00000", "2011-03-31": "15586.00000", "2010-12-31": "17066.00000", "2010-09-30": "17696.00000", "2010-06-30": "18663.00000", "2010-03-31": "18576.00000", "2009-12-31": "22089.00000", "2009-09-30": "21328.00000", "2009-06-30": "22156.00000", "2009-03-31": "22274.00000", "2008-12-31": "22709.00000", "2008-09-30": "17824.00000", "2008-06-30": "17234.00000", "2008-03-31": "17872.00000", "2007-12-31": "15323.60000", "2007-09-30": "15157.82000", "2007-06-30": "12780.33000", "2007-03-31": "11901.12000", "2006-12-31": "11772.53000", "2006-09-30": "7455.59500", "2006-06-30": "8231.01500", "2006-03-31": "8522.20500", "2005-12-31": "8826.67100", "2005-09-30": "8824.78600", "2005-06-30": "8871.32000", "2005-03-31": "8556.78200"}, "Total Liabilities": {"2020-12-31": "129278.00000", "2020-09-30": "127276.00000", "2020-06-30": "126442.00000", "2020-03-31": "116210.00000", "2019-12-31": "109945.00000", "2019-09-30": "111566.00000", "2019-06-30": "110910.00000", "2019-03-31": "113279.00000", "2018-12-31": "110598.00000", "2018-09-30": "109808.00000", "2018-06-30": "108780.00000", "2018-03-31": "107047.00000", "2017-12-31": "108102.00000", "2017-09-30": "106647.00000", "2017-06-30": "107750.00000", "2017-03-31": "107823.00000", "2016-12-31": "109304.00000", "2016-09-30": "107812.00000", "2016-06-30": "108827.00000", "2016-03-31": "108328.00000", "2015-12-31": "109206.00000", "2015-09-30": "107837.00000", "2015-06-30": "104956.00000", "2015-03-31": "105396.00000", "2014-12-31": "102690.00000", "2014-09-30": "102066.00000", "2014-06-30": "101690.00000", "2014-03-31": "101801.00000", "2013-12-31": "101628.00000", "2013-09-30": "101375.00000", "2013-06-30": "103378.00000", "2013-03-31": "103978.00000", "2012-12-31": "105848.00000", "2012-09-30": "106897.00000", "2012-06-30": "107890.00000", "2012-03-31": "110748.00000", "2011-12-31": "110551.00000", "2011-09-30": "112499.00000", "2011-06-30": "114020.00000", "2011-03-31": "115137.00000", "2010-12-31": "115617.00000", "2010-09-30": "116335.00000", "2010-06-30": "117877.00000", "2010-03-31": "119592.00000", "2009-12-31": "124437.00000", "2009-09-30": "121494.00000", "2009-06-30": "124074.00000", "2009-03-31": "125163.00000", "2008-12-31": "129435.00000", "2008-09-30": "124587.00000", "2008-06-30": "124728.00000", "2008-03-31": "124227.00000", "2007-12-31": "121218.70000", "2007-09-30": "118388.80000", "2007-06-30": "117926.10000", "2007-03-31": "117753.90000", "2006-12-31": "122667.60000", "2006-09-30": "75937.19000", "2006-06-30": "75364.43000", "2006-03-31": "73937.73000", "2005-12-31": "74171.32000", "2005-09-30": "73949.56000", "2005-06-30": "74535.80000", "2005-03-31": "73638.49000"}, "Common Stock Net": {"2020-12-31": "10.00000", "2020-09-30": "10.00000", "2020-06-30": "10.00000", "2020-03-31": "10.00000", "2019-12-31": "10.00000", "2019-09-30": "10.00000", "2019-06-30": "11.00000", "2019-03-31": "11.00000", "2018-12-31": "11.00000", "2018-09-30": "11.00000", "2018-06-30": "12.00000", "2018-03-31": "12.00000", "2017-12-31": "12.00000", "2017-09-30": "12.00000", "2017-06-30": "12.00000", "2017-03-31": "12.00000", "2016-12-31": "13.00000", "2016-09-30": "13.00000", "2016-06-30": "13.00000", "2016-03-31": "13.00000", "2015-12-31": "13.00000", "2015-09-30": "13.00000", "2015-06-30": "14.00000", "2015-03-31": "14.00000", "2014-12-31": "14.00000", "2014-09-30": "14.00000", "2014-06-30": "14.00000", "2014-03-31": "14.00000", "2013-12-31": "14.00000", "2013-09-30": "14.00000", "2013-06-30": "14.00000", "2013-03-31": "15.00000", "2012-12-31": "15.00000", "2012-09-30": "15.00000", "2012-06-30": "15.00000", "2012-03-31": "15.00000", "2011-12-31": "13.00000", "2011-09-30": "13.00000", "2011-06-30": "13.00000", "2011-03-31": "13.00000", "2010-12-31": "13.00000", "2010-09-30": "13.00000", "2010-06-30": "13.00000", "2010-03-31": "12.00000", "2009-12-31": "12.00000", "2009-09-30": "12.00000", "2009-06-30": "12.00000", "2009-03-31": "7.00000", "2008-12-31": "7.00000", "2008-09-30": "7.00000", "2008-06-30": "7.00000", "2008-03-31": "7.00000", "2007-12-31": "7.34700", "2007-09-30": "7.34600", "2007-06-30": "7.34400", "2007-03-31": "7.32000", "2006-12-31": "7.30300", "2006-09-30": "4.81300", "2006-06-30": "4.78700", "2006-03-31": "4.77800", "2005-12-31": "4.73800", "2005-09-30": "4.71800", "2005-06-30": "4.70900", "2005-03-31": "4.68600"}, "Retained Earnings (Accumulated Deficit)": {"2020-12-31": "3770.00000", "2020-09-30": "3330.00000", "2020-06-30": "2978.00000", "2020-03-31": "3364.00000", "2019-12-31": "3751.00000", "2019-09-30": "3534.00000", "2019-06-30": "3299.00000", "2019-03-31": "3066.00000", "2018-12-31": "2828.00000", "2018-09-30": "2582.00000", "2018-06-30": "2182.00000", "2018-03-31": "1923.00000", "2017-12-31": "1628.00000", "2017-09-30": "1279.00000", "2017-06-30": "1089.00000", "2017-03-31": "873.00000", "2016-12-31": "666.00000", "2016-09-30": "465.00000", "2016-06-30": "242.00000", "2016-03-31": "62.00000", "2015-12-31": "-115.00000", "2015-09-30": "-400.00000", "2015-06-30": "-658.00000", "2015-03-31": "-943.00000", "2014-12-31": "-1177.00000", "2014-09-30": "-1272.00000", "2014-06-30": "-1597.00000", "2014-03-31": "-1897.00000", "2013-12-31": "-2216.00000", "2013-09-30": "-2443.00000", "2013-06-30": "-2736.00000", "2013-03-31": "-3003.00000", "2012-12-31": "-3338.00000", "2012-09-30": "-3849.00000", "2012-06-30": "-4136.00000", "2012-03-31": "-4395.00000", "2011-12-31": "-4322.00000", "2011-09-30": "-3913.00000", "2011-06-30": "-4000.00000", "2011-03-31": "-4043.00000", "2010-12-31": "-4047.00000", "2010-09-30": "-4070.00000", "2010-06-30": "-3849.00000", "2010-03-31": "-3502.00000", "2009-12-31": "-3235.00000", "2009-09-30": "-2618.00000", "2009-06-30": "-2169.00000", "2009-03-31": "-1913.00000", "2008-12-31": "-1869.00000", "2008-09-30": "4445.00000", "2008-06-30": "4437.00000", "2008-03-31": "4495.00000", "2007-12-31": "4439.50500", "2007-09-30": "4632.03300", "2007-06-30": "4489.07800", "2007-03-31": "4289.35400", "2006-12-31": "4493.24500", "2006-09-30": "4547.84500", "2006-06-30": "4355.30600", "2006-03-31": "4169.67800", "2005-12-31": "4034.90500", "2005-09-30": "3936.65700", "2005-06-30": "3836.71600", "2005-03-31": "3746.11300"}, "Comprehensive Income": {"2020-12-31": "1315.00000", "2020-09-30": "1565.00000", "2020-06-30": "1626.00000", "2020-03-31": "1324.00000", "2019-12-31": "-90.00000", "2019-09-30": "295.00000", "2019-06-30": "-21.00000", "2019-03-31": "-598.00000", "2018-12-31": "-964.00000", "2018-09-30": "-1394.00000", "2018-06-30": "-1255.00000", "2018-03-31": "-1151.00000", "2017-12-31": "-749.00000", "2017-09-30": "-454.00000", "2017-06-30": "-479.00000", "2017-03-31": "-565.00000", "2016-12-31": "-550.00000", "2016-09-30": "105.00000", "2016-06-30": "148.00000", "2016-03-31": "-23.00000", "2015-12-31": "-380.00000", "2015-09-30": "-139.00000", "2015-06-30": "-287.00000", "2015-03-31": "-115.00000", "2014-12-31": "-238.00000", "2014-09-30": "-174.00000", "2014-06-30": "-52.00000", "2014-03-31": "-229.00000", "2013-12-31": "-319.00000", "2013-09-30": "-411.00000", "2013-06-30": "-478.00000", "2013-03-31": "-12.00000", "2012-12-31": "65.00000", "2012-09-30": "202.00000", "2012-06-30": "54.00000", "2012-03-31": "-60.00000", "2011-12-31": "-69.00000", "2011-09-30": "92.00000", "2011-06-30": "-177.00000", "2011-03-31": "-387.00000", "2010-12-31": "-260.00000", "2010-09-30": "208.00000", "2010-06-30": "306.00000", "2010-03-31": "144.00000", "2009-12-31": "130.00000", "2009-09-30": "143.00000", "2009-06-30": "-36.00000", "2009-03-31": "-6.00000", "2008-12-31": "-22.00000", "2008-09-30": "70.00000", "2008-06-30": "47.00000", "2008-03-31": "331.00000", "2007-12-31": "202.28700", "2007-09-30": "-49.64800", "2007-06-30": "-236.68100", "2007-03-31": "-61.02900", "2006-12-31": "-131.27200", "2006-09-30": "-87.65300", "2006-06-30": "-221.28600", "2006-03-31": "-169.78200", "2005-12-31": "-92.32500", "2005-09-30": "-63.48100", "2005-06-30": "18.70600", "2005-03-31": "-47.22400"}, "Other Share Holders Equity": {"2020-12-31": "", "2020-09-30": "", "2020-06-30": "", "2020-03-31": "", "2019-12-31": "", "2019-09-30": "", "2019-06-30": "", "2019-03-31": "", "2018-12-31": "", "2018-09-30": "", "2018-06-30": "", "2018-03-31": "", "2017-12-31": "", "2017-09-30": "", "2017-06-30": "", "2017-03-31": "", "2016-12-31": "", "2016-09-30": "", "2016-06-30": "", "2016-03-31": "", "2015-12-31": "", "2015-09-30": "", "2015-06-30": "", "2015-03-31": "", "2014-12-31": "", "2014-09-30": "", "2014-06-30": "", "2014-03-31": "", "2013-12-31": "", "2013-09-30": "", "2013-06-30": "", "2013-03-31": "", "2012-12-31": "", "2012-09-30": "", "2012-06-30": "", "2012-03-31": "", "2011-12-31": "", "2011-09-30": "", "2011-06-30": "", "2011-03-31": "", "2010-12-31": "", "2010-09-30": "", "2010-06-30": "", "2010-03-31": "", "2009-12-31": "", "2009-09-30": "", "2009-06-30": "", "2009-03-31": "", "2008-12-31": "", "2008-09-30": "", "2008-06-30": "", "2008-03-31": "", "2007-12-31": "", "2007-09-30": "", "2007-06-30": "", "2007-03-31": "", "2006-12-31": "", "2006-09-30": "", "2006-06-30": "", "2006-03-31": "", "2005-12-31": "", "2005-09-30": "", "2005-06-30": "", "2005-03-31": ""}, "Share Holder Equity": {"2020-12-31": "18111.00000", "2020-09-30": "17904.00000", "2020-06-30": "17628.00000", "2020-03-31": "17332.00000", "2019-12-31": "16295.00000", "2019-09-30": "16581.00000", "2019-06-30": "16608.00000", "2019-03-31": "15523.00000", "2018-12-31": "15090.00000", "2018-09-30": "14770.00000", "2018-06-30": "15777.00000", "2018-03-31": "15866.00000", "2017-12-31": "16192.00000", "2017-09-30": "16624.00000", "2017-06-30": "16893.00000", "2017-03-31": "16722.00000", "2016-12-31": "16664.00000", "2016-09-30": "17365.00000", "2016-06-30": "17385.00000", "2016-03-31": "17211.00000", "2015-12-31": "16844.00000", "2015-09-30": "16952.00000", "2015-06-30": "16899.00000", "2015-03-31": "17051.00000", "2014-12-31": "16873.00000", "2014-09-30": "17160.00000", "2014-06-30": "17029.00000", "2014-03-31": "16132.00000", "2013-12-31": "15768.00000", "2013-09-30": "15489.00000", "2013-06-30": "15329.00000", "2013-03-31": "15740.00000", "2012-12-31": "15499.00000", "2012-09-30": "14901.00000", "2012-06-30": "14455.00000", "2012-03-31": "17534.00000", "2011-12-31": "16499.00000", "2011-09-30": "17263.00000", "2011-06-30": "16888.00000", "2011-03-31": "16619.00000", "2010-12-31": "16734.00000", "2010-09-30": "17163.00000", "2010-06-30": "17463.00000", "2010-03-31": "17638.00000", "2009-12-31": "17881.00000", "2009-09-30": "18492.00000", "2009-06-30": "18737.00000", "2009-03-31": "16817.00000", "2008-12-31": "16813.00000", "2008-09-30": "19705.00000", "2008-06-30": "19708.00000", "2008-03-31": "20022.00000", "2007-12-31": "19823.03000", "2007-09-30": "19846.35000", "2007-06-30": "19696.39000", "2007-03-31": "20314.17000", "2006-12-31": "20701.45000", "2006-09-30": "11042.90000", "2006-06-30": "10698.36000", "2006-03-31": "10656.79000", "2005-12-31": "10614.28000", "2005-09-30": "10645.05000", "2005-06-30": "10743.30000", "2005-03-31": "10645.14000"}, "Total Liabilities And Share Holders Equity": {"2020-12-31": "147389.00000", "2020-09-30": "145180.00000", "2020-06-30": "144070.00000", "2020-03-31": "133542.00000", "2019-12-31": "126240.00000", "2019-09-30": "128147.00000", "2019-06-30": "127518.00000", "2019-03-31": "128802.00000", "2018-12-31": "125688.00000", "2018-09-30": "124578.00000", "2018-06-30": "124557.00000", "2018-03-31": "122913.00000", "2017-12-31": "124294.00000", "2017-09-30": "123271.00000", "2017-06-30": "124643.00000", "2017-03-31": "124545.00000", "2016-12-31": "125968.00000", "2016-09-30": "125177.00000", "2016-06-30": "126212.00000", "2016-03-31": "125539.00000", "2015-12-31": "126050.00000", "2015-09-30": "124789.00000", "2015-06-30": "121855.00000", "2015-03-31": "122447.00000", "2014-12-31": "119563.00000", "2014-09-30": "119226.00000", "2014-06-30": "118719.00000", "2014-03-31": "117933.00000", "2013-12-31": "117396.00000", "2013-09-30": "116864.00000", "2013-06-30": "118707.00000", "2013-03-31": "119718.00000", "2012-12-31": "121347.00000", "2012-09-30": "121798.00000", "2012-06-30": "122345.00000", "2012-03-31": "128282.00000", "2011-12-31": "127050.00000", "2011-09-30": "129762.00000", "2011-06-30": "130908.00000", "2011-03-31": "131756.00000", "2010-12-31": "132351.00000", "2010-09-30": "133498.00000", "2010-06-30": "135340.00000", "2010-03-31": "137230.00000", "2009-12-31": "142318.00000", "2009-09-30": "139986.00000", "2009-06-30": "142811.00000", "2009-03-31": "141980.00000", "2008-12-31": "146248.00000", "2008-09-30": "144292.00000", "2008-06-30": "144436.00000", "2008-03-31": "144249.00000", "2007-12-31": "141041.70000", "2007-09-30": "138235.20000", "2007-06-30": "137622.50000", "2007-03-31": "138068.10000", "2006-12-31": "143369.00000", "2006-09-30": "86980.09000", "2006-06-30": "86062.79000", "2006-03-31": "84594.52000", "2005-12-31": "84785.60000", "2005-09-30": "84594.62000", "2005-06-30": "85279.10000", "2005-03-31": "84283.63000"}}, "cash flow statement": {"Net Income/Loss": {"2020-12-31": "0.00000", "2019-12-31": "1582.00000", "2018-12-31": "1759.00000", "2017-12-31": "1263.00000", "2016-12-31": "1163.00000", "2015-12-31": "1062.00000", "2014-12-31": "1147.00000", "2013-12-31": "1091.00000", "2012-12-31": "1120.00000", "2011-12-31": "-215.00000", "2010-12-31": "-539.00000", "2009-12-31": "-1031.00000", "2008-12-31": "-5596.00000", "2007-12-31": "1251.00000", "2006-12-31": "1353.14500", "2005-12-31": "1000.54400"}, "Total Depreciation And Amortization - Cash Flow": {"2020-12-31": "", "2019-12-31": "426.00000", "2018-12-31": "462.00000", "2017-12-31": "537.00000", "2016-12-31": "574.00000", "2015-12-31": "523.00000", "2014-12-31": "523.00000", "2013-12-31": "645.00000", "2012-12-31": "717.00000", "2011-12-31": "1428.00000", "2010-12-31": "732.00000", "2009-12-31": "527.00000", "2008-12-31": "6378.00000", "2007-12-31": "439.00000", "2006-12-31": "302.77100", "2005-12-31": "315.07900"}, "Other Non-Cash Items": {"2020-12-31": "", "2019-12-31": "493.00000", "2018-12-31": "173.00000", "2017-12-31": "337.00000", "2016-12-31": "337.00000", "2015-12-31": "456.00000", "2014-12-31": "238.00000", "2013-12-31": "549.00000", "2012-12-31": "613.00000", "2011-12-31": "1519.00000", "2010-12-31": "2580.00000", "2009-12-31": "3898.00000", "2008-12-31": "1838.00000", "2007-12-31": "426.00000", "2006-12-31": "199.77400", "2005-12-31": "111.77400"}, "Total Non-Cash Items": {"2020-12-31": "", "2019-12-31": "919.00000", "2018-12-31": "635.00000", "2017-12-31": "874.00000", "2016-12-31": "911.00000", "2015-12-31": "979.00000", "2014-12-31": "761.00000", "2013-12-31": "1194.00000", "2012-12-31": "1330.00000", "2011-12-31": "2947.00000", "2010-12-31": "3312.00000", "2009-12-31": "4425.00000", "2008-12-31": "8216.00000", "2007-12-31": "865.00000", "2006-12-31": "502.54500", "2005-12-31": "426.85300"}, "Change In Accounts Receivable": {"2020-12-31": "", "2019-12-31": "-708.00000", "2018-12-31": "198.00000", "2017-12-31": "-46.00000", "2016-12-31": "-408.00000", "2015-12-31": "120.00000", "2014-12-31": "-239.00000", "2013-12-31": "1586.00000", "2012-12-31": "339.00000", "2011-12-31": "1278.00000", "2010-12-31": "667.00000", "2009-12-31": "135.00000", "2008-12-31": "871.00000", "2007-12-31": "3335.00000", "2006-12-31": "-835.29190", "2005-12-31": "176.41230"}, "Change In Inventories": {"2020-12-31": "", "2019-12-31": "", "2018-12-31": "", "2017-12-31": "", "2016-12-31": "", "2015-12-31": "-37.00000", "2014-12-31": "5.00000", "2013-12-31": "5.00000", "2012-12-31": "187.00000", "2011-12-31": "-150.00000", "2010-12-31": "1923.00000", "2009-12-31": "-1989.00000", "2008-12-31": "88.00000", "2007-12-31": "439.00000", "2006-12-31": "-510.69600", "2005-12-31": "-63.40600"}, "Change In Accounts Payable": {"2020-12-31": "", "2019-12-31": "", "2018-12-31": "", "2017-12-31": "", "2016-12-31": "", "2015-12-31": "", "2014-12-31": "", "2013-12-31": "", "2012-12-31": "", "2011-12-31": "", "2010-12-31": "", "2009-12-31": "", "2008-12-31": "", "2007-12-31": "", "2006-12-31": "", "2005-12-31": ""}, "Change In Assets/Liabilities": {"2020-12-31": "", "2019-12-31": "611.00000", "2018-12-31": "-354.00000", "2017-12-31": "158.00000", "2016-12-31": "191.00000", "2015-12-31": "-649.00000", "2014-12-31": "450.00000", "2013-12-31": "-154.00000", "2012-12-31": "-534.00000", "2011-12-31": "875.00000", "2010-12-31": "-1137.00000", "2009-12-31": "535.00000", "2008-12-31": "-1740.00000", "2007-12-31": "-2645.00000", "2006-12-31": "2221.90200", "2005-12-31": "353.87000"}, "Total Change In Assets/Liabilities": {"2020-12-31": "", "2019-12-31": "-97.00000", "2018-12-31": "-156.00000", "2017-12-31": "112.00000", "2016-12-31": "-217.00000", "2015-12-31": "-566.00000", "2014-12-31": "216.00000", "2013-12-31": "1437.00000", "2012-12-31": "-8.00000", "2011-12-31": "2003.00000", "2010-12-31": "1453.00000", "2009-12-31": "-1319.00000", "2008-12-31": "-781.00000", "2007-12-31": "1129.00000", "2006-12-31": "875.91420", "2005-12-31": "466.87630"}, "Cash Flow From Operating Activities": {"2020-12-31": "", "2019-12-31": "2581.00000", "2018-12-31": "2275.00000", "2017-12-31": "2297.00000", "2016-12-31": "2037.00000", "2015-12-31": "1599.00000", "2014-12-31": "2107.00000", "2013-12-31": "3745.00000", "2012-12-31": "2441.00000", "2011-12-31": "4753.00000", "2010-12-31": "4227.00000", "2009-12-31": "2037.00000", "2008-12-31": "2007.00000", "2007-12-31": "3287.00000", "2006-12-31": "2754.52100", "2005-12-31": "1916.22700"}, "Net Change In Property, Plant, And Equipment": {"2020-12-31": "", "2019-12-31": "-178.00000", "2018-12-31": "-151.00000", "2017-12-31": "-150.00000", "2016-12-31": "", "2015-12-31": "-369.00000", "2014-12-31": "-242.00000", "2013-12-31": "-186.00000", "2012-12-31": "-180.00000", "2011-12-31": "-201.00000", "2010-12-31": "-191.00000", "2009-12-31": "-234.00000", "2008-12-31": "-464.00000", "2007-12-31": "-454.00000", "2006-12-31": "-94.66100", "2005-12-31": "-141.54500"}, "Net Change In Intangible Assets": {"2020-12-31": "", "2019-12-31": "-24.00000", "2018-12-31": "-71.00000", "2017-12-31": "-41.00000", "2016-12-31": "-64.00000", "2015-12-31": "-4.00000", "2014-12-31": "-21.00000", "2013-12-31": "-28.00000", "2012-12-31": "", "2011-12-31": "0.00000", "2010-12-31": "", "2009-12-31": "", "2008-12-31": "44.00000", "2007-12-31": "21.00000", "2006-12-31": "", "2005-12-31": ""}, "Net Acquisitions/Divestitures": {"2020-12-31": "", "2019-12-31": "", "2018-12-31": "357.00000", "2017-12-31": "", "2016-12-31": "", "2015-12-31": "", "2014-12-31": "", "2013-12-31": "", "2012-12-31": "855.00000", "2011-12-31": "", "2010-12-31": "", "2009-12-31": "", "2008-12-31": "", "2007-12-31": "6.00000", "2006-12-31": "1217.58700", "2005-12-31": ""}, "Net Change In Short-term Investments": {"2020-12-31": "", "2019-12-31": "", "2018-12-31": "", "2017-12-31": "", "2016-12-31": "-205.00000", "2015-12-31": "", "2014-12-31": "", "2013-12-31": "", "2012-12-31": "", "2011-12-31": "", "2010-12-31": "", "2009-12-31": "", "2008-12-31": "", "2007-12-31": "", "2006-12-31": "", "2005-12-31": ""}, "Net Change In Long-Term Investments": {"2020-12-31": "", "2019-12-31": "950.00000", "2018-12-31": "401.00000", "2017-12-31": "-312.00000", "2016-12-31": "-976.00000", "2015-12-31": "-562.00000", "2014-12-31": "-850.00000", "2013-12-31": "2314.00000", "2012-12-31": "-2151.00000", "2011-12-31": "-876.00000", "2010-12-31": "657.00000", "2009-12-31": "-4773.00000", "2008-12-31": "-1521.00000", "2007-12-31": "2196.00000", "2006-12-31": "819.17290", "2005-12-31": "382.72610"}, "Net Change In Investments - Total": {"2020-12-31": "", "2019-12-31": "950.00000", "2018-12-31": "401.00000", "2017-12-31": "-312.00000", "2016-12-31": "-1181.00000", "2015-12-31": "-562.00000", "2014-12-31": "-850.00000", "2013-12-31": "2314.00000", "2012-12-31": "-2151.00000", "2011-12-31": "-876.00000", "2010-12-31": "657.00000", "2009-12-31": "-4773.00000", "2008-12-31": "-1521.00000", "2007-12-31": "2196.00000", "2006-12-31": "819.17290", "2005-12-31": "382.72610"}, "Investing Activities - Other": {"2020-12-31": "", "2019-12-31": "-239.00000", "2018-12-31": "-3581.00000", "2017-12-31": "-298.00000", "2016-12-31": "545.00000", "2015-12-31": "-5189.00000", "2014-12-31": "-2668.00000", "2013-12-31": "-2171.00000", "2012-12-31": "2483.00000", "2011-12-31": "1736.00000", "2010-12-31": "3618.00000", "2009-12-31": "3367.00000", "2008-12-31": "-4292.00000", "2007-12-31": "-446.00000", "2006-12-31": "-2172.78500", "2005-12-31": "-1014.10900"}, "Cash Flow From Investing Activities": {"2020-12-31": "", "2019-12-31": "509.00000", "2018-12-31": "-3045.00000", "2017-12-31": "-801.00000", "2016-12-31": "-700.00000", "2015-12-31": "-6124.00000", "2014-12-31": "-3781.00000", "2013-12-31": "-71.00000", "2012-12-31": "1007.00000", "2011-12-31": "659.00000", "2010-12-31": "4084.00000", "2009-12-31": "-1640.00000", "2008-12-31": "-6233.00000", "2007-12-31": "1323.00000", "2006-12-31": "-230.68600", "2005-12-31": "-772.92800"}, "Net Long-Term Debt": {"2020-12-31": "", "2019-12-31": "-4652.00000", "2018-12-31": "4299.00000", "2017-12-31": "394.00000", "2016-12-31": "-559.00000", "2015-12-31": "4854.00000", "2014-12-31": "-1350.00000", "2013-12-31": "-969.00000", "2012-12-31": "-2202.00000", "2011-12-31": "-5003.00000", "2010-12-31": "-5373.00000", "2009-12-31": "-454.00000", "2008-12-31": "7651.00000", "2007-12-31": "2711.00000", "2006-12-31": "-2388.43800", "2005-12-31": "-278.78310"}, "Net Current Debt": {"2020-12-31": "", "2019-12-31": "450.00000", "2018-12-31": "1100.00000", "2017-12-31": "500.00000", "2016-12-31": "-10.00000", "2015-12-31": "-2243.00000", "2014-12-31": "71.00000", "2013-12-31": "608.00000", "2012-12-31": "-564.00000", "2011-12-31": "-870.00000", "2010-12-31": "269.00000", "2009-12-31": "-12154.00000", "2008-12-31": "4702.00000", "2007-12-31": "1453.00000", "2006-12-31": "-944.95600", "2005-12-31": "-1029.33200"}, "Debt Issuance/Retirement Net - Total": {"2020-12-31": "", "2019-12-31": "-4202.00000", "2018-12-31": "5399.00000", "2017-12-31": "894.00000", "2016-12-31": "-569.00000", "2015-12-31": "2611.00000", "2014-12-31": "-1279.00000", "2013-12-31": "-361.00000", "2012-12-31": "-2766.00000", "2011-12-31": "-5873.00000", "2010-12-31": "-5104.00000", "2009-12-31": "-12608.00000", "2008-12-31": "12353.00000", "2007-12-31": "4164.00000", "2006-12-31": "-3333.39400", "2005-12-31": "-1308.11500"}, "Net Common Equity Issued/Repurchased": {"2020-12-31": "", "2019-12-31": "-1101.00000", "2018-12-31": "-2122.00000", "2017-12-31": "-1275.00000", "2016-12-31": "-839.00000", "2015-12-31": "-623.00000", "2014-12-31": "-256.00000", "2013-12-31": "-340.00000", "2012-12-31": "875.00000", "2011-12-31": "", "2010-12-31": "", "2009-12-31": "1769.00000", "2008-12-31": "27.00000", "2007-12-31": "-1208.00000", "2006-12-31": "-226.03500", "2005-12-31": "-386.51500"}, "Net Total Equity Issued/Repurchased": {"2020-12-31": "", "2019-12-31": "-611.00000", "2018-12-31": "-2122.00000", "2017-12-31": "-1275.00000", "2016-12-31": "-839.00000", "2015-12-31": "-623.00000", "2014-12-31": "230.00000", "2013-12-31": "-340.00000", "2012-12-31": "-2184.00000", "2011-12-31": "", "2010-12-31": "", "2009-12-31": "2047.00000", "2008-12-31": "3527.00000", "2007-12-31": "-1208.00000", "2006-12-31": "-226.03500", "2005-12-31": "-386.51500"}, "Total Common And Preferred Stock Dividends Paid": {"2020-12-31": "", "2019-12-31": "-656.00000", "2018-12-31": "-516.00000", "2017-12-31": "-410.00000", "2016-12-31": "-381.00000", "2015-12-31": "-368.00000", "2014-12-31": "-299.00000", "2013-12-31": "-170.00000", "2012-12-31": "-102.00000", "2011-12-31": "-226.00000", "2010-12-31": "-233.00000", "2009-12-31": "-299.00000", "2008-12-31": "-669.00000", "2007-12-31": "-1036.00000", "2006-12-31": "-894.80500", "2005-12-31": "-628.61000"}, "Financial Activities - Other": {"2020-12-31": "", "2019-12-31": "2955.00000", "2018-12-31": "-2434.00000", "2017-12-31": "-2175.00000", "2016-12-31": "589.00000", "2015-12-31": "4215.00000", "2014-12-31": "1753.00000", "2013-12-31": "-3019.00000", "2012-12-31": "-152.00000", "2011-12-31": "1013.00000", "2010-12-31": "-4066.00000", "2009-12-31": "7501.00000", "2008-12-31": "-4757.00000", "2007-12-31": "-6415.00000", "2006-12-31": "3343.37700", "2005-12-31": "1710.90100"}, "Cash Flow From Financial Activities": {"2020-12-31": "", "2019-12-31": "-2514.00000", "2018-12-31": "327.00000", "2017-12-31": "-2966.00000", "2016-12-31": "-1200.00000", "2015-12-31": "5835.00000", "2014-12-31": "405.00000", "2013-12-31": "-3890.00000", "2012-12-31": "-5204.00000", "2011-12-31": "-5086.00000", "2010-12-31": "-9403.00000", "2009-12-31": "-3359.00000", "2008-12-31": "10454.00000", "2007-12-31": "-4495.00000", "2006-12-31": "-1110.85700", "2005-12-31": "-612.33900"}, "Net Cash Flow": {"2020-12-31": "", "2019-12-31": "576.00000", "2018-12-31": "-443.00000", "2017-12-31": "-1470.00000", "2016-12-31": "137.00000", "2015-12-31": "1310.00000", "2014-12-31": "-1269.00000", "2013-12-31": "-216.00000", "2012-12-31": "-1756.00000", "2011-12-31": "326.00000", "2010-12-31": "-1092.00000", "2009-12-31": "-2962.00000", "2008-12-31": "6228.00000", "2007-12-31": "115.00000", "2006-12-31": "1412.97800", "2005-12-31": "530.96000"}, "Stock-Based Compensation": {"2020-12-31": "", "2019-12-31": "", "2018-12-31": "", "2017-12-31": "", "2016-12-31": "", "2015-12-31": "", "2014-12-31": "", "2013-12-31": "", "2012-12-31": "", "2011-12-31": "", "2010-12-31": "", "2009-12-31": "", "2008-12-31": "", "2007-12-31": "", "2006-12-31": "", "2005-12-31": ""}, "Common Stock Dividends Paid": {"2020-12-31": "", "2019-12-31": "-577.00000", "2018-12-31": "-452.00000", "2017-12-31": "-346.00000", "2016-12-31": "-317.00000", "2015-12-31": "-304.00000", "2014-12-31": "-247.00000", "2013-12-31": "-138.00000", "2012-12-31": "-54.00000", "2011-12-31": "-51.00000", "2010-12-31": "-49.00000", "2009-12-31": "-105.00000", "2008-12-31": "-669.00000", "2007-12-31": "-1036.00000", "2006-12-31": "-894.80500", "2005-12-31": "-628.61000"}}, "cash flow statement, quarterly": {"Net Income/Loss": {"2020-12-31": -478, "2020-09-30": 530, "2020-06-30": -214, "2020-03-31": "162.00000", "2019-12-31": 389, "2019-09-30": 409, "2019-06-30": 390, "2019-03-31": "394.00000", "2018-12-31": 406, "2018-09-30": 564, "2018-06-30": 375, "2018-03-31": "414.00000", "2017-12-31": 335, "2017-09-30": 311, "2017-06-30": 316, "2017-03-31": "301.00000", "2016-12-31": 295, "2016-09-30": 320, "2016-06-30": 275, "2016-03-31": "273.00000", "2015-12-31": 285, "2015-09-30": 258, "2015-06-30": 285, "2015-03-31": "234.00000", "2014-12-31": 216, "2014-09-30": 320, "2014-06-30": 296, "2014-03-31": "315.00000", "2013-12-31": 196, "2013-09-30": 293, "2013-06-30": 267, "2013-03-31": "335.00000", "2012-12-31": 265, "2012-09-30": 301, "2012-06-30": 355, "2012-03-31": "199.00000", "2011-12-31": -548, "2011-09-30": 155, "2011-06-30": 109, "2011-03-31": "69.00000", "2010-12-31": 89, "2010-09-30": -155, "2010-06-30": -277, "2010-03-31": "-196.00000", "2009-12-31": -543, "2009-09-30": -377, "2009-06-30": -188, "2009-03-31": "77.00000", "2008-12-31": -6218, "2008-09-30": 79, "2008-06-30": 206, "2008-03-31": "337.00000", "2007-12-31": 70.546, "2007-09-30": 394.164, "2007-06-30": 453.309, "2007-03-31": "332.98100", "2006-12-31": 361.551, "2006-09-30": 351.657, "2006-06-30": 345.257, "2006-03-31": "294.68000", "2005-12-31": 253.996, "2005-09-30": 256.556, "2005-06-30": 248.351, "2005-03-31": "241.64100"}, "Total Depreciation And Amortization - Cash Flow": {"2020-12-31": -360, "2020-09-30": 132, "2020-06-30": 128, "2020-03-31": "100.00000", "2019-12-31": 105, "2019-09-30": 109, "2019-06-30": 107, "2019-03-31": "105.00000", "2018-12-31": 107, "2018-09-30": 116, "2018-06-30": 118, "2018-03-31": "121.00000", "2017-12-31": 127, "2017-09-30": 136, "2017-06-30": 134, "2017-03-31": "140.00000", "2016-12-31": 149, "2016-09-30": 158, "2016-06-30": 137, "2016-03-31": "130.00000", "2015-12-31": 139, "2015-09-30": 132, "2015-06-30": 129, "2015-03-31": "123.00000", "2014-12-31": 132, "2014-09-30": 143, "2014-06-30": 126, "2014-03-31": "122.00000", "2013-12-31": 148, "2013-09-30": 155, "2013-06-30": 171, "2013-03-31": "171.00000", "2012-12-31": 187, "2012-09-30": 182, "2012-06-30": 177, "2012-03-31": "171.00000", "2011-12-31": 924, "2011-09-30": 175, "2011-06-30": 164, "2011-03-31": "165.00000", "2010-12-31": 202, "2010-09-30": 187, "2010-06-30": 179, "2010-03-31": "164.00000", "2009-12-31": 145, "2009-09-30": 129, "2009-06-30": 130, "2009-03-31": "123.00000", "2008-12-31": 6085, "2008-09-30": 91, "2008-06-30": 97, "2008-03-31": "105.00000", "2007-12-31": 121.604, "2007-09-30": 88.593, "2007-06-30": 103.285, "2007-03-31": "125.51800", "2006-12-31": 87.48, "2006-09-30": 70.195, "2006-06-30": 71.419, "2006-03-31": "73.67700", "2005-12-31": 78.131, "2005-09-30": 80.417, "2005-06-30": 78.663, "2005-03-31": "77.86800"}, "Other Non-Cash Items": {"2020-12-31": -1138, "2020-09-30": 120, "2020-06-30": 714, "2020-03-31": "304.00000", "2019-12-31": 169, "2019-09-30": 97, "2019-06-30": 110, "2019-03-31": "117.00000", "2018-12-31": 175, "2018-09-30": -160, "2018-06-30": 65, "2018-03-31": "93.00000", "2017-12-31": 89, "2017-09-30": 69, "2017-06-30": 47, "2017-03-31": "132.00000", "2016-12-31": 106, "2016-09-30": 37, "2016-06-30": 56, "2016-03-31": "138.00000", "2015-12-31": 191, "2015-09-30": 81, "2015-06-30": 59, "2015-03-31": "125.00000", "2014-12-31": 16, "2014-09-30": 26, "2014-06-30": 81, "2014-03-31": "115.00000", "2013-12-31": 155, "2013-09-30": 94, "2013-06-30": 181, "2013-03-31": "119.00000", "2012-12-31": 166, "2012-09-30": 116, "2012-06-30": 156, "2012-03-31": "175.00000", "2011-12-31": 264, "2011-09-30": 421, "2011-06-30": 416, "2011-03-31": "418.00000", "2010-12-31": 478, "2010-09-30": 753, "2010-06-30": 666, "2010-03-31": "683.00000", "2009-12-31": 2068, "2009-09-30": 909, "2009-06-30": 666, "2009-03-31": "255.00000", "2008-12-31": 990, "2008-09-30": 368, "2008-06-30": 301, "2008-03-31": "179.00000", "2007-12-31": 410.477, "2007-09-30": 106.986, "2007-06-30": 31.371, "2007-03-31": "-122.83400", "2006-12-31": 131.865, "2006-09-30": 41.501, "2006-06-30": 25.418, "2006-03-31": "0.99000", "2005-12-31": -27.708, "2005-09-30": 90.93, "2005-06-30": -22.221, "2005-03-31": "70.77300"}, "Total Non-Cash Items": {"2020-12-31": -1498, "2020-09-30": 252, "2020-06-30": 842, "2020-03-31": "404.00000", "2019-12-31": 274, "2019-09-30": 206, "2019-06-30": 217, "2019-03-31": "222.00000", "2018-12-31": 282, "2018-09-30": -44, "2018-06-30": 183, "2018-03-31": "214.00000", "2017-12-31": 216, "2017-09-30": 205, "2017-06-30": 181, "2017-03-31": "272.00000", "2016-12-31": 255, "2016-09-30": 195, "2016-06-30": 193, "2016-03-31": "268.00000", "2015-12-31": 330, "2015-09-30": 213, "2015-06-30": 188, "2015-03-31": "248.00000", "2014-12-31": 148, "2014-09-30": 169, "2014-06-30": 207, "2014-03-31": "237.00000", "2013-12-31": 303, "2013-09-30": 249, "2013-06-30": 352, "2013-03-31": "290.00000", "2012-12-31": 353, "2012-09-30": 298, "2012-06-30": 333, "2012-03-31": "346.00000", "2011-12-31": 1188, "2011-09-30": 596, "2011-06-30": 580, "2011-03-31": "583.00000", "2010-12-31": 680, "2010-09-30": 940, "2010-06-30": 845, "2010-03-31": "847.00000", "2009-12-31": 2213, "2009-09-30": 1038, "2009-06-30": 796, "2009-03-31": "378.00000", "2008-12-31": 7075, "2008-09-30": 459, "2008-06-30": 398, "2008-03-31": "284.00000", "2007-12-31": 532.081, "2007-09-30": 195.579, "2007-06-30": 134.656, "2007-03-31": "2.68400", "2006-12-31": 219.345, "2006-09-30": 111.696, "2006-06-30": 96.837, "2006-03-31": "74.66700", "2005-12-31": 50.423, "2005-09-30": 171.347, "2005-06-30": 56.442, "2005-03-31": "148.64100"}, "Change In Accounts Receivable": {"2020-12-31": 537, "2020-09-30": -94, "2020-06-30": -557, "2020-03-31": "114.00000", "2019-12-31": -321, "2019-09-30": 62, "2019-06-30": -48, "2019-03-31": "-401.00000", "2018-12-31": 231, "2018-09-30": 212, "2018-06-30": -67, "2018-03-31": "-178.00000", "2017-12-31": -290, "2017-09-30": 127, "2017-06-30": -57, "2017-03-31": "174.00000", "2016-12-31": -285, "2016-09-30": -50, "2016-06-30": -261, "2016-03-31": "188.00000", "2015-12-31": -82, "2015-09-30": 88, "2015-06-30": 180, "2015-03-31": "-66.00000", "2014-12-31": -162, "2014-09-30": 332, "2014-06-30": -247, "2014-03-31": "-162.00000", "2013-12-31": 891, "2013-09-30": 150, "2013-06-30": 290, "2013-03-31": "255.00000", "2012-12-31": 665, "2012-09-30": -179, "2012-06-30": -357, "2012-03-31": "210.00000", "2011-12-31": 60, "2011-09-30": 287, "2011-06-30": 830, "2011-03-31": "101.00000", "2010-12-31": 347, "2010-09-30": -208, "2010-06-30": 21, "2010-03-31": "507.00000", "2009-12-31": 76, "2009-09-30": 591, "2009-06-30": 50, "2009-03-31": "-582.00000", "2008-12-31": 540, "2008-09-30": 182, "2008-06-30": 120, "2008-03-31": "29.00000", "2007-12-31": 81.076, "2007-09-30": 751.687, "2007-06-30": -419.371, "2007-03-31": "2921.60800", "2006-12-31": -506.1169, "2006-09-30": 407.526, "2006-06-30": -739.2712, "2006-03-31": "2.57020", "2005-12-31": 485.3693, "2005-09-30": -6.101, "2005-06-30": -117.4, "2005-03-31": "-185.45600"}, "Change In Inventories": {"2020-12-31": 0, "2020-09-30": 0, "2020-06-30": 0, "2020-03-31": "", "2019-12-31": 0, "2019-09-30": 0, "2019-06-30": 0, "2019-03-31": "", "2018-12-31": 0, "2018-09-30": 0, "2018-06-30": 0, "2018-03-31": "", "2017-12-31": 0, "2017-09-30": 0, "2017-06-30": 0, "2017-03-31": "", "2016-12-31": -23, "2016-09-30": -3, "2016-06-30": -7, "2016-03-31": "33.00000", "2015-12-31": -37, "2015-09-30": 4, "2015-06-30": -3, "2015-03-31": "-1.00000", "2014-12-31": -3, "2014-09-30": -3, "2014-06-30": 17, "2014-03-31": "-6.00000", "2013-12-31": 8, "2013-09-30": -17, "2013-06-30": 19, "2013-03-31": "-5.00000", "2012-12-31": -2, "2012-09-30": -4, "2012-06-30": 54, "2012-03-31": "139.00000", "2011-12-31": 196, "2011-09-30": -239, "2011-06-30": 61, "2011-03-31": "-168.00000", "2010-12-31": 464, "2010-09-30": -319, "2010-06-30": -23, "2010-03-31": "1801.00000", "2009-12-31": -1651, "2009-09-30": -279, "2009-06-30": 239, "2009-03-31": "-298.00000", "2008-12-31": 265, "2008-09-30": 215, "2008-06-30": 36, "2008-03-31": "-428.00000", "2007-12-31": 351.013, "2007-09-30": 251.123, "2007-06-30": -115.756, "2007-03-31": "-47.38000", "2006-12-31": -86.416, "2006-09-30": -381.993, "2006-06-30": 63.45, "2006-03-31": "-105.73700", "2005-12-31": -177.419, "2005-09-30": 142.705, "2005-06-30": -4.004, "2005-03-31": "-24.68800"}, "Change In Accounts Payable": {"2020-12-31": 0, "2020-09-30": 0, "2020-06-30": 0, "2020-03-31": "", "2019-12-31": 0, "2019-09-30": 0, "2019-06-30": 0, "2019-03-31": "", "2018-12-31": 0, "2018-09-30": 0, "2018-06-30": 0, "2018-03-31": "", "2017-12-31": 0, "2017-09-30": 0, "2017-06-30": 0, "2017-03-31": "", "2016-12-31": 0, "2016-09-30": 0, "2016-06-30": 0, "2016-03-31": "", "2015-12-31": 0, "2015-09-30": 0, "2015-06-30": 0, "2015-03-31": "", "2014-12-31": 0, "2014-09-30": 0, "2014-06-30": 0, "2014-03-31": "", "2013-12-31": 0, "2013-09-30": 0, "2013-06-30": 0, "2013-03-31": "", "2012-12-31": 0, "2012-09-30": 0, "2012-06-30": 0, "2012-03-31": "", "2011-12-31": 0, "2011-09-30": 0, "2011-06-30": 0, "2011-03-31": "", "2010-12-31": 0, "2010-09-30": 0, "2010-06-30": 0, "2010-03-31": "", "2009-12-31": 0, "2009-09-30": 0, "2009-06-30": 0, "2009-03-31": "", "2008-12-31": 0, "2008-09-30": 0, "2008-06-30": 0, "2008-03-31": "", "2007-12-31": 0, "2007-09-30": 0, "2007-06-30": 0, "2007-03-31": "", "2006-12-31": 0, "2006-09-30": 0, "2006-06-30": 0, "2006-03-31": "", "2005-12-31": 0, "2005-09-30": 0, "2005-06-30": 0, "2005-03-31": ""}, "Change In Assets/Liabilities": {"2020-12-31": -782, "2020-09-30": -12, "2020-06-30": 785, "2020-03-31": "9.00000", "2019-12-31": 134, "2019-09-30": 46, "2019-06-30": 119, "2019-03-31": "312.00000", "2018-12-31": 32, "2018-09-30": -136, "2018-06-30": 44, "2018-03-31": "-294.00000", "2017-12-31": 22, "2017-09-30": 213, "2017-06-30": -49, "2017-03-31": "-28.00000", "2016-12-31": -35, "2016-09-30": 72, "2016-06-30": 140, "2016-03-31": "14.00000", "2015-12-31": -396, "2015-09-30": 175, "2015-06-30": -336, "2015-03-31": "-92.00000", "2014-12-31": 391, "2014-09-30": -22, "2014-06-30": 45, "2014-03-31": "36.00000", "2013-12-31": -829, "2013-09-30": 287, "2013-06-30": 122, "2013-03-31": "266.00000", "2012-12-31": -1042, "2012-09-30": 753, "2012-06-30": -106, "2012-03-31": "-139.00000", "2011-12-31": -815, "2011-09-30": 975, "2011-06-30": -79, "2011-03-31": "794.00000", "2010-12-31": -635, "2010-09-30": 269, "2010-06-30": 485, "2010-03-31": "-1256.00000", "2009-12-31": -668, "2009-09-30": -453, "2009-06-30": 1861, "2009-03-31": "-205.00000", "2008-12-31": -733, "2008-09-30": -77, "2008-06-30": -117, "2008-03-31": "-813.00000", "2007-12-31": -1912.209, "2007-09-30": -1446.667, "2007-06-30": 92.712, "2007-03-31": "621.16400", "2006-12-31": 2363.327, "2006-09-30": -134.584, "2006-06-30": -44.67, "2006-03-31": "37.82900", "2005-12-31": 318.762, "2005-09-30": 262.544, "2005-06-30": -240.108, "2005-03-31": "12.67200"}, "Total Change In Assets/Liabilities": {"2020-12-31": -245, "2020-09-30": -106, "2020-06-30": 228, "2020-03-31": "123.00000", "2019-12-31": -187, "2019-09-30": 108, "2019-06-30": 71, "2019-03-31": "-89.00000", "2018-12-31": 263, "2018-09-30": 76, "2018-06-30": -23, "2018-03-31": "-472.00000", "2017-12-31": -268, "2017-09-30": 340, "2017-06-30": -106, "2017-03-31": "146.00000", "2016-12-31": -343, "2016-09-30": 19, "2016-06-30": -128, "2016-03-31": "235.00000", "2015-12-31": -515, "2015-09-30": 267, "2015-06-30": -159, "2015-03-31": "-159.00000", "2014-12-31": 226, "2014-09-30": 307, "2014-06-30": -185, "2014-03-31": "-132.00000", "2013-12-31": 70, "2013-09-30": 420, "2013-06-30": 431, "2013-03-31": "516.00000", "2012-12-31": -379, "2012-09-30": 570, "2012-06-30": -409, "2012-03-31": "210.00000", "2011-12-31": -559, "2011-09-30": 1023, "2011-06-30": 812, "2011-03-31": "727.00000", "2010-12-31": 176, "2010-09-30": -258, "2010-06-30": 483, "2010-03-31": "1052.00000", "2009-12-31": -2243, "2009-09-30": -141, "2009-06-30": 2150, "2009-03-31": "-1085.00000", "2008-12-31": 72, "2008-09-30": 320, "2008-06-30": 39, "2008-03-31": "-1212.00000", "2007-12-31": -1480.12, "2007-09-30": -443.857, "2007-06-30": -442.415, "2007-03-31": "3495.39200", "2006-12-31": 1770.7942, "2006-09-30": -109.051, "2006-06-30": -720.4912, "2006-03-31": "-65.33780", "2005-12-31": 626.7123, "2005-09-30": 399.1479, "2005-06-30": -361.5119, "2005-03-31": "-197.47200"}, "Cash Flow From Operating Activities": {"2020-12-31": -2325, "2020-09-30": 681, "2020-06-30": 857, "2020-03-31": "787.00000", "2019-12-31": 497, "2019-09-30": 763, "2019-06-30": 743, "2019-03-31": "578.00000", "2018-12-31": 1004, "2018-09-30": 611, "2018-06-30": 506, "2018-03-31": "154.00000", "2017-12-31": 293, "2017-09-30": 852, "2017-06-30": 420, "2017-03-31": "732.00000", "2016-12-31": 283, "2016-09-30": 610, "2016-06-30": 356, "2016-03-31": "788.00000", "2015-12-31": 188, "2015-09-30": 744, "2015-06-30": 350, "2015-03-31": "317.00000", "2014-12-31": 589, "2014-09-30": 775, "2014-06-30": 322, "2014-03-31": "421.00000", "2013-12-31": 599, "2013-09-30": 979, "2013-06-30": 1037, "2013-03-31": "1130.00000", "2012-12-31": 226, "2012-09-30": 1178, "2012-06-30": 282, "2012-03-31": "755.00000", "2011-12-31": 137, "2011-09-30": 1774, "2011-06-30": 1510, "2011-03-31": "1332.00000", "2010-12-31": 893, "2010-09-30": 539, "2010-06-30": 1068, "2010-03-31": "1727.00000", "2009-12-31": -600, "2009-09-30": 547, "2009-06-30": 2711, "2009-03-31": "-621.00000", "2008-12-31": 1056, "2008-09-30": 876, "2008-06-30": 654, "2008-03-31": "-579.00000", "2007-12-31": -876.931, "2007-09-30": 161.05, "2007-06-30": 157.302, "2007-03-31": "3845.57900", "2006-12-31": 2347.016, "2006-09-30": 385.389, "2006-06-30": -280.727, "2006-03-31": "302.84300", "2005-12-31": 938.056, "2005-09-30": 833.234, "2005-06-30": -74.325, "2005-03-31": "219.26200"}, "Net Change In Property, Plant, And Equipment": {"2020-12-31": 96, "2020-09-30": -8, "2020-06-30": -45, "2020-03-31": "-43.00000", "2019-12-31": -51, "2019-09-30": -72, "2019-06-30": -19, "2019-03-31": "-36.00000", "2018-12-31": -22, "2018-09-30": -55, "2018-06-30": -18, "2018-03-31": "-56.00000", "2017-12-31": -69, "2017-09-30": -36, "2017-06-30": -32, "2017-03-31": "-13.00000", "2016-12-31": 107, "2016-09-30": -66, "2016-06-30": 16, "2016-03-31": "-57.00000", "2015-12-31": -176, "2015-09-30": -119, "2015-06-30": -23, "2015-03-31": "-51.00000", "2014-12-31": -78, "2014-09-30": -69, "2014-06-30": -58, "2014-03-31": "-37.00000", "2013-12-31": -64, "2013-09-30": -51, "2013-06-30": -38, "2013-03-31": "-33.00000", "2012-12-31": -66, "2012-09-30": -35, "2012-06-30": -42, "2012-03-31": "-37.00000", "2011-12-31": -38, "2011-09-30": -35, "2011-06-30": -100, "2011-03-31": "-28.00000", "2010-12-31": -73, "2010-09-30": -47, "2010-06-30": -28, "2010-03-31": "-43.00000", "2009-12-31": -114, "2009-09-30": 23, "2009-06-30": -53, "2009-03-31": "-90.00000", "2008-12-31": -130, "2008-09-30": -81, "2008-06-30": -132, "2008-03-31": "-121.00000", "2007-12-31": -175.921, "2007-09-30": -112.781, "2007-06-30": -112.573, "2007-03-31": "-52.72500", "2006-12-31": -42.484, "2006-09-30": -9.954, "2006-06-30": -27.792, "2006-03-31": "-14.43100", "2005-12-31": -40.701, "2005-09-30": -42.148, "2005-06-30": -12.246, "2005-03-31": "-46.45000"}, "Net Change In Intangible Assets": {"2020-12-31": 35, "2020-09-30": -19, "2020-06-30": -12, "2020-03-31": "-4.00000", "2019-12-31": -5, "2019-09-30": -9, "2019-06-30": -2, "2019-03-31": "-8.00000", "2018-12-31": -34, "2018-09-30": -35, "2018-06-30": 0, "2018-03-31": "-2.00000", "2017-12-31": -1, "2017-09-30": -22, "2017-06-30": -10, "2017-03-31": "-8.00000", "2016-12-31": -29, "2016-09-30": -11, "2016-06-30": -19, "2016-03-31": "-5.00000", "2015-12-31": 0, "2015-09-30": -4, "2015-06-30": 0, "2015-03-31": "", "2014-12-31": -9, "2014-09-30": -12, "2014-06-30": 0, "2014-03-31": "", "2013-12-31": 0, "2013-09-30": 0, "2013-06-30": -28, "2013-03-31": "", "2012-12-31": 0, "2012-09-30": 0, "2012-06-30": 0, "2012-03-31": "", "2011-12-31": 0, "2011-09-30": 0, "2011-06-30": 0, "2011-03-31": "", "2010-12-31": 0, "2010-09-30": 0, "2010-06-30": 0, "2010-03-31": "", "2009-12-31": 0, "2009-09-30": 0, "2009-06-30": 0, "2009-03-31": "", "2008-12-31": 0, "2008-09-30": 0, "2008-06-30": 44, "2008-03-31": "", "2007-12-31": 21, "2007-09-30": 0, "2007-06-30": 0, "2007-03-31": "", "2006-12-31": 0, "2006-09-30": 0, "2006-06-30": 0, "2006-03-31": "", "2005-12-31": 0, "2005-09-30": 0, "2005-06-30": 0, "2005-03-31": ""}, "Net Acquisitions/Divestitures": {"2020-12-31": 381, "2020-09-30": 6, "2020-06-30": -387, "2020-03-31": "", "2019-12-31": 0, "2019-09-30": 0, "2019-06-30": 0, "2019-03-31": "", "2018-12-31": 0, "2018-09-30": 357, "2018-06-30": 0, "2018-03-31": "", "2017-12-31": 0, "2017-09-30": 0, "2017-06-30": 0, "2017-03-31": "", "2016-12-31": 0, "2016-09-30": 0, "2016-06-30": 0, "2016-03-31": "", "2015-12-31": 0, "2015-09-30": 0, "2015-06-30": 0, "2015-03-31": "", "2014-12-31": 0, "2014-09-30": 0, "2014-06-30": 0, "2014-03-31": "", "2013-12-31": 0, "2013-09-30": 0, "2013-06-30": 0, "2013-03-31": "", "2012-12-31": 0, "2012-09-30": 0, "2012-06-30": 855, "2012-03-31": "", "2011-12-31": 0, "2011-09-30": 0, "2011-06-30": 0, "2011-03-31": "", "2010-12-31": 0, "2010-09-30": 0, "2010-06-30": 0, "2010-03-31": "", "2009-12-31": 0, "2009-09-30": 0, "2009-06-30": 0, "2009-03-31": "", "2008-12-31": 0, "2008-09-30": 0, "2008-06-30": 0, "2008-03-31": "", "2007-12-31": 0.3, "2007-09-30": 0, "2007-06-30": 0, "2007-03-31": "5.70000", "2006-12-31": 1217.587, "2006-09-30": 0, "2006-06-30": 0, "2006-03-31": "", "2005-12-31": 0, "2005-09-30": 0, "2005-06-30": 0, "2005-03-31": ""}, "Net Change In Short-term Investments": {"2020-12-31": 0, "2020-09-30": 0, "2020-06-30": 0, "2020-03-31": "", "2019-12-31": 0, "2019-09-30": 0, "2019-06-30": 0, "2019-03-31": "", "2018-12-31": 0, "2018-09-30": 0, "2018-06-30": 0, "2018-03-31": "", "2017-12-31": 0, "2017-09-30": 0, "2017-06-30": 0, "2017-03-31": "", "2016-12-31": -205, "2016-09-30": 0, "2016-06-30": 0, "2016-03-31": "", "2015-12-31": 0, "2015-09-30": 0, "2015-06-30": 0, "2015-03-31": "", "2014-12-31": 0, "2014-09-30": 0, "2014-06-30": 0, "2014-03-31": "", "2013-12-31": 0, "2013-09-30": 0, "2013-06-30": 0, "2013-03-31": "", "2012-12-31": 0, "2012-09-30": 0, "2012-06-30": 0, "2012-03-31": "", "2011-12-31": 0, "2011-09-30": 0, "2011-06-30": 0, "2011-03-31": "", "2010-12-31": 0, "2010-09-30": 0, "2010-06-30": 0, "2010-03-31": "", "2009-12-31": 0, "2009-09-30": 0, "2009-06-30": 0, "2009-03-31": "", "2008-12-31": 0, "2008-09-30": 0, "2008-06-30": 0, "2008-03-31": "", "2007-12-31": 0, "2007-09-30": 0, "2007-06-30": 0, "2007-03-31": "", "2006-12-31": 0, "2006-09-30": 0, "2006-06-30": 0, "2006-03-31": "", "2005-12-31": -25.765, "2005-09-30": -3.6, "2005-06-30": 41.025, "2005-03-31": "-11.66000"}, "Net Change In Long-Term Investments": {"2020-12-31": 2720, "2020-09-30": -2455, "2020-06-30": 132, "2020-03-31": "-397.00000", "2019-12-31": 629, "2019-09-30": -380, "2019-06-30": 974, "2019-03-31": "-273.00000", "2018-12-31": 274, "2018-09-30": 65, "2018-06-30": 87, "2018-03-31": "-25.00000", "2017-12-31": -44, "2017-09-30": -16, "2017-06-30": -44, "2017-03-31": "-208.00000", "2016-12-31": -588, "2016-09-30": -111, "2016-06-30": -198, "2016-03-31": "-79.00000", "2015-12-31": -667, "2015-09-30": 17, "2015-06-30": -82, "2015-03-31": "170.00000", "2014-12-31": -190, "2014-09-30": -772, "2014-06-30": 26, "2014-03-31": "86.00000", "2013-12-31": 7, "2013-09-30": 2209, "2013-06-30": 470, "2013-03-31": "-372.00000", "2012-12-31": -11, "2012-09-30": -52, "2012-06-30": -6, "2012-03-31": "-2082.00000", "2011-12-31": 112, "2011-09-30": -584, "2011-06-30": 1135, "2011-03-31": "-1539.00000", "2010-12-31": -2, "2010-09-30": 409, "2010-06-30": 334, "2010-03-31": "-84.00000", "2009-12-31": -3127, "2009-09-30": -1164, "2009-06-30": 1409, "2009-03-31": "-1891.00000", "2008-12-31": -1183, "2008-09-30": 67, "2008-06-30": -199, "2008-03-31": "-206.00000", "2007-12-31": 445.469, "2007-09-30": 787.358, "2007-06-30": 609.649, "2007-03-31": "353.52400", "2006-12-31": 1303.648, "2006-09-30": -469.3571, "2006-06-30": -13.892, "2006-03-31": "-1.22600", "2005-12-31": -100.8281, "2005-09-30": 127.6802, "2005-06-30": 143.506, "2005-03-31": "212.36800"}, "Net Change In Investments - Total": {"2020-12-31": 2720, "2020-09-30": -2455, "2020-06-30": 132, "2020-03-31": "-397.00000", "2019-12-31": 629, "2019-09-30": -380, "2019-06-30": 974, "2019-03-31": "-273.00000", "2018-12-31": 274, "2018-09-30": 65, "2018-06-30": 87, "2018-03-31": "-25.00000", "2017-12-31": -44, "2017-09-30": -16, "2017-06-30": -44, "2017-03-31": "-208.00000", "2016-12-31": -793, "2016-09-30": -111, "2016-06-30": -198, "2016-03-31": "-79.00000", "2015-12-31": -667, "2015-09-30": 17, "2015-06-30": -82, "2015-03-31": "170.00000", "2014-12-31": -190, "2014-09-30": -772, "2014-06-30": 26, "2014-03-31": "86.00000", "2013-12-31": 7, "2013-09-30": 2209, "2013-06-30": 470, "2013-03-31": "-372.00000", "2012-12-31": -11, "2012-09-30": -52, "2012-06-30": -6, "2012-03-31": "-2082.00000", "2011-12-31": 112, "2011-09-30": -584, "2011-06-30": 1135, "2011-03-31": "-1539.00000", "2010-12-31": -2, "2010-09-30": 409, "2010-06-30": 334, "2010-03-31": "-84.00000", "2009-12-31": -3127, "2009-09-30": -1164, "2009-06-30": 1409, "2009-03-31": "-1891.00000", "2008-12-31": -1183, "2008-09-30": 67, "2008-06-30": -199, "2008-03-31": "-206.00000", "2007-12-31": 445.469, "2007-09-30": 787.358, "2007-06-30": 609.649, "2007-03-31": "353.52400", "2006-12-31": 1303.648, "2006-09-30": -469.3571, "2006-06-30": -13.892, "2006-03-31": "-1.22600", "2005-12-31": -126.5931, "2005-09-30": 124.0802, "2005-06-30": 184.531, "2005-03-31": "200.70800"}, "Investing Activities - Other": {"2020-12-31": 3598, "2020-09-30": 2062, "2020-06-30": -824, "2020-03-31": "-4836.00000", "2019-12-31": -286, "2019-09-30": 648, "2019-06-30": 770, "2019-03-31": "-1371.00000", "2018-12-31": -1429, "2018-09-30": -1452, "2018-06-30": -739, "2018-03-31": "39.00000", "2017-12-31": -688, "2017-09-30": 633, "2017-06-30": -347, "2017-03-31": "104.00000", "2016-12-31": 518, "2016-09-30": 761, "2016-06-30": -219, "2016-03-31": "-515.00000", "2015-12-31": -1100, "2015-09-30": -1026, "2015-06-30": -2017, "2015-03-31": "-1046.00000", "2014-12-31": -841, "2014-09-30": -258, "2014-06-30": -940, "2014-03-31": "-629.00000", "2013-12-31": 380, "2013-09-30": -1087, "2013-06-30": -1290, "2013-03-31": "-174.00000", "2012-12-31": 1059, "2012-09-30": 674, "2012-06-30": 428, "2012-03-31": "322.00000", "2011-12-31": 1015, "2011-09-30": 865, "2011-06-30": -786, "2011-03-31": "642.00000", "2010-12-31": 484, "2010-09-30": 295, "2010-06-30": 1315, "2010-03-31": "1524.00000", "2009-12-31": 952, "2009-09-30": 2500, "2009-06-30": -1531, "2009-03-31": "1446.00000", "2008-12-31": -610, "2008-09-30": -540, "2008-06-30": -2027, "2008-03-31": "-1115.00000", "2007-12-31": -1055.335, "2007-09-30": -420.36, "2007-06-30": 103.501, "2007-03-31": "926.19400", "2006-12-31": -1012.252, "2006-09-30": -371.986, "2006-06-30": -702.034, "2006-03-31": "-86.51300", "2005-12-31": -95.622, "2005-09-30": -43.308, "2005-06-30": -403.614, "2005-03-31": "-471.56500"}, "Cash Flow From Investing Activities": {"2020-12-31": 6830, "2020-09-30": -414, "2020-06-30": -1136, "2020-03-31": "-5280.00000", "2019-12-31": 287, "2019-09-30": 187, "2019-06-30": 1723, "2019-03-31": "-1688.00000", "2018-12-31": -1211, "2018-09-30": -1120, "2018-06-30": -670, "2018-03-31": "-44.00000", "2017-12-31": -802, "2017-09-30": 559, "2017-06-30": -433, "2017-03-31": "-125.00000", "2016-12-31": -197, "2016-09-30": 573, "2016-06-30": -420, "2016-03-31": "-656.00000", "2015-12-31": -1943, "2015-09-30": -1132, "2015-06-30": -2122, "2015-03-31": "-927.00000", "2014-12-31": -1118, "2014-09-30": -1111, "2014-06-30": -972, "2014-03-31": "-580.00000", "2013-12-31": 323, "2013-09-30": 1071, "2013-06-30": -886, "2013-03-31": "-579.00000", "2012-12-31": 982, "2012-09-30": 587, "2012-06-30": 1235, "2012-03-31": "-1797.00000", "2011-12-31": 1089, "2011-09-30": 246, "2011-06-30": 249, "2011-03-31": "-925.00000", "2010-12-31": 409, "2010-09-30": 657, "2010-06-30": 1621, "2010-03-31": "1397.00000", "2009-12-31": -2289, "2009-09-30": 1359, "2009-06-30": -175, "2009-03-31": "-535.00000", "2008-12-31": -1923, "2008-09-30": -554, "2008-06-30": -2314, "2008-03-31": "-1442.00000", "2007-12-31": -764.487, "2007-09-30": 254.217, "2007-06-30": 600.577, "2007-03-31": "1232.69300", "2006-12-31": 1466.499, "2006-09-30": -851.297, "2006-06-30": -743.718, "2006-03-31": "-102.17000", "2005-12-31": -262.916, "2005-09-30": 38.624, "2005-06-30": -231.329, "2005-03-31": "-317.30700"}, "Net Long-Term Debt": {"2020-12-31": 4871, "2020-09-30": -1481, "2020-06-30": -5541, "2020-03-31": "2151.00000", "2019-12-31": -1251, "2019-09-30": -101, "2019-06-30": -3800, "2019-03-31": "500.00000", "2018-12-31": 1199, "2018-09-30": 1301, "2018-06-30": 1949, "2018-03-31": "-150.00000", "2017-12-31": 2054, "2017-09-30": -658, "2017-06-30": 748, "2017-03-31": "-1750.00000", "2016-12-31": 1744, "2016-09-30": -2910, "2016-06-30": 1108, "2016-03-31": "-501.00000", "2015-12-31": 999, "2015-09-30": 3749, "2015-06-30": 399, "2015-03-31": "-293.00000", "2014-12-31": -349, "2014-09-30": 3, "2014-06-30": -402, "2014-03-31": "-602.00000", "2013-12-31": 0, "2013-09-30": -21, "2013-06-30": -948, "2013-03-31": "", "2012-12-31": -349, "2012-09-30": 0, "2012-06-30": -953, "2012-03-31": "-900.00000", "2011-12-31": -2001, "2011-09-30": -1501, "2011-06-30": -551, "2011-03-31": "-950.00000", "2010-12-31": -1126, "2010-09-30": -1089, "2010-06-30": -288, "2010-03-31": "-2870.00000", "2009-12-31": 426, "2009-09-30": -157, "2009-06-30": -263, "2009-03-31": "-460.00000", "2008-12-31": 4883, "2008-09-30": 771, "2008-06-30": 962, "2008-03-31": "1035.00000", "2007-12-31": 520.006, "2007-09-30": 1545.7169, "2007-06-30": 694.8091, "2007-03-31": "-49.53200", "2006-12-31": -907.161, "2006-09-30": -802.969, "2006-06-30": -328.338, "2006-03-31": "-349.97000", "2005-12-31": -246.2131, "2005-09-30": -78.702, "2005-06-30": 131.806, "2005-03-31": "-85.67400"}, "Net Current Debt": {"2020-12-31": 2050, "2020-09-30": 0, "2020-06-30": -3150, "2020-03-31": "1100.00000", "2019-12-31": -3351, "2019-09-30": 1151, "2019-06-30": 2650, "2019-03-31": "", "2018-12-31": -1650, "2018-09-30": 1850, "2018-06-30": 1400, "2018-03-31": "-500.00000", "2017-12-31": -100, "2017-09-30": 0, "2017-06-30": 600, "2017-03-31": "", "2016-12-31": 0, "2016-09-30": -2, "2016-06-30": 2, "2016-03-31": "-10.00000", "2015-12-31": 10, "2015-09-30": -1846, "2015-06-30": -239, "2015-03-31": "-168.00000", "2014-12-31": 360, "2014-09-30": 75, "2014-06-30": -163, "2014-03-31": "-201.00000", "2013-12-31": 409, "2013-09-30": -2104, "2013-06-30": 2047, "2013-03-31": "256.00000", "2012-12-31": -362, "2012-09-30": -1370, "2012-06-30": 1327, "2012-03-31": "-159.00000", "2011-12-31": 124, "2011-09-30": 221, "2011-06-30": -460, "2011-03-31": "-755.00000", "2010-12-31": 276, "2010-09-30": 697, "2010-06-30": 280, "2010-03-31": "-984.00000", "2009-12-31": -1618, "2009-09-30": -1906, "2009-06-30": -2161, "2009-03-31": "-6469.00000", "2008-12-31": -1719, "2008-09-30": -49, "2008-06-30": 423, "2008-03-31": "6047.00000", "2007-12-31": 1328.986, "2007-09-30": -298.279, "2007-06-30": -426.77, "2007-03-31": "849.06300", "2006-12-31": -2290.725, "2006-09-30": 583.867, "2006-06-30": 829.575, "2006-03-31": "-67.67300", "2005-12-31": -661.337, "2005-09-30": 865.976, "2005-06-30": -700.414, "2005-03-31": "-533.55700"}, "Debt Issuance/Retirement Net - Total": {"2020-12-31": 6921, "2020-09-30": -1481, "2020-06-30": -8691, "2020-03-31": "3251.00000", "2019-12-31": -4602, "2019-09-30": 1050, "2019-06-30": -1150, "2019-03-31": "500.00000", "2018-12-31": -451, "2018-09-30": 3151, "2018-06-30": 3349, "2018-03-31": "-650.00000", "2017-12-31": 1954, "2017-09-30": -658, "2017-06-30": 1348, "2017-03-31": "-1750.00000", "2016-12-31": 1744, "2016-09-30": -2912, "2016-06-30": 1110, "2016-03-31": "-511.00000", "2015-12-31": 1009, "2015-09-30": 1903, "2015-06-30": 160, "2015-03-31": "-461.00000", "2014-12-31": 11, "2014-09-30": 78, "2014-06-30": -565, "2014-03-31": "-803.00000", "2013-12-31": 409, "2013-09-30": -2125, "2013-06-30": 1099, "2013-03-31": "256.00000", "2012-12-31": -711, "2012-09-30": -1370, "2012-06-30": 374, "2012-03-31": "-1059.00000", "2011-12-31": -1877, "2011-09-30": -1280, "2011-06-30": -1011, "2011-03-31": "-1705.00000", "2010-12-31": -850, "2010-09-30": -392, "2010-06-30": -8, "2010-03-31": "-3854.00000", "2009-12-31": -1192, "2009-09-30": -2063, "2009-06-30": -2424, "2009-03-31": "-6929.00000", "2008-12-31": 3164, "2008-09-30": 722, "2008-06-30": 1385, "2008-03-31": "7082.00000", "2007-12-31": 1848.992, "2007-09-30": 1247.438, "2007-06-30": 268.039, "2007-03-31": "799.53100", "2006-12-31": -3197.8859, "2006-09-30": -219.1021, "2006-06-30": 501.237, "2006-03-31": "-417.64300", "2005-12-31": -907.55, "2005-09-30": 787.274, "2005-06-30": -568.608, "2005-03-31": "-619.23100"}, "Net Common Equity Issued/Repurchased": {"2020-12-31": 0, "2020-09-30": 0, "2020-06-30": 0, "2020-03-31": "", "2019-12-31": -132, "2019-09-30": -589, "2019-06-30": -190, "2019-03-31": "-190.00000", "2018-12-31": -370, "2018-09-30": -1282, "2018-06-30": -235, "2018-03-31": "-235.00000", "2017-12-31": -500, "2017-09-30": -500, "2017-06-30": -125, "2017-03-31": "-150.00000", "2016-12-31": -270, "2016-09-30": -215, "2016-06-30": -179, "2016-03-31": "-175.00000", "2015-12-31": -79, "2015-09-30": -270, "2015-06-30": -172, "2015-03-31": "-102.00000", "2014-12-31": -248, "2014-09-30": 0, "2014-06-30": 0, "2014-03-31": "-8.00000", "2013-12-31": 0, "2013-09-30": -167, "2013-06-30": -173, "2013-03-31": "", "2012-12-31": 45, "2012-09-30": 0, "2012-06-30": -45, "2012-03-31": "875.00000", "2011-12-31": 0, "2011-09-30": 0, "2011-06-30": 0, "2011-03-31": "", "2010-12-31": 0, "2010-09-30": 0, "2010-06-30": 0, "2010-03-31": "", "2009-12-31": -13, "2009-09-30": 4, "2009-06-30": 1773, "2009-03-31": "5.00000", "2008-12-31": 3, "2008-09-30": 5, "2008-06-30": 16, "2008-03-31": "3.00000", "2007-12-31": -91.043, "2007-09-30": -192.364, "2007-06-30": -653.661, "2007-03-31": "-270.93200", "2006-12-31": -109.444, "2006-09-30": 8.675, "2006-06-30": -101.106, "2006-03-31": "-24.16000", "2005-12-31": -107.102, "2005-09-30": -122.187, "2005-06-30": -40.795, "2005-03-31": "-116.43100"}, "Net Total Equity Issued/Repurchased": {"2020-12-31": -346, "2020-09-30": 0, "2020-06-30": 346, "2020-03-31": "", "2019-12-31": -132, "2019-09-30": -589, "2019-06-30": 300, "2019-03-31": "-190.00000", "2018-12-31": -370, "2018-09-30": -1282, "2018-06-30": -235, "2018-03-31": "-235.00000", "2017-12-31": -500, "2017-09-30": -500, "2017-06-30": -125, "2017-03-31": "-150.00000", "2016-12-31": -270, "2016-09-30": -215, "2016-06-30": -179, "2016-03-31": "-175.00000", "2015-12-31": -79, "2015-09-30": -270, "2015-06-30": -172, "2015-03-31": "-102.00000", "2014-12-31": -248, "2014-09-30": 0, "2014-06-30": 486, "2014-03-31": "-8.00000", "2013-12-31": 0, "2013-09-30": -167, "2013-06-30": -173, "2013-03-31": "", "2012-12-31": 486, "2012-09-30": 0, "2012-06-30": -3545, "2012-03-31": "875.00000", "2011-12-31": 0, "2011-09-30": 0, "2011-06-30": 0, "2011-03-31": "", "2010-12-31": 0, "2010-09-30": 0, "2010-06-30": 0, "2010-03-31": "", "2009-12-31": -13, "2009-09-30": 4, "2009-06-30": 2051, "2009-03-31": "5.00000", "2008-12-31": 3503, "2008-09-30": 5, "2008-06-30": 16, "2008-03-31": "3.00000", "2007-12-31": -91.043, "2007-09-30": -192.364, "2007-06-30": -653.661, "2007-03-31": "-270.93200", "2006-12-31": -109.444, "2006-09-30": 8.675, "2006-06-30": -101.106, "2006-03-31": "-24.16000", "2005-12-31": -107.102, "2005-09-30": -122.187, "2005-06-30": -40.795, "2005-03-31": "-116.43100"}, "Total Common And Preferred Stock Dividends Paid": {"2020-12-31": 521, "2020-09-30": -177, "2020-06-30": -172, "2020-03-31": "-172.00000", "2019-12-31": -174, "2019-09-30": -164, "2019-06-30": -159, "2019-03-31": "-159.00000", "2018-12-31": -164, "2018-09-30": -117, "2018-06-30": -117, "2018-03-31": "-118.00000", "2017-12-31": -16, "2017-09-30": -121, "2017-06-30": -100, "2017-03-31": "-173.00000", "2016-12-31": -97, "2016-09-30": -98, "2016-06-30": -92, "2016-03-31": "-94.00000", "2015-12-31": -94, "2015-09-30": -95, "2015-06-30": -96, "2015-03-31": "-83.00000", "2014-12-31": -83, "2014-09-30": -89, "2014-06-30": -78, "2014-03-31": "-49.00000", "2013-12-31": -49, "2013-09-30": -49, "2013-06-30": -50, "2013-03-31": "-22.00000", "2012-12-31": -17, "2012-09-30": -14, "2012-06-30": -14, "2012-03-31": "-57.00000", "2011-12-31": -56, "2011-09-30": -58, "2011-06-30": -56, "2011-03-31": "-56.00000", "2010-12-31": -56, "2010-09-30": -56, "2010-06-30": -58, "2010-03-31": "-63.00000", "2009-12-31": -65, "2009-09-30": -63, "2009-06-30": -59, "2009-03-31": "-112.00000", "2008-12-31": -70, "2008-09-30": -71, "2008-06-30": -264, "2008-03-31": "-264.00000", "2007-12-31": -263.737, "2007-09-30": -251.209, "2007-06-30": -253.585, "2007-03-31": "-267.46900", "2006-12-31": -416.151, "2006-09-30": -159.118, "2006-06-30": -159.629, "2006-03-31": "-159.90700", "2005-12-31": -155.748, "2005-09-30": -156.615, "2005-06-30": -157.748, "2005-03-31": "-158.49900"}, "Financial Activities - Other": {"2020-12-31": -20960, "2020-09-30": 1666, "2020-06-30": 16739, "2020-03-31": "2555.00000", "2019-12-31": 3171, "2019-09-30": -668, "2019-06-30": -776, "2019-03-31": "1228.00000", "2018-12-31": 1235, "2018-09-30": -2034, "2018-06-30": -1732, "2018-03-31": "97.00000", "2017-12-31": -709, "2017-09-30": -502, "2017-06-30": -1353, "2017-03-31": "389.00000", "2016-12-31": -250, "2016-09-30": 2043, "2016-06-30": -928, "2016-03-31": "-276.00000", "2015-12-31": 1225, "2015-09-30": 103, "2015-06-30": -391, "2015-03-31": "3278.00000", "2014-12-31": 70, "2014-09-30": 311, "2014-06-30": 430, "2014-03-31": "942.00000", "2013-12-31": 132, "2013-09-30": -130, "2013-06-30": -1680, "2013-03-31": "-1341.00000", "2012-12-31": 593, "2012-09-30": -217, "2012-06-30": -2039, "2012-03-31": "1511.00000", "2011-12-31": -311, "2011-09-30": -393, "2011-06-30": -38, "2011-03-31": "1755.00000", "2010-12-31": -364, "2010-09-30": -1272, "2010-06-30": -2083, "2010-03-31": "-347.00000", "2009-12-31": 3801, "2009-09-30": 155, "2009-06-30": 1191, "2009-03-31": "2354.00000", "2008-12-31": 1685, "2008-09-30": -1576, "2008-06-30": 718, "2008-03-31": "-5584.00000", "2007-12-31": 1341.011, "2007-09-30": -1609.449, "2007-06-30": -273.333, "2007-03-31": "-5873.22900", "2006-12-31": 1532.69, "2006-09-30": 772.672, "2006-06-30": 888.501, "2006-03-31": "149.51400", "2005-12-31": 913.082, "2005-09-30": -1405.786, "2005-06-30": 1283.069, "2005-03-31": "920.53600"}, "Cash Flow From Financial Activities": {"2020-12-31": -13864, "2020-09-30": 8, "2020-06-30": 8222, "2020-03-31": "5634.00000", "2019-12-31": -1737, "2019-09-30": -371, "2019-06-30": -1785, "2019-03-31": "1379.00000", "2018-12-31": 250, "2018-09-30": -282, "2018-06-30": 1265, "2018-03-31": "-906.00000", "2017-12-31": 729, "2017-09-30": -1781, "2017-06-30": -230, "2017-03-31": "-1684.00000", "2016-12-31": 1127, "2016-09-30": -1182, "2016-06-30": -89, "2016-03-31": "-1056.00000", "2015-12-31": 2061, "2015-09-30": 1641, "2015-06-30": -499, "2015-03-31": "2632.00000", "2014-12-31": -250, "2014-09-30": 300, "2014-06-30": 273, "2014-03-31": "82.00000", "2013-12-31": 492, "2013-09-30": -2471, "2013-06-30": -804, "2013-03-31": "-1107.00000", "2012-12-31": 351, "2012-09-30": -1601, "2012-06-30": -5224, "2012-03-31": "1270.00000", "2011-12-31": -2244, "2011-09-30": -1731, "2011-06-30": -1105, "2011-03-31": "-6.00000", "2010-12-31": -1270, "2010-09-30": -1720, "2010-06-30": -2149, "2010-03-31": "-4264.00000", "2009-12-31": 2531, "2009-09-30": -1967, "2009-06-30": 759, "2009-03-31": "-4682.00000", "2008-12-31": 8282, "2008-09-30": -920, "2008-06-30": 1855, "2008-03-31": "1237.00000", "2007-12-31": 2835.223, "2007-09-30": -805.584, "2007-06-30": -912.54, "2007-03-31": "-5612.09900", "2006-12-31": -2190.791, "2006-09-30": 403.127, "2006-06-30": 1129.003, "2006-03-31": "-452.19600", "2005-12-31": -257.318, "2005-09-30": -897.314, "2005-06-30": 515.918, "2005-03-31": "26.37500"}, "Net Cash Flow": {"2020-12-31": -9359, "2020-09-30": 275, "2020-06-30": 7943, "2020-03-31": "1141.00000", "2019-12-31": -953, "2019-09-30": 579, "2019-06-30": 681, "2019-03-31": "269.00000", "2018-12-31": 43, "2018-09-30": -791, "2018-06-30": 1101, "2018-03-31": "-796.00000", "2017-12-31": 220, "2017-09-30": -370, "2017-06-30": -243, "2017-03-31": "-1077.00000", "2016-12-31": 1213, "2016-09-30": 1, "2016-06-30": -153, "2016-03-31": "-924.00000", "2015-12-31": 306, "2015-09-30": 1253, "2015-06-30": -2271, "2015-03-31": "2022.00000", "2014-12-31": -779, "2014-09-30": -36, "2014-06-30": -377, "2014-03-31": "-77.00000", "2013-12-31": 1414, "2013-09-30": -421, "2013-06-30": -653, "2013-03-31": "-556.00000", "2012-12-31": 1559, "2012-09-30": 164, "2012-06-30": -3707, "2012-03-31": "228.00000", "2011-12-31": -1018, "2011-09-30": 289, "2011-06-30": 654, "2011-03-31": "401.00000", "2010-12-31": 32, "2010-09-30": -524, "2010-06-30": 540, "2010-03-31": "-1140.00000", "2009-12-31": -358, "2009-09-30": -61, "2009-06-30": 3295, "2009-03-31": "-5838.00000", "2008-12-31": 7415, "2008-09-30": -598, "2008-06-30": 195, "2008-03-31": "-784.00000", "2007-12-31": 1193.805, "2007-09-30": -390.317, "2007-06-30": -154.661, "2007-03-31": "-533.82700", "2006-12-31": 1622.724, "2006-09-30": -62.781, "2006-06-30": 104.558, "2006-03-31": "-251.52300", "2005-12-31": 417.822, "2005-09-30": -25.456, "2005-06-30": 210.264, "2005-03-31": "-71.67000"}, "Stock-Based Compensation": {"2020-12-31": 0, "2020-09-30": 0, "2020-06-30": 0, "2020-03-31": "", "2019-12-31": 0, "2019-09-30": 0, "2019-06-30": 0, "2019-03-31": "", "2018-12-31": 0, "2018-09-30": 0, "2018-06-30": 0, "2018-03-31": "", "2017-12-31": 0, "2017-09-30": 0, "2017-06-30": 0, "2017-03-31": "", "2016-12-31": 0, "2016-09-30": 0, "2016-06-30": 0, "2016-03-31": "", "2015-12-31": 0, "2015-09-30": 0, "2015-06-30": 0, "2015-03-31": "", "2014-12-31": 0, "2014-09-30": 0, "2014-06-30": 0, "2014-03-31": "", "2013-12-31": 0, "2013-09-30": 0, "2013-06-30": 0, "2013-03-31": "", "2012-12-31": 0, "2012-09-30": 0, "2012-06-30": 0, "2012-03-31": "", "2011-12-31": 0, "2011-09-30": 0, "2011-06-30": 0, "2011-03-31": "", "2010-12-31": 0, "2010-09-30": 0, "2010-06-30": 0, "2010-03-31": "", "2009-12-31": 0, "2009-09-30": 0, "2009-06-30": 0, "2009-03-31": "", "2008-12-31": 0, "2008-09-30": 0, "2008-06-30": 0, "2008-03-31": "", "2007-12-31": 0, "2007-09-30": 0, "2007-06-30": 0, "2007-03-31": "", "2006-12-31": 0, "2006-09-30": 0, "2006-06-30": 0, "2006-03-31": "", "2005-12-31": 0, "2005-09-30": 0, "2005-06-30": 0, "2005-03-31": ""}, "Common Stock Dividends Paid": {"2020-12-31": 446, "2020-09-30": -148, "2020-06-30": -149, "2020-03-31": "-149.00000", "2019-12-31": -151, "2019-09-30": -140, "2019-06-30": -143, "2019-03-31": "-143.00000", "2018-12-31": -148, "2018-09-30": -101, "2018-06-30": -101, "2018-03-31": "-102.00000", "2017-12-31": 0, "2017-09-30": -105, "2017-06-30": -84, "2017-03-31": "-157.00000", "2016-12-31": -81, "2016-09-30": -82, "2016-06-30": -76, "2016-03-31": "-78.00000", "2015-12-31": -78, "2015-09-30": -79, "2015-06-30": -80, "2015-03-31": "-67.00000", "2014-12-31": -67, "2014-09-30": -69, "2014-06-30": -70, "2014-03-31": "-41.00000", "2013-12-31": -41, "2013-09-30": -41, "2013-06-30": -42, "2013-03-31": "-14.00000", "2012-12-31": -13, "2012-09-30": -14, "2012-06-30": -14, "2012-03-31": "-13.00000", "2011-12-31": -12, "2011-09-30": -14, "2011-06-30": -12, "2011-03-31": "-13.00000", "2010-12-31": -13, "2010-09-30": -12, "2010-06-30": -12, "2010-03-31": "-12.00000", "2009-12-31": -11, "2009-09-30": -12, "2009-06-30": -12, "2009-03-31": "-70.00000", "2008-12-31": -70, "2008-09-30": -71, "2008-06-30": -264, "2008-03-31": "-264.00000", "2007-12-31": -263.737, "2007-09-30": -251.209, "2007-06-30": -253.585, "2007-03-31": "-267.46900", "2006-12-31": -416.151, "2006-09-30": -159.118, "2006-06-30": -159.629, "2006-03-31": "-159.90700", "2005-12-31": -155.748, "2005-09-30": -156.615, "2005-06-30": -157.748, "2005-03-31": "-158.49900"}}, "financial ratios": {"Current Ratio": {"2019-12-31": "", "2018-12-31": "", "2017-12-31": "", "2016-12-31": "", "2015-12-31": "", "2014-12-31": "", "2013-12-31": "", "2012-12-31": "", "2011-12-31": "", "2010-12-31": "", "2009-12-31": "", "2008-12-31": "", "2007-12-31": "", "2006-12-31": "", "2005-12-31": ""}, "Long-term Debt / Capital": {"2019-12-31": "0.32590", "2018-12-31": "0.45160", "2017-12-31": "0.33430", "2016-12-31": "0.31780", "2015-12-31": "0.33140", "2014-12-31": "0.17020", "2013-12-31": "0.23450", "2012-12-31": "0.27440", "2011-12-31": "0.32960", "2010-12-31": "0.44080", "2009-12-31": "0.50800", "2008-12-31": "0.53350", "2007-12-31": "0.36360", "2006-12-31": "0.29450", "2005-12-31": "0.39640"}, "Debt/Equity Ratio": {"2019-12-31": "0.60930", "2018-12-31": "0.92940", "2017-12-31": "0.53310", "2016-12-31": "0.46590", "2015-12-31": "0.49630", "2014-12-31": "0.33870", "2013-12-31": "0.44470", "2012-12-31": "0.47970", "2011-12-31": "0.67740", "2010-12-31": "1.02350", "2009-12-31": "1.23770", "2008-12-31": "2.08490", "2007-12-31": "1.13230", "2006-12-31": "0.88450", "2005-12-31": "1.12470"}, "Gross Margin": {"2019-12-31": "", "2018-12-31": "", "2017-12-31": "", "2016-12-31": "", "2015-12-31": "", "2014-12-31": "", "2013-12-31": "", "2012-12-31": "", "2011-12-31": "", "2010-12-31": "", "2009-12-31": "", "2008-12-31": "", "2007-12-31": "", "2006-12-31": "", "2005-12-31": ""}, "Operating Margin": {"2019-12-31": "", "2018-12-31": "", "2017-12-31": "", "2016-12-31": "", "2015-12-31": "", "2014-12-31": "", "2013-12-31": "", "2012-12-31": "", "2011-12-31": "", "2010-12-31": "", "2009-12-31": "", "2008-12-31": "", "2007-12-31": "", "2006-12-31": "", "2005-12-31": ""}, "EBIT Margin": {"2019-12-31": "", "2018-12-31": "", "2017-12-31": "", "2016-12-31": "", "2015-12-31": "", "2014-12-31": "", "2013-12-31": "", "2012-12-31": "", "2011-12-31": "", "2010-12-31": "", "2009-12-31": "", "2008-12-31": "", "2007-12-31": "", "2006-12-31": "", "2005-12-31": ""}, "EBITDA Margin": {"2019-12-31": "", "2018-12-31": "", "2017-12-31": "", "2016-12-31": "", "2015-12-31": "", "2014-12-31": "", "2013-12-31": "", "2012-12-31": "", "2011-12-31": "", "2010-12-31": "", "2009-12-31": "", "2008-12-31": "", "2007-12-31": "", "2006-12-31": "", "2005-12-31": ""}, "Pre-Tax Profit Margin": {"2019-12-31": "36.26230", "2018-12-31": "35.38460", "2017-12-31": "34.75990", "2016-12-31": "32.32950", "2015-12-31": "29.78390", "2014-12-31": "32.89010", "2013-12-31": "31.89040", "2012-12-31": "32.02240", "2011-12-31": "4.00200", "2010-12-31": "-27.99340", "2009-12-31": "-50.37740", "2008-12-31": "-122.10330", "2007-12-31": "30.43740", "2006-12-31": "38.33250", "2005-12-31": "31.58390"}, "Net Profit Margin": {"2019-12-31": "27.45710", "2018-12-31": "30.67870", "2017-12-31": "22.40700", "2016-12-31": "21.35220", "2015-12-31": "19.42770", "2014-12-31": "21.41180", "2013-12-31": "20.28350", "2012-12-31": "19.10550", "2011-12-31": "-10.66370", "2010-12-31": "-25.30680", "2009-12-31": "-50.09930", "2008-12-31": "-115.70280", "2007-12-31": "18.67440", "2006-12-31": "26.04380", "2005-12-31": "23.26060"}, "Asset Turnover": {"2019-12-31": "0.04340", "2018-12-31": "0.04400", "2017-12-31": "0.04310", "2016-12-31": "0.04090", "2015-12-31": "0.04080", "2014-12-31": "0.04280", "2013-12-31": "0.04450", "2012-12-31": "0.04270", "2011-12-31": "0.03170", "2010-12-31": "0.02280", "2009-12-31": "0.01770", "2008-12-31": "0.03320", "2007-12-31": "0.04750", "2006-12-31": "0.03620", "2005-12-31": "0.05070"}, "Inventory Turnover Ratio": {"2019-12-31": "", "2018-12-31": "", "2017-12-31": "", "2016-12-31": "", "2015-12-31": "", "2014-12-31": "", "2013-12-31": "", "2012-12-31": "", "2011-12-31": "", "2010-12-31": "", "2009-12-31": "", "2008-12-31": "", "2007-12-31": "", "2006-12-31": "", "2005-12-31": ""}, "Receiveable Turnover": {"2019-12-31": "", "2018-12-31": "", "2017-12-31": "", "2016-12-31": "", "2015-12-31": "", "2014-12-31": "", "2013-12-31": "", "2012-12-31": "", "2011-12-31": "", "2010-12-31": "", "2009-12-31": "", "2008-12-31": "", "2007-12-31": "", "2006-12-31": "", "2005-12-31": ""}, "Days Sales In Receivables": {"2019-12-31": "", "2018-12-31": "", "2017-12-31": "", "2016-12-31": "", "2015-12-31": "", "2014-12-31": "", "2013-12-31": "", "2012-12-31": "", "2011-12-31": "", "2010-12-31": "", "2009-12-31": "", "2008-12-31": "", "2007-12-31": "", "2006-12-31": "", "2005-12-31": ""}, "ROE - Return On Equity": {"2019-12-31": "10.55720", "2018-12-31": "10.98810", "2017-12-31": "8.07310", "2016-12-31": "7.28350", "2015-12-31": "6.70870", "2014-12-31": "7.09240", "2013-12-31": "7.20720", "2012-12-31": "7.85110", "2011-12-31": "1.44500", "2010-12-31": "-3.50460", "2009-12-31": "-7.52150", "2008-12-31": "-41.35200", "2007-12-31": "7.02720", "2006-12-31": "6.63010", "2005-12-31": "9.06990"}, "Return On Tangible Equity": {"2019-12-31": "14.38180", "2018-12-31": "16.11840", "2017-12-31": "11.51740", "2016-12-31": "10.28980", "2015-12-31": "9.38450", "2014-12-31": "9.83950", "2013-12-31": "10.65640", "2012-12-31": "11.61920", "2011-12-31": "1.71010", "2010-12-31": "-4.44820", "2009-12-31": "-9.27940", "2008-12-31": "-53.36330", "2007-12-31": "19.21320", "2006-12-31": "16.75220", "2005-12-31": "19.80530"}, "ROA - Return On Assets": {"2019-12-31": "1.25320", "2018-12-31": "1.24750", "2017-12-31": "0.99840", "2016-12-31": "0.91610", "2015-12-31": "0.85280", "2014-12-31": "0.94850", "2013-12-31": "0.94040", "2012-12-31": "0.97160", "2011-12-31": "0.14880", "2010-12-31": "-0.35360", "2009-12-31": "-0.75460", "2008-12-31": "-3.81890", "2007-12-31": "0.98770", "2006-12-31": "0.95730", "2005-12-31": "1.13550"}, "ROI - Return On Investment": {"2019-12-31": "6.54420", "2018-12-31": "5.69890", "2017-12-31": "5.10200", "2016-12-31": "4.72430", "2015-12-31": "4.26710", "2014-12-31": "5.57660", "2013-12-31": "5.35970", "2012-12-31": "5.51970", "2011-12-31": "0.76800", "2010-12-31": "-1.56400", "2009-12-31": "-2.95500", "2008-12-31": "-15.49500", "2007-12-31": "4.47220", "2006-12-31": "4.67730", "2005-12-31": "5.47430"}, "Book Value Per Share": {"2019-12-31": "17.02280", "2018-12-31": "14.72450", "2017-12-31": "14.27780", "2016-12-31": "13.72000", "2015-12-31": "12.98360", "2014-12-31": "12.46210", "2013-12-31": "11.44500", "2012-12-31": "10.96620", "2011-12-31": "13.10680", "2010-12-31": "13.32080", "2009-12-31": "14.99320", "2008-12-31": "24.31850", "2007-12-31": "28.57840", "2006-12-31": "28.35520", "2005-12-31": "23.25920"}, "Operating Cash Flow Per Share": {"2019-12-31": 0.5192, "2018-12-31": 0.147, "2017-12-31": 0.302, "2016-12-31": 0.4167, "2015-12-31": -0.3204, "2014-12-31": -1.1369, "2013-12-31": 0.8961, "2012-12-31": -2.0183, "2011-12-31": 0.3332, "2010-12-31": 1.3853, "2009-12-31": -0.8281, "2008-12-31": -1.7223, "2007-12-31": -0.823, "2006-12-31": 1.3226, "2005-12-31": 4.1105}, "Free Cash Flow Per Share": {"2019-12-31": 0.478, "2018-12-31": 0.1352, "2017-12-31": 0.1768, "2016-12-31": 0.6934, "2015-12-31": -0.4226, "2014-12-31": -1.1795, "2013-12-31": 0.894, "2012-12-31": -1.9883, "2011-12-31": 0.3291, "2010-12-31": 1.4662, "2009-12-31": -0.397, "2008-12-31": -1.7533, "2007-12-31": -1.273, "2006-12-31": 1.4396, "2005-12-31": 3.8068}}, "financial ratios, quarterly": {"Current Ratio": {"2020-09-30": "", "2020-06-30": "", "2020-03-31": "", "2019-12-31": "", "2019-09-30": "", "2019-06-30": "", "2019-03-31": "", "2018-12-31": "", "2018-09-30": "", "2018-06-30": "", "2018-03-31": "", "2017-12-31": "", "2017-09-30": "", "2017-06-30": "", "2017-03-31": "", "2016-12-31": "", "2016-09-30": "", "2016-06-30": "", "2016-03-31": "", "2015-12-31": "", "2015-09-30": "", "2015-06-30": "", "2015-03-31": "", "2014-12-31": "", "2014-09-30": "", "2014-06-30": "", "2014-03-31": "", "2013-12-31": "", "2013-09-30": "", "2013-06-30": "", "2013-03-31": "", "2012-12-31": "", "2012-09-30": "", "2012-06-30": "", "2012-03-31": "", "2011-12-31": "", "2011-09-30": "", "2011-06-30": "", "2011-03-31": "", "2010-12-31": "", "2010-09-30": "", "2010-06-30": "", "2010-03-31": "", "2009-12-31": "", "2009-09-30": "", "2009-06-30": "", "2009-03-31": "", "2008-12-31": "", "2008-09-30": "", "2008-06-30": "", "2008-03-31": "", "2007-12-31": "", "2007-09-30": "", "2007-06-30": "", "2007-03-31": "", "2006-12-31": "", "2006-09-30": "", "2006-06-30": "", "2006-03-31": "", "2005-12-31": "", "2005-09-30": "", "2005-06-30": "", "2005-03-31": ""}, "Long-term Debt / Capital": {"2020-09-30": "0.21550", "2020-06-30": "0.26660", "2020-03-31": "0.36830", "2019-12-31": "0.32590", "2019-09-30": "0.35510", "2019-06-30": "0.35680", "2019-03-31": "0.45500", "2018-12-31": "0.45160", "2018-09-30": "0.43080", "2018-06-30": "0.38530", "2018-03-31": "0.33380", "2017-12-31": "0.33430", "2017-09-30": "0.26850", "2017-06-30": "0.28590", "2017-03-31": "0.26440", "2016-12-31": "0.31780", "2016-09-30": "0.25850", "2016-06-30": "0.34030", "2016-03-31": "0.31330", "2015-12-31": "0.33140", "2015-09-30": "0.30280", "2015-06-30": "0.17570", "2015-03-31": "0.15830", "2014-12-31": "0.17020", "2014-09-30": "0.18180", "2014-06-30": "0.18340", "2014-03-31": "0.20760", "2013-12-31": "0.23450", "2013-09-30": "0.23800", "2013-06-30": "0.24060", "2013-03-31": "0.27090", "2012-12-31": "0.27440", "2012-09-30": "0.29460", "2012-06-30": "0.30120", "2012-03-31": "0.29100", "2011-12-31": "0.32960", "2011-09-30": "0.37000", "2011-06-30": "0.40810", "2011-03-31": "0.42330", "2010-12-31": "0.44080", "2010-09-30": "0.45510", "2010-06-30": "0.46890", "2010-03-31": "0.47070", "2009-12-31": "0.50800", "2009-09-30": "0.49450", "2009-06-30": "0.49330", "2009-03-31": "0.52730", "2008-12-31": "0.53350", "2008-09-30": "0.41830", "2008-06-30": "0.40330", "2008-03-31": "0.38160", "2007-12-31": "0.36360", "2007-09-30": "0.35280", "2007-06-30": "0.32040", "2007-03-31": "0.29730", "2006-12-31": "0.29450", "2006-09-30": "0.33210", "2006-06-30": "0.37040", "2006-03-31": "0.38320", "2005-12-31": "0.39640", "2005-09-30": "0.40370", "2005-06-30": "0.40410", "2005-03-31": "0.40190"}, "Debt/Equity Ratio": {"2020-09-30": "0.27470", "2020-06-30": "0.36350", "2020-03-31": "0.76480", "2019-12-31": "0.60930", "2019-09-30": "0.87620", "2019-06-30": "0.81060", "2019-03-31": "0.93780", "2018-12-31": "0.92940", "2018-09-30": "0.97680", "2018-06-30": "0.71560", "2018-03-31": "0.50100", "2017-12-31": "0.53310", "2017-09-30": "0.40320", "2017-06-30": "0.43600", "2017-03-31": "0.35940", "2016-12-31": "0.46590", "2016-09-30": "0.34860", "2016-06-30": "0.51600", "2016-03-31": "0.45620", "2015-12-31": "0.49630", "2015-09-30": "0.43440", "2015-06-30": "0.32240", "2015-03-31": "0.31040", "2014-12-31": "0.33870", "2014-09-30": "0.33250", "2014-06-30": "0.33130", "2014-03-31": "0.38480", "2013-12-31": "0.44470", "2013-09-30": "0.42680", "2013-06-30": "0.56970", "2013-03-31": "0.48770", "2012-12-31": "0.47970", "2012-09-30": "0.54760", "2012-06-30": "0.65970", "2012-03-31": "0.57630", "2011-12-31": "0.67740", "2011-09-30": "0.75790", "2011-06-30": "0.85080", "2011-03-31": "0.92540", "2010-12-31": "1.02350", "2010-09-30": "1.04850", "2010-06-30": "1.05250", "2010-03-31": "1.04130", "2009-12-31": "1.23770", "2009-09-30": "1.26430", "2009-06-30": "1.35720", "2009-03-31": "1.67180", "2008-12-31": "2.08490", "2008-09-30": "1.60920", "2008-06-30": "1.56830", "2008-03-31": "1.47460", "2007-12-31": "1.13230", "2007-09-30": "1.03840", "2007-06-30": "0.98380", "2007-03-31": "0.94070", "2006-12-31": "0.88450", "2006-09-30": "1.06880", "2006-06-30": "1.12370", "2006-03-31": "1.08080", "2005-12-31": "1.12470", "2005-09-30": "1.20870", "2005-06-30": "1.12440", "2005-03-31": "1.18810"}, "Gross Margin": {"2020-09-30": "", "2020-06-30": "", "2020-03-31": "", "2019-12-31": "", "2019-09-30": "", "2019-06-30": "", "2019-03-31": "", "2018-12-31": "", "2018-09-30": "", "2018-06-30": "", "2018-03-31": "", "2017-12-31": "", "2017-09-30": "", "2017-06-30": "", "2017-03-31": "", "2016-12-31": "", "2016-09-30": "", "2016-06-30": "", "2016-03-31": "", "2015-12-31": "", "2015-09-30": "", "2015-06-30": "", "2015-03-31": "", "2014-12-31": "", "2014-09-30": "", "2014-06-30": "", "2014-03-31": "", "2013-12-31": "", "2013-09-30": "", "2013-06-30": "", "2013-03-31": "", "2012-12-31": "", "2012-09-30": "", "2012-06-30": "", "2012-03-31": "", "2011-12-31": "", "2011-09-30": "", "2011-06-30": "", "2011-03-31": "", "2010-12-31": "", "2010-09-30": "", "2010-06-30": "", "2010-03-31": "", "2009-12-31": "", "2009-09-30": "", "2009-06-30": "", "2009-03-31": "", "2008-12-31": "", "2008-09-30": "", "2008-06-30": "", "2008-03-31": "", "2007-12-31": "", "2007-09-30": "", "2007-06-30": "", "2007-03-31": "", "2006-12-31": "", "2006-09-30": "", "2006-06-30": "", "2006-03-31": "", "2005-12-31": "", "2005-09-30": "", "2005-06-30": "", "2005-03-31": ""}, "Operating Margin": {"2020-09-30": "", "2020-06-30": "", "2020-03-31": "", "2019-12-31": "", "2019-09-30": "", "2019-06-30": "", "2019-03-31": "", "2018-12-31": "", "2018-09-30": "", "2018-06-30": "", "2018-03-31": "", "2017-12-31": "", "2017-09-30": "", "2017-06-30": "", "2017-03-31": "", "2016-12-31": "", "2016-09-30": "", "2016-06-30": "", "2016-03-31": "", "2015-12-31": "", "2015-09-30": "", "2015-06-30": "", "2015-03-31": "", "2014-12-31": "", "2014-09-30": "", "2014-06-30": "", "2014-03-31": "", "2013-12-31": "", "2013-09-30": "", "2013-06-30": "", "2013-03-31": "", "2012-12-31": "", "2012-09-30": "", "2012-06-30": "", "2012-03-31": "", "2011-12-31": "", "2011-09-30": "", "2011-06-30": "", "2011-03-31": "", "2010-12-31": "", "2010-09-30": "", "2010-06-30": "", "2010-03-31": "", "2009-12-31": "", "2009-09-30": "", "2009-06-30": "", "2009-03-31": "", "2008-12-31": "", "2008-09-30": "", "2008-06-30": "", "2008-03-31": "", "2007-12-31": "", "2007-09-30": "", "2007-06-30": "", "2007-03-31": "", "2006-12-31": "", "2006-09-30": "", "2006-06-30": "", "2006-03-31": "", "2005-12-31": "", "2005-09-30": "", "2005-06-30": "", "2005-03-31": ""}, "EBIT Margin": {"2020-09-30": "", "2020-06-30": "", "2020-03-31": "", "2019-12-31": "", "2019-09-30": "", "2019-06-30": "", "2019-03-31": "", "2018-12-31": "", "2018-09-30": "", "2018-06-30": "", "2018-03-31": "", "2017-12-31": "", "2017-09-30": "", "2017-06-30": "", "2017-03-31": "", "2016-12-31": "", "2016-09-30": "", "2016-06-30": "", "2016-03-31": "", "2015-12-31": "", "2015-09-30": "", "2015-06-30": "", "2015-03-31": "", "2014-12-31": "", "2014-09-30": "", "2014-06-30": "", "2014-03-31": "", "2013-12-31": "", "2013-09-30": "", "2013-06-30": "", "2013-03-31": "", "2012-12-31": "", "2012-09-30": "", "2012-06-30": "", "2012-03-31": "", "2011-12-31": "", "2011-09-30": "", "2011-06-30": "", "2011-03-31": "", "2010-12-31": "", "2010-09-30": "", "2010-06-30": "", "2010-03-31": "", "2009-12-31": "", "2009-09-30": "", "2009-06-30": "", "2009-03-31": "", "2008-12-31": "", "2008-09-30": "", "2008-06-30": "", "2008-03-31": "", "2007-12-31": "", "2007-09-30": "", "2007-06-30": "", "2007-03-31": "", "2006-12-31": "", "2006-09-30": "", "2006-06-30": "", "2006-03-31": "", "2005-12-31": "", "2005-09-30": "", "2005-06-30": "", "2005-03-31": ""}, "EBITDA Margin": {"2020-09-30": "", "2020-06-30": "", "2020-03-31": "", "2019-12-31": "", "2019-09-30": "", "2019-06-30": "", "2019-03-31": "", "2018-12-31": "", "2018-09-30": "", "2018-06-30": "", "2018-03-31": "", "2017-12-31": "", "2017-09-30": "", "2017-06-30": "", "2017-03-31": "", "2016-12-31": "", "2016-09-30": "", "2016-06-30": "", "2016-03-31": "", "2015-12-31": "", "2015-09-30": "", "2015-06-30": "", "2015-03-31": "", "2014-12-31": "", "2014-09-30": "", "2014-06-30": "", "2014-03-31": "", "2013-12-31": "", "2013-09-30": "", "2013-06-30": "", "2013-03-31": "", "2012-12-31": "", "2012-09-30": "", "2012-06-30": "", "2012-03-31": "", "2011-12-31": "", "2011-09-30": "", "2011-06-30": "", "2011-03-31": "", "2010-12-31": "", "2010-09-30": "", "2010-06-30": "", "2010-03-31": "", "2009-12-31": "", "2009-09-30": "", "2009-06-30": "", "2009-03-31": "", "2008-12-31": "", "2008-09-30": "", "2008-06-30": "", "2008-03-31": "", "2007-12-31": "", "2007-09-30": "", "2007-06-30": "", "2007-03-31": "", "2006-12-31": "", "2006-09-30": "", "2006-06-30": "", "2006-03-31": "", "2005-12-31": "", "2005-09-30": "", "2005-06-30": "", "2005-03-31": ""}, "Pre-Tax Profit Margin": {"2020-09-30": "41.43790", "2020-06-30": "-39.36650", "2020-03-31": "19.61540", "2019-12-31": "35.18790", "2019-09-30": "37.20260", "2019-06-30": "35.93750", "2019-03-31": "36.71820", "2018-12-31": "36.53270", "2018-09-30": "33.04290", "2018-06-30": "33.88970", "2018-03-31": "38.00840", "2017-12-31": "37.02940", "2017-09-30": "34.53570", "2017-06-30": "33.91240", "2017-03-31": "33.25420", "2016-12-31": "35.44300", "2016-09-30": "33.52310", "2016-06-30": "29.72350", "2016-03-31": "30.75700", "2015-12-31": "31.85010", "2015-09-30": "29.69360", "2015-06-30": "30.66070", "2015-03-31": "26.77990", "2014-12-31": "24.65010", "2014-09-30": "36.16690", "2014-06-30": "35.07520", "2014-03-31": "35.71990", "2013-12-31": "30.28740", "2013-09-30": "32.05230", "2013-06-30": "30.61230", "2013-03-31": "34.67800", "2012-12-31": "31.51100", "2012-09-30": "34.01670", "2012-06-30": "36.16380", "2012-03-31": "26.01300", "2011-12-31": "-5.93780", "2011-09-30": "15.67460", "2011-06-30": "4.49550", "2011-03-31": "2.20360", "2010-12-31": "56.65640", "2010-09-30": "-35.54780", "2010-06-30": "-37.98130", "2010-03-31": "-40.89350", "2009-12-31": "139.34680", "2009-09-30": "-109.96620", "2009-06-30": "-10.10730", "2009-03-31": "27.03450", "2008-12-31": "-1427.94100", "2008-09-30": "7.84310", "2008-06-30": "19.30690", "2008-03-31": "28.36680", "2007-12-31": "5.00950", "2007-09-30": "33.36570", "2007-06-30": "39.28520", "2007-03-31": "39.03260", "2006-12-31": "33.37790", "2006-09-30": "42.77320", "2006-06-30": "41.51870", "2006-03-31": "37.46140", "2005-12-31": "30.93530", "2005-09-30": "32.94430", "2005-06-30": "30.31480", "2005-03-31": "32.13510"}, "Net Profit Margin": {"2020-09-30": "32.74510", "2020-06-30": "-35.74660", "2020-03-31": "13.36540", "2019-12-31": "26.44510", "2019-09-30": "27.75780", "2019-06-30": "27.82740", "2019-03-31": "27.81460", "2018-12-31": "29.01790", "2018-09-30": "39.79670", "2018-06-30": "26.05230", "2018-03-31": "27.91020", "2017-12-31": "21.83440", "2017-09-30": "22.64010", "2017-06-30": "22.65860", "2017-03-31": "22.56530", "2016-12-31": "23.54430", "2016-09-30": "21.63700", "2016-06-30": "19.89250", "2016-03-31": "20.47810", "2015-12-31": "20.99920", "2015-09-30": "19.01020", "2015-06-30": "19.97030", "2015-03-31": "17.63750", "2014-12-31": "15.55210", "2014-09-30": "23.18390", "2014-06-30": "22.80290", "2014-03-31": "24.15420", "2013-12-31": "13.85410", "2013-09-30": "21.90620", "2013-06-30": "20.32970", "2013-03-31": "25.36850", "2012-12-31": "19.81780", "2012-09-30": "22.85500", "2012-06-30": "21.53150", "2012-03-31": "11.75040", "2011-12-31": "-56.73890", "2011-09-30": "10.01980", "2011-06-30": "5.49450", "2011-03-31": "1.78380", "2010-12-31": "11.14550", "2010-09-30": "-24.35900", "2010-06-30": "-34.85950", "2010-03-31": "-29.20960", "2009-12-31": "94.24570", "2009-09-30": "-73.81760", "2009-06-30": "-21.82470", "2009-03-31": "1.79310", "2008-12-31": "-1311.76500", "2008-09-30": "6.45420", "2008-06-30": "14.56860", "2008-03-31": "19.31230", "2007-12-31": "4.97160", "2007-09-30": "22.93080", "2007-06-30": "26.02030", "2007-03-31": "18.30620", "2006-12-31": "22.07410", "2006-09-30": "29.23540", "2006-06-30": "29.03260", "2006-03-31": "25.27930", "2005-12-31": "26.98900", "2005-09-30": "23.21280", "2005-06-30": "21.16080", "2005-03-31": "22.34350"}, "Asset Turnover": {"2020-09-30": "0.01050", "2020-06-30": "0.00460", "2020-03-31": "0.00780", "2019-12-31": "0.01100", "2019-09-30": "0.01080", "2019-06-30": "0.01050", "2019-03-31": "0.01060", "2018-12-31": "0.01070", "2018-09-30": "0.01110", "2018-06-30": "0.01110", "2018-03-31": "0.01160", "2017-12-31": "0.01180", "2017-09-30": "0.01060", "2017-06-30": "0.01060", "2017-03-31": "0.01010", "2016-12-31": "0.00940", "2016-09-30": "0.01120", "2016-06-30": "0.01030", "2016-03-31": "0.01000", "2015-12-31": "0.01020", "2015-09-30": "0.01020", "2015-06-30": "0.01110", "2015-03-31": "0.01010", "2014-12-31": "0.01080", "2014-09-30": "0.01090", "2014-06-30": "0.01060", "2014-03-31": "0.01080", "2013-12-31": "0.01160", "2013-09-30": "0.01110", "2013-06-30": "0.01070", "2013-03-31": "0.01080", "2012-12-31": "0.01090", "2012-09-30": "0.01080", "2012-06-30": "0.01080", "2012-03-31": "0.00960", "2011-12-31": "0.00840", "2011-09-30": "0.00780", "2011-06-30": "0.00760", "2011-03-31": "0.00720", "2010-12-31": "0.00240", "2010-09-30": "0.00640", "2010-06-30": "0.00710", "2010-03-31": "0.00640", "2009-12-31": "-0.00450", "2009-09-30": "0.00420", "2009-06-30": "0.00780", "2009-03-31": "0.01020", "2008-12-31": "0.00330", "2008-09-30": "0.00850", "2008-06-30": "0.00980", "2008-03-31": "0.01210", "2007-12-31": "0.01010", "2007-09-30": "0.01240", "2007-06-30": "0.01270", "2007-03-31": "0.01320", "2006-12-31": "0.01140", "2006-09-30": "0.01380", "2006-06-30": "0.01380", "2006-03-31": "0.01380", "2005-12-31": "0.01110", "2005-09-30": "0.01310", "2005-06-30": "0.01380", "2005-03-31": "0.01280"}, "Inventory Turnover Ratio": {"2020-09-30": "", "2020-06-30": "", "2020-03-31": "", "2019-12-31": "", "2019-09-30": "", "2019-06-30": "", "2019-03-31": "", "2018-12-31": "", "2018-09-30": "", "2018-06-30": "", "2018-03-31": "", "2017-12-31": "", "2017-09-30": "", "2017-06-30": "", "2017-03-31": "", "2016-12-31": "", "2016-09-30": "", "2016-06-30": "", "2016-03-31": "", "2015-12-31": "", "2015-09-30": "", "2015-06-30": "", "2015-03-31": "", "2014-12-31": "", "2014-09-30": "", "2014-06-30": "", "2014-03-31": "", "2013-12-31": "", "2013-09-30": "", "2013-06-30": "", "2013-03-31": "", "2012-12-31": "", "2012-09-30": "", "2012-06-30": "", "2012-03-31": "", "2011-12-31": "", "2011-09-30": "", "2011-06-30": "", "2011-03-31": "", "2010-12-31": "", "2010-09-30": "", "2010-06-30": "", "2010-03-31": "", "2009-12-31": "", "2009-09-30": "", "2009-06-30": "", "2009-03-31": "", "2008-12-31": "", "2008-09-30": "", "2008-06-30": "", "2008-03-31": "", "2007-12-31": "", "2007-09-30": "", "2007-06-30": "", "2007-03-31": "", "2006-12-31": "", "2006-09-30": "", "2006-06-30": "", "2006-03-31": "", "2005-12-31": "", "2005-09-30": "", "2005-06-30": "", "2005-03-31": ""}, "Receiveable Turnover": {"2020-09-30": "", "2020-06-30": "", "2020-03-31": "", "2019-12-31": "", "2019-09-30": "", "2019-06-30": "", "2019-03-31": "", "2018-12-31": "", "2018-09-30": "", "2018-06-30": "", "2018-03-31": "", "2017-12-31": "", "2017-09-30": "", "2017-06-30": "", "2017-03-31": "", "2016-12-31": "", "2016-09-30": "", "2016-06-30": "", "2016-03-31": "", "2015-12-31": "", "2015-09-30": "", "2015-06-30": "", "2015-03-31": "", "2014-12-31": "", "2014-09-30": "", "2014-06-30": "", "2014-03-31": "", "2013-12-31": "", "2013-09-30": "", "2013-06-30": "", "2013-03-31": "", "2012-12-31": "", "2012-09-30": "", "2012-06-30": "", "2012-03-31": "", "2011-12-31": "", "2011-09-30": "", "2011-06-30": "", "2011-03-31": "", "2010-12-31": "", "2010-09-30": "", "2010-06-30": "", "2010-03-31": "", "2009-12-31": "", "2009-09-30": "", "2009-06-30": "", "2009-03-31": "", "2008-12-31": "", "2008-09-30": "", "2008-06-30": "", "2008-03-31": "", "2007-12-31": "", "2007-09-30": "", "2007-06-30": "", "2007-03-31": "", "2006-12-31": "", "2006-09-30": "", "2006-06-30": "", "2006-03-31": "", "2005-12-31": "", "2005-09-30": "", "2005-06-30": "", "2005-03-31": ""}, "Days Sales In Receivables": {"2020-09-30": "", "2020-06-30": "", "2020-03-31": "", "2019-12-31": "", "2019-09-30": "", "2019-06-30": "", "2019-03-31": "", "2018-12-31": "", "2018-09-30": "", "2018-06-30": "", "2018-03-31": "", "2017-12-31": "", "2017-09-30": "", "2017-06-30": "", "2017-03-31": "", "2016-12-31": "", "2016-09-30": "", "2016-06-30": "", "2016-03-31": "", "2015-12-31": "", "2015-09-30": "", "2015-06-30": "", "2015-03-31": "", "2014-12-31": "", "2014-09-30": "", "2014-06-30": "", "2014-03-31": "", "2013-12-31": "", "2013-09-30": "", "2013-06-30": "", "2013-03-31": "", "2012-12-31": "", "2012-09-30": "", "2012-06-30": "", "2012-03-31": "", "2011-12-31": "", "2011-09-30": "", "2011-06-30": "", "2011-03-31": "", "2010-12-31": "", "2010-09-30": "", "2010-06-30": "", "2010-03-31": "", "2009-12-31": "", "2009-09-30": "", "2009-06-30": "", "2009-03-31": "", "2008-12-31": "", "2008-09-30": "", "2008-06-30": "", "2008-03-31": "", "2007-12-31": "", "2007-09-30": "", "2007-06-30": "", "2007-03-31": "", "2006-12-31": "", "2006-09-30": "", "2006-06-30": "", "2006-03-31": "", "2005-12-31": "", "2005-09-30": "", "2005-06-30": "", "2005-03-31": ""}, "ROE - Return On Equity": {"2020-09-30": "3.26190", "2020-06-30": "-1.33980", "2020-03-31": "1.01110", "2019-12-31": "2.59590", "2019-09-30": "2.67830", "2019-06-30": "2.54940", "2019-03-31": "2.67970", "2018-12-31": "2.84510", "2018-09-30": "2.65230", "2018-06-30": "2.52720", "2018-03-31": "2.75160", "2017-12-31": "2.08170", "2017-09-30": "1.97420", "2017-06-30": "1.96600", "2017-03-31": "1.84250", "2016-12-31": "1.83030", "2016-09-30": "1.92810", "2016-06-30": "1.64200", "2016-03-31": "1.66550", "2015-12-31": "1.79730", "2015-09-30": "1.62570", "2015-06-30": "1.80100", "2015-03-31": "1.45830", "2014-12-31": "1.36970", "2014-09-30": "1.94960", "2014-06-30": "1.83130", "2014-03-31": "1.93120", "2013-12-31": "1.37090", "2013-09-30": "1.94930", "2013-06-30": "1.80310", "2013-03-31": "2.18130", "2012-12-31": "1.84460", "2012-09-30": "2.09380", "2012-06-30": "2.42820", "2012-03-31": "1.69440", "2011-12-31": "-0.61930", "2011-09-30": "1.01780", "2011-06-30": "0.58570", "2011-03-31": "0.37790", "2010-12-31": "1.19810", "2010-09-30": "-1.12380", "2010-06-30": "-1.96410", "2010-03-31": "-1.39720", "2009-12-31": "-4.10390", "2009-09-30": "-2.53360", "2009-06-30": "-1.24220", "2009-03-31": "0.57030", "2008-12-31": "-46.03880", "2008-09-30": "0.45670", "2008-06-30": "1.04530", "2008-03-31": "1.68310", "2007-12-31": "0.35790", "2007-09-30": "1.98650", "2007-06-30": "2.30360", "2007-03-31": "2.33370", "2006-12-31": "1.79700", "2006-09-30": "3.24120", "2006-06-30": "3.21040", "2006-03-31": "2.80710", "2005-12-31": "2.03650", "2005-09-30": "2.41010", "2005-06-30": "2.31170", "2005-03-31": "2.27000"}, "Return On Tangible Equity": {"2020-09-30": "4.30160", "2020-06-30": "-1.77610", "2020-03-31": "1.33500", "2019-12-31": "3.53640", "2019-09-30": "3.61370", "2019-06-30": "3.43890", "2019-03-31": "3.86270", "2018-12-31": "4.17350", "2018-09-30": "3.93070", "2018-06-30": "3.65040", "2018-03-31": "3.96590", "2017-12-31": "2.96980", "2017-09-30": "2.78620", "2017-06-30": "2.76100", "2017-03-31": "2.59680", "2016-12-31": "2.58580", "2016-09-30": "2.65460", "2016-06-30": "2.25780", "2016-03-31": "2.30420", "2015-12-31": "2.51420", "2015-09-30": "2.25530", "2015-06-30": "2.50280", "2015-03-31": "2.01300", "2014-12-31": "1.90020", "2014-09-30": "2.69100", "2014-06-30": "2.53090", "2014-03-31": "2.82280", "2013-12-31": "2.02700", "2013-09-30": "2.90530", "2013-06-30": "2.70190", "2013-03-31": "3.21520", "2012-12-31": "2.72990", "2012-09-30": "3.26910", "2012-06-30": "3.87030", "2012-03-31": "1.97540", "2011-12-31": "-0.73290", "2011-09-30": "1.27690", "2011-06-30": "0.74260", "2011-03-31": "0.47990", "2010-12-31": "1.52080", "2010-09-30": "-1.41110", "2010-06-30": "-2.46460", "2010-03-31": "-1.72890", "2009-12-31": "-5.06310", "2009-09-30": "-3.09420", "2009-06-30": "-1.51480", "2009-03-31": "0.73320", "2008-12-31": "-59.41140", "2008-09-30": "1.24340", "2008-06-30": "2.85600", "2008-03-31": "4.49510", "2007-12-31": "0.97860", "2007-09-30": "5.46660", "2007-06-30": "6.26420", "2007-03-31": "6.04620", "2006-12-31": "4.54030", "2006-09-30": "6.65290", "2006-06-30": "6.88790", "2006-03-31": "6.04160", "2005-12-31": "4.44690", "2005-09-30": "5.24010", "2005-06-30": "5.00250", "2005-03-31": "4.95340"}, "ROA - Return On Assets": {"2020-09-30": "0.36510", "2020-06-30": "-0.14850", "2020-03-31": "0.12130", "2019-12-31": "0.30810", "2019-09-30": "0.31920", "2019-06-30": "0.30580", "2019-03-31": "0.30590", "2018-12-31": "0.32300", "2018-09-30": "0.29700", "2018-06-30": "0.30350", "2018-03-31": "0.33680", "2017-12-31": "0.25750", "2017-09-30": "0.25310", "2017-06-30": "0.25350", "2017-03-31": "0.23530", "2016-12-31": "0.23020", "2016-09-30": "0.25480", "2016-06-30": "0.21550", "2016-03-31": "0.21750", "2015-12-31": "0.22850", "2015-09-30": "0.21000", "2015-06-30": "0.23720", "2015-03-31": "0.19270", "2014-12-31": "0.18320", "2014-09-30": "0.26590", "2014-06-30": "0.24850", "2014-03-31": "0.25690", "2013-12-31": "0.17890", "2013-09-30": "0.25070", "2013-06-30": "0.22580", "2013-03-31": "0.27820", "2012-12-31": "0.22830", "2012-09-30": "0.25620", "2012-06-30": "0.28690", "2012-03-31": "0.18630", "2011-12-31": "-0.06380", "2011-09-30": "0.10870", "2011-06-30": "0.06030", "2011-03-31": "0.03790", "2010-12-31": "0.12090", "2010-09-30": "-0.11610", "2010-06-30": "-0.20470", "2010-03-31": "-0.14280", "2009-12-31": "-0.41180", "2009-09-30": "-0.26930", "2009-06-30": "-0.13160", "2009-03-31": "0.05420", "2008-12-31": "-4.25170", "2008-09-30": "0.06240", "2008-06-30": "0.14260", "2008-03-31": "0.23360", "2007-12-31": "0.05030", "2007-09-30": "0.28520", "2007-06-30": "0.32970", "2007-03-31": "0.34340", "2006-12-31": "0.25950", "2006-09-30": "0.41150", "2006-06-30": "0.39910", "2006-03-31": "0.35360", "2005-12-31": "0.25490", "2005-09-30": "0.30330", "2005-06-30": "0.29120", "2005-03-31": "0.28670"}, "ROI - Return On Investment": {"2020-09-30": "2.32220", "2020-06-30": "-0.89030", "2020-03-31": "0.59040", "2019-12-31": "1.60920", "2019-09-30": "1.59090", "2019-06-30": "1.51040", "2019-03-31": "1.38340", "2018-12-31": "1.47560", "2018-09-30": "1.42590", "2018-06-30": "1.47270", "2018-03-31": "1.73840", "2017-12-31": "1.31560", "2017-09-30": "1.37290", "2017-06-30": "1.33570", "2017-03-31": "1.28890", "2016-12-31": "1.18720", "2016-09-30": "1.36210", "2016-06-30": "1.03210", "2016-03-31": "1.08930", "2015-12-31": "1.14320", "2015-09-30": "1.07750", "2015-06-30": "1.40970", "2015-03-31": "1.16490", "2014-12-31": "1.07700", "2014-09-30": "1.51150", "2014-06-30": "1.41470", "2014-03-31": "1.48840", "2013-12-31": "1.01950", "2013-09-30": "1.44140", "2013-06-30": "1.32770", "2013-03-31": "1.54260", "2012-12-31": "1.29680", "2012-09-30": "1.47690", "2012-06-30": "1.69690", "2012-03-31": "0.96640", "2011-12-31": "-0.32910", "2011-09-30": "0.51450", "2011-06-30": "0.27690", "2011-03-31": "0.17350", "2010-12-31": "0.53470", "2010-09-30": "-0.49210", "2010-06-30": "-0.84250", "2010-03-31": "-0.58820", "2009-12-31": "-1.61230", "2009-09-30": "-1.03050", "2009-06-30": "-0.50850", "2009-03-31": "0.21640", "2008-12-31": "-17.25110", "2008-09-30": "0.26570", "2008-06-30": "0.62370", "2008-03-31": "1.04080", "2007-12-31": "0.22780", "2007-09-30": "1.28570", "2007-06-30": "1.56540", "2007-03-31": "1.64000", "2006-12-31": "1.26770", "2006-09-30": "2.16490", "2006-06-30": "2.02130", "2006-03-31": "1.73130", "2005-12-31": "1.22920", "2005-09-30": "1.43710", "2005-06-30": "1.37750", "2005-03-31": "1.35760"}, "Book Value Per Share": {"2020-09-30": "18.64520", "2020-06-30": "18.36100", "2020-03-31": "18.10180", "2019-12-31": "17.02280", "2019-09-30": "17.19180", "2019-06-30": "16.54480", "2019-03-31": "15.32480", "2018-12-31": "14.72450", "2018-09-30": "13.99440", "2018-06-30": "14.15760", "2018-03-31": "14.13380", "2017-12-31": "14.27780", "2017-09-30": "14.27100", "2017-06-30": "14.08610", "2017-03-31": "13.87580", "2016-12-31": "13.72000", "2016-09-30": "14.04550", "2016-06-30": "13.80840", "2016-03-31": "13.50080", "2015-12-31": "12.98360", "2015-09-30": "12.99610", "2015-06-30": "12.70010", "2015-03-31": "12.70010", "2014-12-31": "12.46210", "2014-09-30": "12.44720", "2014-06-30": "12.35530", "2014-03-31": "11.70520", "2013-12-31": "11.44500", "2013-09-30": "11.24390", "2013-06-30": "10.98670", "2013-03-31": "11.13640", "2012-12-31": "10.96620", "2012-09-30": "10.54560", "2012-06-30": "10.22750", "2012-03-31": "12.41410", "2011-12-31": "13.10680", "2011-09-30": "13.71300", "2011-06-30": "13.41600", "2011-03-31": "13.22680", "2010-12-31": "13.32080", "2010-09-30": "13.66390", "2010-06-30": "13.90430", "2010-03-31": "14.79480", "2009-12-31": "14.99320", "2009-09-30": "15.67070", "2009-06-30": "15.76920", "2009-03-31": "24.20080", "2008-12-31": "24.31850", "2008-09-30": "28.47730", "2008-06-30": "28.36790", "2008-03-31": "28.82020", "2007-12-31": "28.57840", "2007-09-30": "28.46040", "2007-06-30": "27.96200", "2007-03-31": "28.14280", "2006-12-31": "28.35520", "2006-09-30": "24.26650", "2006-06-30": "23.56290", "2006-03-31": "23.33430", "2005-12-31": "23.25920", "2005-09-30": "23.23190", "2005-06-30": "23.27610", "2005-03-31": "22.98030"}, "Operating Cash Flow Per Share": {"2020-09-30": 0.7043, "2020-06-30": 0.8936, "2020-03-31": "0.81890", "2019-12-31": 0.4807, "2019-09-30": 0.7976, "2019-06-30": 0.743, "2019-03-31": "0.56230", "2018-12-31": 0.9037, "2018-09-30": 0.5756, "2018-06-30": 0.4501, "2018-03-31": "0.13500", "2017-12-31": 0.2376, "2017-09-30": 0.7293, "2017-06-30": 0.3525, "2017-03-31": "0.59800", "2016-12-31": 0.2144, "2016-09-30": 0.4988, "2016-06-30": 0.2918, "2016-03-31": "0.61040", "2015-12-31": 0.1346, "2015-09-30": 0.5686, "2015-06-30": 0.2621, "2015-03-31": "0.23340", "2014-12-31": 0.4262, "2014-09-30": 0.5584, "2014-06-30": 0.2316, "2014-03-31": "0.30290", "2013-12-31": 0.4169, "2013-09-30": 0.7109, "2013-06-30": 0.7341, "2013-03-31": "0.79410", "2012-12-31": 0.2033, "2012-09-30": 0.8253, "2012-06-30": 0.1428, "2012-03-31": "0.58850", "2011-12-31": 0.1176, "2011-09-30": 1.405, "2011-06-30": 1.1976, "2011-03-31": "1.05800", "2010-12-31": 0.7927, "2010-09-30": 0.3231, "2010-06-30": 0.8828, "2010-03-31": "1.44640", "2009-12-31": -0.1581, "2009-09-30": -0.168, "2009-06-30": 3.2806, "2009-03-31": "-0.89480", "2008-12-31": 1.5214, "2008-09-30": 1.2586, "2008-06-30": 0.9397, "2008-03-31": "-0.83190", "2007-12-31": -1.3005, "2007-09-30": 0.3166, "2007-06-30": 0.3586, "2007-03-31": "5.23540", "2006-12-31": 4.5451, "2006-09-30": 0.8399, "2006-06-30": -0.6088, "2006-03-31": "0.65690", "2005-12-31": 2.0035, "2005-09-30": 1.7974, "2005-06-30": -0.1562, "2005-03-31": "0.46580"}, "Free Cash Flow Per Share": {"2020-09-30": 0.6962, "2020-06-30": 0.8466, "2020-03-31": "0.77420", "2019-12-31": 0.4306, "2019-09-30": 0.7238, "2019-06-30": 0.7238, "2019-03-31": "0.52720", "2018-12-31": 0.8845, "2018-09-30": 0.5234, "2018-06-30": 0.4336, "2018-03-31": "0.08590", "2017-12-31": 0.1803, "2017-09-30": 0.6985, "2017-06-30": 0.326, "2017-03-31": "0.58740", "2016-12-31": 0.2999, "2016-09-30": 0.4456, "2016-06-30": 0.3037, "2016-03-31": "0.56620", "2015-12-31": 0.0034, "2015-09-30": 0.478, "2015-06-30": 0.2447, "2015-03-31": "0.19590", "2014-12-31": 0.3698, "2014-09-30": 0.5086, "2014-06-30": 0.1899, "2014-03-31": "0.27630", "2013-12-31": 0.3718, "2013-09-30": 0.6742, "2013-06-30": 0.7072, "2013-03-31": "0.77090", "2012-12-31": 0.1536, "2012-09-30": 0.8009, "2012-06-30": 0.116, "2012-03-31": "0.55960", "2011-12-31": 0.0871, "2011-09-30": 1.3773, "2011-06-30": 1.1183, "2011-03-31": "1.03570", "2010-12-31": 0.7308, "2010-09-30": 0.2885, "2010-06-30": 0.8596, "2010-03-31": "1.41040", "2009-12-31": -0.2938, "2009-09-30": -0.1057, "2009-06-30": 3.2471, "2009-03-31": "-1.02450", "2008-12-31": 1.3336, "2008-09-30": 1.1422, "2008-06-30": 0.75, "2008-03-31": "-1.00570", "2007-12-31": -1.5425, "2007-09-30": 0.1529, "2007-06-30": 0.1994, "2007-03-31": "5.16360", "2006-12-31": 4.4721, "2006-09-30": 0.818, "2006-06-30": -0.6693, "2006-03-31": "0.62560", "2005-12-31": 1.917, "2005-09-30": 1.7056, "2005-06-30": -0.1829, "2005-03-31": "0.36710"}}, "revenue": {"Regions Financial Annual Revenue (Millions of US $)": {"2020": "$6,655", "2019": "$6,755", "2018": "$6,412", "2017": "$5,949", "2016": "$5,825", "2015": "$5,674", "2014": "$5,492", "2013": "$5,743", "2012": "$6,003", "2011": "$6,395", "2010": "$7,126", "2009": "$8,042", "2008": "$9,636", "2007": "$10,930", "2006": "$7,679", "2005": "$5,958"}, "Regions Financial Quarterly Revenue (Millions of US $)": {"2020-12-31": "$1,741", "2020-09-30": "$1,714", "2020-06-30": "$1,636", "2020-03-31": "$1,564", "2019-12-31": "$1,703", "2019-09-30": "$1,708", "2019-06-30": "$1,671", "2019-03-31": "$1,673", "2018-12-31": "$1,639", "2018-09-30": "$1,631", "2018-06-30": "$1,588", "2018-03-31": "$1,554", "2017-12-31": "$1,536", "2017-09-30": "$1,494", "2017-06-30": "$1,479", "2017-03-31": "$1,440", "2016-12-31": "$1,337", "2016-09-30": "$1,541", "2016-06-30": "$1,478", "2016-03-31": "$1,469", "2015-12-31": "$1,447", "2015-09-30": "$1,398", "2015-06-30": "$1,473", "2015-03-31": "$1,356", "2014-12-31": "$1,368", "2014-09-30": "$1,394", "2014-06-30": "$1,375", "2014-03-31": "$1,355", "2013-12-31": "$1,521", "2013-09-30": "$1,406", "2013-06-30": "$1,404", "2013-03-31": "$1,412", "2012-12-31": "$1,484", "2012-09-30": "$1,497", "2012-06-30": "$1,501", "2012-03-31": "$1,521", "2011-12-31": "$1,538", "2011-09-30": "$1,568", "2011-06-30": "$1,619", "2011-03-31": "$1,670", "2010-12-31": "$1,255", "2010-09-30": "$1,908", "2010-06-30": "$1,936", "2010-03-31": "$2,027", "2009-12-31": "$961", "2009-09-30": "$2,086", "2009-06-30": "$2,550", "2009-03-31": "$2,445", "2008-12-31": "$2,283", "2008-09-30": "$2,288", "2008-06-30": "$2,374", "2008-03-31": "$2,691", "2007-12-31": "$2,667", "2007-09-30": "$2,742", "2007-06-30": "$2,724", "2007-03-31": "$2,797", "2006-12-31": "$2,521", "2006-09-30": "$1,790", "2006-06-30": "$1,722", "2006-03-31": "$1,646", "2005-12-31": "$1,406", "2005-09-30": "$1,564", "2005-06-30": "$1,565", "2005-03-31": "$1,423"}}, "gross-profit": {"Regions Financial Annual Gross Profit (Millions of US $)": {"2020": "$6,287", "2019": "$5,861", "2018": "$5,754", "2017": "$5,501", "2016": "$5,409", "2015": "$5,378", "2014": "$5,183", "2013": "$5,359", "2012": "$5,400", "2011": "$5,553", "2010": "$5,878", "2009": "$6,058", "2008": "$6,916", "2007": "$7,254", "2006": "$5,338", "2005": "$4,468"}, "Regions Financial Quarterly Gross Profit (Millions of US $)": {"2020-12-31": "$1,686", "2020-09-30": "$1,643", "2020-06-30": "$1,545", "2020-03-31": "$1,413", "2019-12-31": "$1,480", "2019-09-30": "$1,495", "2019-06-30": "$1,436", "2019-03-31": "$1,450", "2018-12-31": "$1,439", "2018-09-30": "$1,461", "2018-06-30": "$1,438", "2018-03-31": "$1,416", "2017-12-31": "$1,417", "2017-09-30": "$1,379", "2017-06-30": "$1,372", "2017-03-31": "$1,333", "2016-12-31": "$1,233", "2016-09-30": "$1,434", "2016-06-30": "$1,374", "2016-03-31": "$1,368", "2015-12-31": "$1,350", "2015-09-30": "$1,333", "2015-06-30": "$1,410", "2015-03-31": "$1,285", "2014-12-31": "$1,294", "2014-09-30": "$1,318", "2014-06-30": "$1,298", "2014-03-31": "$1,273", "2013-12-31": "$1,436", "2013-09-30": "$1,319", "2013-06-30": "$1,305", "2013-03-31": "$1,299", "2012-12-31": "$1,354", "2012-09-30": "$1,350", "2012-06-30": "$1,345", "2012-03-31": "$1,351", "2011-12-31": "$1,356", "2011-09-30": "$1,363", "2011-06-30": "$1,399", "2011-03-31": "$1,435", "2010-12-31": "$1,005", "2010-09-30": "$1,618", "2010-06-30": "$1,612", "2010-03-31": "$1,643", "2009-12-31": "$536", "2009-09-30": "$1,617", "2009-06-30": "$2,030", "2009-03-31": "$1,875", "2008-12-31": "$1,626", "2008-09-30": "$1,641", "2008-06-30": "$1,723", "2008-03-31": "$1,926", "2007-12-31": "$1,777", "2007-09-30": "$1,809", "2007-06-30": "$1,802", "2007-03-31": "$1,866", "2006-12-31": "$1,698", "2006-09-30": "$1,228", "2006-06-30": "$1,219", "2006-03-31": "$1,193", "2005-12-31": "$983", "2005-09-30": "$1,168", "2005-06-30": "$1,206", "2005-03-31": "$1,111"}}, "operating-income": {"Regions Financial Annual Operating Income (Millions of US $)": {"2020": "$1,314", "2019": "$1,985", "2018": "$1,955", "2017": "$1,860", "2016": "$1,664", "2015": "$1,530", "2014": "$1,682", "2013": "$1,665", "2012": "$1,661", "2011": "$161", "2010": "$-844", "2009": "$-1,193", "2008": "$-5,910", "2007": "$2,046", "2006": "$1,992", "2005": "$1,359"}, "Regions Financial Quarterly Operating Income (Millions of US $)": {"2020-12-31": "$737", "2020-09-30": "$634", "2020-06-30": "$-261", "2020-03-31": "$204", "2019-12-31": "$487", "2019-09-30": "$516", "2019-06-30": "$483", "2019-03-31": "$499", "2018-12-31": "$491", "2018-09-30": "$455", "2018-06-30": "$467", "2018-03-31": "$542", "2017-12-31": "$541", "2017-09-30": "$450", "2017-06-30": "$449", "2017-03-31": "$420", "2016-12-31": "$420", "2016-09-30": "$471", "2016-06-30": "$387", "2016-03-31": "$386", "2015-12-31": "$408", "2015-09-30": "$378", "2015-06-30": "$413", "2015-03-31": "$331", "2014-12-31": "$317", "2014-09-30": "$468", "2014-06-30": "$443", "2014-03-31": "$454", "2013-12-31": "$411", "2013-09-30": "$417", "2013-06-30": "$390", "2013-03-31": "$447", "2012-12-31": "$415", "2012-09-30": "$448", "2012-06-30": "$477", "2012-03-31": "$321", "2011-12-31": "$190", "2011-09-30": "$158", "2011-06-30": "$45", "2011-03-31": "$21", "2010-12-31": "$183", "2010-09-30": "$-305", "2010-06-30": "$-365", "2010-03-31": "$-357", "2009-12-31": "$-893", "2009-09-30": "$-648", "2009-06-30": "$-44", "2009-03-31": "$392", "2008-12-31": "$-770", "2008-09-30": "$116", "2008-06-30": "$207", "2008-03-31": "$537", "2007-12-31": "$96", "2007-09-30": "$594", "2007-06-30": "$646", "2007-03-31": "$710", "2006-12-31": "$549", "2006-09-30": "$522", "2006-06-30": "$484", "2006-03-31": "$437", "2005-12-31": "$291", "2005-09-30": "$364", "2005-06-30": "$356", "2005-03-31": "$348"}}, "ebitda": {"Regions Financial Annual EBITDA (Millions of US $)": {"2019": "$", "2018": "$", "2017": "$", "2016": "$", "2015": "$", "2014": "$", "2013": "$", "2012": "$", "2011": "$", "2010": "$", "2009": "$", "2008": "$", "2007": "$", "2006": "$", "2005": "$"}, "Regions Financial Quarterly EBITDA (Millions of US $)": {"2020-09-30": "", "2020-06-30": "", "2020-03-31": "", "2019-12-31": "", "2019-09-30": "", "2019-06-30": "", "2019-03-31": "", "2018-12-31": "", "2018-09-30": "", "2018-06-30": "", "2018-03-31": "", "2017-12-31": "", "2017-09-30": "", "2017-06-30": "", "2017-03-31": "", "2016-12-31": "", "2016-09-30": "", "2016-06-30": "", "2016-03-31": "", "2015-12-31": "", "2015-09-30": "", "2015-06-30": "", "2015-03-31": "", "2014-12-31": "", "2014-09-30": "", "2014-06-30": "", "2014-03-31": "", "2013-12-31": "", "2013-09-30": "", "2013-06-30": "", "2013-03-31": "", "2012-12-31": "", "2012-09-30": "", "2012-06-30": "", "2012-03-31": "", "2011-12-31": "", "2011-09-30": "", "2011-06-30": "", "2011-03-31": "", "2010-12-31": "", "2010-09-30": "", "2010-06-30": "", "2010-03-31": "", "2009-12-31": "", "2009-09-30": "", "2009-06-30": "", "2009-03-31": "", "2008-12-31": "", "2008-09-30": "", "2008-06-30": "", "2008-03-31": "", "2007-12-31": "", "2007-09-30": "", "2007-06-30": "", "2007-03-31": "", "2006-12-31": "", "2006-09-30": "", "2006-06-30": "", "2006-03-31": "", "2005-12-31": "", "2005-09-30": "", "2005-06-30": "", "2005-03-31": ""}}, "net-income": {"Regions Financial Annual Net Income (Millions of US $)": {"2020": "$991", "2019": "$1,503", "2018": "$1,695", "2017": "$1,199", "2016": "$1,099", "2015": "$998", "2014": "$1,095", "2013": "$1,059", "2012": "$991", "2011": "$-429", "2010": "$-763", "2009": "$-1,261", "2008": "$-5,622", "2007": "$1,251", "2006": "$1,353", "2005": "$1,001"}, "Regions Financial Quarterly Net Income (Millions of US $)": {"2020-12-31": "$588", "2020-09-30": "$501", "2020-06-30": "$-237", "2020-03-31": "$139", "2019-12-31": "$366", "2019-09-30": "$385", "2019-06-30": "$374", "2019-03-31": "$378", "2018-12-31": "$390", "2018-09-30": "$548", "2018-06-30": "$359", "2018-03-31": "$398", "2017-12-31": "$319", "2017-09-30": "$295", "2017-06-30": "$300", "2017-03-31": "$285", "2016-12-31": "$279", "2016-09-30": "$304", "2016-06-30": "$259", "2016-03-31": "$257", "2015-12-31": "$269", "2015-09-30": "$242", "2015-06-30": "$269", "2015-03-31": "$218", "2014-12-31": "$200", "2014-09-30": "$300", "2014-06-30": "$288", "2014-03-31": "$307", "2013-12-31": "$188", "2013-09-30": "$285", "2013-06-30": "$259", "2013-03-31": "$327", "2012-12-31": "$261", "2012-09-30": "$301", "2012-06-30": "$284", "2012-03-31": "$145", "2011-12-31": "$-602", "2011-09-30": "$101", "2011-06-30": "$55", "2011-03-31": "$17", "2010-12-31": "$36", "2010-09-30": "$-209", "2010-06-30": "$-335", "2010-03-31": "$-255", "2009-12-31": "$-606", "2009-09-30": "$-437", "2009-06-30": "$-244", "2009-03-31": "$26", "2008-12-31": "$-6,244", "2008-09-30": "$79", "2008-06-30": "$206", "2008-03-31": "$337", "2007-12-31": "$71", "2007-09-30": "$394", "2007-06-30": "$453", "2007-03-31": "$333", "2006-12-31": "$362", "2006-09-30": "$352", "2006-06-30": "$345", "2006-03-31": "$295", "2005-12-31": "$254", "2005-09-30": "$257", "2005-06-30": "$248", "2005-03-31": "$242"}}, "eps-earnings-per-share-diluted": {"Regions Financial Annual EPS": {"2020": "$1.03", "2019": "$1.50", "2018": "$1.54", "2017": "$1.00", "2016": "$0.87", "2015": "$0.75", "2014": "$0.79", "2013": "$0.75", "2012": "$0.71", "2011": "$-0.34", "2010": "$-0.62", "2009": "$-1.27", "2008": "$-8.09", "2007": "$1.76", "2006": "$2.67", "2005": "$2.15"}, "Regions Financial Quarterly EPS": {"2020-12-31": "$0.61", "2020-09-30": "$0.52", "2020-06-30": "$-0.25", "2020-03-31": "$0.14", "2019-12-31": "$0.37", "2019-09-30": "$0.39", "2019-06-30": "$0.37", "2019-03-31": "$0.37", "2018-12-31": "$0.37", "2018-09-30": "$0.50", "2018-06-30": "$0.32", "2018-03-31": "$0.35", "2017-12-31": "$0.27", "2017-09-30": "$0.25", "2017-06-30": "$0.25", "2017-03-31": "$0.23", "2016-12-31": "$0.23", "2016-09-30": "$0.24", "2016-06-30": "$0.20", "2016-03-31": "$0.20", "2015-12-31": "$0.21", "2015-09-30": "$0.18", "2015-06-30": "$0.20", "2015-03-31": "$0.16", "2014-12-31": "$0.14", "2014-09-30": "$0.22", "2014-06-30": "$0.21", "2014-03-31": "$0.22", "2013-12-31": "$0.14", "2013-09-30": "$0.20", "2013-06-30": "$0.18", "2013-03-31": "$0.23", "2012-12-31": "$0.19", "2012-09-30": "$0.21", "2012-06-30": "$0.20", "2012-03-31": "$0.11", "2011-12-31": "$-0.47", "2011-09-30": "$0.08", "2011-06-30": "$0.04", "2011-03-31": "$0.01", "2010-12-31": "$0.04", "2010-09-30": "$-0.17", "2010-06-30": "$-0.28", "2010-03-31": "$-0.21", "2009-12-31": "$-0.66", "2009-09-30": "$-0.37", "2009-06-30": "$-0.28", "2009-03-31": "$0.04", "2008-12-31": "$-8.98", "2008-09-30": "$0.11", "2008-06-30": "$0.30", "2008-03-31": "$0.48", "2007-12-31": "$0.12", "2007-09-30": "$0.56", "2007-06-30": "$0.63", "2007-03-31": "$0.45", "2006-12-31": "$0.51", "2006-09-30": "$0.77", "2006-06-30": "$0.75", "2006-03-31": "$0.64", "2005-12-31": "$0.56", "2005-09-30": "$0.55", "2005-06-30": "$0.53", "2005-03-31": "$0.51"}}, "shares-outstanding": {"Regions Financial Annual Shares Outstanding (Millions of Shares)": {"2020": "962", "2019": "999", "2018": "1,102", "2017": "1,198", "2016": "1,261", "2015": "1,334", "2014": "1,387", "2013": "1,410", "2012": "1,387", "2011": "1,258", "2010": "1,227", "2009": "989", "2008": "695", "2007": "713", "2006": "507", "2005": "466"}, "Regions Financial Quarterly Shares Outstanding (Millions of Shares)": {"2020-12-31": "965", "2020-09-30": "962", "2020-06-30": "960", "2020-03-31": "961", "2019-12-31": "999", "2019-09-30": "991", "2019-06-30": "1,012", "2019-03-31": "1,028", "2018-12-31": "1,102", "2018-09-30": "1,095", "2018-06-30": "1,128", "2018-03-31": "1,141", "2017-12-31": "1,198", "2017-09-30": "1,193", "2017-06-30": "1,212", "2017-03-31": "1,224", "2016-12-31": "1,261", "2016-09-30": "1,252", "2016-06-30": "1,268", "2016-03-31": "1,291", "2015-12-31": "1,334", "2015-09-30": "1,326", "2015-06-30": "1,346", "2015-03-31": "1,358", "2014-12-31": "1,387", "2014-09-30": "1,389", "2014-06-30": "1,390", "2014-03-31": "1,390", "2013-12-31": "1,410", "2013-09-30": "1,405", "2013-06-30": "1,418", "2013-03-31": "1,423", "2012-12-31": "1,387", "2012-09-30": "1,423", "2012-06-30": "1,418", "2012-03-31": "1,283", "2011-12-31": "1,258", "2011-09-30": "1,261", "2011-06-30": "1,260", "2011-03-31": "1,259", "2010-12-31": "1,227", "2010-09-30": "1,257", "2010-06-30": "1,200", "2010-03-31": "1,194", "2009-12-31": "989", "2009-09-30": "1,189", "2009-06-30": "876", "2009-03-31": "694", "2008-12-31": "695", "2008-09-30": "696", "2008-06-30": "696", "2008-03-31": "696", "2007-12-31": "713", "2007-09-30": "704", "2007-06-30": "716", "2007-03-31": "735", "2006-12-31": "507", "2006-09-30": "459", "2006-06-30": "460", "2006-03-31": "461", "2005-12-31": "466", "2005-09-30": "464", "2005-06-30": "468", "2005-03-31": "471"}}, "total-assets": {"Regions Financial Annual Total Assets (Millions of US $)": {"2019": "$126,240", "2018": "$125,688", "2017": "$124,294", "2016": "$125,968", "2015": "$126,050", "2014": "$119,563", "2013": "$117,396", "2012": "$121,347", "2011": "$127,050", "2010": "$132,351", "2009": "$142,318", "2008": "$146,248", "2007": "$141,042", "2006": "$143,369", "2005": "$84,786"}, "Regions Financial Quarterly Total Assets (Millions of US $)": {"2020-09-30": "$145,180", "2020-06-30": "$144,070", "2020-03-31": "$133,542", "2019-12-31": "$126,240", "2019-09-30": "$128,147", "2019-06-30": "$127,518", "2019-03-31": "$128,802", "2018-12-31": "$125,688", "2018-09-30": "$124,578", "2018-06-30": "$124,557", "2018-03-31": "$122,913", "2017-12-31": "$124,294", "2017-09-30": "$123,271", "2017-06-30": "$124,643", "2017-03-31": "$124,545", "2016-12-31": "$125,968", "2016-09-30": "$125,177", "2016-06-30": "$126,212", "2016-03-31": "$125,539", "2015-12-31": "$126,050", "2015-09-30": "$124,789", "2015-06-30": "$121,855", "2015-03-31": "$122,447", "2014-12-31": "$119,563", "2014-09-30": "$119,226", "2014-06-30": "$118,719", "2014-03-31": "$117,933", "2013-12-31": "$117,396", "2013-09-30": "$116,864", "2013-06-30": "$118,707", "2013-03-31": "$119,718", "2012-12-31": "$121,347", "2012-09-30": "$121,798", "2012-06-30": "$122,345", "2012-03-31": "$128,282", "2011-12-31": "$127,050", "2011-09-30": "$129,762", "2011-06-30": "$130,908", "2011-03-31": "$131,756", "2010-12-31": "$132,351", "2010-09-30": "$133,498", "2010-06-30": "$135,340", "2010-03-31": "$137,230", "2009-12-31": "$142,318", "2009-09-30": "$139,986", "2009-06-30": "$142,811", "2009-03-31": "$141,980", "2008-12-31": "$146,248", "2008-09-30": "$144,292", "2008-06-30": "$144,436", "2008-03-31": "$144,249", "2007-12-31": "$141,042", "2007-09-30": "$138,235", "2007-06-30": "$137,623", "2007-03-31": "$138,068", "2006-12-31": "$143,369", "2006-09-30": "$86,980", "2006-06-30": "$86,063", "2006-03-31": "$84,595", "2005-12-31": "$84,786", "2005-09-30": "$84,595", "2005-06-30": "$85,279", "2005-03-31": "$84,284"}}, "cash-on-hand": {"Regions Financial Annual Cash on Hand (Millions of US $)": {"2019": "$4,114", "2018": "$3,538", "2017": "$3,981", "2016": "$5,575", "2015": "$5,457", "2014": "$4,110", "2013": "$5,384", "2012": "$5,605", "2011": "$8,511", "2010": "$8,035", "2009": "$11,050", "2008": "$12,023", "2007": "$5,837", "2006": "$6,160", "2005": "$4,209"}, "Regions Financial Quarterly Cash on Hand (Millions of US $)": {"2020-09-30": "$13,473", "2020-06-30": "$13,198", "2020-03-31": "$5,255", "2019-12-31": "$4,114", "2019-09-30": "$5,067", "2019-06-30": "$4,488", "2019-03-31": "$3,807", "2018-12-31": "$3,538", "2018-09-30": "$3,495", "2018-06-30": "$4,286", "2018-03-31": "$3,185", "2017-12-31": "$3,981", "2017-09-30": "$3,954", "2017-06-30": "$4,309", "2017-03-31": "$4,500", "2016-12-31": "$5,575", "2016-09-30": "$4,358", "2016-06-30": "$4,354", "2016-03-31": "$4,500", "2015-12-31": "$5,457", "2015-09-30": "$5,114", "2015-06-30": "$3,865", "2015-03-31": "$6,133", "2014-12-31": "$4,110", "2014-09-30": "$4,886", "2014-06-30": "$4,919", "2014-03-31": "$5,313", "2013-12-31": "$5,384", "2013-09-30": "$3,978", "2013-06-30": "$4,382", "2013-03-31": "$5,054", "2012-12-31": "$5,605", "2012-09-30": "$4,044", "2012-06-30": "$3,876", "2012-03-31": "$8,600", "2011-12-31": "$8,511", "2011-09-30": "$9,725", "2011-06-30": "$9,197", "2011-03-31": "$8,604", "2010-12-31": "$8,035", "2010-09-30": "$8,467", "2010-06-30": "$8,672", "2010-03-31": "$8,109", "2009-12-31": "$11,050", "2009-09-30": "$9,757", "2009-06-30": "$9,539", "2009-03-31": "$6,483", "2008-12-31": "$12,023", "2008-09-30": "$4,826", "2008-06-30": "$5,639", "2008-03-31": "$5,480", "2007-12-31": "$5,837", "2007-09-30": "$4,994", "2007-06-30": "$5,635", "2007-03-31": "$5,674", "2006-12-31": "$6,160", "2006-09-30": "$4,446", "2006-06-30": "$4,126", "2006-03-31": "$4,085", "2005-12-31": "$4,209", "2005-09-30": "$3,588", "2005-06-30": "$3,753", "2005-03-31": "$3,579"}}, "long-term-debt": {"Regions Financial Annual Long Term Debt (Millions of US $)": {"2019": "$7,879", "2018": "$12,424", "2017": "$8,132", "2016": "$7,763", "2015": "$8,349", "2014": "$3,462", "2013": "$4,830", "2012": "$5,861", "2011": "$8,110", "2010": "$13,190", "2009": "$18,464", "2008": "$19,231", "2007": "$11,325", "2006": "$8,643", "2005": "$6,972"}, "Regions Financial Quarterly Long Term Debt (Millions of US $)": {"2020-09-30": "$4,919", "2020-06-30": "$6,408", "2020-03-31": "$10,105", "2019-12-31": "$7,879", "2019-09-30": "$9,128", "2019-06-30": "$9,213", "2019-03-31": "$12,957", "2018-12-31": "$12,424", "2018-09-30": "$11,178", "2018-06-30": "$9,890", "2018-03-31": "$7,949", "2017-12-31": "$8,132", "2017-09-30": "$6,102", "2017-06-30": "$6,765", "2017-03-31": "$6,010", "2016-12-31": "$7,763", "2016-09-30": "$6,054", "2016-06-30": "$8,968", "2016-03-31": "$7,851", "2015-12-31": "$8,349", "2015-09-30": "$7,364", "2015-06-30": "$3,602", "2015-03-31": "$3,208", "2014-12-31": "$3,462", "2014-09-30": "$3,813", "2014-06-30": "$3,824", "2014-03-31": "$4,226", "2013-12-31": "$4,830", "2013-09-30": "$4,838", "2013-06-30": "$4,856", "2013-03-31": "$5,847", "2012-12-31": "$5,861", "2012-09-30": "$6,224", "2012-06-30": "$6,230", "2012-03-31": "$7,196", "2011-12-31": "$8,110", "2011-09-30": "$10,140", "2011-06-30": "$11,646", "2011-03-31": "$12,197", "2010-12-31": "$13,190", "2010-09-30": "$14,335", "2010-06-30": "$15,415", "2010-03-31": "$15,683", "2009-12-31": "$18,464", "2009-09-30": "$18,093", "2009-06-30": "$18,238", "2009-03-31": "$18,762", "2008-12-31": "$19,231", "2008-09-30": "$14,168", "2008-06-30": "$13,319", "2008-03-31": "$12,357", "2007-12-31": "$11,325", "2007-09-30": "$10,817", "2007-06-30": "$9,288", "2007-03-31": "$8,593", "2006-12-31": "$8,643", "2006-09-30": "$5,490", "2006-06-30": "$6,293", "2006-03-31": "$6,622", "2005-12-31": "$6,972", "2005-09-30": "$7,207", "2005-06-30": "$7,286", "2005-03-31": "$7,154"}}, "total-liabilities": {"Regions Financial Annual Total Liabilities (Millions of US $)": {"2019": "$109,945", "2018": "$110,598", "2017": "$108,102", "2016": "$109,304", "2015": "$109,206", "2014": "$102,690", "2013": "$101,628", "2012": "$105,848", "2011": "$110,551", "2010": "$115,617", "2009": "$124,437", "2008": "$129,435", "2007": "$121,219", "2006": "$122,668", "2005": "$74,171"}, "Regions Financial Quarterly Total Liabilities (Millions of US $)": {"2020-09-30": "$127,276", "2020-06-30": "$126,442", "2020-03-31": "$116,210", "2019-12-31": "$109,945", "2019-09-30": "$111,566", "2019-06-30": "$110,910", "2019-03-31": "$113,279", "2018-12-31": "$110,598", "2018-09-30": "$109,808", "2018-06-30": "$108,780", "2018-03-31": "$107,047", "2017-12-31": "$108,102", "2017-09-30": "$106,647", "2017-06-30": "$107,750", "2017-03-31": "$107,823", "2016-12-31": "$109,304", "2016-09-30": "$107,812", "2016-06-30": "$108,827", "2016-03-31": "$108,328", "2015-12-31": "$109,206", "2015-09-30": "$107,837", "2015-06-30": "$104,956", "2015-03-31": "$105,396", "2014-12-31": "$102,690", "2014-09-30": "$102,066", "2014-06-30": "$101,690", "2014-03-31": "$101,801", "2013-12-31": "$101,628", "2013-09-30": "$101,375", "2013-06-30": "$103,378", "2013-03-31": "$103,978", "2012-12-31": "$105,848", "2012-09-30": "$106,897", "2012-06-30": "$107,890", "2012-03-31": "$110,748", "2011-12-31": "$110,551", "2011-09-30": "$112,499", "2011-06-30": "$114,020", "2011-03-31": "$115,137", "2010-12-31": "$115,617", "2010-09-30": "$116,335", "2010-06-30": "$117,877", "2010-03-31": "$119,592", "2009-12-31": "$124,437", "2009-09-30": "$121,494", "2009-06-30": "$124,074", "2009-03-31": "$125,163", "2008-12-31": "$129,435", "2008-09-30": "$124,587", "2008-06-30": "$124,728", "2008-03-31": "$124,227", "2007-12-31": "$121,219", "2007-09-30": "$118,389", "2007-06-30": "$117,926", "2007-03-31": "$117,754", "2006-12-31": "$122,668", "2006-09-30": "$75,937", "2006-06-30": "$75,364", "2006-03-31": "$73,938", "2005-12-31": "$74,171", "2005-09-30": "$73,950", "2005-06-30": "$74,536", "2005-03-31": "$73,638"}}, "total-share-holder-equity": {"Regions Financial Annual Share Holder Equity (Millions of US $)": {"2019": "$16,295", "2018": "$15,090", "2017": "$16,192", "2016": "$16,664", "2015": "$16,844", "2014": "$16,873", "2013": "$15,768", "2012": "$15,499", "2011": "$16,499", "2010": "$16,734", "2009": "$17,881", "2008": "$16,813", "2007": "$19,823", "2006": "$20,701", "2005": "$10,614"}, "Regions Financial Quarterly Share Holder Equity (Millions of US $)": {"2020-09-30": "$17,904", "2020-06-30": "$17,628", "2020-03-31": "$17,332", "2019-12-31": "$16,295", "2019-09-30": "$16,581", "2019-06-30": "$16,608", "2019-03-31": "$15,523", "2018-12-31": "$15,090", "2018-09-30": "$14,770", "2018-06-30": "$15,777", "2018-03-31": "$15,866", "2017-12-31": "$16,192", "2017-09-30": "$16,624", "2017-06-30": "$16,893", "2017-03-31": "$16,722", "2016-12-31": "$16,664", "2016-09-30": "$17,365", "2016-06-30": "$17,385", "2016-03-31": "$17,211", "2015-12-31": "$16,844", "2015-09-30": "$16,952", "2015-06-30": "$16,899", "2015-03-31": "$17,051", "2014-12-31": "$16,873", "2014-09-30": "$17,160", "2014-06-30": "$17,029", "2014-03-31": "$16,132", "2013-12-31": "$15,768", "2013-09-30": "$15,489", "2013-06-30": "$15,329", "2013-03-31": "$15,740", "2012-12-31": "$15,499", "2012-09-30": "$14,901", "2012-06-30": "$14,455", "2012-03-31": "$17,534", "2011-12-31": "$16,499", "2011-09-30": "$17,263", "2011-06-30": "$16,888", "2011-03-31": "$16,619", "2010-12-31": "$16,734", "2010-09-30": "$17,163", "2010-06-30": "$17,463", "2010-03-31": "$17,638", "2009-12-31": "$17,881", "2009-09-30": "$18,492", "2009-06-30": "$18,737", "2009-03-31": "$16,817", "2008-12-31": "$16,813", "2008-09-30": "$19,705", "2008-06-30": "$19,708", "2008-03-31": "$20,022", "2007-12-31": "$19,823", "2007-09-30": "$19,846", "2007-06-30": "$19,696", "2007-03-31": "$20,314", "2006-12-31": "$20,701", "2006-09-30": "$11,043", "2006-06-30": "$10,698", "2006-03-31": "$10,657", "2005-12-31": "$10,614", "2005-09-30": "$10,645", "2005-06-30": "$10,743", "2005-03-31": "$10,645"}}, "profit-margins": {"current": "16.44%"}, "gross margin": {"2020-12-31": "94.47%", "2020-09-30": "91.90%", "2020-06-30": "89.74%", "2020-03-31": "87.63%", "2019-12-31": "86.77%", "2019-09-30": "86.98%", "2019-06-30": "87.48%", "2019-03-31": "88.62%", "2018-12-31": "89.74%", "2018-09-30": "90.85%", "2018-06-30": "91.54%", "2018-03-31": "92.10%", "2017-12-31": "92.47%", "2017-09-30": "92.47%", "2017-06-30": "92.67%", "2017-03-31": "92.72%", "2016-12-31": "92.86%", "2016-09-30": "93.11%", "2016-06-30": "93.66%", "2016-03-31": "94.37%", "2015-12-31": "94.78%", "2015-09-30": "95.12%", "2015-06-30": "94.92%", "2015-03-31": "94.57%", "2014-12-31": "94.37%", "2014-09-30": "94.33%", "2014-06-30": "94.15%", "2014-03-31": "93.79%", "2013-12-31": "93.31%", "2013-09-30": "92.48%", "2013-06-30": "91.56%", "2013-03-31": "90.74%", "2012-12-31": "89.96%", "2012-09-30": "89.19%", "2012-06-30": "88.36%", "2012-03-31": "87.56%", "2011-12-31": "86.83%", "2011-09-30": "85.11%", "2011-06-30": "84.58%", "2011-03-31": "83.76%", "2010-12-31": "82.49%", "2010-09-30": "79.17%", "2010-06-30": "77.15%", "2010-03-31": "76.42%", "2009-12-31": "75.33%", "2009-09-30": "76.33%", "2009-06-30": "74.97%", "2009-03-31": "73.11%", "2008-12-31": "71.77%", "2008-09-30": "70.53%", "2008-06-30": "69.08%", "2008-03-31": "67.57%", "2007-12-31": "66.37%", "2007-09-30": "66.53%", "2007-06-30": "67.07%", "2007-03-31": "68.07%", "2006-12-31": "69.51%", "2006-09-30": "70.43%", "2006-06-30": "71.99%", "2006-03-31": "73.61%", "2005-12-31": "74.99%"}, "operating margin": {"2020-12-31": "19.74%", "2020-09-30": "16.08%", "2020-06-30": "14.31%", "2020-03-31": "25.43%", "2019-12-31": "29.39%", "2019-09-30": "29.73%", "2019-06-30": "29.15%", "2019-03-31": "29.28%", "2018-12-31": "30.49%", "2018-09-30": "31.78%", "2018-06-30": "32.40%", "2018-03-31": "32.69%", "2017-12-31": "31.27%", "2017-09-30": "30.24%", "2017-06-30": "30.36%", "2017-03-31": "29.30%", "2016-12-31": "28.57%", "2016-09-30": "27.83%", "2016-06-30": "26.92%", "2016-03-31": "27.39%", "2015-12-31": "26.97%", "2015-09-30": "25.72%", "2015-06-30": "27.35%", "2015-03-31": "28.38%", "2014-12-31": "30.63%", "2014-09-30": "31.46%", "2014-06-30": "30.49%", "2014-03-31": "29.41%", "2013-12-31": "28.99%", "2013-09-30": "29.25%", "2013-06-30": "29.33%", "2013-03-31": "30.32%", "2012-12-31": "27.67%", "2012-09-30": "23.71%", "2012-06-30": "18.70%", "2012-03-31": "11.43%", "2011-12-31": "6.47%", "2011-09-30": "6.66%", "2011-06-30": "-0.87%", "2011-03-31": "-6.88%", "2010-12-31": "-11.84%", "2010-09-30": "-28.10%", "2010-06-30": "-32.28%", "2010-03-31": "-25.47%", "2009-12-31": "-14.83%", "2009-09-30": "-11.43%", "2009-06-30": "-3.20%", "2009-03-31": "-0.59%", "2008-12-31": "0.93%", "2008-09-30": "9.54%", "2008-06-30": "13.69%", "2008-03-31": "17.30%", "2007-12-31": "18.72%", "2007-09-30": "23.17%", "2007-06-30": "24.68%", "2007-03-31": "25.65%", "2006-12-31": "25.94%", "2006-09-30": "26.42%", "2006-06-30": "24.87%", "2006-03-31": "23.43%", "2005-12-31": "22.81%"}, "ebitda margin": {"2020-09-30": "0.00%", "2020-06-30": "0.00%", "2020-03-31": "0.00%", "2019-12-31": "0.00%", "2019-09-30": "0.00%", "2019-06-30": "0.00%", "2019-03-31": "0.00%", "2018-12-31": "0.00%", "2018-09-30": "0.00%", "2018-06-30": "0.00%", "2018-03-31": "0.00%", "2017-12-31": "0.00%", "2017-09-30": "0.00%", "2017-06-30": "0.00%", "2017-03-31": "0.00%", "2016-12-31": "0.00%", "2016-09-30": "0.00%", "2016-06-30": "0.00%", "2016-03-31": "0.00%", "2015-12-31": "0.00%", "2015-09-30": "0.00%", "2015-06-30": "0.00%", "2015-03-31": "0.00%", "2014-12-31": "0.00%", "2014-09-30": "0.00%", "2014-06-30": "0.00%", "2014-03-31": "0.00%", "2013-12-31": "0.00%", "2013-09-30": "0.00%", "2013-06-30": "0.00%", "2013-03-31": "0.00%", "2012-12-31": "0.00%", "2012-09-30": "0.00%", "2012-06-30": "0.00%", "2012-03-31": "0.00%", "2011-12-31": "0.00%", "2011-09-30": "0.00%", "2011-06-30": "0.00%", "2011-03-31": "0.00%", "2010-12-31": "0.00%", "2010-09-30": "0.00%", "2010-06-30": "0.00%", "2010-03-31": "0.00%", "2009-12-31": "0.00%", "2009-09-30": "0.00%", "2009-06-30": "0.00%", "2009-03-31": "0.00%", "2008-12-31": "0.00%", "2008-09-30": "0.00%", "2008-06-30": "0.00%", "2008-03-31": "0.00%", "2007-12-31": "0.00%", "2007-09-30": "0.00%", "2007-06-30": "0.00%", "2007-03-31": "0.00%", "2006-12-31": "0.00%", "2006-09-30": "0.00%", "2006-06-30": "0.00%", "2006-03-31": "0.00%", "2005-12-31": "0.00%"}, "pre tax profit margin": {"2020-12-31": "19.74%", "2020-09-30": "16.08%", "2020-06-30": "14.31%", "2020-03-31": "25.43%", "2019-12-31": "29.39%", "2019-09-30": "29.73%", "2019-06-30": "29.15%", "2019-03-31": "29.28%", "2018-12-31": "30.49%", "2018-09-30": "31.78%", "2018-06-30": "32.40%", "2018-03-31": "32.69%", "2017-12-31": "31.27%", "2017-09-30": "30.24%", "2017-06-30": "30.36%", "2017-03-31": "29.30%", "2016-12-31": "28.57%", "2016-09-30": "27.83%", "2016-06-30": "26.92%", "2016-03-31": "27.39%", "2015-12-31": "26.97%", "2015-09-30": "25.72%", "2015-06-30": "27.35%", "2015-03-31": "28.38%", "2014-12-31": "30.63%", "2014-09-30": "31.46%", "2014-06-30": "30.49%", "2014-03-31": "29.41%", "2013-12-31": "28.99%", "2013-09-30": "29.25%", "2013-06-30": "29.33%", "2013-03-31": "30.32%", "2012-12-31": "27.67%", "2012-09-30": "19.53%", "2012-06-30": "14.57%", "2012-03-31": "7.38%", "2011-12-31": "2.52%", "2011-09-30": "6.66%", "2011-06-30": "-0.87%", "2011-03-31": "-6.88%", "2010-12-31": "-11.84%", "2010-09-30": "-28.15%", "2010-06-30": "-32.37%", "2010-03-31": "-26.46%", "2009-12-31": "-15.77%", "2009-09-30": "-76.56%", "2009-06-30": "-67.13%", "2009-03-31": "-64.28%", "2008-12-31": "-61.57%", "2008-09-30": "9.33%", "2008-06-30": "13.49%", "2008-03-31": "16.85%", "2007-12-31": "18.66%", "2007-09-30": "23.32%", "2007-06-30": "24.97%", "2007-03-31": "25.65%", "2006-12-31": "25.94%", "2006-09-30": "26.45%", "2006-06-30": "25.02%", "2006-03-31": "23.43%", "2005-12-31": "22.81%"}, "net profit margin": {"2020-12-31": "14.89%", "2020-09-30": "11.62%", "2020-06-30": "9.88%", "2020-03-31": "19.02%", "2019-12-31": "22.25%", "2019-09-30": "22.82%", "2019-06-30": "25.55%", "2019-03-31": "25.65%", "2018-12-31": "26.43%", "2018-09-30": "25.74%", "2018-06-30": "22.21%", "2018-03-31": "21.64%", "2017-12-31": "20.15%", "2017-09-30": "20.16%", "2017-06-30": "20.15%", "2017-03-31": "19.44%", "2016-12-31": "18.87%", "2016-09-30": "18.35%", "2016-06-30": "17.73%", "2016-03-31": "17.92%", "2015-12-31": "17.59%", "2015-09-30": "16.60%", "2015-06-30": "17.65%", "2015-03-31": "18.31%", "2014-12-31": "19.94%", "2014-09-30": "19.19%", "2014-06-30": "18.88%", "2014-03-31": "18.27%", "2013-12-31": "18.44%", "2013-09-30": "19.84%", "2013-06-30": "19.80%", "2013-03-31": "19.90%", "2012-12-31": "16.51%", "2012-09-30": "2.11%", "2012-06-30": "-1.17%", "2012-03-31": "-4.82%", "2011-12-31": "-6.71%", "2011-09-30": "3.42%", "2011-06-30": "-1.57%", "2011-03-31": "-7.25%", "2010-12-31": "-10.71%", "2010-09-30": "-20.56%", "2010-06-30": "-23.30%", "2010-03-31": "-20.23%", "2009-12-31": "-15.68%", "2009-09-30": "-73.68%", "2009-06-30": "-66.73%", "2009-03-31": "-63.18%", "2008-12-31": "-58.34%", "2008-09-30": "6.92%", "2008-06-30": "9.62%", "2008-03-31": "11.59%", "2007-12-31": "11.45%", "2007-09-30": "14.30%", "2007-06-30": "15.26%", "2007-03-31": "15.76%", "2006-12-31": "17.63%", "2006-09-30": "18.98%", "2006-06-30": "18.16%", "2006-03-31": "17.05%", "2005-12-31": "16.80%"}, "pe ratio": {"current": "18.98", "2021-02-11": "47.17", "2020-12-31": "39.32", "2020-09-30": "14.46", "2020-06-30": "16.47", "2020-03-31": "6.77", "2019-12-31": "10.85", "2019-09-30": "9.98", "2019-06-30": "8.69", "2019-03-31": "8.41", "2018-12-31": "7.98", "2018-09-30": "11.60", "2018-06-30": "13.51", "2018-03-31": "14.93", "2017-12-31": "15.48", "2017-09-30": "14.13", "2017-06-30": "13.64", "2017-03-31": "14.21", "2016-12-31": "14.47", "2016-09-30": "10.13", "2016-06-30": "9.34", "2016-03-31": "8.56", "2015-12-31": "10.94", "2015-09-30": "11.26", "2015-06-30": "12.14", "2015-03-31": "10.86", "2014-12-31": "11.16", "2014-09-30": "10.30", "2014-06-30": "11.11", "2014-03-31": "12.03", "2013-12-31": "10.54", "2013-09-30": "9.59", "2013-06-30": "9.71", "2013-03-31": "8.12", "2012-12-31": "8.27", "2012-09-30": "145.81", "2012-06-30": "0.00", "2012-03-31": "0.00", "2011-12-31": "0.00", "2011-09-30": "16.75", "2011-06-30": "0.00", "2011-03-31": "0.00", "2010-12-31": "0.00", "2010-09-30": "0.00", "2010-06-30": "0.00", "2010-03-31": "0.00", "2009-12-31": "0.00", "2009-09-30": "0.00", "2009-06-30": "0.00", "2009-03-31": "0.00", "2008-12-31": "0.00", "2008-09-30": "7.39", "2008-06-30": "5.72", "2008-03-31": "8.19", "2007-12-31": "9.80", "2007-09-30": "9.51", "2007-06-30": "9.63", "2007-03-31": "9.70", "2006-12-31": "9.44"}, "price sales": {"2021-02-11": "2.80", "2020-12-31": "2.33", "2020-09-30": "1.67", "2020-06-30": "1.61", "2020-03-31": "1.29", "2019-12-31": "2.44", "2019-09-30": "2.31", "2019-06-30": "2.24", "2019-03-31": "2.18", "2018-12-31": "2.14", "2018-09-30": "3.01", "2018-06-30": "3.03", "2018-03-31": "3.27", "2017-12-31": "3.14", "2017-09-30": "2.88", "2017-06-30": "2.76", "2017-03-31": "2.76", "2016-12-31": "2.74", "2016-09-30": "1.86", "2016-06-30": "1.66", "2016-03-31": "1.55", "2015-12-31": "1.94", "2015-09-30": "1.85", "2015-06-30": "2.14", "2015-03-31": "1.99", "2014-12-31": "2.23", "2014-09-30": "2.06", "2014-06-30": "2.17", "2014-03-31": "2.26", "2013-12-31": "2.00", "2013-09-30": "1.87", "2013-06-30": "1.89", "2013-03-31": "1.60", "2012-12-31": "1.33", "2012-09-30": "1.29", "2012-06-30": "1.16", "2012-03-31": "1.08", "2011-12-31": "0.68", "2011-09-30": "0.55", "2011-06-30": "0.97", "2011-03-31": "1.06", "2010-12-31": "0.96", "2010-09-30": "1.00", "2010-06-30": "0.87", "2010-03-31": "0.85", "2009-12-31": "0.46", "2009-09-30": "0.43", "2009-06-30": "0.25", "2009-03-31": "0.25", "2008-12-31": "0.44", "2008-09-30": "0.51", "2008-06-30": "0.55", "2008-03-31": "0.95", "2007-12-31": "1.12", "2007-09-30": "1.27", "2007-06-30": "1.41", "2007-03-31": "1.49", "2006-12-31": "1.59"}, "price book": {"current": "1.14", "2021-02-11": "1.04", "2020-09-30": "0.61", "2020-06-30": "0.59", "2020-03-31": "0.48", "2019-12-31": "0.96", "2019-09-30": "0.87", "2019-06-30": "0.85", "2019-03-31": "0.86", "2018-12-31": "0.83", "2018-09-30": "1.19", "2018-06-30": "1.14", "2018-03-31": "1.18", "2017-12-31": "1.08", "2017-09-30": "0.95", "2017-06-30": "0.92", "2017-03-31": "0.92", "2016-12-31": "0.92", "2016-09-30": "0.61", "2016-06-30": "0.53", "2016-03-31": "0.50", "2015-12-31": "0.63", "2015-09-30": "0.59", "2015-06-30": "0.69", "2015-03-31": "0.62", "2014-12-31": "0.71", "2014-09-30": "0.67", "2014-06-30": "0.71", "2014-03-31": "0.78", "2013-12-31": "0.71", "2013-09-30": "0.67", "2013-06-30": "0.71", "2013-03-31": "0.60", "2012-12-31": "0.53", "2012-09-30": "0.55", "2012-06-30": "0.53", "2012-03-31": "0.43", "2011-12-31": "0.26", "2011-09-30": "0.20", "2011-06-30": "0.37", "2011-03-31": "0.44", "2010-12-31": "0.42", "2010-09-30": "0.43", "2010-06-30": "0.38", "2010-03-31": "0.42", "2009-12-31": "0.28", "2009-09-30": "0.31", "2009-06-30": "0.20", "2009-03-31": "0.14", "2008-12-31": "0.25", "2008-09-30": "0.26", "2008-06-30": "0.29", "2008-03-31": "0.50", "2007-12-31": "0.60", "2007-09-30": "0.73", "2007-06-30": "0.83", "2007-03-31": "0.87", "2006-12-31": "0.91", "2006-09-30": "1.02", "2006-06-30": "0.94", "2006-03-31": "1.00"}, "price fcf": {"2021-02-11": "", "2020-09-30": "$2.75", "2020-06-30": "$2.78", "2020-03-31": "$2.65", "2019-12-31": "$2.41", "2019-09-30": "$2.86", "2019-06-30": "$2.66", "2019-03-31": "$2.37", "2018-12-31": "$1.93", "2018-09-30": "$1.22", "2018-06-30": "$1.40", "2018-03-31": "$1.29", "2017-12-31": "$1.79", "2017-09-30": "$1.91", "2017-06-30": "$1.66", "2017-03-31": "$1.64", "2016-12-31": "$1.62", "2016-09-30": "$1.32", "2016-06-30": "$1.35", "2016-03-31": "$1.29", "2015-12-31": "$0.92", "2015-09-30": "$1.29", "2015-06-30": "$1.32", "2015-03-31": "$1.26", "2014-12-31": "$1.34", "2014-09-30": "$1.35", "2014-06-30": "$1.51", "2014-03-31": "$2.03", "2013-12-31": "$2.52", "2013-09-30": "$2.31", "2013-06-30": "$2.43", "2013-03-31": "$1.84", "2012-12-31": "$1.63", "2012-09-30": "$1.56", "2012-06-30": "$2.14", "2012-03-31": "$3.14", "2011-12-31": "$3.62", "2011-09-30": "$4.26", "2011-06-30": "$3.17", "2011-03-31": "$2.91", "2010-12-31": "$3.29", "2010-09-30": "$2.26", "2010-06-30": "$1.87", "2010-03-31": "$4.26", "2009-12-31": "$1.82", "2009-09-30": "$3.45", "2009-06-30": "$4.70", "2009-03-31": "$2.20", "2008-12-31": "$2.22", "2008-09-30": "$-0.66", "2008-06-30": "$-1.65", "2008-03-31": "$-2.20", "2007-12-31": "$3.97", "2007-09-30": "$9.99", "2007-06-30": "$10.65", "2007-03-31": "$9.78", "2006-12-31": "$5.25"}, "net worth": {"value": "$18.78B"}, "current ratio": {"2020-12-31": "0.84", "2020-09-30": "0.85", "2020-06-30": "0.88", "2020-03-31": "0.90", "2019-12-31": "0.88", "2019-09-30": "0.88", "2019-06-30": "0.89", "2019-03-31": "0.91", "2018-12-31": "0.90", "2018-09-30": "0.88", "2018-06-30": "0.88", "2018-03-31": "0.86", "2017-12-31": "0.86", "2017-09-30": "0.85", "2017-06-30": "0.85", "2017-03-31": "0.85", "2016-12-31": "0.87", "2016-09-30": "0.86", "2016-06-30": "0.88", "2016-03-31": "0.87", "2015-12-31": "0.88", "2015-09-30": "0.88", "2015-06-30": "0.85", "2015-03-31": "0.85", "2014-12-31": "0.84", "2014-09-30": "0.85", "2014-06-30": "0.85", "2014-03-31": "0.84", "2013-12-31": "0.85", "2013-09-30": "0.84", "2013-06-30": "0.82", "2013-03-31": "0.82", "2012-12-31": "0.82", "2012-09-30": "0.82", "2012-06-30": "0.81", "2012-03-31": "0.84", "2011-12-31": "0.86", "2011-09-30": "0.89", "2011-06-30": "0.90", "2011-03-31": "0.89", "2010-12-31": "0.91", "2010-09-30": "0.93", "2010-06-30": "0.94", "2010-03-31": "0.94", "2009-12-31": "0.98", "2009-09-30": "1.02", "2009-06-30": "1.04", "2009-03-31": "1.00", "2008-12-31": "1.03", "2008-09-30": "0.97", "2008-06-30": "0.96", "2008-03-31": "0.96", "2007-12-31": "0.96", "2007-09-30": "0.97", "2007-06-30": "0.96", "2007-03-31": "0.96", "2006-12-31": "0.95", "2006-09-30": "0.96", "2006-06-30": "0.98", "2006-03-31": "0.98", "2005-12-31": "0.98", "2005-09-30": "0.99", "2005-06-30": "0.98", "2005-03-31": "0.98"}, "quick ratio": {"2020-12-31": "0.00", "2020-09-30": "0.00", "2020-06-30": "0.00", "2020-03-31": "0.00", "2019-12-31": "0.00", "2019-09-30": "0.00", "2019-06-30": "0.00", "2019-03-31": "0.00", "2018-12-31": "0.00", "2018-09-30": "0.00", "2018-06-30": "0.00", "2018-03-31": "0.00", "2017-12-31": "0.00", "2017-09-30": "0.00", "2017-06-30": "0.00", "2017-03-31": "0.00", "2016-12-31": "0.00", "2016-09-30": "0.00", "2016-06-30": "0.00", "2016-03-31": "0.00", "2015-12-31": "0.00", "2015-09-30": "0.00", "2015-06-30": "0.00", "2015-03-31": "0.00", "2014-12-31": "0.00", "2014-09-30": "0.00", "2014-06-30": "0.00", "2014-03-31": "0.00", "2013-12-31": "0.00", "2013-09-30": "0.00", "2013-06-30": "0.00", "2013-03-31": "0.00", "2012-12-31": "0.00", "2012-09-30": "0.00", "2012-06-30": "0.00", "2012-03-31": "0.00", "2011-12-31": "0.00", "2011-09-30": "0.00", "2011-06-30": "0.00", "2011-03-31": "0.00", "2010-12-31": "0.00", "2010-09-30": "0.00", "2010-06-30": "0.00", "2010-03-31": "0.00", "2009-12-31": "0.00", "2009-09-30": "0.00", "2009-06-30": "0.00", "2009-03-31": "0.00", "2008-12-31": "0.00", "2008-09-30": "0.00", "2008-06-30": "0.00", "2008-03-31": "0.00", "2007-12-31": "0.00", "2007-09-30": "0.00", "2007-06-30": "0.00", "2007-03-31": "0.00", "2006-12-31": "0.00", "2006-09-30": "0.00", "2006-06-30": "0.00", "2006-03-31": "0.00", "2005-12-31": "0.00", "2005-09-30": "0.00", "2005-06-30": "0.00", "2005-03-31": "0.00"}, "debt equity ratio": {"current": "0.22", "2020-12-31": "7.14", "2020-09-30": "7.11", "2020-06-30": "7.17", "2020-03-31": "6.71", "2019-12-31": "6.75", "2019-09-30": "6.73", "2019-06-30": "6.68", "2019-03-31": "7.30", "2018-12-31": "7.33", "2018-09-30": "7.44", "2018-06-30": "6.90", "2018-03-31": "6.75", "2017-12-31": "6.68", "2017-09-30": "6.42", "2017-06-30": "6.38", "2017-03-31": "6.45", "2016-12-31": "6.56", "2016-09-30": "6.21", "2016-06-30": "6.26", "2016-03-31": "6.29", "2015-12-31": "6.48", "2015-09-30": "6.36", "2015-06-30": "6.21", "2015-03-31": "6.18", "2014-12-31": "6.09", "2014-09-30": "5.95", "2014-06-30": "5.97", "2014-03-31": "6.31", "2013-12-31": "6.45", "2013-09-30": "6.55", "2013-06-30": "6.74", "2013-03-31": "6.61", "2012-12-31": "6.83", "2012-09-30": "7.17", "2012-06-30": "7.46", "2012-03-31": "6.32", "2011-12-31": "6.70", "2011-09-30": "6.52", "2011-06-30": "6.75", "2011-03-31": "6.93", "2010-12-31": "6.91", "2010-09-30": "6.78", "2010-06-30": "6.75", "2010-03-31": "6.78", "2009-12-31": "6.96", "2009-09-30": "6.57", "2009-06-30": "6.62", "2009-03-31": "7.44", "2008-12-31": "7.70", "2008-09-30": "6.32", "2008-06-30": "6.33", "2008-03-31": "6.21", "2007-12-31": "6.12", "2007-09-30": "5.97", "2007-06-30": "5.99", "2007-03-31": "5.80", "2006-12-31": "5.93", "2006-09-30": "6.88", "2006-06-30": "7.04", "2006-03-31": "6.94", "2005-12-31": "6.99", "2005-09-30": "6.95", "2005-06-30": "6.94", "2005-03-31": "6.92"}, "return on equity": {"2020-12-31": "5.59%", "2020-09-30": "4.45%", "2020-06-30": "3.85%", "2020-03-31": "7.57%", "2019-12-31": "9.25%", "2019-09-30": "9.57%", "2019-06-30": "10.90%", "2019-03-31": "10.95%", "2018-12-31": "11.02%", "2018-09-30": "10.38%", "2018-06-30": "8.51%", "2018-03-31": "8.00%", "2017-12-31": "7.22%", "2017-09-30": "6.93%", "2017-06-30": "6.91%", "2017-03-31": "6.62%", "2016-12-31": "6.41%", "2016-09-30": "6.33%", "2016-06-30": "6.01%", "2016-03-31": "6.11%", "2015-12-31": "5.89%", "2015-09-30": "5.48%", "2015-06-30": "5.81%", "2015-03-31": "5.91%", "2014-12-31": "6.52%", "2014-09-30": "6.55%", "2014-06-30": "6.63%", "2014-03-31": "6.63%", "2013-12-31": "6.80%", "2013-09-30": "7.30%", "2013-06-30": "7.47%", "2013-03-31": "7.74%", "2012-12-31": "6.35%", "2012-09-30": "0.81%", "2012-06-30": "-0.44%", "2012-03-31": "-1.77%", "2011-12-31": "-2.55%", "2011-09-30": "1.24%", "2011-06-30": "-0.60%", "2011-03-31": "-2.89%", "2010-12-31": "-4.42%", "2010-09-30": "-8.01%", "2010-06-30": "-9.14%", "2010-03-31": "-8.48%", "2009-12-31": "-7.01%", "2009-09-30": "-38.94%", "2009-06-30": "-35.43%", "2009-03-31": "-32.49%", "2008-12-31": "-29.49%", "2008-09-30": "3.50%", "2008-06-30": "5.08%", "2008-03-31": "6.32%", "2007-12-31": "6.28%", "2007-09-30": "7.66%", "2007-06-30": "8.36%", "2007-03-31": "8.87%", "2006-12-31": "10.20%", "2006-09-30": "11.59%", "2006-06-30": "10.80%", "2006-03-31": "9.88%", "2005-12-31": "9.39%"}, "return on assets": {"2020-12-31": "0.70%", "2020-09-30": "0.56%", "2020-06-30": "0.49%", "2020-03-31": "0.98%", "2019-12-31": "1.18%", "2019-09-30": "1.20%", "2019-06-30": "1.33%", "2019-03-31": "1.33%", "2018-12-31": "1.36%", "2018-09-30": "1.31%", "2018-06-30": "1.11%", "2018-03-31": "1.06%", "2017-12-31": "0.97%", "2017-09-30": "0.93%", "2017-06-30": "0.93%", "2017-03-31": "0.90%", "2016-12-31": "0.87%", "2016-09-30": "0.87%", "2016-06-30": "0.82%", "2016-03-31": "0.83%", "2015-12-31": "0.81%", "2015-09-30": "0.76%", "2015-06-30": "0.82%", "2015-03-31": "0.84%", "2014-12-31": "0.92%", "2014-09-30": "0.92%", "2014-06-30": "0.91%", "2014-03-31": "0.88%", "2013-12-31": "0.90%", "2013-09-30": "0.95%", "2013-06-30": "0.95%", "2013-03-31": "0.97%", "2012-12-31": "0.80%", "2012-09-30": "0.10%", "2012-06-30": "-0.06%", "2012-03-31": "-0.23%", "2011-12-31": "-0.33%", "2011-09-30": "0.16%", "2011-06-30": "-0.08%", "2011-03-31": "-0.37%", "2010-12-31": "-0.57%", "2010-09-30": "-1.02%", "2010-06-30": "-1.18%", "2010-03-31": "-1.10%", "2009-12-31": "-0.89%", "2009-09-30": "-4.83%", "2009-06-30": "-4.44%", "2009-03-31": "-4.11%", "2008-12-31": "-3.88%", "2008-09-30": "0.48%", "2008-06-30": "0.71%", "2008-03-31": "0.89%", "2007-12-31": "0.90%", "2007-09-30": "1.11%", "2007-06-30": "1.19%", "2007-03-31": "1.23%", "2006-12-31": "1.35%", "2006-09-30": "1.46%", "2006-06-30": "1.35%", "2006-03-31": "1.24%", "2005-12-31": "1.18%"}, "return on investments": {"2020-12-31": "5.48%", "2020-09-30": "4.32%", "2020-06-30": "3.73%", "2020-03-31": "6.55%", "2019-12-31": "7.62%", "2019-09-30": "7.40%", "2019-06-30": "7.16%", "2019-03-31": "7.11%", "2018-12-31": "7.60%", "2018-09-30": "8.04%", "2018-06-30": "8.29%", "2018-03-31": "8.39%", "2017-12-31": "7.96%", "2017-09-30": "7.44%", "2017-06-30": "7.47%", "2017-03-31": "7.01%", "2016-12-31": "6.71%", "2016-09-30": "6.61%", "2016-06-30": "6.18%", "2016-03-31": "6.67%", "2015-12-31": "6.78%", "2015-09-30": "6.74%", "2015-06-30": "7.45%", "2015-03-31": "7.57%", "2014-12-31": "8.15%", "2014-09-30": "8.58%", "2014-06-30": "8.40%", "2014-03-31": "8.21%", "2013-12-31": "8.05%", "2013-09-30": "8.00%", "2013-06-30": "8.07%", "2013-03-31": "8.43%", "2012-12-31": "7.56%", "2012-09-30": "6.30%", "2012-06-30": "4.71%", "2012-03-31": "2.71%", "2011-12-31": "1.51%", "2011-09-30": "1.42%", "2011-06-30": "-0.19%", "2011-03-31": "-1.51%", "2010-12-31": "-2.65%", "2010-09-30": "-5.73%", "2010-06-30": "-6.51%", "2010-03-31": "-5.42%", "2009-12-31": "-3.28%", "2009-09-30": "-2.95%", "2009-06-30": "-0.86%", "2009-03-31": "-0.16%", "2008-12-31": "0.27%", "2008-09-30": "2.93%", "2008-06-30": "4.51%", "2008-03-31": "6.08%", "2007-12-31": "6.84%", "2007-09-30": "8.48%", "2007-06-30": "9.36%", "2007-03-31": "9.87%", "2006-12-31": "9.94%", "2006-09-30": "10.14%", "2006-06-30": "9.04%", "2006-03-31": "8.19%", "2005-12-31": "7.63%"}, "return on tangible equity": {"2020-09-30": "6.48%", "2020-06-30": "5.62%", "2020-03-31": "11.04%", "2019-12-31": "13.71%", "2019-09-30": "14.34%", "2019-06-30": "16.62%", "2019-03-31": "16.88%", "2018-12-31": "16.98%", "2018-09-30": "15.85%", "2018-06-30": "12.82%", "2018-03-31": "11.97%", "2017-12-31": "10.73%", "2017-09-30": "10.27%", "2017-06-30": "10.17%", "2017-03-31": "9.68%", "2016-12-31": "9.33%", "2016-09-30": "9.20%", "2016-06-30": "8.75%", "2016-03-31": "8.93%", "2015-12-31": "8.61%", "2015-09-30": "8.01%", "2015-06-30": "8.48%", "2015-03-31": "8.62%", "2014-12-31": "9.59%", "2014-09-30": "9.73%", "2014-06-30": "9.97%", "2014-03-31": "10.11%", "2013-12-31": "10.40%", "2013-09-30": "11.18%", "2013-06-30": "11.49%", "2013-03-31": "11.99%", "2012-12-31": "9.70%", "2012-09-30": "1.23%", "2012-06-30": "-0.67%", "2012-03-31": "-2.69%", "2011-12-31": "-3.98%", "2011-09-30": "1.96%", "2011-06-30": "-0.95%", "2011-03-31": "-4.55%", "2010-12-31": "-6.92%", "2010-09-30": "-12.45%", "2010-06-30": "-14.10%", "2010-03-31": "-12.98%", "2009-12-31": "-10.81%", "2009-09-30": "-60.57%", "2009-06-30": "-62.86%", "2009-03-31": "-67.00%", "2008-12-31": "-69.38%", "2008-09-30": "9.49%", "2008-06-30": "13.82%", "2008-03-31": "17.19%", "2007-12-31": "16.94%", "2007-09-30": "20.23%", "2007-06-30": "20.94%", "2007-03-31": "21.09%", "2006-12-31": "23.04%", "2006-09-30": "24.70%", "2006-06-30": "23.38%", "2006-03-31": "21.43%", "2005-12-31": "20.43%"}, "dividend yield history": {"last payout": "$0.62", "last yield": "3.17%"}}