{"ticker": "RNG", "price": {"title": "Ringcentral Historical Annual Stock Price Data", "value": 407.17, "historical": {"2020": {"Average Stock Price": "262.4111", "Year Open": "173.1900", "Year High": "402.5100", "Year Low": "138.9600", "Year Close": "378.9700", "Annual % Change": "124.68%"}, "2019": {"Average Stock Price": "127.7620", "Year Open": "80.9800", "Year High": "176.7000", "Year Low": "78.4200", "Year Close": "168.6700", "Annual % Change": "104.60%"}, "2018": {"Average Stock Price": "73.8962", "Year Open": "47.8000", "Year High": "96.8500", "Year Low": "47.3000", "Year Close": "82.4400", "Annual % Change": "70.33%"}, "2017": {"Average Stock Price": "35.4592", "Year Open": "21.3500", "Year High": "49.6500", "Year Low": "21.2500", "Year Close": "48.4000", "Annual % Change": "134.95%"}, "2016": {"Average Stock Price": "20.5423", "Year Open": "22.7600", "Year High": "24.1500", "Year Low": "14.3800", "Year Close": "20.6000", "Annual % Change": "-12.64%"}, "2015": {"Average Stock Price": "18.0938", "Year Open": "14.7300", "Year High": "25.4700", "Year Low": "13.5000", "Year Close": "23.5800", "Annual % Change": "58.04%"}, "2014": {"Average Stock Price": "15.1668", "Year Open": "17.8400", "Year High": "23.5200", "Year Low": "10.1700", "Year Close": "14.9200", "Annual % Change": "-18.78%"}, "2013": {"Average Stock Price": "17.5180", "Year Open": "18.2000", "Year High": "19.2600", "Year Low": "15.8300", "Year Close": "18.3700", "Annual % Change": "0.00%"}}}, "market cap": {"value": "$36.5B"}, "income statement": {"Revenue": {"2019-12-31": "902.85800", "2018-12-31": "673.62400", "2017-12-31": "503.61700", "2016-12-31": "380.43600", "2015-12-31": "296.22800", "2014-12-31": "219.88700", "2013-12-31": "160.50500", "2012-12-31": "114.52600", "2011-12-31": "78.87700", "2010-12-31": "50.22200"}, "Cost Of Goods Sold": {"2019-12-31": "231.04300", "2018-12-31": "157.12900", "2017-12-31": "121.27100", "2016-12-31": "92.21100", "2015-12-31": "87.27100", "2014-12-31": "76.77300", "2013-12-31": "61.51900", "2012-12-31": "44.90300", "2011-12-31": "32.99800", "2010-12-31": "22.45200"}, "Gross Profit": {"2019-12-31": "671.81490", "2018-12-31": "516.49500", "2017-12-31": "382.34600", "2016-12-31": "288.22500", "2015-12-31": "208.95700", "2014-12-31": "143.11400", "2013-12-31": "98.98600", "2012-12-31": "69.62300", "2011-12-31": "45.87900", "2010-12-31": "27.77000"}, "Research And Development Expenses": {"2019-12-31": "136.36300", "2018-12-31": "101.04200", "2017-12-31": "75.14800", "2016-12-31": "65.51400", "2015-12-31": "52.92400", "2014-12-31": "44.58200", "2013-12-31": "33.39900", "2012-12-31": "24.45000", "2011-12-31": "12.19900", "2010-12-31": "7.20800"}, "SG&A Expenses": {"2019-12-31": "581.12700", "2018-12-31": "431.88900", "2017-12-31": "312.53600", "2016-12-31": "235.57900", "2015-12-31": "186.96500", "2014-12-31": "143.73700", "2013-12-31": "106.62000", "2012-12-31": "79.00000", "2011-12-31": "47.51900", "2010-12-31": "27.85600"}, "Other Operating Income Or Expenses": {"2019-12-31": "", "2018-12-31": "", "2017-12-31": "", "2016-12-31": "", "2015-12-31": "", "2014-12-31": "", "2013-12-31": "", "2012-12-31": "", "2011-12-31": "", "2010-12-31": ""}, "Operating Expenses": {"2019-12-31": "948.53300", "2018-12-31": "690.06000", "2017-12-31": "508.95500", "2016-12-31": "393.30400", "2015-12-31": "327.16000", "2014-12-31": "265.09200", "2013-12-31": "201.53800", "2012-12-31": "148.35300", "2011-12-31": "92.71600", "2010-12-31": "57.51600"}, "Operating Income": {"2019-12-31": "-45.67510", "2018-12-31": "-16.43600", "2017-12-31": "-5.33800", "2016-12-31": "-12.86800", "2015-12-31": "-30.93200", "2014-12-31": "-45.20500", "2013-12-31": "-41.03300", "2012-12-31": "-33.82700", "2011-12-31": "-13.83900", "2010-12-31": "-7.29400"}, "Total Non-Operating Income/Expense": {"2019-12-31": "-11.26500", "2018-12-31": "-9.62700", "2017-12-31": "1.39200", "2016-12-31": "-3.12100", "2015-12-31": "-2.43000", "2014-12-31": "-3.03800", "2013-12-31": "-5.11000", "2012-12-31": "-1.47100", "2011-12-31": "-0.04900", "2010-12-31": "-0.01200"}, "Pre-Tax Income": {"2019-12-31": "-56.94000", "2018-12-31": "-26.06300", "2017-12-31": "-3.94600", "2016-12-31": "-15.98900", "2015-12-31": "-33.36200", "2014-12-31": "-48.24300", "2013-12-31": "-46.14300", "2012-12-31": "-35.29800", "2011-12-31": "-13.88800", "2010-12-31": "-7.30600"}, "Income Taxes": {"2019-12-31": "-3.33300", "2018-12-31": "0.14000", "2017-12-31": "0.25800", "2016-12-31": "0.23600", "2015-12-31": "-1.26300", "2014-12-31": "0.09700", "2013-12-31": "-0.04500", "2012-12-31": "0.09200", "2011-12-31": "0.01500", "2010-12-31": "0.00100"}, "Income After Taxes": {"2019-12-31": "-53.60700", "2018-12-31": "-26.20300", "2017-12-31": "-4.20400", "2016-12-31": "-16.22500", "2015-12-31": "-32.09900", "2014-12-31": "-48.34000", "2013-12-31": "-46.09800", "2012-12-31": "-35.39000", "2011-12-31": "-13.90300", "2010-12-31": "-7.30700"}, "Other Income": {"2019-12-31": "", "2018-12-31": "", "2017-12-31": "", "2016-12-31": "", "2015-12-31": "", "2014-12-31": "", "2013-12-31": "", "2012-12-31": "", "2011-12-31": "", "2010-12-31": ""}, "Income From Continuous Operations": {"2019-12-31": "-53.60700", "2018-12-31": "-26.20300", "2017-12-31": "-4.20400", "2016-12-31": "-16.22500", "2015-12-31": "-32.09900", "2014-12-31": "-48.34000", "2013-12-31": "-46.09800", "2012-12-31": "-35.39000", "2011-12-31": "-13.90300", "2010-12-31": "-7.30700"}, "Income From Discontinued Operations": {"2019-12-31": "", "2018-12-31": "", "2017-12-31": "", "2016-12-31": "", "2015-12-31": "", "2014-12-31": "", "2013-12-31": "", "2012-12-31": "", "2011-12-31": "", "2010-12-31": ""}, "Net Income": {"2019-12-31": "-53.60700", "2018-12-31": "-26.20300", "2017-12-31": "-4.20400", "2016-12-31": "-16.22500", "2015-12-31": "-32.09900", "2014-12-31": "-48.34000", "2013-12-31": "-46.09800", "2012-12-31": "-35.39000", "2011-12-31": "-13.90300", "2010-12-31": "-7.30700"}, "EBITDA": {"2019-12-31": "42.66600", "2018-12-31": "42.50900", "2017-12-31": "23.49900", "2016-12-31": "9.36200", "2015-12-31": "-16.84900", "2014-12-31": "-34.82700", "2013-12-31": "-32.05300", "2012-12-31": "-27.63600", "2011-12-31": "-10.29300", "2010-12-31": "-6.02400"}, "EBIT": {"2019-12-31": "-45.67510", "2018-12-31": "-16.43600", "2017-12-31": "-5.33800", "2016-12-31": "-12.86800", "2015-12-31": "-30.93200", "2014-12-31": "-45.20500", "2013-12-31": "-41.03300", "2012-12-31": "-33.82700", "2011-12-31": "-13.83900", "2010-12-31": "-7.29400"}, "Basic Shares Outstanding": {"2019-12-31": "83.13000", "2018-12-31": "79.50000", "2017-12-31": "76.28100", "2016-12-31": "72.99400", "2015-12-31": "70.06900", "2014-12-31": "66.81800", "2013-12-31": "33.15500", "2012-12-31": "22.35300", "2011-12-31": "21.67800", "2010-12-31": "20.87100"}, "Shares Outstanding": {"2019-12-31": "83.13000", "2018-12-31": "79.50000", "2017-12-31": "76.28100", "2016-12-31": "72.99400", "2015-12-31": "70.06900", "2014-12-31": "66.81800", "2013-12-31": "33.15500", "2012-12-31": "22.35300", "2011-12-31": "21.67800", "2010-12-31": "20.87100"}, "Basic EPS": {"2019-12-31": "-0.64000", "2018-12-31": "-0.33000", "2017-12-31": "-0.06000", "2016-12-31": "-0.22000", "2015-12-31": "-0.46000", "2014-12-31": "-0.72000", "2013-12-31": "-1.39000", "2012-12-31": "-1.58000", "2011-12-31": "-0.64000", "2010-12-31": "0.35000"}, "EPS - Earnings Per Share": {"2019-12-31": "-0.64000", "2018-12-31": "-0.33000", "2017-12-31": "-0.06000", "2016-12-31": "-0.22000", "2015-12-31": "-0.46000", "2014-12-31": "-0.72000", "2013-12-31": "-1.39000", "2012-12-31": "-1.58000", "2011-12-31": "-0.64000", "2010-12-31": "0.35000"}}, "income statement, quarterly": {"Revenue": {"2020-09-30": "303.62400", "2020-06-30": "277.98500", "2020-03-31": "267.51200", "2019-12-31": "252.86500", "2019-09-30": "233.35200", "2019-06-30": "215.15200", "2019-03-31": "201.48900", "2018-12-31": "188.62400", "2018-09-30": "173.82500", "2018-06-30": "160.83200", "2018-03-31": "150.34300", "2017-12-31": "141.18500", "2017-09-30": "130.27900", "2017-06-30": "119.91900", "2017-03-31": "112.23400", "2016-12-31": "105.21500", "2016-09-30": "96.83900", "2016-06-30": "91.84400", "2016-03-31": "86.53800", "2015-12-31": "83.43900", "2015-09-30": "76.78000", "2015-06-30": "70.69100", "2015-03-31": "65.31800", "2014-12-31": "61.89400", "2014-09-30": "56.94400", "2014-06-30": "52.78700", "2014-03-31": "48.26200", "2013-12-31": "45.34200", "2013-09-30": "41.93400", "2013-06-30": "37.70400", "2013-03-31": "35.52500", "2012-12-31": "", "2012-09-30": "29.58800", "2011-12-31": "", "2010-12-31": ""}, "Cost Of Goods Sold": {"2020-09-30": "82.31400", "2020-06-30": "76.63700", "2020-03-31": "73.44400", "2019-12-31": "66.87300", "2019-09-30": "59.70500", "2019-06-30": "53.63000", "2019-03-31": "50.83500", "2018-12-31": "44.11500", "2018-09-30": "39.27400", "2018-06-30": "38.06600", "2018-03-31": "35.67400", "2017-12-31": "33.62000", "2017-09-30": "30.78400", "2017-06-30": "29.56100", "2017-03-31": "27.30600", "2016-12-31": "24.65200", "2016-09-30": "23.45500", "2016-06-30": "22.36400", "2016-03-31": "21.74000", "2015-12-31": "22.86200", "2015-09-30": "22.33300", "2015-06-30": "21.52900", "2015-03-31": "20.54700", "2014-12-31": "19.92200", "2014-09-30": "19.40500", "2014-06-30": "19.54300", "2014-03-31": "17.90300", "2013-12-31": "17.15200", "2013-09-30": "15.96800", "2013-06-30": "14.66200", "2013-03-31": "13.73700", "2012-12-31": "", "2012-09-30": "11.23200", "2011-12-31": "", "2010-12-31": ""}, "Gross Profit": {"2020-09-30": "221.31000", "2020-06-30": "201.34800", "2020-03-31": "194.06800", "2019-12-31": "185.99200", "2019-09-30": "173.64700", "2019-06-30": "161.52200", "2019-03-31": "150.65400", "2018-12-31": "144.50900", "2018-09-30": "134.55100", "2018-06-30": "122.76600", "2018-03-31": "114.66900", "2017-12-31": "107.56500", "2017-09-30": "99.49500", "2017-06-30": "90.35800", "2017-03-31": "84.92800", "2016-12-31": "80.56300", "2016-09-30": "73.38400", "2016-06-30": "69.48000", "2016-03-31": "64.79800", "2015-12-31": "60.57700", "2015-09-30": "54.44700", "2015-06-30": "49.16200", "2015-03-31": "44.77100", "2014-12-31": "41.97200", "2014-09-30": "37.53900", "2014-06-30": "33.24400", "2014-03-31": "30.35900", "2013-12-31": "28.19000", "2013-09-30": "25.96600", "2013-06-30": "23.04200", "2013-03-31": "21.78800", "2012-12-31": "", "2012-09-30": "18.35600", "2011-12-31": "", "2010-12-31": ""}, "Research And Development Expenses": {"2020-09-30": "48.48100", "2020-06-30": "43.51900", "2020-03-31": "40.91000", "2019-12-31": "38.65800", "2019-09-30": "35.28600", "2019-06-30": "32.63200", "2019-03-31": "29.78700", "2018-12-31": "27.23000", "2018-09-30": "26.34700", "2018-06-30": "24.81400", "2018-03-31": "22.65100", "2017-12-31": "20.36200", "2017-09-30": "19.08200", "2017-06-30": "18.61700", "2017-03-31": "17.08700", "2016-12-31": "17.41700", "2016-09-30": "16.49000", "2016-06-30": "16.68100", "2016-03-31": "14.92600", "2015-12-31": "15.31200", "2015-09-30": "13.47500", "2015-06-30": "12.29700", "2015-03-31": "11.84000", "2014-12-31": "12.10400", "2014-09-30": "11.93100", "2014-06-30": "10.87400", "2014-03-31": "9.67300", "2013-12-31": "9.13900", "2013-09-30": "8.15000", "2013-06-30": "8.60600", "2013-03-31": "7.50400", "2012-12-31": "", "2012-09-30": "6.54400", "2011-12-31": "", "2010-12-31": ""}, "SG&A Expenses": {"2020-09-30": "202.49900", "2020-06-30": "187.16500", "2020-03-31": "178.64800", "2019-12-31": "167.70300", "2019-09-30": "149.02400", "2019-06-30": "136.07000", "2019-03-31": "128.33000", "2018-12-31": "120.68300", "2018-09-30": "115.23100", "2018-06-30": "102.60600", "2018-03-31": "93.36900", "2017-12-31": "87.42000", "2017-09-30": "80.67800", "2017-06-30": "74.36800", "2017-03-31": "70.07000", "2016-12-31": "56.66900", "2016-09-30": "63.95500", "2016-06-30": "59.10300", "2016-03-31": "55.85200", "2015-12-31": "51.26100", "2015-09-30": "46.80000", "2015-06-30": "46.40400", "2015-03-31": "42.50000", "2014-12-31": "39.21100", "2014-09-30": "36.42200", "2014-06-30": "35.18000", "2014-03-31": "32.92400", "2013-12-31": "29.40600", "2013-09-30": "25.96700", "2013-06-30": "27.55500", "2013-03-31": "23.69200", "2012-12-31": "", "2012-09-30": "20.85000", "2011-12-31": "", "2010-12-31": ""}, "Other Operating Income Or Expenses": {"2020-09-30": "", "2020-06-30": "", "2020-03-31": "", "2019-12-31": "", "2019-09-30": "", "2019-06-30": "", "2019-03-31": "", "2018-12-31": "", "2018-09-30": "", "2018-06-30": "", "2018-03-31": "", "2017-12-31": "", "2017-09-30": "", "2017-06-30": "", "2017-03-31": "", "2016-12-31": "", "2016-09-30": "", "2016-06-30": "", "2016-03-31": "", "2015-12-31": "", "2015-09-30": "", "2015-06-30": "", "2015-03-31": "", "2014-12-31": "", "2014-09-30": "", "2014-06-30": "", "2014-03-31": "", "2013-12-31": "", "2013-09-30": "", "2013-06-30": "", "2013-03-31": "", "2012-12-31": "", "2012-09-30": "", "2011-12-31": "", "2010-12-31": ""}, "Operating Expenses": {"2020-09-30": "333.29400", "2020-06-30": "307.32100", "2020-03-31": "293.00200", "2019-12-31": "273.23400", "2019-09-30": "244.01500", "2019-06-30": "222.33200", "2019-03-31": "208.95200", "2018-12-31": "192.02800", "2018-09-30": "180.85200", "2018-06-30": "165.48600", "2018-03-31": "151.69400", "2017-12-31": "141.40200", "2017-09-30": "130.54400", "2017-06-30": "122.54600", "2017-03-31": "114.46300", "2016-12-31": "98.73800", "2016-09-30": "103.90000", "2016-06-30": "98.14800", "2016-03-31": "92.51800", "2015-12-31": "89.43500", "2015-09-30": "82.60800", "2015-06-30": "80.23000", "2015-03-31": "74.88700", "2014-12-31": "71.23700", "2014-09-30": "67.75800", "2014-06-30": "65.59700", "2014-03-31": "60.50000", "2013-12-31": "55.69700", "2013-09-30": "50.08500", "2013-06-30": "50.82300", "2013-03-31": "44.93300", "2012-12-31": "", "2012-09-30": "38.62600", "2011-12-31": "", "2010-12-31": ""}, "Operating Income": {"2020-09-30": "-29.67000", "2020-06-30": "-29.33600", "2020-03-31": "-25.49000", "2019-12-31": "-20.36900", "2019-09-30": "-10.66300", "2019-06-30": "-7.18000", "2019-03-31": "-7.46300", "2018-12-31": "-3.40400", "2018-09-30": "-7.02700", "2018-06-30": "-4.65400", "2018-03-31": "-1.35100", "2017-12-31": "-0.21700", "2017-09-30": "-0.26500", "2017-06-30": "-2.62700", "2017-03-31": "-2.22900", "2016-12-31": "6.47700", "2016-09-30": "-7.06100", "2016-06-30": "-6.30400", "2016-03-31": "-5.98000", "2015-12-31": "-5.99600", "2015-09-30": "-5.82800", "2015-06-30": "-9.53900", "2015-03-31": "-9.56900", "2014-12-31": "-9.34300", "2014-09-30": "-10.81400", "2014-06-30": "-12.81000", "2014-03-31": "-12.23800", "2013-12-31": "-10.35500", "2013-09-30": "-8.15100", "2013-06-30": "-13.11900", "2013-03-31": "-9.40800", "2012-12-31": "", "2012-09-30": "-9.03800", "2011-12-31": "", "2010-12-31": ""}, "Total Non-Operating Income/Expense": {"2020-09-30": "9.14400", "2020-06-30": "30.00500", "2020-03-31": "-35.01900", "2019-12-31": "-5.10300", "2019-09-30": "-2.23400", "2019-06-30": "-1.94700", "2019-03-31": "-1.98100", "2018-12-31": "-2.40800", "2018-09-30": "-2.38300", "2018-06-30": "-3.49800", "2018-03-31": "-1.33800", "2017-12-31": "0.17300", "2017-09-30": "0.60700", "2017-06-30": "0.56900", "2017-03-31": "0.04300", "2016-12-31": "-0.25600", "2016-09-30": "-0.87200", "2016-06-30": "-1.41000", "2016-03-31": "-0.58300", "2015-12-31": "-0.86600", "2015-09-30": "-0.56400", "2015-06-30": "-0.04100", "2015-03-31": "-0.95900", "2014-12-31": "-0.86400", "2014-09-30": "-1.15300", "2014-06-30": "-0.38300", "2014-03-31": "-0.63800", "2013-12-31": "-2.98900", "2013-09-30": "-0.64700", "2013-06-30": "-0.63200", "2013-03-31": "-0.84200", "2012-12-31": "", "2012-09-30": "-0.50500", "2011-12-31": "", "2010-12-31": ""}, "Pre-Tax Income": {"2020-09-30": "-20.52600", "2020-06-30": "0.66900", "2020-03-31": "-60.50900", "2019-12-31": "-25.47200", "2019-09-30": "-12.89700", "2019-06-30": "-9.12700", "2019-03-31": "-9.44400", "2018-12-31": "-5.81200", "2018-09-30": "-9.41000", "2018-06-30": "-8.15200", "2018-03-31": "-2.68900", "2017-12-31": "-0.04400", "2017-09-30": "0.34200", "2017-06-30": "-2.05800", "2017-03-31": "-2.18600", "2016-12-31": "6.22100", "2016-09-30": "-7.93300", "2016-06-30": "-7.71400", "2016-03-31": "-6.56300", "2015-12-31": "-6.86200", "2015-09-30": "-6.39200", "2015-06-30": "-9.58000", "2015-03-31": "-10.52800", "2014-12-31": "-10.20700", "2014-09-30": "-11.96700", "2014-06-30": "-13.19300", "2014-03-31": "-12.87600", "2013-12-31": "-13.34400", "2013-09-30": "-8.79800", "2013-06-30": "-13.75100", "2013-03-31": "-10.25000", "2012-12-31": "", "2012-09-30": "-9.54300", "2011-12-31": "", "2010-12-31": ""}, "Income Taxes": {"2020-09-30": "0.43100", "2020-06-30": "0.16000", "2020-03-31": "0.21200", "2019-12-31": "-0.21500", "2019-09-30": "-0.14800", "2019-06-30": "0.11600", "2019-03-31": "-3.08600", "2018-12-31": "-0.13400", "2018-09-30": "0.10800", "2018-06-30": "0.13900", "2018-03-31": "0.02700", "2017-12-31": "0.07700", "2017-09-30": "0.07300", "2017-06-30": "0.05700", "2017-03-31": "0.05100", "2016-12-31": "0.08300", "2016-09-30": "0.04600", "2016-06-30": "0.05700", "2016-03-31": "0.05000", "2015-12-31": "0.07900", "2015-09-30": "-0.05600", "2015-06-30": "-1.36900", "2015-03-31": "0.08300", "2014-12-31": "-0.08700", "2014-09-30": "0.01900", "2014-06-30": "0.13700", "2014-03-31": "0.02800", "2013-12-31": "0.02100", "2013-09-30": "0.05400", "2013-06-30": "-0.13200", "2013-03-31": "0.01200", "2012-12-31": "", "2012-09-30": "0.02500", "2011-12-31": "", "2010-12-31": ""}, "Income After Taxes": {"2020-09-30": "-20.95700", "2020-06-30": "0.50900", "2020-03-31": "-60.72100", "2019-12-31": "-25.25700", "2019-09-30": "-12.74900", "2019-06-30": "-9.24300", "2019-03-31": "-6.35800", "2018-12-31": "-5.67800", "2018-09-30": "-9.51800", "2018-06-30": "-8.29100", "2018-03-31": "-2.71600", "2017-12-31": "-0.12100", "2017-09-30": "0.26900", "2017-06-30": "-2.11500", "2017-03-31": "-2.23700", "2016-12-31": "6.13800", "2016-09-30": "-7.97900", "2016-06-30": "-7.77100", "2016-03-31": "-6.61300", "2015-12-31": "-6.94100", "2015-09-30": "-6.33600", "2015-06-30": "-8.21100", "2015-03-31": "-10.61100", "2014-12-31": "-10.12000", "2014-09-30": "-11.98600", "2014-06-30": "-13.33000", "2014-03-31": "-12.90400", "2013-12-31": "-13.36500", "2013-09-30": "-8.85200", "2013-06-30": "-13.61900", "2013-03-31": "-10.26200", "2012-12-31": "", "2012-09-30": "-9.56800", "2011-12-31": "", "2010-12-31": ""}, "Other Income": {"2020-09-30": "", "2020-06-30": "", "2020-03-31": "", "2019-12-31": "", "2019-09-30": "", "2019-06-30": "", "2019-03-31": "", "2018-12-31": "", "2018-09-30": "", "2018-06-30": "", "2018-03-31": "", "2017-12-31": "", "2017-09-30": "", "2017-06-30": "", "2017-03-31": "", "2016-12-31": "", "2016-09-30": "", "2016-06-30": "", "2016-03-31": "", "2015-12-31": "", "2015-09-30": "", "2015-06-30": "", "2015-03-31": "", "2014-12-31": "", "2014-09-30": "", "2014-06-30": "", "2014-03-31": "", "2013-12-31": "", "2013-09-30": "", "2013-06-30": "", "2013-03-31": "", "2012-12-31": "", "2012-09-30": "", "2011-12-31": "", "2010-12-31": ""}, "Income From Continuous Operations": {"2020-09-30": "-20.95700", "2020-06-30": "0.50900", "2020-03-31": "-60.72100", "2019-12-31": "-25.25700", "2019-09-30": "-12.74900", "2019-06-30": "-9.24300", "2019-03-31": "-6.35800", "2018-12-31": "-5.67800", "2018-09-30": "-9.51800", "2018-06-30": "-8.29100", "2018-03-31": "-2.71600", "2017-12-31": "-0.12100", "2017-09-30": "0.26900", "2017-06-30": "-2.11500", "2017-03-31": "-2.23700", "2016-12-31": "6.13800", "2016-09-30": "-7.97900", "2016-06-30": "-7.77100", "2016-03-31": "-6.61300", "2015-12-31": "-6.94100", "2015-09-30": "-6.33600", "2015-06-30": "-8.21100", "2015-03-31": "-10.61100", "2014-12-31": "-10.12000", "2014-09-30": "-11.98600", "2014-06-30": "-13.33000", "2014-03-31": "-12.90400", "2013-12-31": "-13.36500", "2013-09-30": "-8.85200", "2013-06-30": "-13.61900", "2013-03-31": "-10.26200", "2012-12-31": "", "2012-09-30": "-9.56800", "2011-12-31": "", "2010-12-31": ""}, "Income From Discontinued Operations": {"2020-09-30": "", "2020-06-30": "", "2020-03-31": "", "2019-12-31": "", "2019-09-30": "", "2019-06-30": "", "2019-03-31": "", "2018-12-31": "", "2018-09-30": "", "2018-06-30": "", "2018-03-31": "", "2017-12-31": "", "2017-09-30": "", "2017-06-30": "", "2017-03-31": "", "2016-12-31": "", "2016-09-30": "", "2016-06-30": "", "2016-03-31": "", "2015-12-31": "", "2015-09-30": "", "2015-06-30": "", "2015-03-31": "", "2014-12-31": "", "2014-09-30": "", "2014-06-30": "", "2014-03-31": "", "2013-12-31": "", "2013-09-30": "", "2013-06-30": "", "2013-03-31": "", "2012-12-31": "", "2012-09-30": "", "2011-12-31": "", "2010-12-31": ""}, "Net Income": {"2020-09-30": "-20.95700", "2020-06-30": "0.50900", "2020-03-31": "-60.72100", "2019-12-31": "-25.25700", "2019-09-30": "-12.74900", "2019-06-30": "-9.24300", "2019-03-31": "-6.35800", "2018-12-31": "-5.67800", "2018-09-30": "-9.51800", "2018-06-30": "-8.29100", "2018-03-31": "-2.71600", "2017-12-31": "-0.12100", "2017-09-30": "0.26900", "2017-06-30": "-2.11500", "2017-03-31": "-2.23700", "2016-12-31": "6.13800", "2016-09-30": "-7.97900", "2016-06-30": "-7.77100", "2016-03-31": "-6.61300", "2015-12-31": "-6.94100", "2015-09-30": "-6.33600", "2015-06-30": "-8.21100", "2015-03-31": "-10.61100", "2014-12-31": "-10.12000", "2014-09-30": "-11.98600", "2014-06-30": "-13.33000", "2014-03-31": "-12.90400", "2013-12-31": "-13.36500", "2013-09-30": "-8.85200", "2013-06-30": "-13.61900", "2013-03-31": "-10.26200", "2012-12-31": "", "2012-09-30": "-9.56800", "2011-12-31": "", "2010-12-31": ""}, "EBITDA": {"2020-09-30": "14.38900", "2020-06-30": "12.03200", "2020-03-31": "8.31900", "2019-12-31": "5.57400", "2019-09-30": "12.02200", "2019-06-30": "13.62700", "2019-03-31": "11.44300", "2018-12-31": "13.38800", "2018-09-30": "8.82300", "2018-06-30": "10.75300", "2018-03-31": "9.54500", "2017-12-31": "7.81700", "2017-09-30": "7.15300", "2017-06-30": "4.37600", "2017-03-31": "4.15300", "2016-12-31": "17.95800", "2016-09-30": "-3.26500", "2016-06-30": "-2.72800", "2016-03-31": "-2.60300", "2015-12-31": "-2.45000", "2015-09-30": "-2.22200", "2015-06-30": "-5.92700", "2015-03-31": "-6.25000", "2014-12-31": "-6.37400", "2014-09-30": "-7.99500", "2014-06-30": "-10.33900", "2014-03-31": "-10.11900", "2013-12-31": "-7.98100", "2013-09-30": "-5.89600", "2013-06-30": "-10.92400", "2013-03-31": "-7.25200", "2012-12-31": "", "2012-09-30": "-9.03800", "2011-12-31": "", "2010-12-31": ""}, "EBIT": {"2020-09-30": "-29.67000", "2020-06-30": "-29.33600", "2020-03-31": "-25.49000", "2019-12-31": "-20.36910", "2019-09-30": "-10.66300", "2019-06-30": "-7.18000", "2019-03-31": "-7.46300", "2018-12-31": "-3.40400", "2018-09-30": "-7.02700", "2018-06-30": "-4.65400", "2018-03-31": "-1.35100", "2017-12-31": "-0.21700", "2017-09-30": "-0.26500", "2017-06-30": "-2.62700", "2017-03-31": "-2.22900", "2016-12-31": "6.47700", "2016-09-30": "-7.06100", "2016-06-30": "-6.30400", "2016-03-31": "-5.98000", "2015-12-31": "-5.99600", "2015-09-30": "-5.82800", "2015-06-30": "-9.53900", "2015-03-31": "-9.56900", "2014-12-31": "-9.34300", "2014-09-30": "-10.81400", "2014-06-30": "-12.81000", "2014-03-31": "-12.23800", "2013-12-31": "-10.35500", "2013-09-30": "-8.15100", "2013-06-30": "-13.11900", "2013-03-31": "-9.40800", "2012-12-31": "", "2012-09-30": "-9.03800", "2011-12-31": "", "2010-12-31": ""}, "Basic Shares Outstanding": {"2020-09-30": "89.17300", "2020-06-30": "88.25400", "2020-03-31": "87.33900", "2019-12-31": "83.13000", "2019-09-30": "83.28300", "2019-06-30": "82.33900", "2019-03-31": "81.40000", "2018-12-31": "79.50000", "2018-09-30": "79.90300", "2018-06-30": "79.08900", "2018-03-31": "78.34100", "2017-12-31": "76.28100", "2017-09-30": "76.91500", "2017-06-30": "75.86700", "2017-03-31": "74.68200", "2016-12-31": "72.99400", "2016-09-30": "73.28500", "2016-06-30": "72.64900", "2016-03-31": "72.11400", "2015-12-31": "70.06900", "2015-09-30": "70.58000", "2015-06-30": "69.48700", "2015-03-31": "68.76400", "2014-12-31": "66.81800", "2014-09-30": "67.80000", "2014-06-30": "67.29500", "2014-03-31": "63.80000", "2013-12-31": "33.15500", "2013-09-30": "24.45200", "2013-06-30": "22.76600", "2013-03-31": "22.63100", "2012-12-31": "", "2012-09-30": "22.37200", "2011-12-31": "", "2010-12-31": ""}, "Shares Outstanding": {"2020-09-30": "89.17300", "2020-06-30": "94.14500", "2020-03-31": "87.33900", "2019-12-31": "83.13000", "2019-09-30": "83.28300", "2019-06-30": "82.33900", "2019-03-31": "81.40000", "2018-12-31": "79.50000", "2018-09-30": "79.90300", "2018-06-30": "79.08900", "2018-03-31": "78.34100", "2017-12-31": "76.28100", "2017-09-30": "83.10900", "2017-06-30": "75.86700", "2017-03-31": "74.68200", "2016-12-31": "72.99400", "2016-09-30": "73.28500", "2016-06-30": "72.64900", "2016-03-31": "72.11400", "2015-12-31": "70.06900", "2015-09-30": "70.58000", "2015-06-30": "69.48700", "2015-03-31": "68.76400", "2014-12-31": "66.81800", "2014-09-30": "67.80000", "2014-06-30": "67.29500", "2014-03-31": "63.80000", "2013-12-31": "33.15500", "2013-09-30": "24.45200", "2013-06-30": "22.76600", "2013-03-31": "22.63100", "2012-12-31": "", "2012-09-30": "22.37200", "2011-12-31": "", "2010-12-31": ""}, "Basic EPS": {"2020-09-30": "-0.24000", "2020-06-30": "0.01000", "2020-03-31": "-0.70000", "2019-12-31": "-0.30000", "2019-09-30": "-0.15000", "2019-06-30": "-0.11000", "2019-03-31": "-0.08000", "2018-12-31": "-0.08000", "2018-09-30": "-0.12000", "2018-06-30": "-0.10000", "2018-03-31": "-0.03000", "2017-12-31": "", "2017-09-30": "0.00000", "2017-06-30": "-0.03000", "2017-03-31": "-0.03000", "2016-12-31": "0.09000", "2016-09-30": "-0.11000", "2016-06-30": "-0.11000", "2016-03-31": "-0.09000", "2015-12-31": "-0.10000", "2015-09-30": "-0.09000", "2015-06-30": "-0.12000", "2015-03-31": "-0.15000", "2014-12-31": "-0.14000", "2014-09-30": "-0.18000", "2014-06-30": "-0.20000", "2014-03-31": "-0.20000", "2013-12-31": "0.02000", "2013-09-30": "-0.36000", "2013-06-30": "-0.60000", "2013-03-31": "-0.45000", "2012-12-31": "", "2012-09-30": "-0.43000", "2011-12-31": "", "2010-12-31": ""}, "EPS - Earnings Per Share": {"2020-09-30": "-0.24000", "2020-06-30": "0.01000", "2020-03-31": "-0.70000", "2019-12-31": "-0.30000", "2019-09-30": "-0.15000", "2019-06-30": "-0.11000", "2019-03-31": "-0.08000", "2018-12-31": "-0.08000", "2018-09-30": "-0.12000", "2018-06-30": "-0.10000", "2018-03-31": "-0.03000", "2017-12-31": "0.00000", "2017-09-30": "0.00000", "2017-06-30": "-0.03000", "2017-03-31": "-0.03000", "2016-12-31": "0.09000", "2016-09-30": "-0.11000", "2016-06-30": "-0.11000", "2016-03-31": "-0.09000", "2015-12-31": "-0.10000", "2015-09-30": "-0.09000", "2015-06-30": "-0.12000", "2015-03-31": "-0.15000", "2014-12-31": "-0.14000", "2014-09-30": "-0.18000", "2014-06-30": "-0.20000", "2014-03-31": "-0.20000", "2013-12-31": "0.02000", "2013-09-30": "-0.36000", "2013-06-30": "-0.60000", "2013-03-31": "-0.45000", "2012-12-31": "0.00000", "2012-09-30": "-0.43000", "2011-12-31": "0.00000", "2010-12-31": "0.00000"}}, "balance sheet": {"Cash On Hand": {"2019-12-31": "343.60600", "2018-12-31": "566.32900", "2017-12-31": "181.19200", "2016-12-31": "160.35500", "2015-12-31": "137.58800", "2014-12-31": "141.66100", "2013-12-31": "116.37800", "2012-12-31": "37.86400", "2011-12-31": "13.57700", "2010-12-31": ""}, "Receivables": {"2019-12-31": "129.99000", "2018-12-31": "94.37500", "2017-12-31": "46.69000", "2016-12-31": "30.24300", "2015-12-31": "19.16300", "2014-12-31": "7.65100", "2013-12-31": "3.04500", "2012-12-31": "2.69000", "2011-12-31": "0.43400", "2010-12-31": ""}, "Inventory": {"2019-12-31": "", "2018-12-31": "", "2017-12-31": "", "2016-12-31": "", "2015-12-31": "2.31700", "2014-12-31": "1.71000", "2013-12-31": "2.11100", "2012-12-31": "0.83300", "2011-12-31": "1.60200", "2010-12-31": ""}, "Pre-Paid Expenses": {"2019-12-31": "25.35400", "2018-12-31": "23.77200", "2017-12-31": "21.51200", "2016-12-31": "15.31300", "2015-12-31": "11.97800", "2014-12-31": "8.76700", "2013-12-31": "5.21400", "2012-12-31": "3.40800", "2011-12-31": "1.22800", "2010-12-31": ""}, "Other Current Assets": {"2019-12-31": "", "2018-12-31": "", "2017-12-31": "", "2016-12-31": "", "2015-12-31": "", "2014-12-31": "", "2013-12-31": "", "2012-12-31": "", "2011-12-31": "", "2010-12-31": ""}, "Total Current Assets": {"2019-12-31": "535.53900", "2018-12-31": "707.51400", "2017-12-31": "264.81800", "2016-12-31": "205.91100", "2015-12-31": "171.04600", "2014-12-31": "159.78900", "2013-12-31": "126.74800", "2012-12-31": "44.79500", "2011-12-31": "16.84100", "2010-12-31": ""}, "Property, Plant, And Equipment": {"2019-12-31": "89.23000", "2018-12-31": "70.20500", "2017-12-31": "43.29800", "2016-12-31": "31.99400", "2015-12-31": "28.16000", "2014-12-31": "25.52700", "2013-12-31": "16.66000", "2012-12-31": "17.00800", "2011-12-31": "9.29300", "2010-12-31": ""}, "Long-Term Investments": {"2019-12-31": "132.18800", "2018-12-31": "", "2017-12-31": "", "2016-12-31": "", "2015-12-31": "", "2014-12-31": "", "2013-12-31": "", "2012-12-31": "", "2011-12-31": "", "2010-12-31": ""}, "Goodwill And Intangible Assets": {"2019-12-31": "182.61600", "2018-12-31": "50.71800", "2017-12-31": "10.85500", "2016-12-31": "11.63700", "2015-12-31": "12.65900", "2014-12-31": "", "2013-12-31": "", "2012-12-31": "", "2011-12-31": "", "2010-12-31": "0.00000"}, "Other Long-Term Assets": {"2019-12-31": "9.56100", "2018-12-31": "10.15400", "2017-12-31": "2.97200", "2016-12-31": "3.08700", "2015-12-31": "2.94800", "2014-12-31": "3.02100", "2013-12-31": "1.77700", "2012-12-31": "1.55100", "2011-12-31": "1.22800", "2010-12-31": ""}, "Total Long-Term Assets": {"2019-12-31": "915.20790", "2018-12-31": "186.81200", "2017-12-31": "94.99600", "2016-12-31": "46.71800", "2015-12-31": "43.76700", "2014-12-31": "28.54800", "2013-12-31": "18.43700", "2012-12-31": "18.55900", "2011-12-31": "10.52100", "2010-12-31": ""}, "Total Assets": {"2019-12-31": "1450.74700", "2018-12-31": "894.32600", "2017-12-31": "359.81400", "2016-12-31": "252.62900", "2015-12-31": "214.81300", "2014-12-31": "188.33700", "2013-12-31": "145.18500", "2012-12-31": "63.35400", "2011-12-31": "27.36200", "2010-12-31": "0.00000"}, "Total Current Liabilities": {"2019-12-31": "280.71300", "2018-12-31": "199.35900", "2017-12-31": "125.21600", "2016-12-31": "116.00000", "2015-12-31": "80.57400", "2014-12-31": "76.27600", "2013-12-31": "51.74300", "2012-12-31": "45.27900", "2011-12-31": "21.98800", "2010-12-31": ""}, "Long Term Debt": {"2019-12-31": "386.88900", "2018-12-31": "366.55200", "2017-12-31": "", "2016-12-31": "0.31200", "2015-12-31": "15.02100", "2014-12-31": "8.34800", "2013-12-31": "24.60300", "2012-12-31": "13.13100", "2011-12-31": "", "2010-12-31": ""}, "Other Non-Current Liabilities": {"2019-12-31": "8.92900", "2018-12-31": "10.80600", "2017-12-31": "6.25200", "2016-12-31": "6.27600", "2015-12-31": "9.08600", "2014-12-31": "7.20800", "2013-12-31": "5.32400", "2012-12-31": "4.87300", "2011-12-31": "3.92200", "2010-12-31": ""}, "Total Long Term Liabilities": {"2019-12-31": "424.33400", "2018-12-31": "377.35800", "2017-12-31": "6.25200", "2016-12-31": "6.58800", "2015-12-31": "24.10700", "2014-12-31": "15.55600", "2013-12-31": "29.92700", "2012-12-31": "18.00400", "2011-12-31": "3.92200", "2010-12-31": ""}, "Total Liabilities": {"2019-12-31": "705.04700", "2018-12-31": "576.71700", "2017-12-31": "131.46800", "2016-12-31": "122.58800", "2015-12-31": "104.68100", "2014-12-31": "91.83200", "2013-12-31": "81.67000", "2012-12-31": "63.28300", "2011-12-31": "25.91000", "2010-12-31": "0.00000"}, "Common Stock Net": {"2019-12-31": "0.00900", "2018-12-31": "0.00800", "2017-12-31": "0.00800", "2016-12-31": "0.00700", "2015-12-31": "0.00700", "2014-12-31": "0.00700", "2013-12-31": "0.00600", "2012-12-31": "0.00200", "2011-12-31": "0.00000", "2010-12-31": "0.00000"}, "Retained Earnings (Accumulated Deficit)": {"2019-12-31": "-289.31000", "2018-12-31": "-235.70300", "2017-12-31": "-209.50000", "2016-12-31": "-239.50300", "2015-12-31": "-210.19400", "2014-12-31": "-178.09500", "2013-12-31": "-129.75500", "2012-12-31": "-83.65700", "2011-12-31": "-48.26700", "2010-12-31": ""}, "Comprehensive Income": {"2019-12-31": "1.94800", "2018-12-31": "2.22600", "2017-12-31": "2.99800", "2016-12-31": "2.73700", "2015-12-31": "0.52700", "2014-12-31": "-0.25100", "2013-12-31": "-0.31000", "2012-12-31": "-0.08500", "2011-12-31": "-0.02000", "2010-12-31": ""}, "Other Share Holders Equity": {"2019-12-31": "", "2018-12-31": "", "2017-12-31": "", "2016-12-31": "", "2015-12-31": "", "2014-12-31": "", "2013-12-31": "", "2012-12-31": "", "2011-12-31": "", "2010-12-31": "0.00000"}, "Share Holder Equity": {"2019-12-31": "745.70000", "2018-12-31": "317.60900", "2017-12-31": "228.34600", "2016-12-31": "130.04100", "2015-12-31": "110.13200", "2014-12-31": "96.50500", "2013-12-31": "63.51500", "2012-12-31": "0.07100", "2011-12-31": "1.45200", "2010-12-31": "0.00000"}, "Total Liabilities And Share Holders Equity": {"2019-12-31": "1450.74700", "2018-12-31": "894.32600", "2017-12-31": "359.81400", "2016-12-31": "252.62900", "2015-12-31": "214.81300", "2014-12-31": "188.33700", "2013-12-31": "145.18500", "2012-12-31": "63.35400", "2011-12-31": "27.36200", "2010-12-31": "0.00000"}}, "balance sheet, quarterly": {"Cash On Hand": {"2020-09-30": "745.55800", "2020-06-30": "773.75600", "2020-03-31": "762.06400", "2019-12-31": "343.60600", "2019-09-30": "582.66300", "2019-06-30": "567.66800", "2019-03-31": "549.03000", "2018-12-31": "566.32900", "2018-09-30": "577.28300", "2018-06-30": "567.28000", "2018-03-31": "554.96300", "2017-12-31": "181.19200", "2017-09-30": "172.30600", "2017-06-30": "167.01500", "2017-03-31": "149.69000", "2016-12-31": "160.35500", "2016-09-30": "152.39000", "2016-06-30": "147.79100", "2016-03-31": "139.07400", "2015-12-31": "137.58800", "2015-09-30": "132.31100", "2015-06-30": "132.70300", "2015-03-31": "135.70600", "2014-12-31": "141.66100", "2014-09-30": "149.35300", "2014-06-30": "151.41800", "2014-03-31": "166.82600", "2013-12-31": "116.37800", "2013-09-30": "25.45200", "2013-06-30": "", "2013-03-31": "", "2012-12-31": "", "2012-09-30": "", "2011-12-31": "13.57000", "2010-12-31": ""}, "Receivables": {"2020-09-30": "153.58300", "2020-06-30": "142.31700", "2020-03-31": "135.43300", "2019-12-31": "129.99000", "2019-09-30": "118.28200", "2019-06-30": "105.58500", "2019-03-31": "100.70600", "2018-12-31": "94.37500", "2018-09-30": "74.18300", "2018-06-30": "67.01500", "2018-03-31": "55.37900", "2017-12-31": "46.69000", "2017-09-30": "39.73100", "2017-06-30": "33.26400", "2017-03-31": "31.32500", "2016-12-31": "30.24300", "2016-09-30": "23.58300", "2016-06-30": "24.17000", "2016-03-31": "25.62400", "2015-12-31": "19.16300", "2015-09-30": "15.18700", "2015-06-30": "12.24200", "2015-03-31": "11.57200", "2014-12-31": "7.65100", "2014-09-30": "7.44300", "2014-06-30": "5.11800", "2014-03-31": "3.87300", "2013-12-31": "3.04500", "2013-09-30": "2.49200", "2013-06-30": "", "2013-03-31": "", "2012-12-31": "", "2012-09-30": "", "2011-12-31": "0.43000", "2010-12-31": ""}, "Inventory": {"2020-09-30": "", "2020-06-30": "", "2020-03-31": "", "2019-12-31": "", "2019-09-30": "", "2019-06-30": "", "2019-03-31": "", "2018-12-31": "", "2018-09-30": "", "2018-06-30": "", "2018-03-31": "", "2017-12-31": "", "2017-09-30": "", "2017-06-30": "", "2017-03-31": "", "2016-12-31": "", "2016-09-30": "0.08400", "2016-06-30": "0.12200", "2016-03-31": "0.90200", "2015-12-31": "2.31700", "2015-09-30": "2.28700", "2015-06-30": "2.37200", "2015-03-31": "2.05400", "2014-12-31": "1.71000", "2014-09-30": "2.01200", "2014-06-30": "2.17400", "2014-03-31": "2.30100", "2013-12-31": "2.11100", "2013-09-30": "2.03400", "2013-06-30": "", "2013-03-31": "", "2012-12-31": "", "2012-09-30": "", "2011-12-31": "1.60000", "2010-12-31": ""}, "Pre-Paid Expenses": {"2020-09-30": "40.25100", "2020-06-30": "39.36600", "2020-03-31": "34.31200", "2019-12-31": "25.35400", "2019-09-30": "31.90400", "2019-06-30": "33.12700", "2019-03-31": "29.70800", "2018-12-31": "23.77200", "2018-09-30": "29.82300", "2018-06-30": "24.64300", "2018-03-31": "24.11800", "2017-12-31": "21.51200", "2017-09-30": "22.18500", "2017-06-30": "17.93600", "2017-03-31": "17.35100", "2016-12-31": "15.31300", "2016-09-30": "16.64400", "2016-06-30": "14.62400", "2016-03-31": "12.94900", "2015-12-31": "11.97800", "2015-09-30": "12.74900", "2015-06-30": "11.18100", "2015-03-31": "9.52100", "2014-12-31": "8.76700", "2014-09-30": "8.36900", "2014-06-30": "9.12500", "2014-03-31": "6.77500", "2013-12-31": "5.21400", "2013-09-30": "11.65600", "2013-06-30": "", "2013-03-31": "", "2012-12-31": "", "2012-09-30": "", "2011-12-31": "", "2010-12-31": ""}, "Other Current Assets": {"2020-09-30": "", "2020-06-30": "", "2020-03-31": "", "2019-12-31": "", "2019-09-30": "", "2019-06-30": "", "2019-03-31": "", "2018-12-31": "", "2018-09-30": "", "2018-06-30": "", "2018-03-31": "", "2017-12-31": "", "2017-09-30": "", "2017-06-30": "", "2017-03-31": "", "2016-12-31": "", "2016-09-30": "", "2016-06-30": "", "2016-03-31": "", "2015-12-31": "", "2015-09-30": "", "2015-06-30": "", "2015-03-31": "", "2014-12-31": "", "2014-09-30": "", "2014-06-30": "", "2014-03-31": "", "2013-12-31": "", "2013-09-30": "", "2013-06-30": "", "2013-03-31": "", "2012-12-31": "", "2012-09-30": "", "2011-12-31": "1.22000", "2010-12-31": ""}, "Total Current Assets": {"2020-09-30": "992.60400", "2020-06-30": "1002.01600", "2020-03-31": "971.58400", "2019-12-31": "535.53900", "2019-09-30": "765.04500", "2019-06-30": "735.10600", "2019-03-31": "704.36800", "2018-12-31": "707.51400", "2018-09-30": "702.15800", "2018-06-30": "678.07800", "2018-03-31": "651.10900", "2017-12-31": "264.81800", "2017-09-30": "234.22200", "2017-06-30": "218.21500", "2017-03-31": "198.36600", "2016-12-31": "205.91100", "2016-09-30": "192.70100", "2016-06-30": "186.70700", "2016-03-31": "178.54900", "2015-12-31": "171.04600", "2015-09-30": "162.53400", "2015-06-30": "158.49800", "2015-03-31": "158.85300", "2014-12-31": "159.78900", "2014-09-30": "167.17700", "2014-06-30": "167.83500", "2014-03-31": "179.77500", "2013-12-31": "126.74800", "2013-09-30": "41.63400", "2013-06-30": "", "2013-03-31": "", "2012-12-31": "", "2012-09-30": "", "2011-12-31": "16.84000", "2010-12-31": ""}, "Property, Plant, And Equipment": {"2020-09-30": "132.96700", "2020-06-30": "114.42300", "2020-03-31": "97.92400", "2019-12-31": "89.23000", "2019-09-30": "84.12300", "2019-06-30": "78.54900", "2019-03-31": "74.20300", "2018-12-31": "70.20500", "2018-09-30": "60.20000", "2018-06-30": "55.07600", "2018-03-31": "50.13100", "2017-12-31": "43.29800", "2017-09-30": "41.63800", "2017-06-30": "36.61300", "2017-03-31": "34.16100", "2016-12-31": "31.99400", "2016-09-30": "31.13900", "2016-06-30": "29.10300", "2016-03-31": "27.48900", "2015-12-31": "28.16000", "2015-09-30": "29.08400", "2015-06-30": "28.53200", "2015-03-31": "26.69700", "2014-12-31": "25.52700", "2014-09-30": "25.86200", "2014-06-30": "24.51500", "2014-03-31": "19.16400", "2013-12-31": "16.66000", "2013-09-30": "17.30100", "2013-06-30": "", "2013-03-31": "", "2012-12-31": "", "2012-09-30": "", "2011-12-31": "15.43000", "2010-12-31": ""}, "Long-Term Investments": {"2020-09-30": "173.64100", "2020-06-30": "149.33700", "2020-03-31": "109.94200", "2019-12-31": "132.18800", "2019-09-30": "", "2019-06-30": "", "2019-03-31": "", "2018-12-31": "", "2018-09-30": "", "2018-06-30": "", "2018-03-31": "", "2017-12-31": "", "2017-09-30": "", "2017-06-30": "", "2017-03-31": "", "2016-12-31": "", "2016-09-30": "", "2016-06-30": "", "2016-03-31": "", "2015-12-31": "", "2015-09-30": "", "2015-06-30": "", "2015-03-31": "", "2014-12-31": "", "2014-09-30": "", "2014-06-30": "", "2014-03-31": "", "2013-12-31": "", "2013-09-30": "", "2013-06-30": "", "2013-03-31": "", "2012-12-31": "", "2012-09-30": "", "2011-12-31": "", "2010-12-31": ""}, "Goodwill And Intangible Assets": {"2020-09-30": "158.11700", "2020-06-30": "165.37700", "2020-03-31": "173.35400", "2019-12-31": "182.61600", "2019-09-30": "80.58200", "2019-06-30": "84.12700", "2019-03-31": "86.00700", "2018-12-31": "50.71800", "2018-09-30": "17.75900", "2018-06-30": "30.52100", "2018-03-31": "31.77000", "2017-12-31": "10.85500", "2017-09-30": "11.00500", "2017-06-30": "11.15600", "2017-03-31": "11.38200", "2016-12-31": "11.63700", "2016-09-30": "11.89300", "2016-06-30": "12.14800", "2016-03-31": "12.40400", "2015-12-31": "12.65900", "2015-09-30": "12.91500", "2015-06-30": "13.17000", "2015-03-31": "", "2014-12-31": "", "2014-09-30": "", "2014-06-30": "", "2014-03-31": "", "2013-12-31": "", "2013-09-30": "", "2013-06-30": "0.00000", "2013-03-31": "0.00000", "2012-12-31": "", "2012-09-30": "0.00000", "2011-12-31": "0.00000", "2010-12-31": "0.00000"}, "Other Long-Term Assets": {"2020-09-30": "8.81200", "2020-06-30": "8.88300", "2020-03-31": "9.17600", "2019-12-31": "9.56100", "2019-09-30": "9.79800", "2019-06-30": "10.19400", "2019-03-31": "10.30700", "2018-12-31": "10.15400", "2018-09-30": "11.46300", "2018-06-30": "2.56900", "2018-03-31": "2.32800", "2017-12-31": "2.97200", "2017-09-30": "2.57500", "2017-06-30": "2.63300", "2017-03-31": "3.02500", "2016-12-31": "3.08700", "2016-09-30": "3.06400", "2016-06-30": "3.23700", "2016-03-31": "3.15000", "2015-12-31": "2.94800", "2015-09-30": "2.68100", "2015-06-30": "2.69400", "2015-03-31": "2.60900", "2014-12-31": "3.02100", "2014-09-30": "2.86600", "2014-06-30": "2.05300", "2014-03-31": "1.86000", "2013-12-31": "1.77700", "2013-09-30": "1.82800", "2013-06-30": "", "2013-03-31": "", "2012-12-31": "", "2012-09-30": "", "2011-12-31": "1.22000", "2010-12-31": ""}, "Total Long-Term Assets": {"2020-09-30": "1123.71000", "2020-06-30": "962.62700", "2020-03-31": "900.33600", "2019-12-31": "915.20790", "2019-09-30": "294.43400", "2019-06-30": "277.09400", "2019-03-31": "261.33400", "2018-12-31": "186.81200", "2018-09-30": "139.68500", "2018-06-30": "135.25100", "2018-03-31": "124.36900", "2017-12-31": "94.99600", "2017-09-30": "55.21800", "2017-06-30": "50.40200", "2017-03-31": "48.56800", "2016-12-31": "46.71800", "2016-09-30": "46.09600", "2016-06-30": "44.48800", "2016-03-31": "43.04300", "2015-12-31": "43.76700", "2015-09-30": "44.68000", "2015-06-30": "44.39600", "2015-03-31": "29.30600", "2014-12-31": "28.54800", "2014-09-30": "28.72800", "2014-06-30": "26.56800", "2014-03-31": "21.02400", "2013-12-31": "18.43700", "2013-09-30": "19.12900", "2013-06-30": "", "2013-03-31": "", "2012-12-31": "", "2012-09-30": "", "2011-12-31": "16.65000", "2010-12-31": ""}, "Total Assets": {"2020-09-30": "2116.31400", "2020-06-30": "1964.64300", "2020-03-31": "1871.92000", "2019-12-31": "1450.74700", "2019-09-30": "1059.47900", "2019-06-30": "1012.20000", "2019-03-31": "965.70200", "2018-12-31": "894.32600", "2018-09-30": "841.84300", "2018-06-30": "813.32900", "2018-03-31": "775.47800", "2017-12-31": "359.81400", "2017-09-30": "289.44000", "2017-06-30": "268.61700", "2017-03-31": "246.93400", "2016-12-31": "252.62900", "2016-09-30": "238.79700", "2016-06-30": "231.19500", "2016-03-31": "221.59200", "2015-12-31": "214.81300", "2015-09-30": "207.21400", "2015-06-30": "202.89400", "2015-03-31": "188.15900", "2014-12-31": "188.33700", "2014-09-30": "195.90500", "2014-06-30": "194.40300", "2014-03-31": "200.79900", "2013-12-31": "145.18500", "2013-09-30": "60.76300", "2013-06-30": "0.00000", "2013-03-31": "0.00000", "2012-12-31": "0.00000", "2012-09-30": "0.00000", "2011-12-31": "27.36000", "2010-12-31": "0.00000"}, "Total Current Liabilities": {"2020-09-30": "369.21300", "2020-06-30": "371.12800", "2020-03-31": "307.77000", "2019-12-31": "280.71300", "2019-09-30": "268.13700", "2019-06-30": "245.59800", "2019-03-31": "228.55700", "2018-12-31": "199.35900", "2018-09-30": "172.69800", "2018-06-30": "156.93100", "2018-03-31": "138.10700", "2017-12-31": "125.21600", "2017-09-30": "121.32000", "2017-06-30": "108.64300", "2017-03-31": "105.99600", "2016-12-31": "116.00000", "2016-09-30": "108.51600", "2016-06-30": "92.84900", "2016-03-31": "87.43000", "2015-12-31": "80.57400", "2015-09-30": "79.85100", "2015-06-30": "87.74600", "2015-03-31": "80.86300", "2014-12-31": "76.27600", "2014-09-30": "79.87800", "2014-06-30": "60.25300", "2014-03-31": "60.91700", "2013-12-31": "51.74300", "2013-09-30": "52.50600", "2013-06-30": "", "2013-03-31": "", "2012-12-31": "", "2012-09-30": "", "2011-12-31": "21.98000", "2010-12-31": ""}, "Long Term Debt": {"2020-09-30": "1394.89800", "2020-06-30": "1008.47700", "2020-03-31": "1041.99100", "2019-12-31": "386.88900", "2019-09-30": "381.70100", "2019-06-30": "376.58300", "2019-03-31": "371.53400", "2018-12-31": "366.55200", "2018-09-30": "364.46600", "2018-06-30": "359.61700", "2018-03-31": "355.26500", "2017-12-31": "", "2017-09-30": "", "2017-06-30": "", "2017-03-31": "", "2016-12-31": "0.31200", "2016-09-30": "1.25000", "2016-06-30": "12.96500", "2016-03-31": "13.98900", "2015-12-31": "15.02100", "2015-09-30": "16.05100", "2015-06-30": "6.30100", "2015-03-31": "7.32500", "2014-12-31": "8.34800", "2014-09-30": "9.36800", "2014-06-30": "21.19300", "2014-03-31": "22.38200", "2013-12-31": "24.60300", "2013-09-30": "28.14200", "2013-06-30": "", "2013-03-31": "", "2012-12-31": "", "2012-09-30": "", "2011-12-31": "", "2010-12-31": ""}, "Other Non-Current Liabilities": {"2020-09-30": "14.55500", "2020-06-30": "11.31400", "2020-03-31": "4.70800", "2019-12-31": "8.92900", "2019-09-30": "9.05000", "2019-06-30": "9.54100", "2019-03-31": "10.69400", "2018-12-31": "10.80600", "2018-09-30": "5.23200", "2018-06-30": "5.75700", "2018-03-31": "6.24000", "2017-12-31": "6.25200", "2017-09-30": "6.17600", "2017-06-30": "6.25200", "2017-03-31": "6.45400", "2016-12-31": "6.27600", "2016-09-30": "6.92900", "2016-06-30": "7.46600", "2016-03-31": "9.04400", "2015-12-31": "9.08600", "2015-09-30": "8.42700", "2015-06-30": "8.69900", "2015-03-31": "7.54700", "2014-12-31": "7.20800", "2014-09-30": "6.72400", "2014-06-30": "7.13200", "2014-03-31": "5.73800", "2013-12-31": "5.32400", "2013-09-30": "5.42500", "2013-06-30": "", "2013-03-31": "", "2012-12-31": "", "2012-09-30": "", "2011-12-31": "3.92000", "2010-12-31": ""}, "Total Long Term Liabilities": {"2020-09-30": "1447.42600", "2020-06-30": "1045.18300", "2020-03-31": "1073.72600", "2019-12-31": "424.33400", "2019-09-30": "421.84800", "2019-06-30": "411.03500", "2019-03-31": "405.92100", "2018-12-31": "377.35800", "2018-09-30": "369.69800", "2018-06-30": "365.37400", "2018-03-31": "361.50500", "2017-12-31": "6.25200", "2017-09-30": "6.17600", "2017-06-30": "6.25200", "2017-03-31": "6.45400", "2016-12-31": "6.58800", "2016-09-30": "8.17900", "2016-06-30": "20.43100", "2016-03-31": "23.03300", "2015-12-31": "24.10700", "2015-09-30": "24.47800", "2015-06-30": "15.00000", "2015-03-31": "14.87200", "2014-12-31": "15.55600", "2014-09-30": "16.09200", "2014-06-30": "28.32500", "2014-03-31": "28.12000", "2013-12-31": "29.92700", "2013-09-30": "33.56700", "2013-06-30": "", "2013-03-31": "", "2012-12-31": "", "2012-09-30": "", "2011-12-31": "3.92000", "2010-12-31": ""}, "Total Liabilities": {"2020-09-30": "1816.63900", "2020-06-30": "1416.31100", "2020-03-31": "1381.49600", "2019-12-31": "705.04700", "2019-09-30": "689.98500", "2019-06-30": "656.63300", "2019-03-31": "634.47800", "2018-12-31": "576.71700", "2018-09-30": "542.39600", "2018-06-30": "522.30500", "2018-03-31": "499.61200", "2017-12-31": "131.46800", "2017-09-30": "127.49600", "2017-06-30": "114.89500", "2017-03-31": "112.45000", "2016-12-31": "122.58800", "2016-09-30": "116.69500", "2016-06-30": "113.28000", "2016-03-31": "110.46300", "2015-12-31": "104.68100", "2015-09-30": "104.32900", "2015-06-30": "102.74600", "2015-03-31": "95.73500", "2014-12-31": "91.83200", "2014-09-30": "95.97000", "2014-06-30": "88.57800", "2014-03-31": "89.03700", "2013-12-31": "81.67000", "2013-09-30": "86.07300", "2013-06-30": "0.00000", "2013-03-31": "0.00000", "2012-12-31": "", "2012-09-30": "0.00000", "2011-12-31": "25.91000", "2010-12-31": "0.00000"}, "Common Stock Net": {"2020-09-30": "0.00900", "2020-06-30": "0.00900", "2020-03-31": "0.00900", "2019-12-31": "0.00900", "2019-09-30": "0.00800", "2019-06-30": "0.00800", "2019-03-31": "0.00800", "2018-12-31": "0.00800", "2018-09-30": "0.00800", "2018-06-30": "0.00800", "2018-03-31": "0.00800", "2017-12-31": "0.00800", "2017-09-30": "0.00800", "2017-06-30": "0.00800", "2017-03-31": "0.00700", "2016-12-31": "0.00700", "2016-09-30": "0.00700", "2016-06-30": "0.00700", "2016-03-31": "0.00700", "2015-12-31": "0.00700", "2015-09-30": "0.00700", "2015-06-30": "0.00700", "2015-03-31": "0.00700", "2014-12-31": "0.00700", "2014-09-30": "0.00700", "2014-06-30": "0.00700", "2014-03-31": "0.00700", "2013-12-31": "0.00600", "2013-09-30": "0.00500", "2013-06-30": "0.00000", "2013-03-31": "0.00000", "2012-12-31": "", "2012-09-30": "0.00000", "2011-12-31": "0.00000", "2010-12-31": "0.00000"}, "Retained Earnings (Accumulated Deficit)": {"2020-09-30": "-370.47900", "2020-06-30": "-349.52200", "2020-03-31": "-350.03100", "2019-12-31": "-289.31000", "2019-09-30": "-264.05300", "2019-06-30": "-251.30400", "2019-03-31": "-242.06100", "2018-12-31": "-235.70300", "2018-09-30": "-230.02500", "2018-06-30": "-220.50700", "2018-03-31": "-212.21600", "2017-12-31": "-209.50000", "2017-09-30": "-259.55500", "2017-06-30": "-253.84300", "2017-03-31": "-246.81200", "2016-12-31": "-239.50300", "2016-09-30": "-232.55700", "2016-06-30": "-224.57800", "2016-03-31": "-216.80700", "2015-12-31": "-210.19400", "2015-09-30": "-203.25300", "2015-06-30": "-196.91700", "2015-03-31": "-188.70600", "2014-12-31": "-178.09500", "2014-09-30": "-167.97500", "2014-06-30": "-155.98900", "2014-03-31": "-142.65900", "2013-12-31": "-129.75500", "2013-09-30": "-116.38900", "2013-06-30": "", "2013-03-31": "", "2012-12-31": "", "2012-09-30": "", "2011-12-31": "-48.26000", "2010-12-31": ""}, "Comprehensive Income": {"2020-09-30": "3.52200", "2020-06-30": "1.10200", "2020-03-31": "0.33100", "2019-12-31": "1.94800", "2019-09-30": "0.35100", "2019-06-30": "2.09300", "2019-03-31": "1.85100", "2018-12-31": "2.22600", "2018-09-30": "2.57300", "2018-06-30": "2.79500", "2018-03-31": "3.22000", "2017-12-31": "2.99800", "2017-09-30": "2.90300", "2017-06-30": "2.81500", "2017-03-31": "2.76800", "2016-12-31": "2.73700", "2016-09-30": "2.86800", "2016-06-30": "2.20300", "2016-03-31": "1.06900", "2015-12-31": "0.52700", "2015-09-30": "0.08600", "2015-06-30": "-0.16700", "2015-03-31": "0.04000", "2014-12-31": "-0.25100", "2014-09-30": "-0.28600", "2014-06-30": "-0.64000", "2014-03-31": "-0.41000", "2013-12-31": "-0.31000", "2013-09-30": "-0.15400", "2013-06-30": "", "2013-03-31": "", "2012-12-31": "", "2012-09-30": "", "2011-12-31": "", "2010-12-31": ""}, "Other Share Holders Equity": {"2020-09-30": "1.93400", "2020-06-30": "6.75600", "2020-03-31": "", "2019-12-31": "", "2019-09-30": "", "2019-06-30": "", "2019-03-31": "", "2018-12-31": "", "2018-09-30": "", "2018-06-30": "", "2018-03-31": "", "2017-12-31": "", "2017-09-30": "", "2017-06-30": "", "2017-03-31": "", "2016-12-31": "", "2016-09-30": "", "2016-06-30": "", "2016-03-31": "", "2015-12-31": "", "2015-09-30": "", "2015-06-30": "", "2015-03-31": "", "2014-12-31": "", "2014-09-30": "", "2014-06-30": "", "2014-03-31": "", "2013-12-31": "", "2013-09-30": "", "2013-06-30": "0.00000", "2013-03-31": "0.00000", "2012-12-31": "", "2012-09-30": "0.00000", "2011-12-31": "-0.02000", "2010-12-31": "0.00000"}, "Share Holder Equity": {"2020-09-30": "299.67500", "2020-06-30": "548.33200", "2020-03-31": "490.42400", "2019-12-31": "745.70000", "2019-09-30": "369.49400", "2019-06-30": "355.56700", "2019-03-31": "331.22400", "2018-12-31": "317.60900", "2018-09-30": "299.44700", "2018-06-30": "291.02400", "2018-03-31": "275.86600", "2017-12-31": "228.34600", "2017-09-30": "161.94400", "2017-06-30": "153.72200", "2017-03-31": "134.48400", "2016-12-31": "130.04100", "2016-09-30": "122.10200", "2016-06-30": "117.91500", "2016-03-31": "111.12900", "2015-12-31": "110.13200", "2015-09-30": "102.88500", "2015-06-30": "100.14800", "2015-03-31": "92.42400", "2014-12-31": "96.50500", "2014-09-30": "99.93500", "2014-06-30": "105.82500", "2014-03-31": "111.76200", "2013-12-31": "63.51500", "2013-09-30": "-25.31000", "2013-06-30": "0.00000", "2013-03-31": "0.00000", "2012-12-31": "", "2012-09-30": "0.00000", "2011-12-31": "1.45000", "2010-12-31": "0.00000"}, "Total Liabilities And Share Holders Equity": {"2020-09-30": "2116.31400", "2020-06-30": "1964.64300", "2020-03-31": "1871.92000", "2019-12-31": "1450.74700", "2019-09-30": "1059.47900", "2019-06-30": "1012.20000", "2019-03-31": "965.70200", "2018-12-31": "894.32600", "2018-09-30": "841.84300", "2018-06-30": "813.32900", "2018-03-31": "775.47800", "2017-12-31": "359.81400", "2017-09-30": "289.44000", "2017-06-30": "268.61700", "2017-03-31": "246.93400", "2016-12-31": "252.62900", "2016-09-30": "238.79700", "2016-06-30": "231.19500", "2016-03-31": "221.59200", "2015-12-31": "214.81300", "2015-09-30": "207.21400", "2015-06-30": "202.89400", "2015-03-31": "188.15900", "2014-12-31": "188.33700", "2014-09-30": "195.90500", "2014-06-30": "194.40300", "2014-03-31": "200.79900", "2013-12-31": "145.18500", "2013-09-30": "60.76300", "2013-06-30": "0.00000", "2013-03-31": "0.00000", "2012-12-31": "", "2012-09-30": "0.00000", "2011-12-31": "27.36000", "2010-12-31": "0.00000"}}, "cash flow statement": {"Net Income/Loss": {"2019-12-31": "-53.60700", "2018-12-31": "-26.20300", "2017-12-31": "-4.20400", "2016-12-31": "-16.22500", "2015-12-31": "-32.09900", "2014-12-31": "-48.34000", "2013-12-31": "-46.09800", "2012-12-31": "-35.39000", "2011-12-31": "-13.90300", "2010-12-31": "-7.30700"}, "Total Depreciation And Amortization - Cash Flow": {"2019-12-31": "88.34100", "2018-12-31": "58.94500", "2017-12-31": "28.83700", "2016-12-31": "22.23000", "2015-12-31": "14.08300", "2014-12-31": "10.37800", "2013-12-31": "8.98000", "2012-12-31": "6.19100", "2011-12-31": "3.54600", "2010-12-31": "1.27000"}, "Other Non-Cash Items": {"2019-12-31": "116.87600", "2018-12-31": "71.82700", "2017-12-31": "43.02100", "2016-12-31": "34.06700", "2015-12-31": "23.39600", "2014-12-31": "16.42800", "2013-12-31": "9.87600", "2012-12-31": "3.33700", "2011-12-31": "1.18800", "2010-12-31": "0.90800"}, "Total Non-Cash Items": {"2019-12-31": "205.21700", "2018-12-31": "130.77200", "2017-12-31": "71.85800", "2016-12-31": "56.29700", "2015-12-31": "37.47900", "2014-12-31": "26.80600", "2013-12-31": "18.85600", "2012-12-31": "9.52800", "2011-12-31": "4.73400", "2010-12-31": "2.17800"}, "Change In Accounts Receivable": {"2019-12-31": "-37.16300", "2018-12-31": "-47.87700", "2017-12-31": "-17.90300", "2016-12-31": "-11.89900", "2015-12-31": "-11.92300", "2014-12-31": "-4.64600", "2013-12-31": "-0.35500", "2012-12-31": "-2.25600", "2011-12-31": "-0.23900", "2010-12-31": "-0.19500"}, "Change In Inventories": {"2019-12-31": "", "2018-12-31": "", "2017-12-31": "", "2016-12-31": "", "2015-12-31": "", "2014-12-31": "0.40100", "2013-12-31": "-1.27900", "2012-12-31": "0.76900", "2011-12-31": "-1.44200", "2010-12-31": "-0.16100"}, "Change In Accounts Payable": {"2019-12-31": "21.75300", "2018-12-31": "2.78300", "2017-12-31": "0.17600", "2016-12-31": "1.51600", "2015-12-31": "1.59100", "2014-12-31": "-0.51000", "2013-12-31": "-0.45300", "2012-12-31": "-1.39200", "2011-12-31": "2.19300", "2010-12-31": "1.40600"}, "Change In Assets/Liabilities": {"2019-12-31": "-98.68900", "2018-12-31": "-21.65400", "2017-12-31": "-18.86100", "2016-12-31": "-15.72900", "2015-12-31": "7.26800", "2014-12-31": "5.70500", "2013-12-31": "4.18800", "2012-12-31": "0.82800", "2011-12-31": "5.28100", "2010-12-31": "1.88000"}, "Total Change In Assets/Liabilities": {"2019-12-31": "-87.00400", "2018-12-31": "-33.05300", "2017-12-31": "-26.67000", "2016-12-31": "-10.94700", "2015-12-31": "-0.71000", "2014-12-31": "10.00400", "2013-12-31": "3.47100", "2012-12-31": "10.84700", "2011-12-31": "8.39000", "2010-12-31": "4.51500"}, "Cash Flow From Operating Activities": {"2019-12-31": "64.84600", "2018-12-31": "72.13000", "2017-12-31": "41.16500", "2016-12-31": "29.70800", "2015-12-31": "5.08600", "2014-12-31": "-11.43000", "2013-12-31": "-23.77100", "2012-12-31": "-15.01500", "2011-12-31": "-0.77900", "2010-12-31": "-0.61400"}, "Net Change In Property, Plant, And Equipment": {"2019-12-31": "-44.29300", "2018-12-31": "-38.54400", "2017-12-31": "-26.91700", "2016-12-31": "-16.39800", "2015-12-31": "-17.14400", "2014-12-31": "-17.96500", "2013-12-31": "-10.78900", "2012-12-31": "-10.17200", "2011-12-31": "-6.66400", "2010-12-31": "-4.42400"}, "Net Change In Intangible Assets": {"2019-12-31": "-89.06000", "2018-12-31": "-18.47000", "2017-12-31": "0.00000", "2016-12-31": "0.00000", "2015-12-31": "", "2014-12-31": "", "2013-12-31": "", "2012-12-31": "", "2011-12-31": "", "2010-12-31": ""}, "Net Acquisitions/Divestitures": {"2019-12-31": "-27.87000", "2018-12-31": "-26.43400", "2017-12-31": "", "2016-12-31": "", "2015-12-31": "-4.67000", "2014-12-31": "", "2013-12-31": "", "2012-12-31": "", "2011-12-31": "", "2010-12-31": ""}, "Net Change In Short-term Investments": {"2019-12-31": "", "2018-12-31": "", "2017-12-31": "", "2016-12-31": "", "2015-12-31": "28.08000", "2014-12-31": "-28.69600", "2013-12-31": "0.00000", "2012-12-31": "", "2011-12-31": "", "2010-12-31": ""}, "Net Change In Long-Term Investments": {"2019-12-31": "-135.55700", "2018-12-31": "", "2017-12-31": "0.53000", "2016-12-31": "", "2015-12-31": "0.10000", "2014-12-31": "", "2013-12-31": "-0.13000", "2012-12-31": "", "2011-12-31": "", "2010-12-31": "-0.34000"}, "Net Change In Investments - Total": {"2019-12-31": "-135.55700", "2018-12-31": "", "2017-12-31": "0.53000", "2016-12-31": "", "2015-12-31": "28.18000", "2014-12-31": "-28.69600", "2013-12-31": "-0.13000", "2012-12-31": "", "2011-12-31": "", "2010-12-31": "-0.34000"}, "Investing Activities - Other": {"2019-12-31": "", "2018-12-31": "", "2017-12-31": "", "2016-12-31": "", "2015-12-31": "", "2014-12-31": "", "2013-12-31": "", "2012-12-31": "", "2011-12-31": "", "2010-12-31": ""}, "Cash Flow From Investing Activities": {"2019-12-31": "-296.78000", "2018-12-31": "-83.44800", "2017-12-31": "-26.38700", "2016-12-31": "-16.39800", "2015-12-31": "6.36600", "2014-12-31": "-46.66100", "2013-12-31": "-10.91900", "2012-12-31": "-10.17200", "2011-12-31": "-6.66400", "2010-12-31": "-4.76400"}, "Net Long-Term Debt": {"2019-12-31": "-0.94300", "2018-12-31": "448.71600", "2017-12-31": "-15.02100", "2016-12-31": "-4.01900", "2015-12-31": "-6.73600", "2014-12-31": "-10.60700", "2013-12-31": "11.12600", "2012-12-31": "18.50700", "2011-12-31": "-1.31500", "2010-12-31": "1.48300"}, "Net Current Debt": {"2019-12-31": "", "2018-12-31": "", "2017-12-31": "", "2016-12-31": "", "2015-12-31": "", "2014-12-31": "", "2013-12-31": "", "2012-12-31": "", "2011-12-31": "", "2010-12-31": ""}, "Debt Issuance/Retirement Net - Total": {"2019-12-31": "-0.94300", "2018-12-31": "448.71600", "2017-12-31": "-15.02100", "2016-12-31": "-4.01900", "2015-12-31": "-6.73600", "2014-12-31": "-10.60700", "2013-12-31": "11.12600", "2012-12-31": "18.50700", "2011-12-31": "-1.31500", "2010-12-31": "1.48300"}, "Net Common Equity Issued/Repurchased": {"2019-12-31": "29.82700", "2018-12-31": "5.62100", "2017-12-31": "25.49500", "2016-12-31": "15.10400", "2015-12-31": "19.52400", "2014-12-31": "66.65400", "2013-12-31": "104.20200", "2012-12-31": "0.55600", "2011-12-31": "0.81700", "2010-12-31": "0.36000"}, "Net Total Equity Issued/Repurchased": {"2019-12-31": "29.82700", "2018-12-31": "5.62100", "2017-12-31": "25.49500", "2016-12-31": "15.10400", "2015-12-31": "19.52400", "2014-12-31": "66.65400", "2013-12-31": "105.82700", "2012-12-31": "30.96800", "2011-12-31": "11.20200", "2010-12-31": "10.23000"}, "Total Common And Preferred Stock Dividends Paid": {"2019-12-31": "", "2018-12-31": "", "2017-12-31": "", "2016-12-31": "", "2015-12-31": "", "2014-12-31": "", "2013-12-31": "", "2012-12-31": "", "2011-12-31": "", "2010-12-31": ""}, "Financial Activities - Other": {"2019-12-31": "-19.84200", "2018-12-31": "-57.08200", "2017-12-31": "-3.69100", "2016-12-31": "-1.75500", "2015-12-31": "-0.15100", "2014-12-31": "-1.26000", "2013-12-31": "-3.72000", "2012-12-31": "", "2011-12-31": "", "2010-12-31": ""}, "Cash Flow From Financial Activities": {"2019-12-31": "9.04200", "2018-12-31": "397.25500", "2017-12-31": "6.78300", "2016-12-31": "9.33000", "2015-12-31": "12.63700", "2014-12-31": "54.78700", "2013-12-31": "113.23300", "2012-12-31": "49.47500", "2011-12-31": "9.88700", "2010-12-31": "11.71300"}, "Net Cash Flow": {"2019-12-31": "-222.72300", "2018-12-31": "385.13700", "2017-12-31": "20.83700", "2016-12-31": "22.76700", "2015-12-31": "24.40600", "2014-12-31": "-3.19600", "2013-12-31": "78.51400", "2012-12-31": "24.28700", "2011-12-31": "2.44000", "2010-12-31": "6.33500"}, "Stock-Based Compensation": {"2019-12-31": "101.35400", "2018-12-31": "68.08800", "2017-12-31": "42.06000", "2016-12-31": "30.84000", "2015-12-31": "22.08800", "2014-12-31": "15.51600", "2013-12-31": "7.54000", "2012-12-31": "3.10200", "2011-12-31": "1.18800", "2010-12-31": "0.82000"}, "Common Stock Dividends Paid": {"2019-12-31": "", "2018-12-31": "", "2017-12-31": "", "2016-12-31": "", "2015-12-31": "", "2014-12-31": "", "2013-12-31": "", "2012-12-31": "", "2011-12-31": "", "2010-12-31": ""}}, "cash flow statement, quarterly": {"Net Income/Loss": {"2020-09-30": -20.957, "2020-06-30": 0.509, "2020-03-31": "-60.72100", "2019-12-31": -25.257, "2019-09-30": -12.749, "2019-06-30": -9.243, "2019-03-31": "-6.35800", "2018-12-31": -5.678, "2018-09-30": -9.518, "2018-06-30": -8.291, "2018-03-31": "-2.71600", "2017-12-31": -0.121, "2017-09-30": 0.269, "2017-06-30": -2.115, "2017-03-31": "-2.23700", "2016-12-31": 6.138, "2016-09-30": -7.979, "2016-06-30": -7.771, "2016-03-31": "-6.61300", "2015-12-31": -6.941, "2015-09-30": -6.336, "2015-06-30": -8.211, "2015-03-31": "-10.61100", "2014-12-31": -10.12, "2014-09-30": -11.986, "2014-06-30": -13.33, "2014-03-31": "-12.90400", "2013-12-31": -13.366, "2013-09-30": -8.851, "2013-06-30": -13.619, "2013-03-31": "-10.26200", "2012-12-31": -7.083, "2012-09-30": -14.407, "2011-12-31": -6.6, "2010-12-31": -7.3}, "Total Depreciation And Amortization - Cash Flow": {"2020-09-30": 44.059, "2020-06-30": 41.368, "2020-03-31": "33.80900", "2019-12-31": 25.943, "2019-09-30": 22.685, "2019-06-30": 20.807, "2019-03-31": "18.90600", "2018-12-31": 16.792, "2018-09-30": 15.85, "2018-06-30": 15.407, "2018-03-31": "10.89600", "2017-12-31": 8.034, "2017-09-30": 7.418, "2017-06-30": 7.003, "2017-03-31": "6.38200", "2016-12-31": 11.481, "2016-09-30": 3.796, "2016-06-30": 3.576, "2016-03-31": "3.37700", "2015-12-31": 3.546, "2015-09-30": 3.606, "2015-06-30": 3.612, "2015-03-31": "3.31900", "2014-12-31": 2.969, "2014-09-30": 2.819, "2014-06-30": 2.471, "2014-03-31": "2.11900", "2013-12-31": 2.374, "2013-09-30": 2.255, "2013-06-30": 2.195, "2013-03-31": "2.15600", "2012-12-31": 1.801, "2012-09-30": 0.849, "2011-12-31": 2.27, "2010-12-31": 1.27}, "Other Non-Cash Items": {"2020-09-30": 18.183, "2020-06-30": 14.183, "2020-03-31": "58.45700", "2019-12-31": 36.462, "2019-09-30": 32.277, "2019-06-30": 28.762, "2019-03-31": "19.37500", "2018-12-31": 19.386, "2018-09-30": 19.651, "2018-06-30": 18.708, "2018-03-31": "14.08200", "2017-12-31": 11.727, "2017-09-30": 11.204, "2017-06-30": 10.912, "2017-03-31": "9.17800", "2016-12-31": 8.56, "2016-09-30": 9.201, "2016-06-30": 8.897, "2016-03-31": "7.40900", "2015-12-31": 8.389, "2015-09-30": 6.039, "2015-06-30": 4.098, "2015-03-31": "4.87000", "2014-12-31": 4.822, "2014-09-30": 4.27, "2014-06-30": 4.081, "2014-03-31": "3.25500", "2013-12-31": 4.963, "2013-09-30": 2.464, "2013-06-30": 1.253, "2013-03-31": "1.19600", "2012-12-31": -2.153, "2012-09-30": 2.153, "2011-12-31": 0, "2010-12-31": 0}, "Total Non-Cash Items": {"2020-09-30": 62.242, "2020-06-30": 55.551, "2020-03-31": "92.26600", "2019-12-31": 62.405, "2019-09-30": 54.962, "2019-06-30": 49.569, "2019-03-31": "38.28100", "2018-12-31": 36.178, "2018-09-30": 35.501, "2018-06-30": 34.115, "2018-03-31": "24.97800", "2017-12-31": 19.761, "2017-09-30": 18.622, "2017-06-30": 17.915, "2017-03-31": "15.56000", "2016-12-31": 20.041, "2016-09-30": 12.997, "2016-06-30": 12.473, "2016-03-31": "10.78600", "2015-12-31": 11.935, "2015-09-30": 9.645, "2015-06-30": 7.71, "2015-03-31": "8.18900", "2014-12-31": 7.791, "2014-09-30": 7.089, "2014-06-30": 6.552, "2014-03-31": "5.37400", "2013-12-31": 7.337, "2013-09-30": 4.719, "2013-06-30": 3.448, "2013-03-31": "3.35200", "2012-12-31": -0.352, "2012-09-30": 3.002, "2011-12-31": 2.27, "2010-12-31": 1.27}, "Change In Accounts Receivable": {"2020-09-30": -12.104, "2020-06-30": -8.463, "2020-03-31": "-6.93500", "2019-12-31": -12.318, "2019-09-30": -14.041, "2019-06-30": -5.537, "2019-03-31": "-5.26700", "2018-12-31": -17.994, "2018-09-30": -8.421, "2018-06-30": -12.219, "2018-03-31": "-9.24300", "2017-12-31": -6.715, "2017-09-30": -6.477, "2017-06-30": -3.117, "2017-03-31": "-1.59400", "2016-12-31": -7.021, "2016-09-30": 0.517, "2016-06-30": 1.294, "2016-03-31": "-6.68900", "2015-12-31": -4.235, "2015-09-30": -2.967, "2015-06-30": -0.753, "2015-03-31": "-3.96800", "2014-12-31": -0.248, "2014-09-30": -2.325, "2014-06-30": -1.245, "2014-03-31": "-0.82800", "2013-12-31": -0.553, "2013-09-30": -0.53, "2013-06-30": 1.525, "2013-03-31": "-0.79700", "2012-12-31": 0.749, "2012-09-30": -0.749, "2011-12-31": 0, "2010-12-31": 0}, "Change In Inventories": {"2020-09-30": 0, "2020-06-30": 0, "2020-03-31": "", "2019-12-31": 0, "2019-09-30": 0, "2019-06-30": 0, "2019-03-31": "", "2018-12-31": 0, "2018-09-30": 0, "2018-06-30": 0, "2018-03-31": "", "2017-12-31": 0, "2017-09-30": 0, "2017-06-30": 0, "2017-03-31": "", "2016-12-31": 0, "2016-09-30": 0, "2016-06-30": 0, "2016-03-31": "", "2015-12-31": 0.577, "2015-09-30": 0.084, "2015-06-30": -0.318, "2015-03-31": "-0.34300", "2014-12-31": 0.301, "2014-09-30": 0.163, "2014-06-30": 0.127, "2014-03-31": "-0.19000", "2013-12-31": -0.077, "2013-09-30": -0.884, "2013-06-30": -0.044, "2013-03-31": "-0.27400", "2012-12-31": -0.435, "2012-09-30": 0.435, "2011-12-31": 0, "2010-12-31": 0}, "Change In Accounts Payable": {"2020-09-30": 6.153, "2020-06-30": -1.861, "2020-03-31": "0.88800", "2019-12-31": 11.127, "2019-09-30": -0.52, "2019-06-30": 3.389, "2019-03-31": "7.75700", "2018-12-31": 3.911, "2018-09-30": -0.629, "2018-06-30": 2.317, "2018-03-31": "-2.81600", "2017-12-31": -1.992, "2017-09-30": 3.595, "2017-06-30": 0.797, "2017-03-31": "-2.22400", "2016-12-31": 3.986, "2016-09-30": 1.441, "2016-06-30": -1.481, "2016-03-31": "-2.43000", "2015-12-31": 1.652, "2015-09-30": -1.399, "2015-06-30": 0.853, "2015-03-31": "0.48500", "2014-12-31": -1.588, "2014-09-30": 1.582, "2014-06-30": 0.849, "2014-03-31": "-1.35300", "2013-12-31": -2.105, "2013-09-30": 1.519, "2013-06-30": 1.828, "2013-03-31": "-1.69500", "2012-12-31": 3.387, "2012-09-30": -3.387, "2011-12-31": 0, "2010-12-31": 0}, "Change In Assets/Liabilities": {"2020-09-30": -125.975, "2020-06-30": -22.611, "2020-03-31": "-32.42200", "2019-12-31": -45.097, "2019-09-30": -19.092, "2019-06-30": -18.954, "2019-03-31": "-15.54600", "2018-12-31": 0.714, "2018-09-30": -7.172, "2018-06-30": -10.893, "2018-03-31": "-4.30300", "2017-12-31": -1.194, "2017-09-30": -8.885, "2017-06-30": -3.73, "2017-03-31": "-5.05200", "2016-12-31": -17.419, "2016-09-30": -1.817, "2016-06-30": 0.696, "2016-03-31": "2.81100", "2015-12-31": 2.098, "2015-09-30": 1.053, "2015-06-30": 1.379, "2015-03-31": "2.73800", "2014-12-31": 1.706, "2014-09-30": 3.149, "2014-06-30": 0.421, "2014-03-31": "0.42900", "2013-12-31": 3.847, "2013-09-30": -0.586, "2013-06-30": 2.157, "2013-03-31": "-1.23000", "2012-12-31": -0.242, "2012-09-30": 0.242, "2011-12-31": 0, "2010-12-31": 0}, "Total Change In Assets/Liabilities": {"2020-09-30": -114.188, "2020-06-30": -29.091, "2020-03-31": "-18.52100", "2019-12-31": -41.625, "2019-09-30": -15.951, "2019-06-30": -16.269, "2019-03-31": "-13.15900", "2018-12-31": -7.628, "2018-09-30": -6.004, "2018-06-30": -9.138, "2018-03-31": "-10.28300", "2017-12-31": -9.409, "2017-09-30": -5.477, "2017-06-30": -7.073, "2017-03-31": "-4.71100", "2016-12-31": -19.026, "2016-09-30": 2.386, "2016-06-30": 5.074, "2016-03-31": "0.61900", "2015-12-31": -2.312, "2015-09-30": -1.576, "2015-06-30": 1.454, "2015-03-31": "1.72400", "2014-12-31": -2.093, "2014-09-30": 8.771, "2014-06-30": -1.741, "2014-03-31": "5.06700", "2013-12-31": 2.848, "2013-09-30": -4.101, "2013-06-30": 7.307, "2013-03-31": "-2.58300", "2012-12-31": 1.124, "2012-09-30": 1.316, "2011-12-31": 3.89, "2010-12-31": 4.51}, "Cash Flow From Operating Activities": {"2020-09-30": -72.816, "2020-06-30": 27.04, "2020-03-31": "13.06900", "2019-12-31": -6.162, "2019-09-30": 26.76, "2019-06-30": 24.051, "2019-03-31": "20.19700", "2018-12-31": 23.028, "2018-09-30": 20.227, "2018-06-30": 16.69, "2018-03-31": "12.18500", "2017-12-31": 10.289, "2017-09-30": 13.424, "2017-06-30": 8.742, "2017-03-31": "8.71000", "2016-12-31": 7.272, "2016-09-30": 7.755, "2016-06-30": 9.872, "2016-03-31": "4.80900", "2015-12-31": 2.878, "2015-09-30": 1.825, "2015-06-30": 1.07, "2015-03-31": "-0.68700", "2014-12-31": -4.322, "2014-09-30": 3.874, "2014-06-30": -8.519, "2014-03-31": "-2.46300", "2013-12-31": -3.181, "2013-09-30": -8.233, "2013-06-30": -2.864, "2013-03-31": "-9.49300", "2012-12-31": -2.961, "2012-09-30": -11.279, "2011-12-31": -0.16, "2010-12-31": -0.61}, "Net Change In Property, Plant, And Equipment": {"2020-09-30": -29.439, "2020-06-30": -18.352, "2020-03-31": "-14.25000", "2019-12-31": -11.466, "2019-09-30": -10.231, "2019-06-30": -12.191, "2019-03-31": "-10.40500", "2018-12-31": -12.575, "2018-09-30": -8.746, "2018-06-30": -9.877, "2018-03-31": "-7.34600", "2017-12-31": -5.599, "2017-09-30": -9.016, "2017-06-30": -5.507, "2017-03-31": "-6.79500", "2016-12-31": -5.249, "2016-09-30": -4.132, "2016-06-30": -4.555, "2016-03-31": "-2.46200", "2015-12-31": -4.202, "2015-09-30": -4.616, "2015-06-30": -5.028, "2015-03-31": "-3.29800", "2014-12-31": -2.796, "2014-09-30": -4.663, "2014-06-30": -6.997, "2014-03-31": "-3.50900", "2013-12-31": -1.765, "2013-09-30": -3.073, "2013-06-30": -2.017, "2013-03-31": "-3.93400", "2012-12-31": -3.55, "2012-09-30": 0.04, "2011-12-31": -2.24, "2010-12-31": -4.42}, "Net Change In Intangible Assets": {"2020-09-30": 0, "2020-06-30": 0, "2020-03-31": "", "2019-12-31": -89.06, "2019-09-30": 0, "2019-06-30": 0, "2019-03-31": "", "2018-12-31": 0, "2018-09-30": 0, "2018-06-30": 0, "2018-03-31": "-18.47000", "2017-12-31": 0, "2017-09-30": 0, "2017-06-30": 0, "2017-03-31": "0.00000", "2016-12-31": 0, "2016-09-30": 0, "2016-06-30": 0, "2016-03-31": "", "2015-12-31": 0, "2015-09-30": 0, "2015-06-30": 0, "2015-03-31": "", "2014-12-31": 0, "2014-09-30": 0, "2014-06-30": 0, "2014-03-31": "", "2013-12-31": 0, "2013-09-30": 0, "2013-06-30": 0, "2013-03-31": "", "2012-12-31": 0, "2012-09-30": 0, "2011-12-31": 0, "2010-12-31": 0}, "Net Acquisitions/Divestitures": {"2020-09-30": 0, "2020-06-30": 0, "2020-03-31": "", "2019-12-31": 0, "2019-09-30": 0, "2019-06-30": 0, "2019-03-31": "-27.87000", "2018-12-31": -26.434, "2018-09-30": 0, "2018-06-30": 0, "2018-03-31": "", "2017-12-31": 0, "2017-09-30": 0, "2017-06-30": 0, "2017-03-31": "", "2016-12-31": 0, "2016-09-30": 0, "2016-06-30": 0, "2016-03-31": "", "2015-12-31": 0, "2015-09-30": 0, "2015-06-30": -4.67, "2015-03-31": "", "2014-12-31": 0, "2014-09-30": 0, "2014-06-30": 0, "2014-03-31": "", "2013-12-31": 0, "2013-09-30": 0, "2013-06-30": 0, "2013-03-31": "", "2012-12-31": 0, "2012-09-30": 0, "2011-12-31": 0, "2010-12-31": 0}, "Net Change In Short-term Investments": {"2020-09-30": 0, "2020-06-30": 0, "2020-03-31": "", "2019-12-31": 0, "2019-09-30": 0, "2019-06-30": 0, "2019-03-31": "", "2018-12-31": 0, "2018-09-30": 0, "2018-06-30": 0, "2018-03-31": "", "2017-12-31": 0, "2017-09-30": 0, "2017-06-30": 0, "2017-03-31": "", "2016-12-31": 0, "2016-09-30": 0, "2016-06-30": 0, "2016-03-31": "", "2015-12-31": 2.22, "2015-09-30": 9.5, "2015-06-30": 9.58, "2015-03-31": "6.78000", "2014-12-31": 0, "2014-09-30": -28.696, "2014-06-30": 0, "2014-03-31": "", "2013-12-31": 0, "2013-09-30": 0, "2013-06-30": 0, "2013-03-31": "", "2012-12-31": 0, "2012-09-30": 0, "2011-12-31": 0, "2010-12-31": 0}, "Net Change In Long-Term Investments": {"2020-09-30": 0, "2020-06-30": 0, "2020-03-31": "", "2019-12-31": -135.557, "2019-09-30": 0, "2019-06-30": 0, "2019-03-31": "", "2018-12-31": 0, "2018-09-30": 0, "2018-06-30": 0, "2018-03-31": "", "2017-12-31": 0, "2017-09-30": 0, "2017-06-30": 0.53, "2017-03-31": "", "2016-12-31": 0, "2016-09-30": 0, "2016-06-30": 0, "2016-03-31": "", "2015-12-31": 0.1, "2015-09-30": 0, "2015-06-30": -0.1, "2015-03-31": "0.10000", "2014-12-31": 0, "2014-09-30": 0, "2014-06-30": 0, "2014-03-31": "", "2013-12-31": 0, "2013-09-30": 0, "2013-06-30": 0, "2013-03-31": "-0.13000", "2012-12-31": 0, "2012-09-30": 0, "2011-12-31": 0, "2010-12-31": 0}, "Net Change In Investments - Total": {"2020-09-30": 0, "2020-06-30": 0, "2020-03-31": "", "2019-12-31": -135.557, "2019-09-30": 0, "2019-06-30": 0, "2019-03-31": "", "2018-12-31": 0, "2018-09-30": 0, "2018-06-30": 0, "2018-03-31": "", "2017-12-31": 0, "2017-09-30": 0, "2017-06-30": 0.53, "2017-03-31": "", "2016-12-31": 0, "2016-09-30": 0, "2016-06-30": 0, "2016-03-31": "", "2015-12-31": 2.32, "2015-09-30": 9.5, "2015-06-30": 9.48, "2015-03-31": "6.88000", "2014-12-31": 0, "2014-09-30": -28.696, "2014-06-30": 0, "2014-03-31": "", "2013-12-31": 0, "2013-09-30": 0, "2013-06-30": 0, "2013-03-31": "-0.13000", "2012-12-31": 0, "2012-09-30": 0, "2011-12-31": 0.34, "2010-12-31": -0.34}, "Investing Activities - Other": {"2020-09-30": 0, "2020-06-30": 0, "2020-03-31": "", "2019-12-31": 0, "2019-09-30": 0, "2019-06-30": 0, "2019-03-31": "", "2018-12-31": 0, "2018-09-30": 0, "2018-06-30": 0, "2018-03-31": "", "2017-12-31": 0, "2017-09-30": 0, "2017-06-30": 0, "2017-03-31": "", "2016-12-31": 0, "2016-09-30": 0, "2016-06-30": 0, "2016-03-31": "", "2015-12-31": 0, "2015-09-30": 0, "2015-06-30": 0, "2015-03-31": "", "2014-12-31": 0, "2014-09-30": 0, "2014-06-30": 0, "2014-03-31": "", "2013-12-31": 0, "2013-09-30": 0, "2013-06-30": 0, "2013-03-31": "", "2012-12-31": 0, "2012-09-30": 0, "2011-12-31": 0, "2010-12-31": 0}, "Cash Flow From Investing Activities": {"2020-09-30": -29.439, "2020-06-30": -18.352, "2020-03-31": "-14.25000", "2019-12-31": -236.083, "2019-09-30": -10.231, "2019-06-30": -12.191, "2019-03-31": "-38.27500", "2018-12-31": -39.009, "2018-09-30": -8.746, "2018-06-30": -9.877, "2018-03-31": "-25.81600", "2017-12-31": -5.599, "2017-09-30": -9.016, "2017-06-30": -4.977, "2017-03-31": "-6.79500", "2016-12-31": -5.249, "2016-09-30": -4.132, "2016-06-30": -4.555, "2016-03-31": "-2.46200", "2015-12-31": -1.882, "2015-09-30": 4.884, "2015-06-30": -0.218, "2015-03-31": "3.58200", "2014-12-31": -2.796, "2014-09-30": -33.359, "2014-06-30": -6.997, "2014-03-31": "-3.50900", "2013-12-31": -1.765, "2013-09-30": -3.073, "2013-06-30": -2.017, "2013-03-31": "-4.06400", "2012-12-31": -3.55, "2012-09-30": 0.04, "2011-12-31": -1.9, "2010-12-31": -4.76}, "Net Long-Term Debt": {"2020-09-30": 121.655, "2020-06-30": -5.767, "2020-03-31": "490.29300", "2019-12-31": 0, "2019-09-30": 0, "2019-06-30": -0.943, "2019-03-31": "", "2018-12-31": 0, "2018-09-30": 0, "2018-06-30": -0.741, "2018-03-31": "449.45700", "2017-12-31": 0, "2017-09-30": 0, "2017-06-30": 0, "2017-03-31": "-15.02100", "2016-12-31": -0.937, "2016-09-30": -1.03, "2016-06-30": -1.027, "2016-03-31": "-1.02500", "2015-12-31": -1.022, "2015-09-30": -1.021, "2015-06-30": -1.147, "2015-03-31": "-3.54600", "2014-12-31": -2.916, "2014-09-30": -2.817, "2014-06-30": -2.431, "2014-03-31": "-2.44300", "2013-12-31": -5.541, "2013-09-30": 17.179, "2013-06-30": 1.602, "2013-03-31": "-2.11400", "2012-12-31": -20.923, "2012-09-30": 20.923, "2011-12-31": 0, "2010-12-31": 0}, "Net Current Debt": {"2020-09-30": 0, "2020-06-30": 0, "2020-03-31": "", "2019-12-31": 0, "2019-09-30": 0, "2019-06-30": 0, "2019-03-31": "", "2018-12-31": 0, "2018-09-30": 0, "2018-06-30": 0, "2018-03-31": "", "2017-12-31": 0, "2017-09-30": 0, "2017-06-30": 0, "2017-03-31": "", "2016-12-31": 0, "2016-09-30": 0, "2016-06-30": 0, "2016-03-31": "", "2015-12-31": 0, "2015-09-30": 0, "2015-06-30": 0, "2015-03-31": "", "2014-12-31": 0, "2014-09-30": 0, "2014-06-30": 0, "2014-03-31": "", "2013-12-31": 0, "2013-09-30": 0, "2013-06-30": 0, "2013-03-31": "", "2012-12-31": 0, "2012-09-30": 0, "2011-12-31": 0, "2010-12-31": 0}, "Debt Issuance/Retirement Net - Total": {"2020-09-30": 121.655, "2020-06-30": -5.767, "2020-03-31": "490.29300", "2019-12-31": 0, "2019-09-30": 0, "2019-06-30": -0.943, "2019-03-31": "", "2018-12-31": 0, "2018-09-30": 0, "2018-06-30": -0.741, "2018-03-31": "449.45700", "2017-12-31": 0, "2017-09-30": 0, "2017-06-30": 0, "2017-03-31": "-15.02100", "2016-12-31": -0.937, "2016-09-30": -1.03, "2016-06-30": -1.027, "2016-03-31": "-1.02500", "2015-12-31": -1.022, "2015-09-30": -1.021, "2015-06-30": -1.147, "2015-03-31": "-3.54600", "2014-12-31": -2.916, "2014-09-30": -2.817, "2014-06-30": -2.431, "2014-03-31": "-2.44300", "2013-12-31": -5.541, "2013-09-30": 17.179, "2013-06-30": 1.602, "2013-03-31": "-2.11400", "2012-12-31": -2.423, "2012-09-30": 22.233, "2011-12-31": -2.79, "2010-12-31": 1.48}, "Net Common Equity Issued/Repurchased": {"2020-09-30": 2.519, "2020-06-30": 16.802, "2020-03-31": "4.80200", "2019-12-31": 12.237, "2019-09-30": 4.081, "2019-06-30": 10.843, "2019-03-31": "2.66600", "2018-12-31": 6.989, "2018-09-30": 1.903, "2018-06-30": 8.041, "2018-03-31": "-11.31200", "2017-12-31": 5.81, "2017-09-30": 2.236, "2017-06-30": 14.77, "2017-03-31": "2.67900", "2016-12-31": 6.836, "2016-09-30": 2.1, "2016-06-30": 5.887, "2016-03-31": "0.28100", "2015-12-31": 7.484, "2015-09-30": 3.529, "2015-06-30": 7.029, "2015-03-31": "1.48200", "2014-12-31": 2.435, "2014-09-30": 1.576, "2014-06-30": 3.533, "2014-03-31": "59.11000", "2013-12-31": 103.367, "2013-09-30": 0.406, "2013-06-30": 0.232, "2013-03-31": "0.19700", "2012-12-31": -0.403, "2012-09-30": 0.403, "2011-12-31": 0, "2010-12-31": 0}, "Net Total Equity Issued/Repurchased": {"2020-09-30": 2.519, "2020-06-30": 16.802, "2020-03-31": "4.80200", "2019-12-31": 12.237, "2019-09-30": 4.081, "2019-06-30": 10.843, "2019-03-31": "2.66600", "2018-12-31": 6.989, "2018-09-30": 1.903, "2018-06-30": 8.041, "2018-03-31": "-11.31200", "2017-12-31": 5.81, "2017-09-30": 2.236, "2017-06-30": 14.77, "2017-03-31": "2.67900", "2016-12-31": 6.836, "2016-09-30": 2.1, "2016-06-30": 5.887, "2016-03-31": "0.28100", "2015-12-31": 7.484, "2015-09-30": 3.529, "2015-06-30": 7.029, "2015-03-31": "1.48200", "2014-12-31": 2.435, "2014-09-30": 1.576, "2014-06-30": 3.533, "2014-03-31": "59.11000", "2013-12-31": 103.367, "2013-09-30": 1.766, "2013-06-30": 0.497, "2013-03-31": "0.19700", "2012-12-31": 30.056, "2012-09-30": -10.296, "2011-12-31": 0.97, "2010-12-31": 10.23}, "Total Common And Preferred Stock Dividends Paid": {"2020-09-30": 0, "2020-06-30": 0, "2020-03-31": "", "2019-12-31": 0, "2019-09-30": 0, "2019-06-30": 0, "2019-03-31": "", "2018-12-31": 0, "2018-09-30": 0, "2018-06-30": 0, "2018-03-31": "", "2017-12-31": 0, "2017-09-30": 0, "2017-06-30": 0, "2017-03-31": "", "2016-12-31": 0, "2016-09-30": 0, "2016-06-30": 0, "2016-03-31": "", "2015-12-31": 0, "2015-09-30": 0, "2015-06-30": 0, "2015-03-31": "", "2014-12-31": 0, "2014-09-30": 0, "2014-06-30": 0, "2014-03-31": "", "2013-12-31": 0, "2013-09-30": 0, "2013-06-30": 0, "2013-03-31": "", "2012-12-31": 0, "2012-09-30": 0, "2011-12-31": 0, "2010-12-31": 0}, "Financial Activities - Other": {"2020-09-30": -50.89, "2020-06-30": -8.252, "2020-03-31": "-74.79900", "2019-12-31": -9.598, "2019-09-30": -5.197, "2019-06-30": -3.113, "2019-03-31": "-1.93400", "2018-12-31": -1.715, "2018-09-30": -2.471, "2018-06-30": -1.972, "2018-03-31": "-50.92400", "2017-12-31": -1.566, "2017-09-30": -1.007, "2017-06-30": -0.897, "2017-03-31": "-0.22100", "2016-12-31": -0.124, "2016-09-30": -0.131, "2016-06-30": -1.5, "2016-03-31": "", "2015-12-31": -0.046, "2015-09-30": -0.105, "2015-06-30": 0, "2015-03-31": "", "2014-12-31": 0.001, "2014-09-30": -0.042, "2014-06-30": -0.973, "2014-03-31": "-0.24600", "2013-12-31": -1.947, "2013-09-30": -1.541, "2013-06-30": -0.164, "2013-03-31": "-0.06800", "2012-12-31": 0, "2012-09-30": 0, "2011-12-31": 0, "2010-12-31": 0}, "Cash Flow From Financial Activities": {"2020-09-30": 73.284, "2020-06-30": 2.783, "2020-03-31": "420.29600", "2019-12-31": 2.639, "2019-09-30": -1.116, "2019-06-30": 6.787, "2019-03-31": "0.73200", "2018-12-31": 5.274, "2018-09-30": -0.568, "2018-06-30": 5.328, "2018-03-31": "387.22100", "2017-12-31": 4.244, "2017-09-30": 1.229, "2017-06-30": 13.873, "2017-03-31": "-12.56300", "2016-12-31": 5.775, "2016-09-30": 0.939, "2016-06-30": 3.36, "2016-03-31": "-0.74400", "2015-12-31": 6.416, "2015-09-30": 2.403, "2015-06-30": 5.882, "2015-03-31": "-2.06400", "2014-12-31": -0.48, "2014-09-30": -1.283, "2014-06-30": 0.129, "2014-03-31": "56.42100", "2013-12-31": 95.879, "2013-09-30": 17.404, "2013-06-30": 1.935, "2013-03-31": "-1.98500", "2012-12-31": 27.643, "2012-09-30": 11.947, "2011-12-31": -1.83, "2010-12-31": 11.71}, "Net Cash Flow": {"2020-09-30": -28.198, "2020-06-30": 11.692, "2020-03-31": "418.45800", "2019-12-31": -239.057, "2019-09-30": 14.995, "2019-06-30": 18.638, "2019-03-31": "-17.29900", "2018-12-31": -10.954, "2018-09-30": 10.003, "2018-06-30": 12.317, "2018-03-31": "373.77100", "2017-12-31": 8.886, "2017-09-30": 5.291, "2017-06-30": 17.325, "2017-03-31": "-10.66500", "2016-12-31": 7.965, "2016-09-30": 4.599, "2016-06-30": 8.717, "2016-03-31": "1.48600", "2015-12-31": 7.584, "2015-09-30": 9.215, "2015-06-30": 6.637, "2015-03-31": "0.97000", "2014-12-31": -7.509, "2014-09-30": -30.727, "2014-06-30": -15.408, "2014-03-31": "50.44800", "2013-12-31": 90.926, "2013-09-30": 6.086, "2013-06-30": -2.954, "2013-03-31": "-15.54400", "2012-12-31": 21.124, "2012-09-30": 0.716, "2011-12-31": -3.89, "2010-12-31": 6.33}, "Stock-Based Compensation": {"2020-09-30": 51.566, "2020-06-30": 49.255, "2020-03-31": "36.58900", "2019-12-31": 29.664, "2019-09-30": 27.376, "2019-06-30": 24.916, "2019-03-31": "19.39800", "2018-12-31": 18.709, "2018-09-30": 18.515, "2018-06-30": 17.597, "2018-03-31": "13.26700", "2017-12-31": 11.556, "2017-09-30": 10.942, "2017-06-30": 10.627, "2017-03-31": "8.93500", "2016-12-31": 8.237, "2016-09-30": 8.389, "2016-06-30": 7.477, "2016-03-31": "6.73700", "2015-12-31": 6.298, "2015-09-30": 5.752, "2015-06-30": 5.291, "2015-03-31": "4.74700", "2014-12-31": 4.21, "2014-09-30": 4.198, "2014-06-30": 3.931, "2014-03-31": "3.17700", "2013-12-31": 2.994, "2013-09-30": 2.21, "2013-06-30": 1.222, "2013-03-31": "1.11400", "2012-12-31": -1.984, "2012-09-30": 1.984, "2011-12-31": 0, "2010-12-31": 0}, "Common Stock Dividends Paid": {"2020-09-30": 0, "2020-06-30": 0, "2020-03-31": "", "2019-12-31": 0, "2019-09-30": 0, "2019-06-30": 0, "2019-03-31": "", "2018-12-31": 0, "2018-09-30": 0, "2018-06-30": 0, "2018-03-31": "", "2017-12-31": 0, "2017-09-30": 0, "2017-06-30": 0, "2017-03-31": "", "2016-12-31": 0, "2016-09-30": 0, "2016-06-30": 0, "2016-03-31": "", "2015-12-31": 0, "2015-09-30": 0, "2015-06-30": 0, "2015-03-31": "", "2014-12-31": 0, "2014-09-30": 0, "2014-06-30": 0, "2014-03-31": "", "2013-12-31": 0, "2013-09-30": 0, "2013-06-30": 0, "2013-03-31": "", "2012-12-31": 0, "2012-09-30": 0, "2011-12-31": 0, "2010-12-31": 0}}, "financial ratios": {"Current Ratio": {"2019-12-31": "1.90780", "2018-12-31": "3.54890", "2017-12-31": "2.11490", "2016-12-31": "1.77510", "2015-12-31": "2.12280", "2014-12-31": "2.09490", "2013-12-31": "2.44960", "2012-12-31": "0.98930", "2011-12-31": "0.76590", "2010-12-31": ""}, "Long-term Debt / Capital": {"2019-12-31": "0.34160", "2018-12-31": "0.53580", "2017-12-31": "", "2016-12-31": "0.00240", "2015-12-31": "0.12000", "2014-12-31": "0.07960", "2013-12-31": "0.27920", "2012-12-31": "0.99460", "2011-12-31": "", "2010-12-31": ""}, "Debt/Equity Ratio": {"2019-12-31": "0.51880", "2018-12-31": "1.15410", "2017-12-31": "", "2016-12-31": "0.11550", "2015-12-31": "0.17290", "2014-12-31": "0.26550", "2013-12-31": "0.54820", "2012-12-31": "296.88730", "2011-12-31": "0.67420", "2010-12-31": ""}, "Gross Margin": {"2019-12-31": "74.40980", "2018-12-31": "76.67410", "2017-12-31": "75.92000", "2016-12-31": "75.76180", "2015-12-31": "70.53930", "2014-12-31": "65.08530", "2013-12-31": "61.67160", "2012-12-31": "60.79230", "2011-12-31": "58.16530", "2010-12-31": "55.29450"}, "Operating Margin": {"2019-12-31": "-5.05890", "2018-12-31": "-2.43990", "2017-12-31": "-1.05990", "2016-12-31": "-3.38240", "2015-12-31": "-10.44200", "2014-12-31": "-20.55830", "2013-12-31": "-25.56490", "2012-12-31": "-29.53650", "2011-12-31": "-17.54500", "2010-12-31": "-14.52350"}, "EBIT Margin": {"2019-12-31": "-5.05890", "2018-12-31": "-2.43990", "2017-12-31": "-1.05990", "2016-12-31": "-3.38240", "2015-12-31": "-10.44200", "2014-12-31": "-20.55830", "2013-12-31": "-25.56490", "2012-12-31": "-29.53650", "2011-12-31": "-17.54500", "2010-12-31": "-14.52350"}, "EBITDA Margin": {"2019-12-31": "4.72570", "2018-12-31": "6.31050", "2017-12-31": "4.66600", "2016-12-31": "2.46090", "2015-12-31": "-5.68780", "2014-12-31": "-15.83860", "2013-12-31": "-19.97010", "2012-12-31": "-24.13080", "2011-12-31": "-13.04940", "2010-12-31": "-11.99480"}, "Pre-Tax Profit Margin": {"2019-12-31": "-6.30660", "2018-12-31": "-3.86910", "2017-12-31": "-0.78350", "2016-12-31": "-4.20280", "2015-12-31": "-11.26230", "2014-12-31": "-21.93990", "2013-12-31": "-28.74860", "2012-12-31": "-30.82100", "2011-12-31": "-17.60720", "2010-12-31": "-14.54740"}, "Net Profit Margin": {"2019-12-31": "-5.93750", "2018-12-31": "-3.88990", "2017-12-31": "-0.83480", "2016-12-31": "-4.26480", "2015-12-31": "-10.83590", "2014-12-31": "-21.98400", "2013-12-31": "-28.72060", "2012-12-31": "-30.90130", "2011-12-31": "-17.62620", "2010-12-31": "-14.54940"}, "Asset Turnover": {"2019-12-31": "0.62230", "2018-12-31": "0.75320", "2017-12-31": "1.39970", "2016-12-31": "1.50590", "2015-12-31": "1.37900", "2014-12-31": "1.16750", "2013-12-31": "1.10550", "2012-12-31": "1.80770", "2011-12-31": "2.88270", "2010-12-31": ""}, "Inventory Turnover Ratio": {"2019-12-31": "", "2018-12-31": "", "2017-12-31": "", "2016-12-31": "", "2015-12-31": "37.66550", "2014-12-31": "44.89650", "2013-12-31": "29.14210", "2012-12-31": "53.90520", "2011-12-31": "20.59800", "2010-12-31": ""}, "Receiveable Turnover": {"2019-12-31": "6.94560", "2018-12-31": "7.13770", "2017-12-31": "10.78640", "2016-12-31": "12.57930", "2015-12-31": "15.45830", "2014-12-31": "28.73960", "2013-12-31": "52.71100", "2012-12-31": "42.57470", "2011-12-31": "181.74420", "2010-12-31": ""}, "Days Sales In Receivables": {"2019-12-31": "52.55130", "2018-12-31": "51.13670", "2017-12-31": "33.83890", "2016-12-31": "29.01590", "2015-12-31": "23.61190", "2014-12-31": "12.70020", "2013-12-31": "6.92460", "2012-12-31": "8.57320", "2011-12-31": "2.00830", "2010-12-31": ""}, "ROE - Return On Equity": {"2019-12-31": "-7.18880", "2018-12-31": "-8.25010", "2017-12-31": "-1.84110", "2016-12-31": "-12.47680", "2015-12-31": "-29.14590", "2014-12-31": "-50.09070", "2013-12-31": "-72.57810", "2012-12-31": "47.85730", "2011-12-31": "32.59250", "2010-12-31": ""}, "Return On Tangible Equity": {"2019-12-31": "-9.52020", "2018-12-31": "-9.81790", "2017-12-31": "-1.93300", "2016-12-31": "-13.70310", "2015-12-31": "-32.93120", "2014-12-31": "-50.09070", "2013-12-31": "-72.57810", "2012-12-31": "-49845.67000", "2011-12-31": "-957.50710", "2010-12-31": ""}, "ROA - Return On Assets": {"2019-12-31": "-3.69510", "2018-12-31": "-2.92990", "2017-12-31": "-1.16840", "2016-12-31": "-6.42250", "2015-12-31": "-14.94280", "2014-12-31": "-25.66680", "2013-12-31": "-31.75120", "2012-12-31": "-55.86070", "2011-12-31": "-50.81130", "2010-12-31": ""}, "ROI - Return On Investment": {"2019-12-31": "-4.73310", "2018-12-31": "-3.82990", "2017-12-31": "-1.84110", "2016-12-31": "-12.44700", "2015-12-31": "-25.64780", "2014-12-31": "-46.10260", "2013-12-31": "-52.31400", "2012-12-31": "-268.06540", "2011-12-31": "-957.50680", "2010-12-31": ""}, "Book Value Per Share": {"2019-12-31": "8.57720", "2018-12-31": "3.91890", "2017-12-31": "2.92550", "2016-12-31": "1.74830", "2015-12-31": "1.53040", "2014-12-31": "1.40760", "2013-12-31": "1.02040", "2012-12-31": "0.00310", "2011-12-31": "0.06540", "2010-12-31": ""}, "Operating Cash Flow Per Share": {"2019-12-31": -0.1272, "2018-12-31": 0.3677, "2017-12-31": 0.1326, "2016-12-31": 0.3344, "2015-12-31": 0.2437, "2014-12-31": 0.5459, "2013-12-31": -0.0453, "2012-12-31": -0.6358, "2011-12-31": -0.0065, "2010-12-31": -0.0294}, "Free Cash Flow Per Share": {"2019-12-31": -0.1753, "2018-12-31": 0.2357, "2017-12-31": 0.0045, "2016-12-31": 0.3544, "2015-12-31": 0.2678, "2014-12-31": 0.6025, "2013-12-31": 0.0844, "2012-12-31": -0.7835, "2011-12-31": -0.1019, "2010-12-31": -0.2414}}, "financial ratios, quarterly": {"Current Ratio": {"2020-09-30": "2.68840", "2020-06-30": "2.69990", "2020-03-31": "3.15690", "2019-12-31": "1.90780", "2019-09-30": "2.85320", "2019-06-30": "2.99310", "2019-03-31": "3.08180", "2018-12-31": "3.54890", "2018-09-30": "4.06580", "2018-06-30": "4.32090", "2018-03-31": "4.71450", "2017-12-31": "2.11490", "2017-09-30": "1.93060", "2017-06-30": "2.00860", "2017-03-31": "1.87140", "2016-12-31": "1.77510", "2016-09-30": "1.77580", "2016-06-30": "2.01090", "2016-03-31": "2.04220", "2015-12-31": "2.12280", "2015-09-30": "2.03550", "2015-06-30": "1.80630", "2015-03-31": "1.96450", "2014-12-31": "2.09490", "2014-09-30": "2.09290", "2014-06-30": "2.78550", "2014-03-31": "2.95110", "2013-12-31": "2.44960", "2013-09-30": "0.79290", "2013-06-30": "", "2013-03-31": "", "2012-12-31": "", "2012-09-30": "", "2011-12-31": "", "2010-12-31": ""}, "Long-term Debt / Capital": {"2020-09-30": "0.82320", "2020-06-30": "0.64780", "2020-03-31": "0.68000", "2019-12-31": "0.34160", "2019-09-30": "0.50810", "2019-06-30": "0.51440", "2019-03-31": "0.52870", "2018-12-31": "0.53580", "2018-09-30": "0.54900", "2018-06-30": "0.55270", "2018-03-31": "0.56290", "2017-12-31": "", "2017-09-30": "", "2017-06-30": "", "2017-03-31": "", "2016-12-31": "0.00240", "2016-09-30": "0.01010", "2016-06-30": "0.09910", "2016-03-31": "0.11180", "2015-12-31": "0.12000", "2015-09-30": "0.13500", "2015-06-30": "0.05920", "2015-03-31": "0.07340", "2014-12-31": "0.07960", "2014-09-30": "0.08570", "2014-06-30": "0.16690", "2014-03-31": "0.16690", "2013-12-31": "0.27920", "2013-09-30": "9.93710", "2013-06-30": "", "2013-03-31": "", "2012-12-31": "", "2012-09-30": "", "2011-12-31": "", "2010-12-31": ""}, "Debt/Equity Ratio": {"2020-09-30": "4.70190", "2020-06-30": "1.92020", "2020-03-31": "2.12470", "2019-12-31": "0.51880", "2019-09-30": "1.03300", "2019-06-30": "1.05910", "2019-03-31": "1.12170", "2018-12-31": "1.15410", "2018-09-30": "1.22030", "2018-06-30": "1.23890", "2018-03-31": "1.29240", "2017-12-31": "", "2017-09-30": "", "2017-06-30": "", "2017-03-31": "", "2016-12-31": "0.11550", "2016-09-30": "0.13070", "2016-06-30": "0.14410", "2016-03-31": "0.16210", "2015-12-31": "0.17290", "2015-09-30": "0.19500", "2015-06-30": "0.21020", "2015-03-31": "0.23950", "2014-12-31": "0.26550", "2014-09-30": "0.28490", "2014-06-30": "0.29500", "2014-03-31": "0.29040", "2013-12-31": "0.54820", "2013-09-30": "-1.50520", "2013-06-30": "", "2013-03-31": "", "2012-12-31": "", "2012-09-30": "", "2011-12-31": "", "2010-12-31": ""}, "Gross Margin": {"2020-09-30": "72.88950", "2020-06-30": "72.43130", "2020-03-31": "72.54550", "2019-12-31": "73.55390", "2019-09-30": "74.41420", "2019-06-30": "75.07340", "2019-03-31": "74.77030", "2018-12-31": "76.61220", "2018-09-30": "77.40600", "2018-06-30": "76.33180", "2018-03-31": "76.27160", "2017-12-31": "76.18730", "2017-09-30": "76.37070", "2017-06-30": "75.34920", "2017-03-31": "75.67050", "2016-12-31": "76.56990", "2016-09-30": "75.77940", "2016-06-30": "75.65000", "2016-03-31": "74.87810", "2015-12-31": "72.60040", "2015-09-30": "70.91300", "2015-06-30": "69.54490", "2015-03-31": "68.54310", "2014-12-31": "67.81270", "2014-09-30": "65.92270", "2014-06-30": "62.97760", "2014-03-31": "62.90460", "2013-12-31": "62.17190", "2013-09-30": "61.92110", "2013-06-30": "61.11290", "2013-03-31": "61.33150", "2012-12-31": "", "2012-09-30": "62.03870", "2011-12-31": "", "2010-12-31": ""}, "Operating Margin": {"2020-09-30": "-9.77200", "2020-06-30": "-10.55310", "2020-03-31": "-9.52860", "2019-12-31": "-8.05530", "2019-09-30": "-4.56950", "2019-06-30": "-3.33720", "2019-03-31": "-3.70390", "2018-12-31": "-1.80460", "2018-09-30": "-4.04260", "2018-06-30": "-2.89370", "2018-03-31": "-0.89860", "2017-12-31": "-0.15370", "2017-09-30": "-0.20340", "2017-06-30": "-2.19070", "2017-03-31": "-1.98600", "2016-12-31": "6.15600", "2016-09-30": "-7.29150", "2016-06-30": "-6.86380", "2016-03-31": "-6.91030", "2015-12-31": "-7.18610", "2015-09-30": "-7.59050", "2015-06-30": "-13.49390", "2015-03-31": "-14.64990", "2014-12-31": "-15.09520", "2014-09-30": "-18.99060", "2014-06-30": "-24.26730", "2014-03-31": "-25.35740", "2013-12-31": "-22.83760", "2013-09-30": "-19.43770", "2013-06-30": "-34.79470", "2013-03-31": "-26.48280", "2012-12-31": "", "2012-09-30": "-30.54620", "2011-12-31": "", "2010-12-31": ""}, "EBIT Margin": {"2020-09-30": "-9.77200", "2020-06-30": "-10.55310", "2020-03-31": "-9.52860", "2019-12-31": "-8.05530", "2019-09-30": "-4.56950", "2019-06-30": "-3.33720", "2019-03-31": "-3.70390", "2018-12-31": "-1.80460", "2018-09-30": "-4.04260", "2018-06-30": "-2.89370", "2018-03-31": "-0.89860", "2017-12-31": "-0.15370", "2017-09-30": "-0.20340", "2017-06-30": "-2.19070", "2017-03-31": "-1.98600", "2016-12-31": "6.15590", "2016-09-30": "-7.29150", "2016-06-30": "-6.86380", "2016-03-31": "-6.91030", "2015-12-31": "-7.18610", "2015-09-30": "-7.59050", "2015-06-30": "-13.49390", "2015-03-31": "-14.64990", "2014-12-31": "-15.09520", "2014-09-30": "-18.99060", "2014-06-30": "-24.26730", "2014-03-31": "-25.35740", "2013-12-31": "-22.83750", "2013-09-30": "-19.43770", "2013-06-30": "-34.79470", "2013-03-31": "-26.48280", "2012-12-31": "", "2012-09-30": "-30.54620", "2011-12-31": "", "2010-12-31": ""}, "EBITDA Margin": {"2020-09-30": "", "2020-06-30": "", "2020-03-31": "", "2019-12-31": "", "2019-09-30": "", "2019-06-30": "", "2019-03-31": "", "2018-12-31": "", "2018-09-30": "", "2018-06-30": "", "2018-03-31": "", "2017-12-31": "", "2017-09-30": "", "2017-06-30": "", "2017-03-31": "", "2016-12-31": "", "2016-09-30": "", "2016-06-30": "", "2016-03-31": "", "2015-12-31": "", "2015-09-30": "", "2015-06-30": "", "2015-03-31": "", "2014-12-31": "", "2014-09-30": "", "2014-06-30": "", "2014-03-31": "", "2013-12-31": "", "2013-09-30": "", "2013-06-30": "", "2013-03-31": "", "2012-12-31": "", "2012-09-30": "", "2011-12-31": "", "2010-12-31": ""}, "Pre-Tax Profit Margin": {"2020-09-30": "-6.76030", "2020-06-30": "0.24070", "2020-03-31": "-22.61920", "2019-12-31": "-10.07340", "2019-09-30": "-5.52680", "2019-06-30": "-4.24210", "2019-03-31": "-4.68710", "2018-12-31": "-3.08130", "2018-09-30": "-5.41350", "2018-06-30": "-5.06860", "2018-03-31": "-1.78860", "2017-12-31": "-0.03120", "2017-09-30": "0.26250", "2017-06-30": "-1.71620", "2017-03-31": "-1.94770", "2016-12-31": "5.91270", "2016-09-30": "-8.19190", "2016-06-30": "-8.39900", "2016-03-31": "-7.58400", "2015-12-31": "-8.22400", "2015-09-30": "-8.32510", "2015-06-30": "-13.55190", "2015-03-31": "-16.11810", "2014-12-31": "-16.49110", "2014-09-30": "-21.01540", "2014-06-30": "-24.99290", "2014-03-31": "-26.67940", "2013-12-31": "-29.42970", "2013-09-30": "-20.98060", "2013-06-30": "-36.47090", "2013-03-31": "-28.85290", "2012-12-31": "", "2012-09-30": "-32.25290", "2011-12-31": "", "2010-12-31": ""}, "Net Profit Margin": {"2020-09-30": "-6.90230", "2020-06-30": "0.18310", "2020-03-31": "-22.69840", "2019-12-31": "-9.98830", "2019-09-30": "-5.46340", "2019-06-30": "-4.29600", "2019-03-31": "-3.15550", "2018-12-31": "-3.01020", "2018-09-30": "-5.47560", "2018-06-30": "-5.15510", "2018-03-31": "-1.80650", "2017-12-31": "-0.08570", "2017-09-30": "0.20650", "2017-06-30": "-1.76370", "2017-03-31": "-1.99320", "2016-12-31": "5.83380", "2016-09-30": "-8.23950", "2016-06-30": "-8.46110", "2016-03-31": "-7.64170", "2015-12-31": "-8.31870", "2015-09-30": "-8.25210", "2015-06-30": "-11.61530", "2015-03-31": "-16.24510", "2014-12-31": "-16.35050", "2014-09-30": "-21.04880", "2014-06-30": "-25.25240", "2014-03-31": "-26.73740", "2013-12-31": "-29.47600", "2013-09-30": "-21.10940", "2013-06-30": "-36.12080", "2013-03-31": "-28.88670", "2012-12-31": "", "2012-09-30": "-32.33740", "2011-12-31": "", "2010-12-31": ""}, "Asset Turnover": {"2020-09-30": "0.14350", "2020-06-30": "0.14150", "2020-03-31": "0.14290", "2019-12-31": "0.17430", "2019-09-30": "0.22030", "2019-06-30": "0.21260", "2019-03-31": "0.20860", "2018-12-31": "0.21090", "2018-09-30": "0.20650", "2018-06-30": "0.19770", "2018-03-31": "0.19390", "2017-12-31": "0.39240", "2017-09-30": "0.45010", "2017-06-30": "0.44640", "2017-03-31": "0.45450", "2016-12-31": "0.41650", "2016-09-30": "0.40550", "2016-06-30": "0.39730", "2016-03-31": "0.39050", "2015-12-31": "0.38840", "2015-09-30": "0.37050", "2015-06-30": "0.34840", "2015-03-31": "0.34710", "2014-12-31": "0.32860", "2014-09-30": "0.29070", "2014-06-30": "0.27150", "2014-03-31": "0.24030", "2013-12-31": "0.31230", "2013-09-30": "0.69010", "2013-06-30": "", "2013-03-31": "", "2012-12-31": "", "2012-09-30": "", "2011-12-31": "", "2010-12-31": ""}, "Inventory Turnover Ratio": {"2020-09-30": "", "2020-06-30": "", "2020-03-31": "", "2019-12-31": "", "2019-09-30": "", "2019-06-30": "", "2019-03-31": "", "2018-12-31": "", "2018-09-30": "", "2018-06-30": "", "2018-03-31": "", "2017-12-31": "", "2017-09-30": "", "2017-06-30": "", "2017-03-31": "", "2016-12-31": "", "2016-09-30": "279.22620", "2016-06-30": "183.31150", "2016-03-31": "24.10200", "2015-12-31": "9.86710", "2015-09-30": "9.76520", "2015-06-30": "9.07630", "2015-03-31": "10.00340", "2014-12-31": "11.65030", "2014-09-30": "9.64460", "2014-06-30": "8.98940", "2014-03-31": "7.78050", "2013-12-31": "8.12510", "2013-09-30": "7.85050", "2013-06-30": "", "2013-03-31": "", "2012-12-31": "", "2012-09-30": "", "2011-12-31": "", "2010-12-31": ""}, "Receiveable Turnover": {"2020-09-30": "1.97690", "2020-06-30": "1.95330", "2020-03-31": "1.97520", "2019-12-31": "1.94530", "2019-09-30": "1.97280", "2019-06-30": "2.03770", "2019-03-31": "2.00080", "2018-12-31": "1.99870", "2018-09-30": "2.34320", "2018-06-30": "2.39990", "2018-03-31": "2.71480", "2017-12-31": "3.02390", "2017-09-30": "3.27900", "2017-06-30": "3.60510", "2017-03-31": "3.58290", "2016-12-31": "3.47900", "2016-09-30": "4.10630", "2016-06-30": "3.79990", "2016-03-31": "3.37720", "2015-12-31": "4.35420", "2015-09-30": "5.05560", "2015-06-30": "5.77450", "2015-03-31": "5.64450", "2014-12-31": "8.08970", "2014-09-30": "7.65070", "2014-06-30": "10.31400", "2014-03-31": "12.46110", "2013-12-31": "14.89060", "2013-09-30": "16.82750", "2013-06-30": "", "2013-03-31": "", "2012-12-31": "", "2012-09-30": "", "2011-12-31": "", "2010-12-31": ""}, "Days Sales In Receivables": {"2020-09-30": "45.52500", "2020-06-30": "46.07630", "2020-03-31": "45.56420", "2019-12-31": "46.26620", "2019-09-30": "45.61940", "2019-06-30": "44.16720", "2019-03-31": "44.98280", "2018-12-31": "45.03010", "2018-09-30": "38.40920", "2018-06-30": "37.50090", "2018-03-31": "33.15160", "2017-12-31": "29.76310", "2017-09-30": "27.44720", "2017-06-30": "24.96490", "2017-03-31": "25.11940", "2016-12-31": "25.86960", "2016-09-30": "21.91750", "2016-06-30": "23.68470", "2016-03-31": "26.64910", "2015-12-31": "20.66980", "2015-09-30": "17.80190", "2015-06-30": "15.58590", "2015-03-31": "15.94480", "2014-12-31": "11.12530", "2014-09-30": "11.76370", "2014-06-30": "8.72600", "2014-03-31": "7.22250", "2013-12-31": "6.04410", "2013-09-30": "5.34840", "2013-06-30": "", "2013-03-31": "", "2012-12-31": "", "2012-09-30": "", "2011-12-31": "", "2010-12-31": ""}, "ROE - Return On Equity": {"2020-09-30": "-6.99320", "2020-06-30": "0.09280", "2020-03-31": "-12.38130", "2019-12-31": "-3.38700", "2019-09-30": "-3.45040", "2019-06-30": "-2.59950", "2019-03-31": "-1.91950", "2018-12-31": "-1.78770", "2018-09-30": "-3.17850", "2018-06-30": "-2.84890", "2018-03-31": "-0.98450", "2017-12-31": "-0.05300", "2017-09-30": "0.16610", "2017-06-30": "-1.37590", "2017-03-31": "-1.66340", "2016-12-31": "4.72010", "2016-09-30": "-6.53470", "2016-06-30": "-6.59030", "2016-03-31": "-5.95070", "2015-12-31": "-6.30240", "2015-09-30": "-6.15830", "2015-06-30": "-8.19890", "2015-03-31": "-11.48080", "2014-12-31": "-10.48650", "2014-09-30": "-11.99380", "2014-06-30": "-12.59630", "2014-03-31": "-11.54600", "2013-12-31": "-21.04230", "2013-09-30": "34.97430", "2013-06-30": "", "2013-03-31": "", "2012-12-31": "", "2012-09-30": "", "2011-12-31": "", "2010-12-31": ""}, "Return On Tangible Equity": {"2020-09-30": "-14.80450", "2020-06-30": "0.13290", "2020-03-31": "-19.15070", "2019-12-31": "-4.48550", "2019-09-30": "-4.41280", "2019-06-30": "-3.40520", "2019-03-31": "-2.59280", "2018-12-31": "-2.12750", "2018-09-30": "-3.37890", "2018-06-30": "-3.18270", "2018-03-31": "-1.11270", "2017-12-31": "-0.05560", "2017-09-30": "0.17820", "2017-06-30": "-1.48350", "2017-03-31": "-1.81720", "2016-12-31": "5.18390", "2016-09-30": "-7.23990", "2016-06-30": "-7.34730", "2016-03-31": "-6.69840", "2015-12-31": "-7.12090", "2015-09-30": "-7.04230", "2015-06-30": "-9.44030", "2015-03-31": "-11.48080", "2014-12-31": "-10.48650", "2014-09-30": "-11.99380", "2014-06-30": "-12.59630", "2014-03-31": "-11.54600", "2013-12-31": "-21.04230", "2013-09-30": "34.97430", "2013-06-30": "", "2013-03-31": "", "2012-12-31": "", "2012-09-30": "", "2011-12-31": "", "2010-12-31": ""}, "ROA - Return On Assets": {"2020-09-30": "-0.99030", "2020-06-30": "0.02590", "2020-03-31": "-3.24380", "2019-12-31": "-1.74100", "2019-09-30": "-1.20330", "2019-06-30": "-0.91320", "2019-03-31": "-0.65840", "2018-12-31": "-0.63490", "2018-09-30": "-1.13060", "2018-06-30": "-1.01940", "2018-03-31": "-0.35020", "2017-12-31": "-0.03360", "2017-09-30": "0.09290", "2017-06-30": "-0.78740", "2017-03-31": "-0.90590", "2016-12-31": "2.42970", "2016-09-30": "-3.34130", "2016-06-30": "-3.36120", "2016-03-31": "-2.98430", "2015-12-31": "-3.23120", "2015-09-30": "-3.05770", "2015-06-30": "-4.04690", "2015-03-31": "-5.63940", "2014-12-31": "-5.37330", "2014-09-30": "-6.11830", "2014-06-30": "-6.85690", "2014-03-31": "-6.42630", "2013-12-31": "-9.20550", "2013-09-30": "-14.56810", "2013-06-30": "", "2013-03-31": "", "2012-12-31": "", "2012-09-30": "", "2011-12-31": "", "2010-12-31": ""}, "ROI - Return On Investment": {"2020-09-30": "-1.23670", "2020-06-30": "0.03270", "2020-03-31": "-3.96240", "2019-12-31": "-2.23000", "2019-09-30": "-1.69720", "2019-06-30": "-1.26240", "2019-03-31": "-0.90470", "2018-12-31": "-0.82990", "2018-09-30": "-1.43360", "2018-06-30": "-1.27430", "2018-03-31": "-0.43030", "2017-12-31": "-0.05300", "2017-09-30": "0.16610", "2017-06-30": "-1.37590", "2017-03-31": "-1.66340", "2016-12-31": "4.70880", "2016-09-30": "-6.46850", "2016-06-30": "-5.93750", "2016-03-31": "-5.28540", "2015-12-31": "-5.54600", "2015-09-30": "-5.32720", "2015-06-30": "-7.71360", "2015-03-31": "-10.63770", "2014-12-31": "-9.65160", "2014-09-30": "-10.96590", "2014-06-30": "-10.49460", "2014-03-31": "-9.61950", "2013-12-31": "-15.16720", "2013-09-30": "-312.57060", "2013-06-30": "", "2013-03-31": "", "2012-12-31": "", "2012-09-30": "", "2011-12-31": "", "2010-12-31": ""}, "Book Value Per Share": {"2020-09-30": "3.34340", "2020-06-30": "6.16390", "2020-03-31": "5.57930", "2019-12-31": "8.57720", "2019-09-30": "4.40240", "2019-06-30": "4.28550", "2019-03-31": "4.04230", "2018-12-31": "3.91890", "2018-09-30": "3.72760", "2018-06-30": "3.65530", "2018-03-31": "3.50480", "2017-12-31": "2.92550", "2017-09-30": "2.09360", "2017-06-30": "2.00590", "2017-03-31": "1.78910", "2016-12-31": "1.74830", "2016-09-30": "1.65940", "2016-06-30": "1.61320", "2016-03-31": "1.53700", "2015-12-31": "1.53040", "2015-09-30": "1.45020", "2015-06-30": "1.42330", "2015-03-31": "1.33810", "2014-12-31": "1.40760", "2014-09-30": "1.46720", "2014-06-30": "1.56430", "2014-03-31": "1.66900", "2013-12-31": "1.02040", "2013-09-30": "-0.40670", "2013-06-30": "", "2013-03-31": "", "2012-12-31": "", "2012-09-30": "", "2011-12-31": "", "2010-12-31": ""}, "Operating Cash Flow Per Share": {"2020-09-30": -0.7928, "2020-06-30": 0.2764, "2020-03-31": "0.14960", "2019-12-31": -0.0725, "2019-09-30": 0.3152, "2019-06-30": 0.2893, "2019-03-31": "0.24810", "2018-12-31": 0.2928, "2018-09-30": 0.2494, "2018-06-30": 0.2096, "2018-03-31": "0.15550", "2017-12-31": 0.1681, "2017-09-30": 0.1415, "2017-06-30": 0.1134, "2017-03-31": "0.11660", "2016-12-31": 0.1009, "2016-09-30": 0.104, "2016-06-30": 0.1354, "2016-03-31": "0.06670", "2015-12-31": 0.0413, "2015-09-30": 0.0258, "2015-06-30": 0.0155, "2015-03-31": "-0.01000", "2014-12-31": -0.0663, "2014-09-30": 0.0584, "2014-06-30": -0.1246, "2014-03-31": "-0.03860", "2013-12-31": 0.1251, "2013-09-30": -0.2993, "2013-06-30": -0.1233, "2013-03-31": "-0.41950", "2012-12-31": 0.5386, "2012-09-30": -0.5386, "2011-12-31": 0, "2010-12-31": 0}, "Free Cash Flow Per Share": {"2020-09-30": -1.1422, "2020-06-30": 0.0932, "2020-03-31": "-0.01350", "2019-12-31": -0.2112, "2019-09-30": 0.1954, "2019-06-30": 0.1427, "2019-03-31": "0.12030", "2018-12-31": 0.133, "2018-09-30": 0.1422, "2018-06-30": 0.0855, "2018-03-31": "0.06180", "2017-12-31": 0.0718, "2017-09-30": 0.0471, "2017-06-30": 0.0423, "2017-03-31": "0.02560", "2016-12-31": 0.0283, "2016-09-30": 0.0485, "2016-06-30": 0.073, "2016-03-31": "0.03250", "2015-12-31": -0.02, "2015-09-30": -0.0378, "2015-06-30": -0.0563, "2015-03-31": "-0.05800", "2014-12-31": -0.1113, "2014-09-30": -0.0093, "2014-06-30": -0.2257, "2014-03-31": "-0.09360", "2013-12-31": 0.1687, "2013-09-30": -0.4069, "2013-06-30": -0.2109, "2013-03-31": "-0.59330", "2012-12-31": 0.8345, "2012-09-30": -0.8345, "2011-12-31": 0, "2010-12-31": 0}}, "revenue": {"Ringcentral Annual Revenue (Millions of US $)": {"2019": "$903", "2018": "$674", "2017": "$504", "2016": "$380", "2015": "$296", "2014": "$220", "2013": "$161", "2012": "$115", "2011": "$79", "2010": "$50"}, "Ringcentral Quarterly Revenue (Millions of US $)": {"2020-09-30": "$304", "2020-06-30": "$278", "2020-03-31": "$268", "2019-12-31": "$253", "2019-09-30": "$233", "2019-06-30": "$215", "2019-03-31": "$201", "2018-12-31": "$189", "2018-09-30": "$174", "2018-06-30": "$161", "2018-03-31": "$150", "2017-12-31": "$141", "2017-09-30": "$130", "2017-06-30": "$120", "2017-03-31": "$112", "2016-12-31": "$105", "2016-09-30": "$97", "2016-06-30": "$92", "2016-03-31": "$87", "2015-12-31": "$83", "2015-09-30": "$77", "2015-06-30": "$71", "2015-03-31": "$65", "2014-12-31": "$62", "2014-09-30": "$57", "2014-06-30": "$53", "2014-03-31": "$48", "2013-12-31": "$45", "2013-09-30": "$42", "2013-06-30": "$38", "2013-03-31": "$36", "2012-12-31": "", "2012-09-30": "$30", "2011-12-31": "", "2010-12-31": ""}}, "gross-profit": {"Ringcentral Annual Gross Profit (Millions of US $)": {"2019": "$672", "2018": "$516", "2017": "$382", "2016": "$288", "2015": "$209", "2014": "$143", "2013": "$99", "2012": "$70", "2011": "$46", "2010": "$28"}, "Ringcentral Quarterly Gross Profit (Millions of US $)": {"2020-09-30": "$221", "2020-06-30": "$201", "2020-03-31": "$194", "2019-12-31": "$186", "2019-09-30": "$174", "2019-06-30": "$162", "2019-03-31": "$151", "2018-12-31": "$145", "2018-09-30": "$135", "2018-06-30": "$123", "2018-03-31": "$115", "2017-12-31": "$108", "2017-09-30": "$99", "2017-06-30": "$90", "2017-03-31": "$85", "2016-12-31": "$81", "2016-09-30": "$73", "2016-06-30": "$69", "2016-03-31": "$65", "2015-12-31": "$61", "2015-09-30": "$54", "2015-06-30": "$49", "2015-03-31": "$45", "2014-12-31": "$42", "2014-09-30": "$38", "2014-06-30": "$33", "2014-03-31": "$30", "2013-12-31": "$28", "2013-09-30": "$26", "2013-06-30": "$23", "2013-03-31": "$22", "2012-12-31": "", "2012-09-30": "$18", "2011-12-31": "", "2010-12-31": ""}}, "operating-income": {"Ringcentral Annual Operating Income (Millions of US $)": {"2019": "$-46", "2018": "$-16", "2017": "$-5", "2016": "$-13", "2015": "$-31", "2014": "$-45", "2013": "$-41", "2012": "$-34", "2011": "$-14", "2010": "$-7"}, "Ringcentral Quarterly Operating Income (Millions of US $)": {"2020-09-30": "$-30", "2020-06-30": "$-29", "2020-03-31": "$-25", "2019-12-31": "$-20", "2019-09-30": "$-11", "2019-06-30": "$-7", "2019-03-31": "$-7", "2018-12-31": "$-3", "2018-09-30": "$-7", "2018-06-30": "$-5", "2018-03-31": "$-1", "2017-12-31": "$-0", "2017-09-30": "$-0", "2017-06-30": "$-3", "2017-03-31": "$-2", "2016-12-31": "$6", "2016-09-30": "$-7", "2016-06-30": "$-6", "2016-03-31": "$-6", "2015-12-31": "$-6", "2015-09-30": "$-6", "2015-06-30": "$-10", "2015-03-31": "$-10", "2014-12-31": "$-9", "2014-09-30": "$-11", "2014-06-30": "$-13", "2014-03-31": "$-12", "2013-12-31": "$-10", "2013-09-30": "$-8", "2013-06-30": "$-13", "2013-03-31": "$-9", "2012-12-31": "", "2012-09-30": "$-9", "2011-12-31": "", "2010-12-31": ""}}, "ebitda": {"Ringcentral Annual EBITDA (Millions of US $)": {"2019": "$43", "2018": "$43", "2017": "$23", "2016": "$9", "2015": "$-17", "2014": "$-35", "2013": "$-32", "2012": "$-28", "2011": "$-10", "2010": "$-6"}, "Ringcentral Quarterly EBITDA (Millions of US $)": {"2020-09-30": "$14", "2020-06-30": "$12", "2020-03-31": "$8", "2019-12-31": "$6", "2019-09-30": "$12", "2019-06-30": "$14", "2019-03-31": "$11", "2018-12-31": "$13", "2018-09-30": "$9", "2018-06-30": "$11", "2018-03-31": "$10", "2017-12-31": "$8", "2017-09-30": "$7", "2017-06-30": "$4", "2017-03-31": "$4", "2016-12-31": "$18", "2016-09-30": "$-3", "2016-06-30": "$-3", "2016-03-31": "$-3", "2015-12-31": "$-2", "2015-09-30": "$-2", "2015-06-30": "$-6", "2015-03-31": "$-6", "2014-12-31": "$-6", "2014-09-30": "$-8", "2014-06-30": "$-10", "2014-03-31": "$-10", "2013-12-31": "$-8", "2013-09-30": "$-6", "2013-06-30": "$-11", "2013-03-31": "$-7", "2012-12-31": "", "2012-09-30": "$-9", "2011-12-31": "", "2010-12-31": ""}}, "net-income": {"Ringcentral Annual Net Income (Millions of US $)": {"2019": "$-54", "2018": "$-26", "2017": "$-4", "2016": "$-16", "2015": "$-32", "2014": "$-48", "2013": "$-46", "2012": "$-35", "2011": "$-14", "2010": "$-7"}, "Ringcentral Quarterly Net Income (Millions of US $)": {"2020-09-30": "$-21", "2020-06-30": "$1", "2020-03-31": "$-61", "2019-12-31": "$-25", "2019-09-30": "$-13", "2019-06-30": "$-9", "2019-03-31": "$-6", "2018-12-31": "$-6", "2018-09-30": "$-10", "2018-06-30": "$-8", "2018-03-31": "$-3", "2017-12-31": "$-0", "2017-09-30": "$0", "2017-06-30": "$-2", "2017-03-31": "$-2", "2016-12-31": "$6", "2016-09-30": "$-8", "2016-06-30": "$-8", "2016-03-31": "$-7", "2015-12-31": "$-7", "2015-09-30": "$-6", "2015-06-30": "$-8", "2015-03-31": "$-11", "2014-12-31": "$-10", "2014-09-30": "$-12", "2014-06-30": "$-13", "2014-03-31": "$-13", "2013-12-31": "$-13", "2013-09-30": "$-9", "2013-06-30": "$-14", "2013-03-31": "$-10", "2012-12-31": "", "2012-09-30": "$-10", "2011-12-31": "", "2010-12-31": ""}}, "eps-earnings-per-share-diluted": {"Ringcentral Annual EPS": {"2019": "$-0.64", "2018": "$-0.33", "2017": "$-0.06", "2016": "$-0.22", "2015": "$-0.46", "2014": "$-0.72", "2013": "$-1.39", "2012": "$-1.58", "2011": "$-0.64", "2010": "$0.35"}, "Ringcentral Quarterly EPS": {"2020-09-30": "$-0.24", "2020-06-30": "$0.01", "2020-03-31": "$-0.70", "2019-12-31": "$-0.30", "2019-09-30": "$-0.15", "2019-06-30": "$-0.11", "2019-03-31": "$-0.08", "2018-12-31": "$-0.08", "2018-09-30": "$-0.12", "2018-06-30": "$-0.10", "2018-03-31": "$-0.03", "2017-12-31": "$0.00", "2017-09-30": "$0.00", "2017-06-30": "$-0.03", "2017-03-31": "$-0.03", "2016-12-31": "$0.09", "2016-09-30": "$-0.11", "2016-06-30": "$-0.11", "2016-03-31": "$-0.09", "2015-12-31": "$-0.10", "2015-09-30": "$-0.09", "2015-06-30": "$-0.12", "2015-03-31": "$-0.15", "2014-12-31": "$-0.14", "2014-09-30": "$-0.18", "2014-06-30": "$-0.20", "2014-03-31": "$-0.20", "2013-12-31": "$0.02", "2013-09-30": "$-0.36", "2013-06-30": "$-0.60", "2013-03-31": "$-0.45", "2012-12-31": "$0.00", "2012-09-30": "$-0.43", "2011-12-31": "$0.00", "2010-12-31": "$0.00"}}, "shares-outstanding": {"Ringcentral Annual Shares Outstanding (Millions of Shares)": {"2019": "83", "2018": "80", "2017": "76", "2016": "73", "2015": "70", "2014": "67", "2013": "33", "2012": "22", "2011": "22", "2010": "21"}, "Ringcentral Quarterly Shares Outstanding (Millions of Shares)": {"2020-09-30": "89", "2020-06-30": "94", "2020-03-31": "87", "2019-12-31": "83", "2019-09-30": "83", "2019-06-30": "82", "2019-03-31": "81", "2018-12-31": "80", "2018-09-30": "80", "2018-06-30": "79", "2018-03-31": "78", "2017-12-31": "76", "2017-09-30": "83", "2017-06-30": "76", "2017-03-31": "75", "2016-12-31": "73", "2016-09-30": "73", "2016-06-30": "73", "2016-03-31": "72", "2015-12-31": "70", "2015-09-30": "71", "2015-06-30": "69", "2015-03-31": "69", "2014-12-31": "67", "2014-09-30": "68", "2014-06-30": "67", "2014-03-31": "64", "2013-12-31": "33", "2013-09-30": "24", "2013-06-30": "23", "2013-03-31": "23", "2012-12-31": "", "2012-09-30": "22", "2011-12-31": "", "2010-12-31": ""}}, "total-assets": {"Ringcentral Annual Total Assets (Millions of US $)": {"2019": "$1,451", "2018": "$894", "2017": "$360", "2016": "$253", "2015": "$215", "2014": "$188", "2013": "$145", "2012": "$63", "2011": "$27", "2010": "$0"}, "Ringcentral Quarterly Total Assets (Millions of US $)": {"2020-09-30": "$2,116", "2020-06-30": "$1,965", "2020-03-31": "$1,872", "2019-12-31": "$1,451", "2019-09-30": "$1,059", "2019-06-30": "$1,012", "2019-03-31": "$966", "2018-12-31": "$894", "2018-09-30": "$842", "2018-06-30": "$813", "2018-03-31": "$775", "2017-12-31": "$360", "2017-09-30": "$289", "2017-06-30": "$269", "2017-03-31": "$247", "2016-12-31": "$253", "2016-09-30": "$239", "2016-06-30": "$231", "2016-03-31": "$222", "2015-12-31": "$215", "2015-09-30": "$207", "2015-06-30": "$203", "2015-03-31": "$188", "2014-12-31": "$188", "2014-09-30": "$196", "2014-06-30": "$194", "2014-03-31": "$201", "2013-12-31": "$145", "2013-09-30": "$61", "2013-06-30": "$0", "2013-03-31": "$0", "2012-12-31": "$0", "2012-09-30": "$0", "2011-12-31": "$27", "2010-12-31": "$0"}}, "cash-on-hand": {"Ringcentral Annual Cash on Hand (Millions of US $)": {"2019": "$344", "2018": "$566", "2017": "$181", "2016": "$160", "2015": "$138", "2014": "$142", "2013": "$116", "2012": "$38", "2011": "$14", "2010": "$"}, "Ringcentral Quarterly Cash on Hand (Millions of US $)": {"2020-09-30": "$746", "2020-06-30": "$774", "2020-03-31": "$762", "2019-12-31": "$344", "2019-09-30": "$583", "2019-06-30": "$568", "2019-03-31": "$549", "2018-12-31": "$566", "2018-09-30": "$577", "2018-06-30": "$567", "2018-03-31": "$555", "2017-12-31": "$181", "2017-09-30": "$172", "2017-06-30": "$167", "2017-03-31": "$150", "2016-12-31": "$160", "2016-09-30": "$152", "2016-06-30": "$148", "2016-03-31": "$139", "2015-12-31": "$138", "2015-09-30": "$132", "2015-06-30": "$133", "2015-03-31": "$136", "2014-12-31": "$142", "2014-09-30": "$149", "2014-06-30": "$151", "2014-03-31": "$167", "2013-12-31": "$116", "2013-09-30": "$25", "2013-06-30": "", "2013-03-31": "", "2012-12-31": "", "2012-09-30": "", "2011-12-31": "$14", "2010-12-31": ""}}, "long-term-debt": {"Ringcentral Annual Long Term Debt (Millions of US $)": {"2019": "$387", "2018": "$367", "2017": "$", "2016": "$0", "2015": "$15", "2014": "$8", "2013": "$25", "2012": "$13", "2011": "$", "2010": "$"}, "Ringcentral Quarterly Long Term Debt (Millions of US $)": {"2020-09-30": "$1,395", "2020-06-30": "$1,008", "2020-03-31": "$1,042", "2019-12-31": "$387", "2019-09-30": "$382", "2019-06-30": "$377", "2019-03-31": "$372", "2018-12-31": "$367", "2018-09-30": "$364", "2018-06-30": "$360", "2018-03-31": "$355", "2017-12-31": "", "2017-09-30": "", "2017-06-30": "", "2017-03-31": "", "2016-12-31": "$0", "2016-09-30": "$1", "2016-06-30": "$13", "2016-03-31": "$14", "2015-12-31": "$15", "2015-09-30": "$16", "2015-06-30": "$6", "2015-03-31": "$7", "2014-12-31": "$8", "2014-09-30": "$9", "2014-06-30": "$21", "2014-03-31": "$22", "2013-12-31": "$25", "2013-09-30": "$28", "2013-06-30": "", "2013-03-31": "", "2012-12-31": "", "2012-09-30": "", "2011-12-31": "", "2010-12-31": ""}}, "total-liabilities": {"Ringcentral Annual Total Liabilities (Millions of US $)": {"2019": "$705", "2018": "$577", "2017": "$131", "2016": "$123", "2015": "$105", "2014": "$92", "2013": "$82", "2012": "$63", "2011": "$26", "2010": "$0"}, "Ringcentral Quarterly Total Liabilities (Millions of US $)": {"2020-09-30": "$1,817", "2020-06-30": "$1,416", "2020-03-31": "$1,381", "2019-12-31": "$705", "2019-09-30": "$690", "2019-06-30": "$657", "2019-03-31": "$634", "2018-12-31": "$577", "2018-09-30": "$542", "2018-06-30": "$522", "2018-03-31": "$500", "2017-12-31": "$131", "2017-09-30": "$127", "2017-06-30": "$115", "2017-03-31": "$112", "2016-12-31": "$123", "2016-09-30": "$117", "2016-06-30": "$113", "2016-03-31": "$110", "2015-12-31": "$105", "2015-09-30": "$104", "2015-06-30": "$103", "2015-03-31": "$96", "2014-12-31": "$92", "2014-09-30": "$96", "2014-06-30": "$89", "2014-03-31": "$89", "2013-12-31": "$82", "2013-09-30": "$86", "2013-06-30": "$0", "2013-03-31": "$0", "2012-12-31": "", "2012-09-30": "$0", "2011-12-31": "$26", "2010-12-31": "$0"}}, "total-share-holder-equity": {"Ringcentral Annual Share Holder Equity (Millions of US $)": {"2019": "$746", "2018": "$318", "2017": "$228", "2016": "$130", "2015": "$110", "2014": "$97", "2013": "$64", "2012": "$0", "2011": "$1", "2010": "$0"}, "Ringcentral Quarterly Share Holder Equity (Millions of US $)": {"2020-09-30": "$300", "2020-06-30": "$548", "2020-03-31": "$490", "2019-12-31": "$746", "2019-09-30": "$369", "2019-06-30": "$356", "2019-03-31": "$331", "2018-12-31": "$318", "2018-09-30": "$299", "2018-06-30": "$291", "2018-03-31": "$276", "2017-12-31": "$228", "2017-09-30": "$162", "2017-06-30": "$154", "2017-03-31": "$134", "2016-12-31": "$130", "2016-09-30": "$122", "2016-06-30": "$118", "2016-03-31": "$111", "2015-12-31": "$110", "2015-09-30": "$103", "2015-06-30": "$100", "2015-03-31": "$92", "2014-12-31": "$97", "2014-09-30": "$100", "2014-06-30": "$106", "2014-03-31": "$112", "2013-12-31": "$64", "2013-09-30": "$-25", "2013-06-30": "$0", "2013-03-31": "$0", "2012-12-31": "", "2012-09-30": "$0", "2011-12-31": "$1", "2010-12-31": "$0"}}, "profit-margins": {"current": "-9.66%"}, "gross margin": {"2020-09-30": "72.71%", "2020-06-30": "73.16%", "2020-03-31": "73.89%", "2019-12-31": "74.61%", "2019-09-30": "75.42%", "2019-06-30": "76.12%", "2019-03-31": "76.41%", "2018-12-31": "76.85%", "2018-09-30": "76.84%", "2018-06-30": "76.46%", "2018-03-31": "76.16%", "2017-12-31": "75.94%", "2017-09-30": "76.02%", "2017-06-30": "75.81%", "2017-03-31": "75.86%", "2016-12-31": "75.59%", "2016-09-30": "74.65%", "2016-06-30": "73.45%", "2016-03-31": "72.01%", "2015-12-31": "70.61%", "2015-09-30": "69.09%", "2015-06-30": "68.24%", "2015-03-31": "66.67%", "2014-12-31": "65.00%", "2014-09-30": "63.55%", "2014-06-30": "62.23%", "2014-03-31": "61.85%", "2013-12-31": "61.49%", "2013-06-30": "60.58%"}, "operating margin": {"2020-09-30": "-9.43%", "2020-06-30": "-8.24%", "2020-03-31": "-6.50%", "2019-12-31": "-4.99%", "2019-09-30": "-3.34%", "2019-06-30": "-3.08%", "2019-03-31": "-3.03%", "2018-12-31": "-2.37%", "2018-09-30": "-2.08%", "2018-06-30": "-1.03%", "2018-03-31": "-0.74%", "2017-12-31": "-0.99%", "2017-09-30": "0.21%", "2017-06-30": "-1.38%", "2017-03-31": "-2.22%", "2016-12-31": "-3.41%", "2016-09-30": "-6.96%", "2016-06-30": "-7.08%", "2016-03-31": "-8.81%", "2015-12-31": "-10.81%", "2015-09-30": "-12.73%", "2015-06-30": "-15.69%", "2015-03-31": "-18.14%", "2014-12-31": "-20.45%", "2014-09-30": "-22.66%", "2014-06-30": "-22.87%", "2014-03-31": "-24.86%", "2013-12-31": "-24.84%", "2013-06-30": "-29.81%"}, "ebitda margin": {"2020-09-30": "3.63%", "2020-06-30": "3.68%", "2020-03-31": "4.13%", "2019-12-31": "4.77%", "2019-09-30": "5.97%", "2019-06-30": "6.03%", "2019-03-31": "6.07%", "2018-12-31": "6.38%", "2018-09-30": "6.07%", "2018-06-30": "6.19%", "2018-03-31": "5.36%", "2017-12-31": "4.57%", "2017-09-30": "7.07%", "2017-06-30": "5.30%", "2017-03-31": "3.94%", "2016-12-31": "2.36%", "2016-09-30": "-3.06%", "2016-06-30": "-2.95%", "2016-03-31": "-4.09%", "2015-12-31": "-5.41%", "2015-09-30": "-7.27%", "2015-06-30": "-10.20%", "2015-03-31": "-12.66%", "2014-12-31": "-15.45%", "2014-09-30": "-17.73%", "2014-06-30": "-18.09%", "2014-03-31": "-20.23%", "2013-12-31": "-19.88%", "2013-06-30": "-25.96%"}, "pre tax profit margin": {"2020-09-30": "-9.61%", "2020-06-30": "-9.50%", "2020-03-31": "-11.15%", "2019-12-31": "-6.21%", "2019-09-30": "-4.42%", "2019-06-30": "-4.24%", "2019-03-31": "-4.41%", "2018-12-31": "-3.86%", "2018-09-30": "-3.19%", "2018-06-30": "-1.89%", "2018-03-31": "-0.92%", "2017-12-31": "-0.80%", "2017-09-30": "0.43%", "2017-06-30": "-1.38%", "2017-03-31": "-2.96%", "2016-12-31": "-4.46%", "2016-09-30": "-8.36%", "2016-06-30": "-8.26%", "2016-03-31": "-9.43%", "2015-12-31": "-11.49%", "2015-09-30": "-13.45%", "2015-06-30": "-16.86%", "2015-03-31": "-19.41%", "2014-12-31": "-21.82%", "2014-09-30": "-25.12%", "2014-06-30": "-25.53%", "2014-03-31": "-28.32%", "2013-12-31": "-28.57%", "2013-06-30": "-32.69%"}, "net profit margin": {"2020-09-30": "-9.61%", "2020-06-30": "-9.50%", "2020-03-31": "-11.15%", "2019-12-31": "-5.88%", "2019-09-30": "-4.06%", "2019-06-30": "-3.98%", "2019-03-31": "-4.14%", "2018-12-31": "-4.01%", "2018-09-30": "-3.35%", "2018-06-30": "-1.89%", "2018-03-31": "-0.92%", "2017-12-31": "-0.80%", "2017-09-30": "0.43%", "2017-06-30": "-1.38%", "2017-03-31": "-2.96%", "2016-12-31": "-4.46%", "2016-09-30": "-8.36%", "2016-06-30": "-8.26%", "2016-03-31": "-8.81%", "2015-12-31": "-10.81%", "2015-09-30": "-12.73%", "2015-06-30": "-16.08%", "2015-03-31": "-19.41%", "2014-12-31": "-21.82%", "2014-09-30": "-25.12%", "2014-06-30": "-25.53%", "2014-03-31": "-28.32%", "2013-12-31": "-28.57%", "2013-06-30": "-32.69%"}, "pe ratio": {"current": "0.00", "2021-02-05": "0.00", "2020-09-30": "0.00", "2020-06-30": "0.00", "2020-03-31": "0.00", "2019-12-31": "0.00", "2019-09-30": "0.00", "2019-06-30": "0.00", "2019-03-31": "0.00", "2018-12-31": "0.00", "2018-09-30": "0.00", "2018-06-30": "0.00", "2018-03-31": "0.00", "2017-12-31": "0.00", "2017-09-30": "0.00", "2017-06-30": "0.00", "2017-03-31": "0.00", "2016-12-31": "0.00", "2016-09-30": "0.00", "2016-06-30": "0.00", "2016-03-31": "0.00", "2015-12-31": "0.00", "2015-09-30": "0.00", "2015-06-30": "0.00", "2015-03-31": "0.00", "2014-12-31": "0.00", "2014-09-30": "0.00", "2014-06-30": "0.00"}, "price sales": {"2021-02-05": "32.67", "2020-09-30": "22.04", "2020-06-30": "24.03", "2020-03-31": "18.40", "2019-12-31": "15.43", "2019-09-30": "12.24", "2019-06-30": "11.93", "2019-03-31": "11.90", "2018-12-31": "9.70", "2018-09-30": "11.66", "2018-06-30": "9.54", "2018-03-31": "9.18", "2017-12-31": "7.44", "2017-09-30": "6.85", "2017-06-30": "6.25", "2017-03-31": "5.12", "2016-12-31": "3.94", "2016-09-30": "4.75", "2016-06-30": "4.16", "2016-03-31": "3.50", "2015-12-31": "5.55", "2015-09-30": "4.56", "2015-06-30": "4.95", "2015-03-31": "4.38", "2014-12-31": "4.51", "2014-09-30": "3.39", "2014-06-30": "3.27"}, "price book": {"current": "120.87", "2021-02-05": "121.78", "2020-09-30": "82.13", "2020-06-30": "46.24", "2020-03-31": "37.98", "2019-12-31": "19.66", "2019-09-30": "28.54", "2019-06-30": "26.82", "2019-03-31": "26.67", "2018-12-31": "21.04", "2018-09-30": "24.96", "2018-06-30": "19.25", "2018-03-31": "18.12", "2017-12-31": "16.54", "2017-09-30": "19.94", "2017-06-30": "18.22", "2017-03-31": "15.82", "2016-12-31": "11.78", "2016-09-30": "14.26", "2016-06-30": "12.22", "2016-03-31": "10.25", "2015-12-31": "15.41", "2015-09-30": "12.52", "2015-06-30": "12.99", "2015-03-31": "11.46", "2014-12-31": "10.60", "2014-09-30": "8.66", "2014-06-30": "9.67", "2014-03-31": "10.84", "2013-12-31": "18.00", "2013-09-30": "-44.31"}, "price fcf": {"2021-02-05": "", "2020-09-30": "$-1.27", "2020-06-30": "$0.06", "2020-03-31": "$0.11", "2019-12-31": "$0.25", "2019-09-30": "$0.59", "2019-06-30": "$0.54", "2019-03-31": "$0.48", "2018-12-31": "$0.42", "2018-09-30": "$0.36", "2018-06-30": "$0.27", "2018-03-31": "$0.22", "2017-12-31": "$0.19", "2017-09-30": "$0.14", "2017-06-30": "$0.14", "2017-03-31": "$0.18", "2016-12-31": "$0.18", "2016-09-30": "$0.13", "2016-06-30": "$0.05", "2016-03-31": "$-0.08", "2015-12-31": "$-0.17", "2015-09-30": "$-0.26", "2015-06-30": "$-0.23", "2015-03-31": "$-0.40", "2014-12-31": "$-0.44", "2014-09-30": "$-0.16", "2014-06-30": "$-1.36"}, "net worth": {"value": "$36.5B"}, "current ratio": {"current": "2.69", "2020-09-30": "2.69", "2020-06-30": "2.70", "2020-03-31": "3.16", "2019-12-31": "1.91", "2019-09-30": "2.85", "2019-06-30": "2.99", "2019-03-31": "3.08", "2018-12-31": "3.55", "2018-09-30": "4.07", "2018-06-30": "4.32", "2018-03-31": "4.72", "2017-12-31": "2.12", "2017-09-30": "1.93", "2017-06-30": "2.01", "2017-03-31": "1.87", "2016-12-31": "1.78", "2016-09-30": "1.78", "2016-06-30": "2.01", "2016-03-31": "2.04", "2015-12-31": "2.12", "2015-09-30": "2.04", "2015-06-30": "1.81", "2015-03-31": "1.96", "2014-12-31": "2.10", "2014-09-30": "2.09", "2014-06-30": "2.79", "2014-03-31": "2.95", "2013-12-31": "2.45", "2013-09-30": "0.79", "2013-06-30": "0.00", "2013-03-31": "0.00", "2012-12-31": "0.00", "2012-09-30": "0.00", "2011-12-31": "0.77", "2010-12-31": "0.00"}, "quick ratio": {"2020-09-30": "0.00", "2020-06-30": "0.00", "2020-03-31": "0.00", "2019-12-31": "0.00", "2019-09-30": "0.00", "2019-06-30": "0.00", "2019-03-31": "0.00", "2018-12-31": "0.00", "2018-09-30": "0.00", "2018-06-30": "0.00", "2018-03-31": "0.00", "2017-12-31": "0.00", "2017-09-30": "0.00", "2017-06-30": "0.00", "2017-03-31": "0.00", "2016-12-31": "0.00", "2016-09-30": "1.78", "2016-06-30": "2.01", "2016-03-31": "2.03", "2015-12-31": "2.09", "2015-09-30": "2.01", "2015-06-30": "1.78", "2015-03-31": "1.94", "2014-12-31": "2.07", "2014-09-30": "2.07", "2014-06-30": "2.75", "2014-03-31": "2.91", "2013-12-31": "2.41", "2013-09-30": "0.75", "2013-06-30": "0.00", "2013-03-31": "0.00", "2012-12-31": "0.00", "2012-09-30": "0.00", "2011-12-31": "0.69", "2010-12-31": "0.00"}, "debt equity ratio": {"current": "4.65", "2020-09-30": "6.06", "2020-06-30": "2.58", "2020-03-31": "2.82", "2019-12-31": "0.95", "2019-09-30": "1.87", "2019-06-30": "1.85", "2019-03-31": "1.92", "2018-12-31": "1.82", "2018-09-30": "1.81", "2018-06-30": "1.80", "2018-03-31": "1.81", "2017-12-31": "0.58", "2017-09-30": "0.79", "2017-06-30": "0.75", "2017-03-31": "0.84", "2016-12-31": "0.94", "2016-09-30": "0.96", "2016-06-30": "0.96", "2016-03-31": "0.99", "2015-12-31": "0.95", "2015-09-30": "1.01", "2015-06-30": "1.03", "2015-03-31": "1.04", "2014-12-31": "0.95", "2014-09-30": "0.96", "2014-06-30": "0.84", "2014-03-31": "0.80", "2013-12-31": "1.29", "2013-09-30": "-3.40", "2013-06-30": "0.00", "2013-03-31": "0.00", "2012-12-31": "0.00", "2012-09-30": "0.00", "2011-12-31": "17.87", "2010-12-31": "0.00"}, "return on equity": {"2020-09-30": "-20.35%", "2020-06-30": "-18.21%", "2020-03-31": "-22.03%", "2019-12-31": "-11.76%", "2019-09-30": "-9.90%", "2019-06-30": "-9.51%", "2019-03-31": "-9.69%", "2018-12-31": "-9.12%", "2018-09-30": "-7.68%", "2018-06-30": "-4.60%", "2018-03-31": "-2.44%", "2017-12-31": "-2.36%", "2017-09-30": "1.38%", "2017-06-30": "-4.44%", "2017-03-31": "-9.52%", "2016-12-31": "-14.14%", "2016-09-30": "-26.03%", "2016-06-30": "-25.34%", "2016-03-31": "-26.42%", "2015-12-31": "-31.60%", "2015-09-30": "-35.71%", "2015-06-30": "-42.16%", "2015-03-31": "-46.58%", "2014-12-31": "-46.27%", "2014-09-30": "-53.40%", "2014-06-30": "-74.71%", "2014-03-31": "-129.80%", "2013-12-31": "-471.79%", "2013-06-30": "inf%"}, "return on assets": {"2020-09-30": "-5.73%", "2020-06-30": "-6.18%", "2020-03-31": "-8.01%", "2019-12-31": "-4.72%", "2019-09-30": "-3.46%", "2019-06-30": "-3.34%", "2019-03-31": "-3.41%", "2018-12-31": "-3.25%", "2018-09-30": "-3.01%", "2018-06-30": "-1.97%", "2018-03-31": "-1.18%", "2017-12-31": "-1.37%", "2017-09-30": "0.76%", "2017-06-30": "-2.38%", "2017-03-31": "-4.95%", "2016-12-31": "-7.20%", "2016-09-30": "-13.23%", "2016-06-30": "-12.80%", "2016-03-31": "-13.22%", "2015-12-31": "-15.74%", "2015-09-30": "-17.81%", "2015-06-30": "-21.16%", "2015-03-31": "-24.02%", "2014-12-31": "-24.65%", "2014-09-30": "-27.72%", "2014-06-30": "-31.95%", "2014-03-31": "-48.16%", "2013-12-31": "-89.32%", "2013-06-30": "inf%"}, "return on investments": {"2020-09-30": "-7.03%", "2020-06-30": "-6.84%", "2020-03-31": "-6.08%", "2019-12-31": "-5.42%", "2019-09-30": "-3.90%", "2019-06-30": "-3.45%", "2019-03-31": "-3.26%", "2018-12-31": "-2.43%", "2018-09-30": "-2.67%", "2018-06-30": "-1.87%", "2018-03-31": "-2.54%", "2017-12-31": "inf%", "2017-09-30": "3.08%", "2017-06-30": "-9.49%", "2017-03-31": "-9.38%", "2016-12-31": "-10.22%", "2016-09-30": "-19.84%", "2016-06-30": "-19.20%", "2016-03-31": "-23.58%", "2015-12-31": "-28.44%", "2015-09-30": "-32.56%", "2015-06-30": "-38.10%", "2015-03-31": "-39.00%", "2014-12-31": "-37.89%", "2014-09-30": "-40.17%", "2014-06-30": "-48.86%", "2014-03-31": "-76.44%", "2013-12-31": "-175.82%", "2013-06-30": "inf%"}, "return on tangible equity": {"2020-09-30": "-30.18%", "2020-06-30": "-25.26%", "2020-03-31": "-30.00%", "2019-12-31": "-15.50%", "2019-09-30": "-12.69%", "2019-06-30": "-11.64%", "2019-03-31": "-11.37%", "2018-12-31": "-10.25%", "2018-09-30": "-8.37%", "2018-06-30": "-5.04%", "2018-03-31": "-2.65%", "2017-12-31": "-2.52%", "2017-09-30": "1.50%", "2017-06-30": "-4.86%", "2017-03-31": "-10.50%", "2016-12-31": "-15.70%", "2016-09-30": "-29.13%", "2016-06-30": "-28.57%", "2016-03-31": "-30.03%", "2015-12-31": "-34.97%", "2015-09-30": "-38.25%", "2015-06-30": "-43.62%", "2015-03-31": "-46.58%", "2014-12-31": "-46.27%", "2014-09-30": "-53.40%", "2014-06-30": "-74.71%", "2014-03-31": "-129.80%", "2013-12-31": "-471.79%", "2013-06-30": "inf%"}, "dividend yield history": {"last payout": "$0.00", "last yield": "0.00%"}}