{"ticker": "RJF", "price": {"title": "Raymond James Financial Historical Annual Stock Price Data", "value": 113.45, "historical": {"2021": {"Average Stock Price": "102.9386", "Year Open": "95.6700", "Year High": "113.4500", "Year Low": "94.0300", "Year Close": "113.4500", "Annual % Change": "18.58%"}, "2020": {"Average Stock Price": "77.6475", "Year Open": "90.7800", "Year High": "101.2600", "Year Low": "55.1000", "Year Close": "95.6700", "Annual % Change": "6.94%"}, "2019": {"Average Stock Price": "83.5012", "Year Open": "74.0400", "Year High": "91.5900", "Year Low": "71.5400", "Year Close": "89.4600", "Annual % Change": "20.23%"}, "2018": {"Average Stock Price": "89.6742", "Year Open": "88.8600", "Year High": "101.7300", "Year Low": "69.7100", "Year Close": "74.4100", "Annual % Change": "-16.67%"}, "2017": {"Average Stock Price": "79.8017", "Year Open": "69.6800", "Year High": "90.6400", "Year Low": "69.6800", "Year Close": "89.3000", "Annual % Change": "28.92%"}, "2016": {"Average Stock Price": "54.7851", "Year Open": "56.3400", "Year High": "73.9900", "Year Low": "40.4300", "Year Close": "69.2700", "Annual % Change": "19.49%"}, "2015": {"Average Stock Price": "56.4534", "Year Open": "57.1500", "Year High": "61.2900", "Year Low": "48.5600", "Year Close": "57.9700", "Annual % Change": "1.19%"}, "2014": {"Average Stock Price": "52.5183", "Year Open": "51.5500", "Year High": "57.7500", "Year Low": "48.1400", "Year Close": "57.2900", "Annual % Change": "9.77%"}, "2013": {"Average Stock Price": "44.4119", "Year Open": "39.9800", "Year High": "52.1900", "Year Low": "39.8400", "Year Close": "52.1900", "Annual % Change": "35.45%"}, "2012": {"Average Stock Price": "35.6175", "Year Open": "32.0500", "Year High": "39.8200", "Year Low": "31.7700", "Year Close": "38.5300", "Annual % Change": "24.45%"}, "2011": {"Average Stock Price": "32.3533", "Year Open": "33.0100", "Year High": "39.4600", "Year Low": "24.1100", "Year Close": "30.9600", "Annual % Change": "-5.32%"}, "2010": {"Average Stock Price": "27.4958", "Year Open": "24.2700", "Year High": "33.5900", "Year Low": "23.0800", "Year Close": "32.7000", "Annual % Change": "37.57%"}, "2009": {"Average Stock Price": "19.9246", "Year Open": "18.0100", "Year High": "26.3800", "Year Low": "11.4800", "Year Close": "23.7700", "Annual % Change": "38.76%"}, "2008": {"Average Stock Price": "25.6784", "Year Open": "31.9600", "Year High": "38.2500", "Year Low": "13.0200", "Year Close": "17.1300", "Annual % Change": "-47.55%"}, "2007": {"Average Stock Price": "31.9630", "Year Open": "30.7200", "Year High": "37.2500", "Year Low": "27.7500", "Year Close": "32.6600", "Annual % Change": "7.75%"}, "2006": {"Average Stock Price": "29.4693", "Year Open": "25.6667", "Year High": "33.2900", "Year Low": "25.6667", "Year Close": "30.3100", "Annual % Change": "20.69%"}, "2005": {"Average Stock Price": "20.6521", "Year Open": "20.3600", "Year High": "25.4933", "Year Low": "17.5267", "Year Close": "25.1133", "Annual % Change": "21.59%"}, "2004": {"Average Stock Price": "17.1409", "Year Open": "16.4978", "Year High": "20.8000", "Year Low": "14.6333", "Year Close": "20.6533", "Annual % Change": "23.26%"}, "2003": {"Average Stock Price": "14.5376", "Year Open": "13.4000", "Year High": "18.3111", "Year Low": "10.3111", "Year Close": "16.7556", "Annual % Change": "27.45%"}, "2002": {"Average Stock Price": "13.7595", "Year Open": "15.4578", "Year High": "16.5644", "Year Low": "10.3556", "Year Close": "13.1467", "Annual % Change": "-16.72%"}, "2001": {"Average Stock Price": "13.9772", "Year Open": "15.7778", "Year High": "17.8356", "Year Low": "10.8444", "Year Close": "15.7867", "Annual % Change": "1.84%"}, "2000": {"Average Stock Price": "10.8597", "Year Open": "7.8311", "Year High": "16.8622", "Year Low": "7.4711", "Year Close": "15.5022", "Annual % Change": "87.22%"}, "1999": {"Average Stock Price": "8.9860", "Year Open": "9.7511", "Year High": "10.9733", "Year Low": "7.5822", "Year Close": "8.2800", "Annual % Change": "-11.83%"}, "1998": {"Average Stock Price": "11.4732", "Year Open": "11.4993", "Year High": "15.6400", "Year Low": "7.6667", "Year Close": "9.3911", "Annual % Change": "-20.14%"}, "1997": {"Average Stock Price": "8.3288", "Year Open": "5.6296", "Year High": "11.7600", "Year Low": "5.6296", "Year Close": "11.7600", "Annual % Change": "97.59%"}, "1996": {"Average Stock Price": "4.5882", "Year Open": "4.0494", "Year High": "6.0484", "Year Low": "3.8025", "Year Close": "5.9516", "Annual % Change": "41.79%"}, "1995": {"Average Stock Price": "3.8543", "Year Open": "2.7160", "Year High": "4.9383", "Year Low": "2.7160", "Year Close": "4.1975", "Annual % Change": "51.79%"}, "1994": {"Average Stock Price": "2.9880", "Year Open": "3.1605", "Year High": "3.6049", "Year Low": "2.5936", "Year Close": "2.7654", "Annual % Change": "-15.81%"}, "1993": {"Average Stock Price": "3.2397", "Year Open": "2.9630", "Year High": "3.9677", "Year Low": "2.7167", "Year Close": "3.2849", "Annual % Change": "11.51%"}, "1992": {"Average Stock Price": "2.8308", "Year Open": "2.6996", "Year High": "3.7702", "Year Low": "2.0412", "Year Close": "2.9458", "Annual % Change": "9.12%"}, "1991": {"Average Stock Price": "1.9055", "Year Open": "1.0974", "Year High": "2.7435", "Year Low": "0.9511", "Year Close": "2.6996", "Annual % Change": "150.96%"}, "1990": {"Average Stock Price": "1.0411", "Year Open": "0.9218", "Year High": "1.3169", "Year Low": "0.8416", "Year Close": "1.0757", "Annual % Change": "19.58%"}, "1989": {"Average Stock Price": "0.9110", "Year Open": "0.6438", "Year High": "1.1120", "Year Low": "0.6145", "Year Close": "0.8996", "Annual % Change": "39.73%"}, "1988": {"Average Stock Price": "0.5946", "Year Open": "0.5706", "Year High": "0.7246", "Year Low": "0.5338", "Year Close": "0.6438", "Annual % Change": "17.27%"}}}, "market cap": {"value": "$15.25B"}, "income statement": {"Revenue": {"2020-09-30": "8168.00000", "2019-09-30": "8023.00000", "2018-09-30": "7476.00000", "2017-09-30": "6525.00000", "2016-09-30": "5521.12000", "2015-09-30": "5309.68000", "2014-09-30": "4965.46000", "2013-09-30": "4595.79800", "2012-09-30": "3897.90000", "2011-09-30": "3399.88600", "2010-09-30": "2979.51600", "2009-09-30": "2602.51900", "2008-09-30": "3204.93200", "2007-09-30": "3109.57900", "2006-09-30": "2645.57800", "2005-09-30": "2168.19600"}, "Cost Of Goods Sold": {"2020-09-30": "", "2019-09-30": "", "2018-09-30": "", "2017-09-30": "", "2016-09-30": "", "2015-09-30": "42.74800", "2014-09-30": "39.87500", "2013-09-30": "40.25300", "2012-09-30": "39.42200", "2011-09-30": "38.46100", "2010-09-30": "35.12300", "2009-09-30": "33.25800", "2008-09-30": "31.34600", "2007-09-30": "30.74600", "2006-09-30": "28.32900", "2005-09-30": "24.06300"}, "Gross Profit": {"2020-09-30": "8168.00000", "2019-09-30": "8023.00000", "2018-09-30": "7476.00000", "2017-09-30": "6525.00000", "2016-09-30": "5521.12000", "2015-09-30": "5266.93200", "2014-09-30": "4925.58500", "2013-09-30": "4555.54500", "2012-09-30": "3858.47800", "2011-09-30": "3361.42500", "2010-09-30": "2944.39300", "2009-09-30": "2569.26100", "2008-09-30": "3173.58600", "2007-09-30": "3078.83300", "2006-09-30": "2617.24900", "2005-09-30": "2144.13300"}, "Research And Development Expenses": {"2020-09-30": "134.00000", "2019-09-30": "194.00000", "2018-09-30": "181.00000", "2017-09-30": "155.00000", "2016-09-30": "148.41300", "2015-09-30": "158.96600", "2014-09-30": "139.67200", "2013-09-30": "124.38700", "2012-09-30": "118.71200", "2011-09-30": "94.87500", "2010-09-30": "80.21300", "2009-09-30": "78.62700", "2008-09-30": "95.75000", "2007-09-30": "88.06700", "2006-09-30": "78.57900", "2005-09-30": "67.80200"}, "SG&A Expenses": {"2020-09-30": "6174.00000", "2019-09-30": "5763.00000", "2018-09-30": "5423.00000", "2017-09-30": "4771.00000", "2016-09-30": "4071.80800", "2015-09-30": "3954.87500", "2014-09-30": "3727.01200", "2013-09-30": "3468.84200", "2012-09-30": "2950.15200", "2011-09-30": "2516.94000", "2010-09-30": "2220.46300", "2009-09-30": "1898.94500", "2008-09-30": "2127.55700", "2007-09-30": "1960.73200", "2006-09-30": "1777.20600", "2005-09-30": "1587.93300"}, "Other Operating Income Or Expenses": {"2020-09-30": "-344.00000", "2019-09-30": "-371.00000", "2018-09-30": "-335.00000", "2017-09-30": "-489.00000", "2016-09-30": "-304.02600", "2015-09-30": "-208.83500", "2014-09-30": "-225.29700", "2013-09-30": "-182.01600", "2012-09-30": "-145.14600", "2011-09-30": "-157.98900", "2010-09-30": "-144.30900", "2009-09-30": "-128.99400", "2008-09-30": "-120.75300", "2007-09-30": "-118.46300", "2006-09-30": "-119.73400", "2005-09-30": "-125.15600"}, "Operating Expenses": {"2020-09-30": "6652.00000", "2019-09-30": "6328.00000", "2018-09-30": "5939.00000", "2017-09-30": "5433.00000", "2016-09-30": "4524.24700", "2015-09-30": "4365.42400", "2014-09-30": "4131.85600", "2013-09-30": "3888.95200", "2012-09-30": "3253.43200", "2011-09-30": "2808.26500", "2010-09-30": "2480.10800", "2009-09-30": "2139.82400", "2008-09-30": "2375.40600", "2007-09-30": "2198.00800", "2006-09-30": "2003.84800", "2005-09-30": "1804.95400"}, "Operating Income": {"2020-09-30": "1516.00000", "2019-09-30": "1695.00000", "2018-09-30": "1537.00000", "2017-09-30": "1092.00000", "2016-09-30": "996.87300", "2015-09-30": "944.25630", "2014-09-30": "833.60400", "2013-09-30": "706.84570", "2012-09-30": "644.46780", "2011-09-30": "591.62080", "2010-09-30": "499.40800", "2009-09-30": "462.69510", "2008-09-30": "829.52590", "2007-09-30": "911.57130", "2006-09-30": "641.72990", "2005-09-30": "363.24210"}, "Total Non-Operating Income/Expense": {"2020-09-30": "-464.00000", "2019-09-30": "-320.00000", "2018-09-30": "-226.00000", "2017-09-30": "-167.00000", "2016-09-30": "-184.92900", "2015-09-30": "-129.64400", "2014-09-30": "-117.65600", "2013-09-30": "-112.93600", "2012-09-30": "-176.54700", "2011-09-30": "-140.87600", "2010-09-30": "-143.26400", "2009-09-30": "-226.29400", "2008-09-30": "-446.97800", "2007-09-30": "-519.34700", "2006-09-30": "-299.66400", "2005-09-30": "-115.27100"}, "Pre-Tax Income": {"2020-09-30": "1052.00000", "2019-09-30": "1375.00000", "2018-09-30": "1311.00000", "2017-09-30": "925.00000", "2016-09-30": "811.94400", "2015-09-30": "814.61200", "2014-09-30": "715.94800", "2013-09-30": "593.91000", "2012-09-30": "467.92100", "2011-09-30": "450.74500", "2010-09-30": "356.14400", "2009-09-30": "236.40100", "2008-09-30": "382.54800", "2007-09-30": "392.22400", "2006-09-30": "342.06600", "2005-09-30": "247.97100"}, "Income Taxes": {"2020-09-30": "234.00000", "2019-09-30": "341.00000", "2018-09-30": "454.00000", "2017-09-30": "289.00000", "2016-09-30": "271.29300", "2015-09-30": "296.03400", "2014-09-30": "267.79700", "2013-09-30": "197.03300", "2012-09-30": "175.65600", "2011-09-30": "182.89400", "2010-09-30": "133.62500", "2009-09-30": "96.02400", "2008-09-30": "151.77600", "2007-09-30": "141.79400", "2006-09-30": "127.72400", "2005-09-30": "96.92500"}, "Income After Taxes": {"2020-09-30": "818.00000", "2019-09-30": "1034.00000", "2018-09-30": "857.00000", "2017-09-30": "636.00000", "2016-09-30": "540.65100", "2015-09-30": "518.57800", "2014-09-30": "448.15100", "2013-09-30": "396.87700", "2012-09-30": "292.26500", "2011-09-30": "267.85100", "2010-09-30": "222.51900", "2009-09-30": "140.37700", "2008-09-30": "230.77200", "2007-09-30": "250.43000", "2006-09-30": "214.34200", "2005-09-30": "151.04600"}, "Other Income": {"2020-09-30": "", "2019-09-30": "", "2018-09-30": "", "2017-09-30": "", "2016-09-30": "", "2015-09-30": "", "2014-09-30": "", "2013-09-30": "", "2012-09-30": "", "2011-09-30": "", "2010-09-30": "", "2009-09-30": "", "2008-09-30": "", "2007-09-30": "", "2006-09-30": "", "2005-09-30": ""}, "Income From Continuous Operations": {"2020-09-30": "818.00000", "2019-09-30": "1034.00000", "2018-09-30": "857.00000", "2017-09-30": "636.00000", "2016-09-30": "540.65100", "2015-09-30": "518.57800", "2014-09-30": "448.15100", "2013-09-30": "396.87700", "2012-09-30": "292.26500", "2011-09-30": "267.85100", "2010-09-30": "222.51900", "2009-09-30": "140.37700", "2008-09-30": "230.77200", "2007-09-30": "250.43000", "2006-09-30": "214.34200", "2005-09-30": "151.04600"}, "Income From Discontinued Operations": {"2020-09-30": "", "2019-09-30": "", "2018-09-30": "", "2017-09-30": "", "2016-09-30": "", "2015-09-30": "", "2014-09-30": "", "2013-09-30": "", "2012-09-30": "", "2011-09-30": "", "2010-09-30": "", "2009-09-30": "", "2008-09-30": "", "2007-09-30": "", "2006-09-30": "", "2005-09-30": ""}, "Net Income": {"2020-09-30": "817.00000", "2019-09-30": "1032.00000", "2018-09-30": "856.00000", "2017-09-30": "635.00000", "2016-09-30": "528.09400", "2015-09-30": "502.14000", "2014-09-30": "480.24800", "2013-09-30": "367.15400", "2012-09-30": "289.91100", "2011-09-30": "269.57600", "2010-09-30": "218.67600", "2009-09-30": "146.41100", "2008-09-30": "226.21000", "2007-09-30": "250.43000", "2006-09-30": "214.34200", "2005-09-30": "151.04600"}, "EBITDA": {"2020-09-30": "1692.00000", "2019-09-30": "1821.00000", "2018-09-30": "1657.00000", "2017-09-30": "1133.00000", "2016-09-30": "1044.24600", "2015-09-30": "970.02730", "2014-09-30": "874.96300", "2013-09-30": "692.57370", "2012-09-30": "660.45070", "2011-09-30": "618.95680", "2010-09-30": "523.96590", "2009-09-30": "485.39510", "2008-09-30": "840.10390", "2007-09-30": "926.28830", "2006-09-30": "661.09890", "2005-09-30": "380.22910"}, "EBIT": {"2020-09-30": "1516.00000", "2019-09-30": "1695.00000", "2018-09-30": "1537.00000", "2017-09-30": "1092.00000", "2016-09-30": "996.87300", "2015-09-30": "944.25630", "2014-09-30": "833.60400", "2013-09-30": "706.84570", "2012-09-30": "644.46780", "2011-09-30": "591.62080", "2010-09-30": "499.40800", "2009-09-30": "462.69510", "2008-09-30": "829.52590", "2007-09-30": "911.57130", "2006-09-30": "641.72990", "2005-09-30": "363.24210"}, "Basic Shares Outstanding": {"2020-09-30": "137.60000", "2019-09-30": "141.00000", "2018-09-30": "145.30000", "2017-09-30": "143.30000", "2016-09-30": "141.77300", "2015-09-30": "142.54800", "2014-09-30": "139.93500", "2013-09-30": "137.73200", "2012-09-30": "130.80600", "2011-09-30": "122.44800", "2010-09-30": "119.33500", "2009-09-30": "117.18800", "2008-09-30": "116.11000", "2007-09-30": "115.60800", "2006-09-30": "112.61400", "2005-09-30": "110.21700"}, "Shares Outstanding": {"2020-09-30": "140.20000", "2019-09-30": "144.00000", "2018-09-30": "148.80000", "2017-09-30": "146.60000", "2016-09-30": "144.51300", "2015-09-30": "145.93900", "2014-09-30": "143.58900", "2013-09-30": "140.54100", "2012-09-30": "131.79100", "2011-09-30": "122.83600", "2010-09-30": "119.59200", "2009-09-30": "117.28800", "2008-09-30": "117.14000", "2007-09-30": "118.69300", "2006-09-30": "115.73800", "2005-09-30": "113.04800"}, "Basic EPS": {"2020-09-30": "5.94000", "2019-09-30": "7.32000", "2018-09-30": "5.89000", "2017-09-30": "4.43000", "2016-09-30": "3.72000", "2015-09-30": "3.51000", "2014-09-30": "3.41000", "2013-09-30": "2.64000", "2012-09-30": "2.22000", "2011-09-30": "2.20000", "2010-09-30": "1.83000", "2009-09-30": "1.25000", "2008-09-30": "1.95000", "2007-09-30": "2.17000", "2006-09-30": "1.90000", "2005-09-30": "1.37000"}, "EPS - Earnings Per Share": {"2020-09-30": "5.83000", "2019-09-30": "7.17000", "2018-09-30": "5.75000", "2017-09-30": "4.33000", "2016-09-30": "3.65000", "2015-09-30": "3.43000", "2014-09-30": "3.32000", "2013-09-30": "2.58000", "2012-09-30": "2.20000", "2011-09-30": "2.19000", "2010-09-30": "1.83000", "2009-09-30": "1.25000", "2008-09-30": "1.93000", "2007-09-30": "2.11000", "2006-09-30": "1.85000", "2005-09-30": "1.33000"}}, "income statement, quarterly": {"Revenue": {"2020-12-31": "2222.00000", "2020-09-30": "2164.00000", "2020-06-30": "1876.00000", "2020-03-31": "2068.00000", "2019-12-31": "2060.00000", "2019-09-30": "2160.00000", "2019-06-30": "2000.00000", "2019-03-31": "1859.00000", "2018-12-31": "2004.00000", "2018-09-30": "1962.00000", "2018-06-30": "1891.00000", "2018-03-31": "1857.00000", "2017-12-31": "1766.00000", "2017-09-30": "1732.81100", "2017-06-30": "1663.10700", "2017-03-31": "1600.31400", "2016-12-31": "1528.76800", "2016-09-30": "1492.15600", "2016-06-30": "1386.99700", "2016-03-31": "1341.11000", "2015-12-31": "1300.85700", "2015-09-30": "1368.49900", "2015-06-30": "1348.71300", "2015-03-31": "1312.62400", "2014-12-31": "1279.84400", "2014-09-30": "1310.77800", "2014-06-30": "1241.28300", "2014-03-31": "1204.62500", "2013-12-31": "1208.77400", "2013-09-30": "1150.26300", "2013-06-30": "1137.72800", "2013-03-31": "1170.29800", "2012-12-31": "1137.50900", "2012-09-30": "1093.46800", "2012-06-30": "1115.76200", "2012-03-31": "889.85300", "2011-12-31": "798.81700", "2011-09-30": "834.59700", "2011-06-30": "868.21200", "2011-03-31": "866.74400", "2010-12-31": "830.33300", "2010-09-30": "763.24800", "2010-06-30": "763.61200", "2010-03-31": "749.98700", "2009-12-31": "702.66900", "2009-09-30": "678.02310", "2009-06-30": "636.92300", "2009-03-31": "591.74000", "2008-12-31": "695.83300", "2008-09-30": "759.85880", "2008-06-30": "808.74800", "2008-03-31": "807.13400", "2007-12-31": "829.19100", "2007-09-30": "838.92610", "2007-06-30": "822.75300", "2007-03-31": "738.27100", "2006-12-31": "709.62900", "2006-09-30": "695.54290", "2006-06-30": "714.66500", "2006-03-31": "660.02300", "2005-12-31": "575.34700", "2005-09-30": "605.12990", "2005-06-30": "526.36200", "2005-03-31": "512.32700"}, "Cost Of Goods Sold": {"2020-12-31": "", "2020-09-30": "", "2020-06-30": "", "2020-03-31": "", "2019-12-31": "", "2019-09-30": "", "2019-06-30": "", "2019-03-31": "", "2018-12-31": "", "2018-09-30": "", "2018-06-30": "", "2018-03-31": "", "2017-12-31": "", "2017-09-30": "", "2017-06-30": "", "2017-03-31": "", "2016-12-31": "", "2016-09-30": "", "2016-06-30": "10.21400", "2016-03-31": "10.51700", "2015-12-31": "9.99600", "2015-09-30": "10.01400", "2015-06-30": "9.64800", "2015-03-31": "13.58800", "2014-12-31": "9.49800", "2014-09-30": "10.71000", "2014-06-30": "9.33500", "2014-03-31": "9.87600", "2013-12-31": "9.95400", "2013-09-30": "9.41400", "2013-06-30": "9.26600", "2013-03-31": "11.40500", "2012-12-31": "10.16800", "2012-09-30": "11.87300", "2012-06-30": "11.02500", "2012-03-31": "9.07000", "2011-12-31": "7.45400", "2011-09-30": "8.82000", "2011-06-30": "10.27700", "2011-03-31": "9.44700", "2010-12-31": "9.91700", "2010-09-30": "8.31300", "2010-06-30": "9.48000", "2010-03-31": "8.82800", "2009-12-31": "8.50200", "2009-09-30": "8.82900", "2009-06-30": "8.37700", "2009-03-31": "7.46400", "2008-12-31": "8.58800", "2008-09-30": "7.69800", "2008-06-30": "7.96900", "2008-03-31": "7.09300", "2007-12-31": "8.58600", "2007-09-30": "8.08400", "2007-06-30": "8.18000", "2007-03-31": "6.94600", "2006-12-31": "7.53600", "2006-09-30": "8.72200", "2006-06-30": "8.78100", "2006-03-31": "5.06000", "2005-12-31": "5.76600", "2005-09-30": "6.04900", "2005-06-30": "6.76900", "2005-03-31": "5.77900"}, "Gross Profit": {"2020-12-31": "2222.00000", "2020-09-30": "2164.00000", "2020-06-30": "1876.00000", "2020-03-31": "2068.00000", "2019-12-31": "2060.00000", "2019-09-30": "2160.00000", "2019-06-30": "2000.00000", "2019-03-31": "1859.00000", "2018-12-31": "2004.00000", "2018-09-30": "1962.00000", "2018-06-30": "1891.00000", "2018-03-31": "1857.00000", "2017-12-31": "1766.00000", "2017-09-30": "1732.81100", "2017-06-30": "1663.10700", "2017-03-31": "1600.31400", "2016-12-31": "1528.76800", "2016-09-30": "1492.15600", "2016-06-30": "1376.78300", "2016-03-31": "1330.59300", "2015-12-31": "1290.86100", "2015-09-30": "1358.48500", "2015-06-30": "1339.06500", "2015-03-31": "1299.03600", "2014-12-31": "1270.34600", "2014-09-30": "1300.06800", "2014-06-30": "1231.94800", "2014-03-31": "1194.74900", "2013-12-31": "1198.82000", "2013-09-30": "1140.84900", "2013-06-30": "1128.46200", "2013-03-31": "1158.89300", "2012-12-31": "1127.34100", "2012-09-30": "1081.59500", "2012-06-30": "1104.73700", "2012-03-31": "880.78300", "2011-12-31": "791.36300", "2011-09-30": "825.77700", "2011-06-30": "857.93500", "2011-03-31": "857.29700", "2010-12-31": "820.41600", "2010-09-30": "754.93500", "2010-06-30": "754.13200", "2010-03-31": "741.15900", "2009-12-31": "694.16700", "2009-09-30": "669.19410", "2009-06-30": "628.54600", "2009-03-31": "584.27600", "2008-12-31": "687.24500", "2008-09-30": "752.16080", "2008-06-30": "800.77900", "2008-03-31": "800.04100", "2007-12-31": "820.60500", "2007-09-30": "830.84220", "2007-06-30": "814.57300", "2007-03-31": "731.32500", "2006-12-31": "702.09300", "2006-09-30": "686.82090", "2006-06-30": "705.88400", "2006-03-31": "654.96300", "2005-12-31": "569.58100", "2005-09-30": "599.08090", "2005-06-30": "519.59300", "2005-03-31": "506.54800"}, "Research And Development Expenses": {"2020-12-31": "23.00000", "2020-09-30": "28.00000", "2020-06-30": "21.00000", "2020-03-31": "41.00000", "2019-12-31": "44.00000", "2019-09-30": "53.00000", "2019-06-30": "57.00000", "2019-03-31": "41.00000", "2018-12-31": "43.00000", "2018-09-30": "47.00000", "2018-06-30": "57.00000", "2018-03-31": "43.00000", "2017-12-31": "34.00000", "2017-09-30": "38.81400", "2017-06-30": "39.30500", "2017-03-31": "41.51900", "2016-12-31": "35.36200", "2016-09-30": "35.88400", "2016-06-30": "36.48800", "2016-03-31": "35.41700", "2015-12-31": "40.62400", "2015-09-30": "39.35900", "2015-06-30": "40.12700", "2015-03-31": "42.49000", "2014-12-31": "36.99000", "2014-09-30": "35.68200", "2014-06-30": "35.07900", "2014-03-31": "36.66700", "2013-12-31": "32.24400", "2013-09-30": "30.53300", "2013-06-30": "31.73700", "2013-03-31": "31.48800", "2012-12-31": "30.62900", "2012-09-30": "30.39300", "2012-06-30": "33.09800", "2012-03-31": "27.38200", "2011-12-31": "27.83900", "2011-09-30": "23.31000", "2011-06-30": "24.80000", "2011-03-31": "22.82000", "2010-12-31": "23.94500", "2010-09-30": "20.84000", "2010-06-30": "18.87800", "2010-03-31": "20.61400", "2009-12-31": "19.88100", "2009-09-30": "16.43400", "2009-06-30": "18.65200", "2009-03-31": "18.81700", "2008-12-31": "24.72400", "2008-09-30": "25.62000", "2008-06-30": "24.52700", "2008-03-31": "21.74400", "2007-12-31": "23.85900", "2007-09-30": "21.81500", "2007-06-30": "22.41600", "2007-03-31": "22.07400", "2006-12-31": "21.76200", "2006-09-30": "19.97100", "2006-06-30": "21.78200", "2006-03-31": "19.69500", "2005-12-31": "17.13100", "2005-09-30": "20.50000", "2005-06-30": "17.05700", "2005-03-31": "15.50100"}, "SG&A Expenses": {"2020-12-31": "1686.00000", "2020-09-30": "1595.00000", "2020-06-30": "1456.00000", "2020-03-31": "1600.00000", "2019-12-31": "1523.00000", "2019-09-30": "1498.00000", "2019-06-30": "1446.00000", "2019-03-31": "1389.00000", "2018-12-31": "1430.00000", "2018-09-30": "1407.00000", "2018-06-30": "1366.00000", "2018-03-31": "1355.00000", "2017-12-31": "1295.00000", "2017-09-30": "1225.33300", "2017-06-30": "1206.70800", "2017-03-31": "1159.27900", "2016-12-31": "1124.68000", "2016-09-30": "1072.74700", "2016-06-30": "1021.42600", "2016-03-31": "997.31000", "2015-12-31": "980.32500", "2015-09-30": "1015.93100", "2015-06-30": "1010.87800", "2015-03-31": "991.47300", "2014-12-31": "936.59300", "2014-09-30": "969.23320", "2014-06-30": "929.60400", "2014-03-31": "921.69100", "2013-12-31": "906.48400", "2013-09-30": "860.90610", "2013-06-30": "878.78500", "2013-03-31": "866.75900", "2012-12-31": "862.39200", "2012-09-30": "844.74400", "2012-06-30": "832.41890", "2012-03-31": "667.86300", "2011-12-31": "605.12600", "2011-09-30": "625.92030", "2011-06-30": "639.02200", "2011-03-31": "642.74000", "2010-12-31": "609.25800", "2010-09-30": "568.48910", "2010-06-30": "570.35000", "2010-03-31": "555.75600", "2009-12-31": "525.86800", "2009-09-30": "511.43200", "2009-06-30": "459.79800", "2009-03-31": "446.80300", "2008-12-31": "480.91200", "2008-09-30": "528.42800", "2008-06-30": "547.48000", "2008-03-31": "528.63700", "2007-12-31": "523.01200", "2007-09-30": "517.94090", "2007-06-30": "511.27000", "2007-03-31": "476.88800", "2006-12-31": "454.63300", "2006-09-30": "450.35310", "2006-06-30": "473.78300", "2006-03-31": "444.45300", "2005-12-31": "408.61700", "2005-09-30": "432.39500", "2005-06-30": "389.00400", "2005-03-31": "380.37300"}, "Other Operating Income Or Expenses": {"2020-12-31": "-98.00000", "2020-09-30": "-102.00000", "2020-06-30": "-78.00000", "2020-03-31": "-79.00000", "2019-12-31": "-85.00000", "2019-09-30": "-112.00000", "2019-06-30": "-87.00000", "2019-03-31": "-77.00000", "2018-12-31": "-95.00000", "2018-09-30": "-89.00000", "2018-06-30": "-91.00000", "2018-03-31": "-74.00000", "2017-12-31": "-81.00000", "2017-09-30": "-90.84100", "2017-06-30": "-92.01800", "2017-03-31": "-192.52200", "2016-12-31": "-113.61900", "2016-09-30": "-118.57800", "2016-06-30": "-69.08500", "2016-03-31": "-59.00500", "2015-12-31": "-57.35800", "2015-09-30": "-26.76300", "2015-06-30": "-62.05000", "2015-03-31": "-58.65700", "2014-12-31": "-61.36500", "2014-09-30": "-58.77900", "2014-06-30": "-56.81300", "2014-03-31": "-55.43300", "2013-12-31": "-54.27200", "2013-09-30": "-44.16400", "2013-06-30": "-49.54400", "2013-03-31": "-49.48100", "2012-12-31": "-38.82700", "2012-09-30": "-38.52500", "2012-06-30": "-41.40500", "2012-03-31": "-34.96200", "2011-12-31": "-30.25400", "2011-09-30": "-39.23700", "2011-06-30": "-41.84600", "2011-03-31": "-44.17500", "2010-12-31": "-32.73100", "2010-09-30": "-30.22500", "2010-06-30": "-36.22000", "2010-03-31": "-35.09600", "2009-12-31": "-42.76800", "2009-09-30": "-33.93300", "2009-06-30": "-36.16300", "2009-03-31": "-30.70700", "2008-12-31": "-28.19100", "2008-09-30": "-31.01000", "2008-06-30": "-34.98900", "2008-03-31": "-28.50600", "2007-12-31": "-26.24800", "2007-09-30": "-23.16200", "2007-06-30": "-41.26700", "2007-03-31": "-24.85600", "2006-12-31": "-29.17800", "2006-09-30": "-25.69600", "2006-06-30": "-34.30100", "2006-03-31": "-35.53500", "2005-12-31": "-24.20200", "2005-09-30": "-42.23000", "2005-06-30": "-29.75000", "2005-03-31": "-26.95600"}, "Operating Expenses": {"2020-12-31": "1807.00000", "2020-09-30": "1725.00000", "2020-06-30": "1555.00000", "2020-03-31": "1720.00000", "2019-12-31": "1652.00000", "2019-09-30": "1663.00000", "2019-06-30": "1590.00000", "2019-03-31": "1507.00000", "2018-12-31": "1568.00000", "2018-09-30": "1539.00000", "2018-06-30": "1514.00000", "2018-03-31": "1472.00000", "2017-12-31": "1414.00000", "2017-09-30": "1427.98800", "2017-06-30": "1338.03100", "2017-03-31": "1393.32000", "2016-12-31": "1273.66100", "2016-09-30": "1190.46700", "2016-06-30": "1137.21300", "2016-03-31": "1108.26400", "2015-12-31": "1088.30300", "2015-09-30": "1092.06700", "2015-06-30": "1122.70300", "2015-03-31": "1106.20800", "2014-12-31": "1044.44600", "2014-09-30": "1074.40400", "2014-06-30": "1030.83100", "2014-03-31": "1023.66700", "2013-12-31": "1002.95400", "2013-09-30": "984.10020", "2013-06-30": "982.78090", "2013-03-31": "980.05500", "2012-12-31": "942.01610", "2012-09-30": "905.93110", "2012-06-30": "917.94700", "2012-03-31": "758.88100", "2011-12-31": "670.67300", "2011-09-30": "697.28720", "2011-06-30": "715.94500", "2011-03-31": "719.18190", "2010-12-31": "675.85100", "2010-09-30": "627.86710", "2010-06-30": "634.92800", "2010-03-31": "620.29410", "2009-12-31": "597.01900", "2009-09-30": "570.62800", "2009-06-30": "522.99000", "2009-03-31": "503.79100", "2008-12-31": "542.41500", "2008-09-30": "592.75590", "2008-06-30": "614.96500", "2008-03-31": "585.98000", "2007-12-31": "581.70500", "2007-09-30": "571.00170", "2007-06-30": "583.13310", "2007-03-31": "530.76400", "2006-12-31": "513.10900", "2006-09-30": "504.74200", "2006-06-30": "538.64700", "2006-03-31": "504.74300", "2005-12-31": "455.71600", "2005-09-30": "501.17400", "2005-06-30": "442.58000", "2005-03-31": "428.60900"}, "Operating Income": {"2020-12-31": "415.00000", "2020-09-30": "439.00000", "2020-06-30": "321.00000", "2020-03-31": "348.00000", "2019-12-31": "408.00000", "2019-09-30": "497.00000", "2019-06-30": "410.00000", "2019-03-31": "352.00000", "2018-12-31": "436.00000", "2018-09-30": "423.00000", "2018-06-30": "377.00000", "2018-03-31": "385.00000", "2017-12-31": "352.00000", "2017-09-30": "304.82310", "2017-06-30": "325.07600", "2017-03-31": "206.99390", "2016-12-31": "255.10710", "2016-09-30": "301.68920", "2016-06-30": "249.78410", "2016-03-31": "232.84590", "2015-12-31": "212.55400", "2015-09-30": "276.43260", "2015-06-30": "226.01000", "2015-03-31": "206.41600", "2014-12-31": "235.39790", "2014-09-30": "236.37400", "2014-06-30": "210.45190", "2014-03-31": "180.95800", "2013-12-31": "205.82010", "2013-09-30": "166.16280", "2013-06-30": "154.94710", "2013-03-31": "190.24300", "2012-12-31": "195.49300", "2012-09-30": "187.53680", "2012-06-30": "197.81490", "2012-03-31": "130.97200", "2011-12-31": "128.14400", "2011-09-30": "137.30990", "2011-06-30": "152.26700", "2011-03-31": "147.56210", "2010-12-31": "154.48200", "2010-09-30": "135.38090", "2010-06-30": "128.68400", "2010-03-31": "129.69290", "2009-12-31": "105.65000", "2009-09-30": "107.39510", "2009-06-30": "113.93300", "2009-03-31": "87.94900", "2008-12-31": "153.41800", "2008-09-30": "167.10290", "2008-06-30": "193.78300", "2008-03-31": "221.15400", "2007-12-31": "247.48600", "2007-09-30": "267.92440", "2007-06-30": "239.61990", "2007-03-31": "207.50700", "2006-12-31": "196.52000", "2006-09-30": "190.80090", "2006-06-30": "176.01800", "2006-03-31": "155.28000", "2005-12-31": "119.63100", "2005-09-30": "103.95590", "2005-06-30": "83.78200", "2005-03-31": "83.71810"}, "Total Non-Operating Income/Expense": {"2020-12-31": "-16.00000", "2020-09-30": "-183.00000", "2020-06-30": "-123.00000", "2020-03-31": "-109.00000", "2019-12-31": "-49.00000", "2019-09-30": "-143.00000", "2019-06-30": "-68.00000", "2019-03-31": "-5.00000", "2018-12-31": "-104.00000", "2018-09-30": "-73.00000", "2018-06-30": "-59.00000", "2018-03-31": "-53.00000", "2017-12-31": "-41.00000", "2017-09-30": "-25.58200", "2017-06-30": "-48.13500", "2017-03-31": "-45.69100", "2016-12-31": "-47.59200", "2016-09-30": "-58.78000", "2016-06-30": "-44.93000", "2016-03-31": "-38.73800", "2015-12-31": "-42.48100", "2015-09-30": "-37.39700", "2015-06-30": "-24.71500", "2015-03-31": "-30.78300", "2014-12-31": "-36.74900", "2014-09-30": "-31.17000", "2014-06-30": "-31.51900", "2014-03-31": "-27.95900", "2013-12-31": "-27.00800", "2013-09-30": "-7.62000", "2013-06-30": "-26.05000", "2013-03-31": "-30.94000", "2012-12-31": "-48.32600", "2012-09-30": "-70.15700", "2012-06-30": "-59.82400", "2012-03-31": "-23.07000", "2011-12-31": "-23.49600", "2011-09-30": "-18.62800", "2011-06-30": "-71.18800", "2011-03-31": "-23.32400", "2010-12-31": "-27.73600", "2010-09-30": "-35.90500", "2010-06-30": "-33.33700", "2010-03-31": "-35.48500", "2009-12-31": "-38.53700", "2009-09-30": "-50.56700", "2009-06-30": "-37.24300", "2009-03-31": "-81.72300", "2008-12-31": "-56.76100", "2008-09-30": "-88.24800", "2008-06-30": "-78.66500", "2008-03-31": "-123.33600", "2007-12-31": "-156.72900", "2007-09-30": "-172.31900", "2007-06-30": "-129.72200", "2007-03-31": "-114.55200", "2006-12-31": "-102.75400", "2006-09-30": "-111.88200", "2006-06-30": "-79.51600", "2006-03-31": "-59.97000", "2005-12-31": "-48.29600", "2005-09-30": "-27.85200", "2005-06-30": "-32.81800", "2005-03-31": "-29.20900"}, "Pre-Tax Income": {"2020-12-31": "399.00000", "2020-09-30": "256.00000", "2020-06-30": "198.00000", "2020-03-31": "239.00000", "2019-12-31": "359.00000", "2019-09-30": "354.00000", "2019-06-30": "342.00000", "2019-03-31": "347.00000", "2018-12-31": "332.00000", "2018-09-30": "350.00000", "2018-06-30": "318.00000", "2018-03-31": "332.00000", "2017-12-31": "311.00000", "2017-09-30": "279.24100", "2017-06-30": "276.94100", "2017-03-31": "161.30300", "2016-12-31": "207.51500", "2016-09-30": "242.90900", "2016-06-30": "204.85400", "2016-03-31": "194.10800", "2015-12-31": "170.07300", "2015-09-30": "239.03500", "2015-06-30": "201.29500", "2015-03-31": "175.63300", "2014-12-31": "198.64900", "2014-09-30": "205.20400", "2014-06-30": "178.93300", "2014-03-31": "152.99900", "2013-12-31": "178.81200", "2013-09-30": "158.54300", "2013-06-30": "128.89700", "2013-03-31": "159.30300", "2012-12-31": "147.16700", "2012-09-30": "117.38000", "2012-06-30": "137.99100", "2012-03-31": "107.90200", "2011-12-31": "104.64800", "2011-09-30": "118.68200", "2011-06-30": "81.07900", "2011-03-31": "124.23800", "2010-12-31": "126.74600", "2010-09-30": "99.47600", "2010-06-30": "95.34700", "2010-03-31": "94.20800", "2009-12-31": "67.11300", "2009-09-30": "56.82800", "2009-06-30": "76.69000", "2009-03-31": "6.22600", "2008-12-31": "96.65700", "2008-09-30": "78.85500", "2008-06-30": "115.11800", "2008-03-31": "97.81800", "2007-12-31": "90.75700", "2007-09-30": "95.60500", "2007-06-30": "109.89800", "2007-03-31": "92.95500", "2006-12-31": "93.76600", "2006-09-30": "78.91900", "2006-06-30": "96.50200", "2006-03-31": "95.31000", "2005-12-31": "71.33500", "2005-09-30": "76.10400", "2005-06-30": "50.96400", "2005-03-31": "54.50900"}, "Income Taxes": {"2020-12-31": "87.00000", "2020-09-30": "47.00000", "2020-06-30": "26.00000", "2020-03-31": "70.00000", "2019-12-31": "91.00000", "2019-09-30": "89.00000", "2019-06-30": "83.00000", "2019-03-31": "86.00000", "2018-12-31": "83.00000", "2018-09-30": "87.00000", "2018-06-30": "86.00000", "2018-03-31": "89.00000", "2017-12-31": "192.00000", "2017-09-30": "84.84000", "2017-06-30": "91.59000", "2017-03-31": "52.75800", "2016-12-31": "59.81200", "2016-09-30": "64.75200", "2016-06-30": "72.26100", "2016-03-31": "72.27100", "2015-12-31": "62.00900", "2015-09-30": "77.63000", "2015-06-30": "74.93500", "2015-03-31": "66.85700", "2014-12-31": "76.61200", "2014-09-30": "76.04800", "2014-06-30": "68.55400", "2014-03-31": "60.90400", "2013-12-31": "62.29100", "2013-09-30": "44.51100", "2013-06-30": "48.19200", "2013-03-31": "51.05700", "2012-12-31": "53.27300", "2012-09-30": "40.98200", "2012-06-30": "48.52000", "2012-03-31": "42.62800", "2011-12-31": "43.52600", "2011-09-30": "56.90200", "2011-06-30": "31.88100", "2011-03-31": "45.32000", "2010-12-31": "48.79100", "2010-09-30": "36.28800", "2010-06-30": "36.82400", "2010-03-31": "34.02800", "2009-12-31": "26.48500", "2009-09-30": "18.91400", "2009-06-30": "29.71400", "2009-03-31": "6.82500", "2008-12-31": "40.57100", "2008-09-30": "34.05300", "2008-06-30": "45.18000", "2008-03-31": "38.02800", "2007-12-31": "34.51500", "2007-09-30": "32.63800", "2007-06-30": "41.54500", "2007-03-31": "33.24000", "2006-12-31": "34.37100", "2006-09-30": "27.99100", "2006-06-30": "39.72800", "2006-03-31": "33.77900", "2005-12-31": "26.22600", "2005-09-30": "28.83700", "2005-06-30": "19.09400", "2005-03-31": "23.43200"}, "Income After Taxes": {"2020-12-31": "312.00000", "2020-09-30": "209.00000", "2020-06-30": "172.00000", "2020-03-31": "169.00000", "2019-12-31": "268.00000", "2019-09-30": "265.00000", "2019-06-30": "259.00000", "2019-03-31": "261.00000", "2018-12-31": "249.00000", "2018-09-30": "263.00000", "2018-06-30": "232.00000", "2018-03-31": "243.00000", "2017-12-31": "119.00000", "2017-09-30": "194.40100", "2017-06-30": "185.35100", "2017-03-31": "108.54500", "2016-12-31": "147.70300", "2016-09-30": "178.15700", "2016-06-30": "132.59300", "2016-03-31": "121.83700", "2015-12-31": "108.06400", "2015-09-30": "161.40500", "2015-06-30": "126.36000", "2015-03-31": "108.77600", "2014-12-31": "122.03700", "2014-09-30": "129.15600", "2014-06-30": "110.37900", "2014-03-31": "92.09500", "2013-12-31": "116.52100", "2013-09-30": "114.03190", "2013-06-30": "80.70500", "2013-03-31": "108.24600", "2012-12-31": "93.89400", "2012-09-30": "76.39800", "2012-06-30": "89.47100", "2012-03-31": "65.27400", "2011-12-31": "61.12200", "2011-09-30": "61.78000", "2011-06-30": "49.19800", "2011-03-31": "78.91800", "2010-12-31": "77.95500", "2010-09-30": "63.18800", "2010-06-30": "58.52300", "2010-03-31": "60.18000", "2009-12-31": "40.62800", "2009-09-30": "37.91400", "2009-06-30": "46.97600", "2009-03-31": "-0.59900", "2008-12-31": "56.08600", "2008-09-30": "44.80200", "2008-06-30": "69.93800", "2008-03-31": "59.79000", "2007-12-31": "56.24200", "2007-09-30": "62.96700", "2007-06-30": "68.35300", "2007-03-31": "59.71500", "2006-12-31": "59.39500", "2006-09-30": "50.92800", "2006-06-30": "56.77400", "2006-03-31": "61.53100", "2005-12-31": "45.10900", "2005-09-30": "47.26700", "2005-06-30": "31.87000", "2005-03-31": "31.07700"}, "Other Income": {"2020-12-31": "", "2020-09-30": "", "2020-06-30": "", "2020-03-31": "", "2019-12-31": "", "2019-09-30": "", "2019-06-30": "", "2019-03-31": "", "2018-12-31": "", "2018-09-30": "", "2018-06-30": "", "2018-03-31": "", "2017-12-31": "", "2017-09-30": "", "2017-06-30": "", "2017-03-31": "", "2016-12-31": "", "2016-09-30": "", "2016-06-30": "", "2016-03-31": "", "2015-12-31": "", "2015-09-30": "", "2015-06-30": "", "2015-03-31": "", "2014-12-31": "", "2014-09-30": "", "2014-06-30": "", "2014-03-31": "", "2013-12-31": "", "2013-09-30": "", "2013-06-30": "", "2013-03-31": "", "2012-12-31": "", "2012-09-30": "", "2012-06-30": "", "2012-03-31": "", "2011-12-31": "", "2011-09-30": "", "2011-06-30": "", "2011-03-31": "", "2010-12-31": "", "2010-09-30": "", "2010-06-30": "", "2010-03-31": "", "2009-12-31": "", "2009-09-30": "", "2009-06-30": "", "2009-03-31": "", "2008-12-31": "", "2008-09-30": "", "2008-06-30": "", "2008-03-31": "", "2007-12-31": "", "2007-09-30": "", "2007-06-30": "", "2007-03-31": "", "2006-12-31": "", "2006-09-30": "", "2006-06-30": "", "2006-03-31": "", "2005-12-31": "", "2005-09-30": "", "2005-06-30": "", "2005-03-31": ""}, "Income From Continuous Operations": {"2020-12-31": "312.00000", "2020-09-30": "209.00000", "2020-06-30": "172.00000", "2020-03-31": "169.00000", "2019-12-31": "268.00000", "2019-09-30": "265.00000", "2019-06-30": "259.00000", "2019-03-31": "261.00000", "2018-12-31": "249.00000", "2018-09-30": "263.00000", "2018-06-30": "232.00000", "2018-03-31": "243.00000", "2017-12-31": "119.00000", "2017-09-30": "194.40100", "2017-06-30": "185.35100", "2017-03-31": "108.54500", "2016-12-31": "147.70300", "2016-09-30": "178.15700", "2016-06-30": "132.59300", "2016-03-31": "121.83700", "2015-12-31": "108.06400", "2015-09-30": "161.40500", "2015-06-30": "126.36000", "2015-03-31": "108.77600", "2014-12-31": "122.03700", "2014-09-30": "129.15600", "2014-06-30": "110.37900", "2014-03-31": "92.09500", "2013-12-31": "116.52100", "2013-09-30": "114.03190", "2013-06-30": "80.70500", "2013-03-31": "108.24600", "2012-12-31": "93.89400", "2012-09-30": "76.39800", "2012-06-30": "89.47100", "2012-03-31": "65.27400", "2011-12-31": "61.12200", "2011-09-30": "61.78000", "2011-06-30": "49.19800", "2011-03-31": "78.91800", "2010-12-31": "77.95500", "2010-09-30": "63.18800", "2010-06-30": "58.52300", "2010-03-31": "60.18000", "2009-12-31": "40.62800", "2009-09-30": "37.91400", "2009-06-30": "46.97600", "2009-03-31": "-0.59900", "2008-12-31": "56.08600", "2008-09-30": "44.80200", "2008-06-30": "69.93800", "2008-03-31": "59.79000", "2007-12-31": "56.24200", "2007-09-30": "62.96700", "2007-06-30": "68.35300", "2007-03-31": "59.71500", "2006-12-31": "59.39500", "2006-09-30": "50.92800", "2006-06-30": "56.77400", "2006-03-31": "61.53100", "2005-12-31": "45.10900", "2005-09-30": "44.72400", "2005-06-30": "32.38200", "2005-03-31": "34.69700"}, "Income From Discontinued Operations": {"2020-12-31": "", "2020-09-30": "", "2020-06-30": "", "2020-03-31": "", "2019-12-31": "", "2019-09-30": "", "2019-06-30": "", "2019-03-31": "", "2018-12-31": "", "2018-09-30": "", "2018-06-30": "", "2018-03-31": "", "2017-12-31": "", "2017-09-30": "", "2017-06-30": "", "2017-03-31": "", "2016-12-31": "", "2016-09-30": "", "2016-06-30": "", "2016-03-31": "", "2015-12-31": "", "2015-09-30": "", "2015-06-30": "", "2015-03-31": "", "2014-12-31": "", "2014-09-30": "", "2014-06-30": "", "2014-03-31": "", "2013-12-31": "", "2013-09-30": "", "2013-06-30": "", "2013-03-31": "", "2012-12-31": "", "2012-09-30": "", "2012-06-30": "", "2012-03-31": "", "2011-12-31": "", "2011-09-30": "", "2011-06-30": "", "2011-03-31": "", "2010-12-31": "", "2010-09-30": "", "2010-06-30": "", "2010-03-31": "", "2009-12-31": "", "2009-09-30": "", "2009-06-30": "", "2009-03-31": "", "2008-12-31": "", "2008-09-30": "", "2008-06-30": "", "2008-03-31": "", "2007-12-31": "", "2007-09-30": "", "2007-06-30": "", "2007-03-31": "", "2006-12-31": "", "2006-09-30": "", "2006-06-30": "", "2006-03-31": "", "2005-12-31": "", "2005-09-30": "", "2005-06-30": "", "2005-03-31": ""}, "Net Income": {"2020-12-31": "312.00000", "2020-09-30": "209.00000", "2020-06-30": "172.00000", "2020-03-31": "169.00000", "2019-12-31": "267.00000", "2019-09-30": "264.00000", "2019-06-30": "258.00000", "2019-03-31": "261.00000", "2018-12-31": "249.00000", "2018-09-30": "262.00000", "2018-06-30": "232.00000", "2018-03-31": "243.00000", "2017-12-31": "119.00000", "2017-09-30": "192.91500", "2017-06-30": "183.02500", "2017-03-31": "112.49300", "2016-12-31": "146.56700", "2016-09-30": "170.41400", "2016-06-30": "125.50400", "2016-03-31": "125.84700", "2015-12-31": "106.32900", "2015-09-30": "129.63900", "2015-06-30": "133.19500", "2015-03-31": "113.46300", "2014-12-31": "125.84300", "2014-09-30": "138.61600", "2014-06-30": "121.97900", "2014-03-31": "103.90400", "2013-12-31": "115.74900", "2013-09-30": "119.53700", "2013-06-30": "82.98700", "2013-03-31": "79.96000", "2012-12-31": "84.67000", "2012-09-30": "81.87500", "2012-06-30": "74.99500", "2012-03-31": "67.43800", "2011-12-31": "65.60300", "2011-09-30": "63.03500", "2011-06-30": "46.78600", "2011-03-31": "80.91700", "2010-12-31": "78.83800", "2010-09-30": "66.18800", "2010-06-30": "58.13300", "2010-03-31": "53.24100", "2009-12-31": "41.11400", "2009-09-30": "38.97500", "2009-06-30": "40.79700", "2009-03-31": "5.54600", "2008-12-31": "61.09300", "2008-09-30": "40.24000", "2008-06-30": "69.93800", "2008-03-31": "59.79000", "2007-12-31": "56.24200", "2007-09-30": "62.96700", "2007-06-30": "68.35300", "2007-03-31": "59.71500", "2006-12-31": "59.39500", "2006-09-30": "50.92800", "2006-06-30": "56.77400", "2006-03-31": "61.53100", "2005-12-31": "45.10900", "2005-09-30": "44.72400", "2005-06-30": "32.38200", "2005-03-31": "34.69700"}, "EBITDA": {"2020-12-31": "", "2020-09-30": "474.00000", "2020-06-30": "361.00000", "2020-03-31": "411.00000", "2019-12-31": "446.00000", "2019-09-30": "528.00000", "2019-06-30": "445.00000", "2019-03-31": "383.00000", "2018-12-31": "465.00000", "2018-09-30": "468.00000", "2018-06-30": "420.00000", "2018-03-31": "394.00000", "2017-12-31": "375.00000", "2017-09-30": "307.14210", "2017-06-30": "341.77400", "2017-03-31": "219.22090", "2016-12-31": "264.86310", "2016-09-30": "313.38220", "2016-06-30": "253.66410", "2016-03-31": "244.14990", "2015-12-31": "233.05000", "2015-09-30": "293.79660", "2015-06-30": "221.76600", "2015-03-31": "209.44400", "2014-12-31": "245.02100", "2014-09-30": "251.30800", "2014-06-30": "222.34390", "2014-03-31": "185.54600", "2013-12-31": "215.76510", "2013-09-30": "183.53980", "2013-06-30": "160.82910", "2013-03-31": "140.79500", "2012-12-31": "207.41000", "2012-09-30": "186.66280", "2012-06-30": "208.04390", "2012-03-31": "129.02100", "2011-12-31": "136.72300", "2011-09-30": "146.07390", "2011-06-30": "152.70600", "2011-03-31": "156.60510", "2010-12-31": "163.57200", "2010-09-30": "143.78990", "2010-06-30": "133.44600", "2010-03-31": "128.96190", "2009-12-31": "117.76800", "2009-09-30": "114.43610", "2009-06-30": "113.53500", "2009-03-31": "96.90200", "2008-12-31": "160.52200", "2008-09-30": "174.73090", "2008-06-30": "183.84800", "2008-03-31": "229.27100", "2007-12-31": "252.25400", "2007-09-30": "265.65840", "2007-06-30": "245.47190", "2007-03-31": "213.13200", "2006-12-31": "202.02600", "2006-09-30": "195.57290", "2006-06-30": "181.07300", "2006-03-31": "160.28500", "2005-12-31": "124.16800", "2005-09-30": "109.89890", "2005-06-30": "87.06200", "2005-03-31": "88.02710"}, "EBIT": {"2020-12-31": "415.00000", "2020-09-30": "439.00000", "2020-06-30": "321.00000", "2020-03-31": "348.00000", "2019-12-31": "408.00000", "2019-09-30": "497.00000", "2019-06-30": "410.00000", "2019-03-31": "352.00000", "2018-12-31": "436.00000", "2018-09-30": "423.00000", "2018-06-30": "377.00000", "2018-03-31": "385.00000", "2017-12-31": "352.00000", "2017-09-30": "304.82300", "2017-06-30": "325.07600", "2017-03-31": "206.99390", "2016-12-31": "255.10710", "2016-09-30": "301.68910", "2016-06-30": "249.78410", "2016-03-31": "232.84590", "2015-12-31": "212.55400", "2015-09-30": "276.43240", "2015-06-30": "226.01000", "2015-03-31": "206.41600", "2014-12-31": "235.39790", "2014-09-30": "236.37400", "2014-06-30": "210.45190", "2014-03-31": "180.95800", "2013-12-31": "205.82010", "2013-09-30": "166.16270", "2013-06-30": "154.94710", "2013-03-31": "190.24300", "2012-12-31": "195.49300", "2012-09-30": "187.53680", "2012-06-30": "197.81490", "2012-03-31": "130.97200", "2011-12-31": "128.14400", "2011-09-30": "137.30980", "2011-06-30": "152.26700", "2011-03-31": "147.56210", "2010-12-31": "154.48200", "2010-09-30": "135.38100", "2010-06-30": "128.68400", "2010-03-31": "129.69290", "2009-12-31": "105.65000", "2009-09-30": "107.39510", "2009-06-30": "113.93300", "2009-03-31": "87.94900", "2008-12-31": "153.41800", "2008-09-30": "167.10300", "2008-06-30": "193.78300", "2008-03-31": "221.15400", "2007-12-31": "247.48600", "2007-09-30": "267.92440", "2007-06-30": "239.61990", "2007-03-31": "207.50700", "2006-12-31": "196.52000", "2006-09-30": "190.80090", "2006-06-30": "176.01800", "2006-03-31": "155.28000", "2005-12-31": "119.63100", "2005-09-30": "103.95600", "2005-06-30": "83.78200", "2005-03-31": "83.71810"}, "Basic Shares Outstanding": {"2020-12-31": "136.80000", "2020-09-30": "137.60000", "2020-06-30": "137.10000", "2020-03-31": "138.40000", "2019-12-31": "138.30000", "2019-09-30": "141.00000", "2019-06-30": "140.40000", "2019-03-31": "140.80000", "2018-12-31": "144.20000", "2018-09-30": "145.30000", "2018-06-30": "145.60000", "2018-03-31": "145.40000", "2017-12-31": "144.50000", "2017-09-30": "143.30000", "2017-06-30": "143.71200", "2017-03-31": "143.36700", "2016-12-31": "142.11000", "2016-09-30": "141.77300", "2016-06-30": "141.16500", "2016-03-31": "141.47200", "2015-12-31": "143.05800", "2015-09-30": "142.54800", "2015-06-30": "143.25200", "2015-03-31": "142.32000", "2014-12-31": "141.24600", "2014-09-30": "139.93500", "2014-06-30": "140.27000", "2014-03-31": "139.88800", "2013-12-31": "139.08900", "2013-09-30": "137.73200", "2013-06-30": "138.18500", "2013-03-31": "137.81700", "2012-12-31": "136.52400", "2012-09-30": "130.80600", "2012-06-30": "135.25600", "2012-03-31": "129.35300", "2011-12-31": "123.22500", "2011-09-30": "122.44800", "2011-06-30": "123.23800", "2011-03-31": "122.39600", "2010-12-31": "121.15500", "2010-09-30": "119.33500", "2010-06-30": "119.62200", "2010-03-31": "119.28800", "2009-12-31": "118.76300", "2009-09-30": "117.18800", "2009-06-30": "117.93000", "2009-03-31": "117.13400", "2008-12-31": "116.30700", "2008-09-30": "116.11000", "2008-06-30": "115.63300", "2008-03-31": "117.31200", "2007-12-31": "116.88100", "2007-09-30": "115.60800", "2007-06-30": "116.13500", "2007-03-31": "115.70200", "2006-12-31": "114.33900", "2006-09-30": "112.61400", "2006-06-30": "113.46400", "2006-03-31": "113.19400", "2005-12-31": "111.50100", "2005-09-30": "110.21700", "2005-06-30": "110.49500", "2005-03-31": "112.31100"}, "Shares Outstanding": {"2020-12-31": "139.70000", "2020-09-30": "140.20000", "2020-06-30": "139.40000", "2020-03-31": "141.10000", "2019-12-31": "141.50000", "2019-09-30": "144.00000", "2019-06-30": "143.60000", "2019-03-31": "143.90000", "2018-12-31": "147.30000", "2018-09-30": "148.80000", "2018-06-30": "149.40000", "2018-03-31": "149.00000", "2017-12-31": "148.30000", "2017-09-30": "146.60000", "2017-06-30": "147.10300", "2017-03-31": "146.77900", "2016-12-31": "145.67500", "2016-09-30": "144.51300", "2016-06-30": "143.95200", "2016-03-31": "144.01200", "2015-12-31": "146.14100", "2015-09-30": "145.93900", "2015-06-30": "146.49300", "2015-03-31": "146.05000", "2014-12-31": "145.28200", "2014-09-30": "143.58900", "2014-06-30": "143.98500", "2014-03-31": "143.63600", "2013-12-31": "142.59700", "2013-09-30": "140.54100", "2013-06-30": "141.23100", "2013-03-31": "140.72200", "2012-12-31": "138.69400", "2012-09-30": "131.79100", "2012-06-30": "136.65700", "2012-03-31": "130.64400", "2011-12-31": "123.71200", "2011-09-30": "122.83600", "2011-06-30": "123.95800", "2011-03-31": "123.26500", "2010-12-31": "121.53400", "2010-09-30": "119.59200", "2010-06-30": "120.01900", "2010-03-31": "119.58000", "2009-12-31": "118.98300", "2009-09-30": "117.28800", "2009-06-30": "117.95100", "2009-03-31": "117.18700", "2008-12-31": "116.55900", "2008-09-30": "117.14000", "2008-06-30": "118.27200", "2008-03-31": "119.52000", "2007-12-31": "120.24100", "2007-09-30": "118.69300", "2007-06-30": "119.14000", "2007-03-31": "118.68700", "2006-12-31": "117.89300", "2006-09-30": "115.73800", "2006-06-30": "116.96000", "2006-03-31": "116.41200", "2005-12-31": "113.63600", "2005-09-30": "113.04800", "2005-06-30": "113.38200", "2005-03-31": "114.45800"}, "Basic EPS": {"2020-12-31": "2.27000", "2020-09-30": "1.54000", "2020-06-30": "1.25000", "2020-03-31": "1.22000", "2019-12-31": "1.93000", "2019-09-30": "1.90000", "2019-06-30": "1.84000", "2019-03-31": "1.85000", "2018-12-31": "1.73000", "2018-09-30": "1.81000", "2018-06-30": "1.59000", "2018-03-31": "1.67000", "2017-12-31": "0.82000", "2017-09-30": "1.35000", "2017-06-30": "1.27000", "2017-03-31": "0.78000", "2016-12-31": "1.03000", "2016-09-30": "1.20000", "2016-06-30": "0.89000", "2016-03-31": "0.89000", "2015-12-31": "0.74000", "2015-09-30": "0.90000", "2015-06-30": "0.93000", "2015-03-31": "0.79000", "2014-12-31": "0.89000", "2014-09-30": "0.97000", "2014-06-30": "0.87000", "2014-03-31": "0.74000", "2013-12-31": "0.83000", "2013-09-30": "0.85000", "2013-06-30": "0.60000", "2013-03-31": "0.57000", "2012-12-31": "0.62000", "2012-09-30": "0.62000", "2012-06-30": "0.55000", "2012-03-31": "0.52000", "2011-12-31": "0.53000", "2011-09-30": "0.54000", "2011-06-30": "0.37000", "2011-03-31": "0.64000", "2010-12-31": "0.65000", "2010-09-30": "0.54000", "2010-06-30": "0.49000", "2010-03-31": "0.45000", "2009-12-31": "0.35000", "2009-09-30": "0.35000", "2009-06-30": "0.35000", "2009-03-31": "0.05000", "2008-12-31": "0.50000", "2008-09-30": "0.36000", "2008-06-30": "0.60000", "2008-03-31": "0.51000", "2007-12-31": "0.48000", "2007-09-30": "0.54000", "2007-06-30": "0.59000", "2007-03-31": "0.52000", "2006-12-31": "0.52000", "2006-09-30": "0.45000", "2006-06-30": "0.50000", "2006-03-31": "0.54000", "2005-12-31": "0.41000", "2005-09-30": "0.41670", "2005-06-30": "0.29000", "2005-03-31": "0.31000"}, "EPS - Earnings Per Share": {"2020-12-31": "2.23000", "2020-09-30": "1.51000", "2020-06-30": "1.23000", "2020-03-31": "1.20000", "2019-12-31": "1.89000", "2019-09-30": "1.87000", "2019-06-30": "1.80000", "2019-03-31": "1.81000", "2018-12-31": "1.69000", "2018-09-30": "1.77000", "2018-06-30": "1.55000", "2018-03-31": "1.63000", "2017-12-31": "0.80000", "2017-09-30": "1.32000", "2017-06-30": "1.24000", "2017-03-31": "0.77000", "2016-12-31": "1.00000", "2016-09-30": "1.18000", "2016-06-30": "0.87000", "2016-03-31": "0.87000", "2015-12-31": "0.73000", "2015-09-30": "0.88000", "2015-06-30": "0.91000", "2015-03-31": "0.77000", "2014-12-31": "0.87000", "2014-09-30": "0.94000", "2014-06-30": "0.85000", "2014-03-31": "0.72000", "2013-12-31": "0.81000", "2013-09-30": "0.82000", "2013-06-30": "0.59000", "2013-03-31": "0.56000", "2012-12-31": "0.61000", "2012-09-30": "0.60000", "2012-06-30": "0.55000", "2012-03-31": "0.52000", "2011-12-31": "0.53000", "2011-09-30": "0.53000", "2011-06-30": "0.37000", "2011-03-31": "0.64000", "2010-12-31": "0.65000", "2010-09-30": "0.55000", "2010-06-30": "0.48000", "2010-03-31": "0.45000", "2009-12-31": "0.35000", "2009-09-30": "0.35000", "2009-06-30": "0.35000", "2009-03-31": "0.05000", "2008-12-31": "0.50000", "2008-09-30": "0.37000", "2008-06-30": "0.59000", "2008-03-31": "0.50000", "2007-12-31": "0.47000", "2007-09-30": "0.54000", "2007-06-30": "0.57000", "2007-03-31": "0.50000", "2006-12-31": "0.50000", "2006-09-30": "0.44000", "2006-06-30": "0.48000", "2006-03-31": "0.53000", "2005-12-31": "0.40000", "2005-09-30": "0.39330", "2005-06-30": "0.29000", "2005-03-31": "0.30000"}}, "balance sheet": {"Cash On Hand": {"2020-09-30": "10056.00000", "2019-09-30": "6562.00000", "2018-09-30": "6569.00000", "2017-09-30": "7688.53800", "2016-09-30": "7176.02100", "2015-09-30": "6104.84700", "2014-09-30": "5293.33100", "2013-09-30": "7517.31200", "2012-09-30": "5529.39500", "2011-09-30": "6612.18600", "2010-09-30": "6981.49400", "2009-09-30": "7339.49600", "2008-09-30": "9145.05200", "2007-09-30": "7359.87900", "2006-09-30": "5676.55600", "2005-09-30": "4430.40300"}, "Receivables": {"2020-09-30": "4374.00000", "2019-09-30": "4484.00000", "2018-09-30": "5117.00000", "2017-09-30": "4560.83300", "2016-09-30": "4544.68400", "2015-09-30": "3322.94600", "2014-09-30": "3203.02800", "2013-09-30": "3042.85000", "2012-09-30": "3165.56100", "2011-09-30": "2349.28800", "2010-09-30": "2262.38500", "2009-09-30": "2041.78100", "2008-09-30": "2381.89900", "2007-09-30": "2248.39200", "2006-09-30": "2005.34400", "2005-09-30": "1778.38300"}, "Inventory": {"2020-09-30": "513.00000", "2019-09-30": "708.00000", "2018-09-30": "702.00000", "2017-09-30": "564.26300", "2016-09-30": "713.55000", "2015-09-30": "690.55100", "2014-09-30": "679.39300", "2013-09-30": "579.70500", "2012-09-30": "804.27200", "2011-09-30": "492.77100", "2010-09-30": "591.44700", "2009-09-30": "431.44500", "2008-09-30": "314.00800", "2007-09-30": "467.76100", "2006-09-30": "485.77100", "2005-09-30": "359.67900"}, "Pre-Paid Expenses": {"2020-09-30": "", "2019-09-30": "", "2018-09-30": "", "2017-09-30": "", "2016-09-30": "", "2015-09-30": "693.73900", "2014-09-30": "655.25600", "2013-09-30": "611.42500", "2012-09-30": "605.56600", "2011-09-30": "363.22100", "2010-09-30": "451.35700", "2009-09-30": "260.42700", "2008-09-30": "287.83600", "2007-09-30": "258.31500", "2006-09-30": "179.78600", "2005-09-30": "142.64900"}, "Other Current Assets": {"2020-09-30": "", "2019-09-30": "", "2018-09-30": "", "2017-09-30": "", "2016-09-30": "", "2015-09-30": "", "2014-09-30": "", "2013-09-30": "", "2012-09-30": "", "2011-09-30": "", "2010-09-30": "", "2009-09-30": "", "2008-09-30": "", "2007-09-30": "", "2006-09-30": "", "2005-09-30": ""}, "Total Current Assets": {"2020-09-30": "36138.00000", "2019-09-30": "32645.00000", "2018-09-30": "31906.00000", "2017-09-30": "29820.43000", "2016-09-30": "27644.99000", "2015-09-30": "23800.10000", "2014-09-30": "20795.31000", "2013-09-30": "20572.49000", "2012-09-30": "18096.31000", "2011-09-30": "16365.38000", "2010-09-30": "16381.61000", "2009-09-30": "16667.12000", "2008-09-30": "19224.02000", "2007-09-30": "14998.56000", "2006-09-30": "10610.29000", "2005-09-30": "7711.39600"}, "Property, Plant, And Equipment": {"2020-09-30": "535.00000", "2019-09-30": "527.00000", "2018-09-30": "486.00000", "2017-09-30": "437.37400", "2016-09-30": "321.45700", "2015-09-30": "255.87500", "2014-09-30": "245.40100", "2013-09-30": "244.41600", "2012-09-30": "231.19500", "2011-09-30": "169.85000", "2010-09-30": "170.76800", "2009-09-30": "186.23200", "2008-09-30": "192.45000", "2007-09-30": "166.96300", "2006-09-30": "142.78000", "2005-09-30": "137.55500"}, "Long-Term Investments": {"2020-09-30": "8422.00000", "2019-09-30": "3796.00000", "2018-09-30": "3225.00000", "2017-09-30": "3038.55900", "2016-09-30": "1976.62400", "2015-09-30": "1560.70400", "2014-09-30": "1548.90100", "2013-09-30": "1686.18400", "2012-09-30": "2139.48300", "2011-09-30": "1135.40500", "2010-09-30": "1026.43000", "2009-09-30": "1070.60100", "2008-09-30": "1027.56200", "2007-09-30": "881.73600", "2006-09-30": "575.26900", "2005-09-30": "325.77700"}, "Goodwill And Intangible Assets": {"2020-09-30": "600.00000", "2019-09-30": "611.00000", "2018-09-30": "639.00000", "2017-09-30": "493.18300", "2016-09-30": "503.04600", "2015-09-30": "376.96200", "2014-09-30": "354.26100", "2013-09-30": "361.46400", "2012-09-30": "361.24600", "2011-09-30": "72.96700", "2010-09-30": "62.57500", "2009-09-30": "62.57500", "2008-09-30": "62.57500", "2007-09-30": "62.57500", "2006-09-30": "62.57500", "2005-09-30": "62.57500"}, "Other Long-Term Assets": {"2020-09-30": "1525.00000", "2019-09-30": "1020.00000", "2018-09-30": "954.00000", "2017-09-30": "780.42500", "2016-09-30": "718.83500", "2015-09-30": "207.48800", "2014-09-30": "150.45700", "2013-09-30": "126.40500", "2012-09-30": "163.84800", "2011-09-30": "91.48200", "2010-09-30": "76.48800", "2009-09-30": "83.79900", "2008-09-30": "94.24200", "2007-09-30": "36.41600", "2006-09-30": "30.78000", "2005-09-30": "43.09400"}, "Total Long-Term Assets": {"2020-09-30": "11344.00000", "2019-09-30": "6185.00000", "2018-09-30": "5507.00000", "2017-09-30": "5063.02700", "2016-09-30": "3841.98600", "2015-09-30": "2667.92800", "2014-09-30": "2530.34500", "2013-09-30": "2613.62900", "2012-09-30": "3063.95900", "2011-09-30": "1641.61500", "2010-09-30": "1501.46900", "2009-09-30": "1559.60600", "2008-09-30": "1485.59400", "2007-09-30": "1255.61200", "2006-09-30": "906.36100", "2005-09-30": "657.86100"}, "Total Assets": {"2020-09-30": "47482.00000", "2019-09-30": "38830.00000", "2018-09-30": "37413.00000", "2017-09-30": "34883.46000", "2016-09-30": "31486.98000", "2015-09-30": "26468.03000", "2014-09-30": "23325.65000", "2013-09-30": "23186.12000", "2012-09-30": "21160.27000", "2011-09-30": "18006.99000", "2010-09-30": "17883.08000", "2009-09-30": "18226.73000", "2008-09-30": "20709.62000", "2007-09-30": "16254.17000", "2006-09-30": "11516.65000", "2005-09-30": "8369.25600"}, "Total Current Liabilities": {"2020-09-30": "36980.00000", "2019-09-30": "29430.00000", "2018-09-30": "28265.00000", "2017-09-30": "25770.29000", "2016-09-30": "23659.15000", "2015-09-30": "19425.88000", "2014-09-30": "16679.43000", "2013-09-30": "17595.92000", "2012-09-30": "15610.91000", "2011-09-30": "14383.20000", "2010-09-30": "12296.78000", "2009-09-30": "14565.31000", "2008-09-30": "16273.60000", "2007-09-30": "14027.56000", "2006-09-30": "9562.58400", "2005-09-30": "6745.16000"}, "Long Term Debt": {"2020-09-30": "3326.00000", "2019-09-30": "2757.00000", "2018-09-30": "2696.00000", "2017-09-30": "3419.81500", "2016-09-30": "2764.85300", "2015-09-30": "1866.59500", "2014-09-30": "1889.62900", "2013-09-30": "1341.52200", "2012-09-30": "1410.80600", "2011-09-30": "711.95000", "2010-09-30": "2989.42800", "2009-09-30": "1428.27800", "2008-09-30": "2314.78800", "2007-09-30": "239.11900", "2006-09-30": "335.28500", "2005-09-30": "291.24200"}, "Other Non-Current Liabilities": {"2020-09-30": "", "2019-09-30": "", "2018-09-30": "", "2017-09-30": "", "2016-09-30": "", "2015-09-30": "389.45700", "2014-09-30": "323.33700", "2013-09-30": "250.34100", "2012-09-30": "458.26500", "2011-09-30": "", "2010-09-30": "", "2009-09-30": "", "2008-09-30": "", "2007-09-30": "", "2006-09-30": "", "2005-09-30": ""}, "Total Long Term Liabilities": {"2020-09-30": "3326.00000", "2019-09-30": "2757.00000", "2018-09-30": "2696.00000", "2017-09-30": "3419.81500", "2016-09-30": "2764.85300", "2015-09-30": "2256.05200", "2014-09-30": "2212.96600", "2013-09-30": "1591.86300", "2012-09-30": "1869.07100", "2011-09-30": "711.95000", "2010-09-30": "2989.42800", "2009-09-30": "1428.27800", "2008-09-30": "2552.11000", "2007-09-30": "468.78900", "2006-09-30": "490.19600", "2005-09-30": "382.27300"}, "Total Liabilities": {"2020-09-30": "40306.00000", "2019-09-30": "32187.00000", "2018-09-30": "30961.00000", "2017-09-30": "29190.11000", "2016-09-30": "26424.00000", "2015-09-30": "21681.93000", "2014-09-30": "18892.40000", "2013-09-30": "19187.79000", "2012-09-30": "17479.98000", "2011-09-30": "15095.15000", "2010-09-30": "15286.21000", "2009-09-30": "15993.59000", "2008-09-30": "18825.71000", "2007-09-30": "14496.35000", "2006-09-30": "10052.78000", "2005-09-30": "7127.43300"}, "Common Stock Net": {"2020-09-30": "2.00000", "2019-09-30": "2.00000", "2018-09-30": "2.00000", "2017-09-30": "1.54200", "2016-09-30": "1.51300", "2015-09-30": "1.49100", "2014-09-30": "1.44400", "2013-09-30": "1.42900", "2012-09-30": "1.40400", "2011-09-30": "1.27100", "2010-09-30": "1.24400", "2009-09-30": "1.22700", "2008-09-30": "1.20200", "2007-09-30": "1.17600", "2006-09-30": "1.15000", "2005-09-30": "0.76500"}, "Retained Earnings (Accumulated Deficit)": {"2020-09-30": "6484.00000", "2019-09-30": "5874.00000", "2018-09-30": "5032.00000", "2017-09-30": "4340.05400", "2016-09-30": "3834.78100", "2015-09-30": "3419.71900", "2014-09-30": "3023.84500", "2013-09-30": "2635.02600", "2012-09-30": "2346.56300", "2011-09-30": "2125.81800", "2010-09-30": "1909.86500", "2009-09-30": "1737.59100", "2008-09-30": "1639.66200", "2007-09-30": "1461.89800", "2006-09-30": "1258.44600", "2005-09-30": "1082.06300"}, "Comprehensive Income": {"2020-09-30": "11.00000", "2019-09-30": "-23.00000", "2018-09-30": "-27.00000", "2017-09-30": "-15.19900", "2016-09-30": "-55.73300", "2015-09-30": "-40.50300", "2014-09-30": "-1.88800", "2013-09-30": "10.72600", "2012-09-30": "9.44700", "2011-09-30": "-9.60500", "2010-09-30": "-6.19700", "2009-09-30": "-41.80300", "2008-09-30": "-33.97600", "2007-09-30": "30.19100", "2006-09-30": "12.09500", "2005-09-30": "9.63200"}, "Other Share Holders Equity": {"2020-09-30": "", "2019-09-30": "", "2018-09-30": "", "2017-09-30": "", "2016-09-30": "", "2015-09-30": "", "2014-09-30": "", "2013-09-30": "", "2012-09-30": "", "2011-09-30": "", "2010-09-30": "", "2009-09-30": "", "2008-09-30": "", "2007-09-30": "", "2006-09-30": "", "2005-09-30": ""}, "Share Holder Equity": {"2020-09-30": "7176.00000", "2019-09-30": "6643.00000", "2018-09-30": "6452.00000", "2017-09-30": "5693.35100", "2016-09-30": "5062.97600", "2015-09-30": "4786.09800", "2014-09-30": "4433.25600", "2013-09-30": "3998.33700", "2012-09-30": "3680.28200", "2011-09-30": "2911.84500", "2010-09-30": "2596.86800", "2009-09-30": "2233.13900", "2008-09-30": "1883.90500", "2007-09-30": "1757.81400", "2006-09-30": "1463.86900", "2005-09-30": "1241.82300"}, "Total Liabilities And Share Holders Equity": {"2020-09-30": "47482.00000", "2019-09-30": "38830.00000", "2018-09-30": "37413.00000", "2017-09-30": "34883.46000", "2016-09-30": "31486.98000", "2015-09-30": "26468.03000", "2014-09-30": "23325.65000", "2013-09-30": "23186.12000", "2012-09-30": "21160.27000", "2011-09-30": "18006.99000", "2010-09-30": "17883.08000", "2009-09-30": "18226.73000", "2008-09-30": "20709.62000", "2007-09-30": "16254.17000", "2006-09-30": "11516.65000", "2005-09-30": "8369.25600"}}, "balance sheet, quarterly": {"Cash On Hand": {"2020-12-31": "", "2020-09-30": "10056.00000", "2020-06-30": "9330.00000", "2020-03-31": "15073.00000", "2019-12-31": "7227.00000", "2019-09-30": "6562.00000", "2019-06-30": "6669.00000", "2019-03-31": "6790.00000", "2018-12-31": "7643.00000", "2018-09-30": "6569.00000", "2018-06-30": "6374.42400", "2018-03-31": "6831.87600", "2017-12-31": "7959.65700", "2017-09-30": "7688.53800", "2017-06-30": "6612.34400", "2017-03-31": "7133.20600", "2016-12-31": "6909.48500", "2016-09-30": "7176.02100", "2016-06-30": "6179.78200", "2016-03-31": "5646.61700", "2015-12-31": "6194.02200", "2015-09-30": "6104.84700", "2015-06-30": "5648.11100", "2015-03-31": "5737.42700", "2014-12-31": "5604.23700", "2014-09-30": "5293.33100", "2014-06-30": "5823.72000", "2014-03-31": "6020.38500", "2013-12-31": "6167.71500", "2013-09-30": "7517.31200", "2013-06-30": "6770.57900", "2013-03-31": "6579.62600", "2012-12-31": "6381.29100", "2012-09-30": "5529.39500", "2012-06-30": "5361.46400", "2012-03-31": "6872.67400", "2011-12-31": "6066.97000", "2011-09-30": "6612.18600", "2011-06-30": "4874.58800", "2011-03-31": "4362.90000", "2010-12-31": "3915.16100", "2010-09-30": "6981.49400", "2010-06-30": "4139.71600", "2010-03-31": "4309.83600", "2009-12-31": "3984.51800", "2009-09-30": "7339.49600", "2009-06-30": "6819.03800", "2009-03-31": "6897.24500", "2008-12-31": "6995.37200", "2008-09-30": "9145.05200", "2008-06-30": "6930.71000", "2008-03-31": "7588.10200", "2007-12-31": "6822.58200", "2007-09-30": "7359.87900", "2007-06-30": "7600.28000", "2007-03-31": "6971.67200", "2006-12-31": "5638.97800", "2006-09-30": "5676.55600", "2006-06-30": "5243.99100", "2006-03-31": "4964.27300", "2005-12-31": "4690.10800", "2005-09-30": "4430.40300", "2005-06-30": "4280.43400", "2005-03-31": "4287.44900"}, "Receivables": {"2020-12-31": "", "2020-09-30": "4374.00000", "2020-06-30": "4426.00000", "2020-03-31": "4764.00000", "2019-12-31": "4279.00000", "2019-09-30": "4484.00000", "2019-06-30": "4454.00000", "2019-03-31": "4516.00000", "2018-12-31": "4648.00000", "2018-09-30": "5117.00000", "2018-06-30": "4736.79500", "2018-03-31": "4671.85800", "2017-12-31": "4417.91800", "2017-09-30": "4560.83300", "2017-06-30": "4418.93500", "2017-03-31": "4321.73900", "2016-12-31": "4238.29400", "2016-09-30": "4544.68400", "2016-06-30": "3464.91600", "2016-03-31": "3527.44200", "2015-12-31": "3110.32900", "2015-09-30": "3322.94600", "2015-06-30": "3261.54500", "2015-03-31": "2981.34600", "2014-12-31": "2965.88000", "2014-09-30": "3203.02800", "2014-06-30": "3058.57000", "2014-03-31": "2983.94000", "2013-12-31": "2817.80500", "2013-09-30": "3042.85000", "2013-06-30": "3116.44000", "2013-03-31": "3258.69700", "2012-12-31": "2936.87000", "2012-09-30": "3165.56100", "2012-06-30": "3634.05400", "2012-03-31": "2386.74600", "2011-12-31": "2277.77700", "2011-09-30": "2349.28800", "2011-06-30": "2512.68600", "2011-03-31": "2423.26200", "2010-12-31": "2221.96700", "2010-09-30": "2262.38500", "2010-06-30": "2147.92700", "2010-03-31": "2140.98600", "2009-12-31": "2010.54100", "2009-09-30": "2041.78100", "2009-06-30": "1934.21000", "2009-03-31": "1720.21800", "2008-12-31": "1740.26300", "2008-09-30": "2381.89900", "2008-06-30": "2446.54600", "2008-03-31": "2221.75000", "2007-12-31": "2334.74200", "2007-09-30": "2248.39200", "2007-06-30": "2456.82700", "2007-03-31": "2147.27200", "2006-12-31": "2013.32700", "2006-09-30": "2005.34400", "2006-06-30": "2036.15300", "2006-03-31": "1968.17500", "2005-12-31": "1806.87300", "2005-09-30": "1778.38300", "2005-06-30": "2488.13100", "2005-03-31": "2416.56400"}, "Inventory": {"2020-12-31": "", "2020-09-30": "513.00000", "2020-06-30": "361.00000", "2020-03-31": "445.00000", "2019-12-31": "632.00000", "2019-09-30": "708.00000", "2019-06-30": "803.00000", "2019-03-31": "819.00000", "2018-12-31": "691.00000", "2018-09-30": "702.00000", "2018-06-30": "670.35000", "2018-03-31": "824.88600", "2017-12-31": "597.57900", "2017-09-30": "564.26300", "2017-06-30": "699.30000", "2017-03-31": "736.78200", "2016-12-31": "517.79200", "2016-09-30": "713.55000", "2016-06-30": "844.94800", "2016-03-31": "799.45300", "2015-12-31": "471.71500", "2015-09-30": "690.55100", "2015-06-30": "674.04300", "2015-03-31": "797.53100", "2014-12-31": "606.67600", "2014-09-30": "679.39300", "2014-06-30": "607.77500", "2014-03-31": "647.75400", "2013-12-31": "453.04600", "2013-09-30": "579.70500", "2013-06-30": "374.85800", "2013-03-31": "827.62900", "2012-12-31": "826.19400", "2012-09-30": "804.27200", "2012-06-30": "908.42600", "2012-03-31": "451.85100", "2011-12-31": "564.44100", "2011-09-30": "492.77100", "2011-06-30": "575.07700", "2011-03-31": "529.64300", "2010-12-31": "612.36000", "2010-09-30": "591.44700", "2010-06-30": "586.93000", "2010-03-31": "700.57800", "2009-12-31": "362.94200", "2009-09-30": "431.44500", "2009-06-30": "304.03200", "2009-03-31": "319.55600", "2008-12-31": "259.67400", "2008-09-30": "314.00800", "2008-06-30": "491.59900", "2008-03-31": "359.01100", "2007-12-31": "685.09100", "2007-09-30": "467.76100", "2007-06-30": "737.58000", "2007-03-31": "654.14500", "2006-12-31": "720.78400", "2006-09-30": "485.77100", "2006-06-30": "679.65100", "2006-03-31": "570.11200", "2005-12-31": "477.09400", "2005-09-30": "359.67900", "2005-06-30": "446.50400", "2005-03-31": "512.06900"}, "Pre-Paid Expenses": {"2020-12-31": "", "2020-09-30": "", "2020-06-30": "", "2020-03-31": "", "2019-12-31": "", "2019-09-30": "", "2019-06-30": "", "2019-03-31": "", "2018-12-31": "", "2018-09-30": "", "2018-06-30": "", "2018-03-31": "", "2017-12-31": "", "2017-09-30": "", "2017-06-30": "768.47400", "2017-03-31": "787.58800", "2016-12-31": "796.16600", "2016-09-30": "", "2016-06-30": "726.03000", "2016-03-31": "660.36600", "2015-12-31": "763.30000", "2015-09-30": "693.73900", "2015-06-30": "731.96600", "2015-03-31": "713.32300", "2014-12-31": "697.63200", "2014-09-30": "655.25600", "2014-06-30": "656.84900", "2014-03-31": "629.39000", "2013-12-31": "639.60300", "2013-09-30": "611.42500", "2013-06-30": "623.42700", "2013-03-31": "671.13400", "2012-12-31": "660.46900", "2012-09-30": "605.56600", "2012-06-30": "966.27100", "2012-03-31": "416.25000", "2011-12-31": "384.57200", "2011-09-30": "363.22100", "2011-06-30": "408.63600", "2011-03-31": "457.14500", "2010-12-31": "460.26400", "2010-09-30": "451.35700", "2010-06-30": "326.88600", "2010-03-31": "337.35400", "2009-12-31": "322.99800", "2009-09-30": "260.42700", "2009-06-30": "169.76600", "2009-03-31": "162.02400", "2008-12-31": "166.99100", "2008-09-30": "287.83600", "2008-06-30": "363.70000", "2008-03-31": "343.99100", "2007-12-31": "328.23200", "2007-09-30": "258.31500", "2007-06-30": "261.38000", "2007-03-31": "247.94800", "2006-12-31": "242.14700", "2006-09-30": "179.78600", "2006-06-30": "190.24300", "2006-03-31": "204.72300", "2005-12-31": "171.96600", "2005-09-30": "142.64900", "2005-06-30": "127.83900", "2005-03-31": "173.33400"}, "Other Current Assets": {"2020-12-31": "", "2020-09-30": "", "2020-06-30": "", "2020-03-31": "", "2019-12-31": "", "2019-09-30": "", "2019-06-30": "", "2019-03-31": "", "2018-12-31": "", "2018-09-30": "", "2018-06-30": "", "2018-03-31": "", "2017-12-31": "", "2017-09-30": "", "2017-06-30": "", "2017-03-31": "", "2016-12-31": "", "2016-09-30": "", "2016-06-30": "", "2016-03-31": "", "2015-12-31": "", "2015-09-30": "", "2015-06-30": "", "2015-03-31": "", "2014-12-31": "", "2014-09-30": "", "2014-06-30": "", "2014-03-31": "", "2013-12-31": "", "2013-09-30": "", "2013-06-30": "", "2013-03-31": "", "2012-12-31": "", "2012-09-30": "", "2012-06-30": "", "2012-03-31": "", "2011-12-31": "", "2011-09-30": "", "2011-06-30": "", "2011-03-31": "", "2010-12-31": "", "2010-09-30": "", "2010-06-30": "", "2010-03-31": "", "2009-12-31": "", "2009-09-30": "", "2009-06-30": "", "2009-03-31": "", "2008-12-31": "", "2008-09-30": "", "2008-06-30": "", "2008-03-31": "", "2007-12-31": "", "2007-09-30": "", "2007-06-30": "", "2007-03-31": "", "2006-12-31": "", "2006-09-30": "", "2006-06-30": "", "2006-03-31": "", "2005-12-31": "", "2005-09-30": "", "2005-06-30": "", "2005-03-31": ""}, "Total Current Assets": {"2020-12-31": "", "2020-09-30": "36138.00000", "2020-06-30": "35340.00000", "2020-03-31": "42070.00000", "2019-12-31": "33434.00000", "2019-09-30": "32645.00000", "2019-06-30": "32617.00000", "2019-03-31": "32260.00000", "2018-12-31": "32869.00000", "2018-09-30": "31906.00000", "2018-06-30": "30769.38000", "2018-03-31": "30479.53000", "2017-12-31": "30672.45000", "2017-09-30": "29820.43000", "2017-06-30": "29129.25000", "2017-03-31": "28974.00000", "2016-12-31": "28290.49000", "2016-09-30": "27644.99000", "2016-06-30": "26015.19000", "2016-03-31": "24982.36000", "2015-12-31": "24272.63000", "2015-09-30": "23800.10000", "2015-06-30": "22369.34000", "2015-03-31": "22290.29000", "2014-12-31": "21684.31000", "2014-09-30": "20795.31000", "2014-06-30": "20521.19000", "2014-03-31": "20309.57000", "2013-12-31": "19390.93000", "2013-09-30": "20572.49000", "2013-06-30": "19574.69000", "2013-03-31": "19753.33000", "2012-12-31": "19264.82000", "2012-09-30": "18096.31000", "2012-06-30": "18708.79000", "2012-03-31": "17573.35000", "2011-12-31": "16308.96000", "2011-09-30": "16365.38000", "2011-06-30": "14623.08000", "2011-03-31": "13801.34000", "2010-12-31": "13313.88000", "2010-09-30": "16381.61000", "2010-06-30": "13371.07000", "2010-03-31": "13725.68000", "2009-12-31": "13133.53000", "2009-09-30": "16667.12000", "2009-06-30": "16302.62000", "2009-03-31": "16648.99000", "2008-12-31": "16839.09000", "2008-09-30": "19224.02000", "2008-06-30": "16912.92000", "2008-03-31": "16688.72000", "2007-12-31": "15824.15000", "2007-09-30": "14998.56000", "2007-06-30": "14483.31000", "2007-03-31": "13029.80000", "2006-12-31": "11304.10000", "2006-09-30": "10610.29000", "2006-06-30": "10054.72000", "2006-03-31": "9322.31200", "2005-12-31": "8415.37900", "2005-09-30": "7711.39600", "2005-06-30": "7342.90800", "2005-03-31": "7389.41600"}, "Property, Plant, And Equipment": {"2020-12-31": "", "2020-09-30": "535.00000", "2020-06-30": "537.00000", "2020-03-31": "543.00000", "2019-12-31": "536.00000", "2019-09-30": "527.00000", "2019-06-30": "518.00000", "2019-03-31": "498.00000", "2018-12-31": "490.00000", "2018-09-30": "486.00000", "2018-06-30": "471.60300", "2018-03-31": "468.34700", "2017-12-31": "454.11500", "2017-09-30": "437.37400", "2017-06-30": "421.17400", "2017-03-31": "409.54300", "2016-12-31": "382.29800", "2016-09-30": "321.45700", "2016-06-30": "294.99400", "2016-03-31": "282.28500", "2015-12-31": "272.10300", "2015-09-30": "255.87500", "2015-06-30": "249.01800", "2015-03-31": "242.07100", "2014-12-31": "242.54000", "2014-09-30": "245.40100", "2014-06-30": "244.43300", "2014-03-31": "244.98400", "2013-12-31": "241.10900", "2013-09-30": "244.41600", "2013-06-30": "251.83500", "2013-03-31": "248.84900", "2012-12-31": "235.73300", "2012-09-30": "231.19500", "2012-06-30": "223.56000", "2012-03-31": "181.75200", "2011-12-31": "173.90100", "2011-09-30": "169.85000", "2011-06-30": "172.34600", "2011-03-31": "168.82800", "2010-12-31": "171.56900", "2010-09-30": "170.76800", "2010-06-30": "175.60300", "2010-03-31": "181.30100", "2009-12-31": "182.99900", "2009-09-30": "186.23200", "2009-06-30": "187.56900", "2009-03-31": "189.18500", "2008-12-31": "190.74300", "2008-09-30": "192.45000", "2008-06-30": "184.66500", "2008-03-31": "176.23000", "2007-12-31": "171.42600", "2007-09-30": "166.96300", "2007-06-30": "155.05500", "2007-03-31": "149.07900", "2006-12-31": "148.94200", "2006-09-30": "142.78000", "2006-06-30": "142.01100", "2006-03-31": "139.35700", "2005-12-31": "140.32400", "2005-09-30": "137.55500", "2005-06-30": "131.60900", "2005-03-31": "128.72200"}, "Long-Term Investments": {"2020-12-31": "", "2020-09-30": "8422.00000", "2020-06-30": "6409.00000", "2020-03-31": "5028.00000", "2019-12-31": "3873.00000", "2019-09-30": "3796.00000", "2019-06-30": "3732.00000", "2019-03-31": "3634.00000", "2018-12-31": "3423.00000", "2018-09-30": "3225.00000", "2018-06-30": "3364.16300", "2018-03-31": "3261.36400", "2017-12-31": "3250.32600", "2017-09-30": "3038.55900", "2017-06-30": "2793.69300", "2017-03-31": "2483.99700", "2016-12-31": "1980.39200", "2016-09-30": "1976.62400", "2016-06-30": "1595.10000", "2016-03-31": "1633.90200", "2015-12-31": "1561.97100", "2015-09-30": "1560.70400", "2015-06-30": "1375.55000", "2015-03-31": "1609.26700", "2014-12-31": "1586.75800", "2014-09-30": "1548.90100", "2014-06-30": "1351.31700", "2014-03-31": "1604.06600", "2013-12-31": "1606.80000", "2013-09-30": "1686.18400", "2013-06-30": "1721.52100", "2013-03-31": "2093.55100", "2012-12-31": "2069.72200", "2012-09-30": "2139.48300", "2012-06-30": "1619.27400", "2012-03-31": "1182.04100", "2011-12-31": "1064.36000", "2011-09-30": "1135.40500", "2011-06-30": "966.40910", "2011-03-31": "987.89700", "2010-12-31": "1039.54300", "2010-09-30": "1026.43000", "2010-06-30": "1011.53800", "2010-03-31": "1043.88900", "2009-12-31": "1061.38800", "2009-09-30": "1070.60100", "2009-06-30": "1044.89800", "2009-03-31": "985.15300", "2008-12-31": "945.13300", "2008-09-30": "1027.56200", "2008-06-30": "930.55200", "2008-03-31": "974.36700", "2007-12-31": "886.19700", "2007-09-30": "881.73600", "2007-06-30": "832.63200", "2007-03-31": "788.37400", "2006-12-31": "626.04700", "2006-09-30": "575.26900", "2006-06-30": "404.84900", "2006-03-31": "430.47800", "2005-12-31": "396.71400", "2005-09-30": "325.77700", "2005-06-30": "184.24300", "2005-03-31": "177.64700"}, "Goodwill And Intangible Assets": {"2020-12-31": "", "2020-09-30": "600.00000", "2020-06-30": "602.00000", "2020-03-31": "603.00000", "2019-12-31": "609.00000", "2019-09-30": "611.00000", "2019-06-30": "635.00000", "2019-03-31": "630.00000", "2018-12-31": "633.00000", "2018-09-30": "639.00000", "2018-06-30": "641.78700", "2018-03-31": "646.80900", "2017-12-31": "651.33900", "2017-09-30": "493.18300", "2017-06-30": "495.11600", "2017-03-31": "496.22200", "2016-12-31": "499.19500", "2016-09-30": "503.04600", "2016-06-30": "384.89300", "2016-03-31": "376.96400", "2015-12-31": "374.40700", "2015-09-30": "376.96200", "2015-06-30": "354.64700", "2015-03-31": "350.67300", "2014-12-31": "352.47400", "2014-09-30": "354.26100", "2014-06-30": "356.03500", "2014-03-31": "357.84600", "2013-12-31": "359.63000", "2013-09-30": "361.46400", "2013-06-30": "362.67700", "2013-03-31": "364.87400", "2012-12-31": "374.51000", "2012-09-30": "361.24600", "2012-06-30": "286.37200", "2012-03-31": "71.92400", "2011-12-31": "71.92400", "2011-09-30": "72.96700", "2011-06-30": "71.92400", "2011-03-31": "62.57500", "2010-12-31": "62.57500", "2010-09-30": "62.57500", "2010-06-30": "62.57500", "2010-03-31": "62.57500", "2009-12-31": "62.57500", "2009-09-30": "62.57500", "2009-06-30": "62.57500", "2009-03-31": "62.57500", "2008-12-31": "62.57500", "2008-09-30": "62.57500", "2008-06-30": "62.57500", "2008-03-31": "62.57500", "2007-12-31": "62.57500", "2007-09-30": "62.57500", "2007-06-30": "62.57500", "2007-03-31": "62.57500", "2006-12-31": "62.57500", "2006-09-30": "62.57500", "2006-06-30": "62.57500", "2006-03-31": "62.57500", "2005-12-31": "62.57500", "2005-09-30": "62.57500", "2005-06-30": "62.57500", "2005-03-31": "62.57500"}, "Other Long-Term Assets": {"2020-12-31": "", "2020-09-30": "1525.00000", "2020-06-30": "1572.00000", "2020-03-31": "1341.00000", "2019-12-31": "1485.00000", "2019-09-30": "1020.00000", "2019-06-30": "965.00000", "2019-03-31": "966.00000", "2018-12-31": "943.00000", "2018-09-30": "954.00000", "2018-06-30": "885.36500", "2018-03-31": "955.72400", "2017-12-31": "857.16100", "2017-09-30": "780.42500", "2017-06-30": "211.44600", "2017-03-31": "199.09600", "2016-12-31": "198.85600", "2016-09-30": "718.83500", "2016-06-30": "256.63300", "2016-03-31": "205.05700", "2015-12-31": "167.44500", "2015-09-30": "207.48800", "2015-06-30": "200.37200", "2015-03-31": "216.17800", "2014-12-31": "150.23800", "2014-09-30": "150.45700", "2014-06-30": "378.30800", "2014-03-31": "135.55400", "2013-12-31": "127.02800", "2013-09-30": "126.40500", "2013-06-30": "134.68700", "2013-03-31": "108.99000", "2012-12-31": "166.64300", "2012-09-30": "163.84800", "2012-06-30": "144.23000", "2012-03-31": "86.41700", "2011-12-31": "86.49800", "2011-09-30": "91.48200", "2011-06-30": "76.63900", "2011-03-31": "76.52300", "2010-12-31": "81.16200", "2010-09-30": "76.48800", "2010-06-30": "81.43100", "2010-03-31": "79.54700", "2009-12-31": "79.66800", "2009-09-30": "83.79900", "2009-06-30": "84.22200", "2009-03-31": "88.10100", "2008-12-31": "88.37400", "2008-09-30": "94.24200", "2008-06-30": "75.74600", "2008-03-31": "65.50300", "2007-12-31": "40.46900", "2007-09-30": "36.41600", "2007-06-30": "41.50000", "2007-03-31": "41.90400", "2006-12-31": "41.74900", "2006-09-30": "30.78000", "2006-06-30": "41.79800", "2006-03-31": "42.50700", "2005-12-31": "42.50100", "2005-09-30": "43.09400", "2005-06-30": "51.42100", "2005-03-31": "51.37300"}, "Total Long-Term Assets": {"2020-12-31": "", "2020-09-30": "11344.00000", "2020-06-30": "9342.00000", "2020-03-31": "7739.00000", "2019-12-31": "6720.00000", "2019-09-30": "6185.00000", "2019-06-30": "6060.00000", "2019-03-31": "5916.00000", "2018-12-31": "5675.00000", "2018-09-30": "5507.00000", "2018-06-30": "5594.73300", "2018-03-31": "5551.33800", "2017-12-31": "5412.44800", "2017-09-30": "5063.02700", "2017-06-30": "4304.18200", "2017-03-31": "3954.72700", "2016-12-31": "3378.90100", "2016-09-30": "3841.98600", "2016-06-30": "2828.23900", "2016-03-31": "2770.85200", "2015-12-31": "2634.69600", "2015-09-30": "2667.92800", "2015-06-30": "2439.07300", "2015-03-31": "2677.64500", "2014-12-31": "2568.93500", "2014-09-30": "2530.34500", "2014-06-30": "2549.10100", "2014-03-31": "2559.33200", "2013-12-31": "2533.56400", "2013-09-30": "2613.62900", "2013-06-30": "2639.49800", "2013-03-31": "2981.81400", "2012-12-31": "3011.14900", "2012-09-30": "3063.95900", "2012-06-30": "2461.76600", "2012-03-31": "1702.02700", "2011-12-31": "1582.60200", "2011-09-30": "1641.61500", "2011-06-30": "1494.02800", "2011-03-31": "1482.84200", "2010-12-31": "1535.95300", "2010-09-30": "1501.46900", "2010-06-30": "1509.10700", "2010-03-31": "1551.47300", "2009-12-31": "1558.46600", "2009-09-30": "1559.60600", "2009-06-30": "1528.21300", "2009-03-31": "1468.55200", "2008-12-31": "1443.22500", "2008-09-30": "1485.59400", "2008-06-30": "1366.27100", "2008-03-31": "1393.14900", "2007-12-31": "1273.56800", "2007-09-30": "1255.61200", "2007-06-30": "1187.89400", "2007-03-31": "1135.56700", "2006-12-31": "972.07810", "2006-09-30": "906.36100", "2006-06-30": "736.04700", "2006-03-31": "749.89200", "2005-12-31": "715.43190", "2005-09-30": "657.86100", "2005-06-30": "511.26900", "2005-03-31": "501.73800"}, "Total Assets": {"2020-12-31": "0.00000", "2020-09-30": "47482.00000", "2020-06-30": "44682.00000", "2020-03-31": "49809.00000", "2019-12-31": "40154.00000", "2019-09-30": "38830.00000", "2019-06-30": "38677.00000", "2019-03-31": "38176.00000", "2018-12-31": "38544.00000", "2018-09-30": "37413.00000", "2018-06-30": "36364.11000", "2018-03-31": "36030.87000", "2017-12-31": "36084.90000", "2017-09-30": "34883.46000", "2017-06-30": "33433.43000", "2017-03-31": "32928.73000", "2016-12-31": "31669.39000", "2016-09-30": "31486.98000", "2016-06-30": "28843.43000", "2016-03-31": "27753.21000", "2015-12-31": "26907.33000", "2015-09-30": "26468.03000", "2015-06-30": "24808.42000", "2015-03-31": "24967.94000", "2014-12-31": "24253.25000", "2014-09-30": "23325.65000", "2014-06-30": "23070.29000", "2014-03-31": "22868.90000", "2013-12-31": "21924.49000", "2013-09-30": "23186.12000", "2013-06-30": "22214.19000", "2013-03-31": "22735.14000", "2012-12-31": "22275.97000", "2012-09-30": "21160.27000", "2012-06-30": "21170.55000", "2012-03-31": "19275.38000", "2011-12-31": "17891.57000", "2011-09-30": "18006.99000", "2011-06-30": "16117.11000", "2011-03-31": "15284.18000", "2010-12-31": "14849.84000", "2010-09-30": "17883.08000", "2010-06-30": "14880.18000", "2010-03-31": "15277.15000", "2009-12-31": "14692.00000", "2009-09-30": "18226.73000", "2009-06-30": "17830.83000", "2009-03-31": "18117.54000", "2008-12-31": "18282.32000", "2008-09-30": "20709.62000", "2008-06-30": "18279.19000", "2008-03-31": "18081.87000", "2007-12-31": "17097.72000", "2007-09-30": "16254.17000", "2007-06-30": "15671.20000", "2007-03-31": "14165.37000", "2006-12-31": "12276.18000", "2006-09-30": "11516.65000", "2006-06-30": "10790.77000", "2006-03-31": "10072.20000", "2005-12-31": "9130.81100", "2005-09-30": "8369.25600", "2005-06-30": "7854.17700", "2005-03-31": "7891.15400"}, "Total Current Liabilities": {"2020-12-31": "", "2020-09-30": "36980.00000", "2020-06-30": "34339.00000", "2020-03-31": "39613.00000", "2019-12-31": "30496.00000", "2019-09-30": "29430.00000", "2019-06-30": "29343.00000", "2019-03-31": "29048.00000", "2018-12-31": "29339.00000", "2018-09-30": "28265.00000", "2018-06-30": "27372.01000", "2018-03-31": "27236.97000", "2017-12-31": "26843.64000", "2017-09-30": "25770.29000", "2017-06-30": "24987.50000", "2017-03-31": "25218.67000", "2016-12-31": "23568.52000", "2016-09-30": "23659.15000", "2016-06-30": "21659.21000", "2016-03-31": "20700.24000", "2015-12-31": "19853.78000", "2015-09-30": "19425.88000", "2015-06-30": "17841.60000", "2015-03-31": "17948.57000", "2014-12-31": "17480.08000", "2014-09-30": "16679.43000", "2014-06-30": "16644.67000", "2014-03-31": "17046.55000", "2013-12-31": "16264.35000", "2013-09-30": "17595.92000", "2013-06-30": "16722.40000", "2013-03-31": "16996.04000", "2012-12-31": "16631.10000", "2012-09-30": "15610.91000", "2012-06-30": "16174.33000", "2012-03-31": "14213.29000", "2011-12-31": "14231.51000", "2011-09-30": "14383.20000", "2011-06-30": "12540.66000", "2011-03-31": "12001.43000", "2010-12-31": "11639.30000", "2010-09-30": "12296.78000", "2010-06-30": "11917.26000", "2010-03-31": "12390.82000", "2009-12-31": "11884.78000", "2009-09-30": "14565.31000", "2009-06-30": "15458.61000", "2009-03-31": "15691.91000", "2008-12-31": "15916.11000", "2008-09-30": "16273.60000", "2008-06-30": "15778.21000", "2008-03-31": "15636.90000", "2007-12-31": "14811.91000", "2007-09-30": "14027.56000", "2007-06-30": "13082.64000", "2007-03-31": "11726.18000", "2006-12-31": "9983.54000", "2006-09-30": "9562.58400", "2006-06-30": "8525.76400", "2006-03-31": "7883.99700", "2005-12-31": "7274.44000", "2005-09-30": "6745.16000", "2005-06-30": "6499.53600", "2005-03-31": "6551.53700"}, "Long Term Debt": {"2020-12-31": "", "2020-09-30": "3326.00000", "2020-06-30": "3328.00000", "2020-03-31": "3362.00000", "2019-12-31": "2755.00000", "2019-09-30": "2757.00000", "2019-06-30": "2770.00000", "2019-03-31": "2693.00000", "2018-12-31": "2980.00000", "2018-09-30": "2696.00000", "2018-06-30": "2449.81900", "2018-03-31": "2450.71600", "2017-12-31": "3081.80100", "2017-09-30": "3419.81500", "2017-06-30": "2653.21900", "2017-03-31": "2095.94900", "2016-12-31": "2596.87800", "2016-09-30": "2764.85300", "2016-06-30": "1759.32900", "2016-03-31": "1779.56500", "2015-12-31": "1780.32300", "2015-09-30": "1866.59500", "2015-06-30": "1892.69800", "2015-03-31": "1945.60900", "2014-12-31": "1829.51900", "2014-09-30": "1889.62900", "2014-06-30": "1794.18500", "2014-03-31": "1324.72100", "2013-12-31": "1325.11500", "2013-09-30": "1341.52200", "2013-06-30": "1351.13000", "2013-03-31": "1451.67900", "2012-12-31": "1403.47700", "2012-09-30": "1410.80600", "2012-06-30": "1414.52000", "2012-03-31": "1646.21400", "2011-12-31": "697.10100", "2011-09-30": "711.95000", "2011-06-30": "711.21000", "2011-03-31": "463.34500", "2010-12-31": "492.60600", "2010-09-30": "2989.42800", "2010-06-30": "497.00200", "2010-03-31": "490.51600", "2009-12-31": "491.13000", "2009-09-30": "1428.27800", "2009-06-30": "198.34900", "2009-03-31": "326.52900", "2008-12-31": "255.97200", "2008-09-30": "2314.78800", "2008-06-30": "414.10100", "2008-03-31": "438.41600", "2007-12-31": "232.01600", "2007-09-30": "239.11900", "2007-06-30": "667.04100", "2007-03-31": "630.35900", "2006-12-31": "548.56700", "2006-09-30": "335.28500", "2006-06-30": "700.89000", "2006-03-31": "698.02900", "2005-12-31": "436.04300", "2005-09-30": "291.24200", "2005-06-30": "141.84500", "2005-03-31": "153.82100"}, "Other Non-Current Liabilities": {"2020-12-31": "", "2020-09-30": "", "2020-06-30": "", "2020-03-31": "", "2019-12-31": "", "2019-09-30": "", "2019-06-30": "", "2019-03-31": "", "2018-12-31": "", "2018-09-30": "", "2018-06-30": "292.22500", "2018-03-31": "300.95900", "2017-12-31": "356.50500", "2017-09-30": "", "2017-06-30": "291.95500", "2017-03-31": "285.89800", "2016-12-31": "299.39300", "2016-09-30": "", "2016-06-30": "430.76600", "2016-03-31": "396.16300", "2015-12-31": "352.58500", "2015-09-30": "389.45700", "2015-06-30": "327.82600", "2015-03-31": "421.85000", "2014-12-31": "385.51200", "2014-09-30": "323.33700", "2014-06-30": "318.25300", "2014-03-31": "289.27100", "2013-12-31": "209.43800", "2013-09-30": "250.34100", "2013-06-30": "265.52100", "2013-03-31": "375.54500", "2012-12-31": "431.80700", "2012-09-30": "458.26500", "2012-06-30": "", "2012-03-31": "", "2011-12-31": "", "2011-09-30": "", "2011-06-30": "", "2011-03-31": "", "2010-12-31": "", "2010-09-30": "", "2010-06-30": "", "2010-03-31": "", "2009-12-31": "", "2009-09-30": "", "2009-06-30": "", "2009-03-31": "", "2008-12-31": "", "2008-09-30": "", "2008-06-30": "", "2008-03-31": "", "2007-12-31": "", "2007-09-30": "", "2007-06-30": "", "2007-03-31": "", "2006-12-31": "", "2006-09-30": "", "2006-06-30": "", "2006-03-31": "", "2005-12-31": "", "2005-09-30": "", "2005-06-30": "", "2005-03-31": ""}, "Total Long Term Liabilities": {"2020-12-31": "", "2020-09-30": "3326.00000", "2020-06-30": "3328.00000", "2020-03-31": "3362.00000", "2019-12-31": "2755.00000", "2019-09-30": "2757.00000", "2019-06-30": "2770.00000", "2019-03-31": "2693.00000", "2018-12-31": "2980.00000", "2018-09-30": "2696.00000", "2018-06-30": "2742.04400", "2018-03-31": "2751.67500", "2017-12-31": "3438.30600", "2017-09-30": "3419.81500", "2017-06-30": "2945.17400", "2017-03-31": "2381.84700", "2016-12-31": "2896.27100", "2016-09-30": "2764.85300", "2016-06-30": "2190.09500", "2016-03-31": "2175.72800", "2015-12-31": "2132.90800", "2015-09-30": "2256.05200", "2015-06-30": "2220.52400", "2015-03-31": "2367.45900", "2014-12-31": "2215.03100", "2014-09-30": "2212.96600", "2014-06-30": "2112.43800", "2014-03-31": "1613.99200", "2013-12-31": "1534.55300", "2013-09-30": "1591.86300", "2013-06-30": "1616.65100", "2013-03-31": "1827.22400", "2012-12-31": "1835.28400", "2012-09-30": "1869.07100", "2012-06-30": "1414.52000", "2012-03-31": "1646.21400", "2011-12-31": "697.10100", "2011-09-30": "711.95000", "2011-06-30": "711.21000", "2011-03-31": "463.34500", "2010-12-31": "492.60600", "2010-09-30": "2989.42800", "2010-06-30": "497.00200", "2010-03-31": "490.51600", "2009-12-31": "491.13000", "2009-09-30": "1428.27800", "2009-06-30": "410.11600", "2009-03-31": "529.30700", "2008-12-31": "500.78800", "2008-09-30": "2552.11000", "2008-06-30": "653.59500", "2008-03-31": "672.70200", "2007-12-31": "480.12500", "2007-09-30": "468.78900", "2007-06-30": "908.39700", "2007-03-31": "837.48300", "2006-12-31": "763.74100", "2006-09-30": "490.19600", "2006-06-30": "821.46800", "2006-03-31": "808.48500", "2005-12-31": "540.16100", "2005-09-30": "382.27300", "2005-06-30": "162.13200", "2005-03-31": "179.23500"}, "Total Liabilities": {"2020-12-31": "", "2020-09-30": "40306.00000", "2020-06-30": "37667.00000", "2020-03-31": "42975.00000", "2019-12-31": "33251.00000", "2019-09-30": "32187.00000", "2019-06-30": "32113.00000", "2019-03-31": "31741.00000", "2018-12-31": "32319.00000", "2018-09-30": "30961.00000", "2018-06-30": "30114.06000", "2018-03-31": "29988.65000", "2017-12-31": "30281.94000", "2017-09-30": "29190.11000", "2017-06-30": "27932.68000", "2017-03-31": "27600.51000", "2016-12-31": "26464.79000", "2016-09-30": "26424.00000", "2016-06-30": "23849.30000", "2016-03-31": "22875.97000", "2015-12-31": "21986.68000", "2015-09-30": "21681.93000", "2015-06-30": "20062.13000", "2015-03-31": "20316.03000", "2014-12-31": "19695.11000", "2014-09-30": "18892.40000", "2014-06-30": "18757.11000", "2014-03-31": "18660.54000", "2013-12-31": "17798.91000", "2013-09-30": "19187.79000", "2013-06-30": "18339.05000", "2013-03-31": "18823.26000", "2012-12-31": "18466.39000", "2012-09-30": "17479.98000", "2012-06-30": "17588.85000", "2012-03-31": "15859.50000", "2011-12-31": "14928.61000", "2011-09-30": "15095.15000", "2011-06-30": "13251.87000", "2011-03-31": "12464.77000", "2010-12-31": "12131.91000", "2010-09-30": "15286.21000", "2010-06-30": "12414.26000", "2010-03-31": "12881.33000", "2009-12-31": "12375.91000", "2009-09-30": "15993.59000", "2009-06-30": "15868.72000", "2009-03-31": "16221.22000", "2008-12-31": "16416.90000", "2008-09-30": "18825.71000", "2008-06-30": "16431.81000", "2008-03-31": "16309.60000", "2007-12-31": "15292.04000", "2007-09-30": "14496.35000", "2007-06-30": "13991.04000", "2007-03-31": "12563.66000", "2006-12-31": "10747.28000", "2006-09-30": "10052.78000", "2006-06-30": "9347.23200", "2006-03-31": "8692.48200", "2005-12-31": "7814.60100", "2005-09-30": "7127.43300", "2005-06-30": "6661.66800", "2005-03-31": "6730.77200"}, "Common Stock Net": {"2020-12-31": "", "2020-09-30": "2.00000", "2020-06-30": "2.00000", "2020-03-31": "2.00000", "2019-12-31": "2.00000", "2019-09-30": "2.00000", "2019-06-30": "2.00000", "2019-03-31": "2.00000", "2018-12-31": "2.00000", "2018-09-30": "2.00000", "2018-06-30": "1.56100", "2018-03-31": "1.55900", "2017-12-31": "1.55500", "2017-09-30": "1.54200", "2017-06-30": "1.54000", "2017-03-31": "1.53600", "2016-12-31": "1.53000", "2016-09-30": "1.51300", "2016-06-30": "1.51100", "2016-03-31": "1.50700", "2015-12-31": "1.50100", "2015-09-30": "1.49100", "2015-06-30": "1.48900", "2015-03-31": "1.47600", "2014-12-31": "1.46900", "2014-09-30": "1.44400", "2014-06-30": "1.44200", "2014-03-31": "1.43900", "2013-12-31": "1.43600", "2013-09-30": "1.42900", "2013-06-30": "1.42700", "2013-03-31": "1.42400", "2012-12-31": "1.41700", "2012-09-30": "1.40400", "2012-06-30": "1.39900", "2012-03-31": "1.39600", "2011-12-31": "1.28000", "2011-09-30": "1.27100", "2011-06-30": "1.26700", "2011-03-31": "1.26400", "2010-12-31": "1.25400", "2010-09-30": "1.24400", "2010-06-30": "1.23400", "2010-03-31": "1.23000", "2009-12-31": "1.22900", "2009-09-30": "1.22700", "2009-06-30": "1.22200", "2009-03-31": "1.22000", "2008-12-31": "1.21000", "2008-09-30": "1.20200", "2008-06-30": "1.19700", "2008-03-31": "1.19300", "2007-12-31": "1.18400", "2007-09-30": "1.17600", "2007-06-30": "1.17300", "2007-03-31": "1.16900", "2006-12-31": "1.16000", "2006-09-30": "1.15000", "2006-06-30": "1.17300", "2006-03-31": "1.16900", "2005-12-31": "0.77400", "2005-09-30": "0.76500", "2005-06-30": "0.76400", "2005-03-31": "0.76200"}, "Retained Earnings (Accumulated Deficit)": {"2020-12-31": "", "2020-09-30": "6484.00000", "2020-06-30": "6326.00000", "2020-03-31": "6205.00000", "2019-12-31": "6086.00000", "2019-09-30": "5874.00000", "2019-06-30": "5659.00000", "2019-03-31": "5448.00000", "2018-12-31": "5236.00000", "2018-09-30": "5032.00000", "2018-06-30": "4814.60300", "2018-03-31": "4626.06400", "2017-12-31": "4420.36800", "2017-09-30": "4340.05400", "2017-06-30": "4178.88300", "2017-03-31": "4027.92700", "2016-12-31": "3947.07400", "2016-09-30": "3834.78100", "2016-06-30": "3689.24400", "2016-03-31": "3592.75300", "2015-12-31": "3495.51300", "2015-09-30": "3419.71900", "2015-06-30": "3316.40000", "2015-03-31": "3211.08300", "2014-12-31": "3123.49800", "2014-09-30": "3023.84500", "2014-06-30": "2910.16500", "2014-03-31": "2810.19000", "2013-12-31": "2728.17500", "2013-09-30": "2635.02600", "2013-06-30": "2537.25200", "2013-03-31": "2472.96000", "2012-12-31": "2412.56100", "2012-09-30": "2346.56300", "2012-06-30": "2281.40700", "2012-03-31": "2222.85700", "2011-12-31": "2171.90700", "2011-09-30": "2125.81800", "2011-06-30": "2074.31500", "2011-03-31": "2044.00700", "2010-12-31": "1979.57200", "2010-09-30": "1909.86500", "2010-06-30": "1854.61000", "2010-03-31": "1807.72600", "2009-12-31": "1766.80800", "2009-09-30": "1737.59100", "2009-06-30": "1708.47500", "2009-03-31": "1679.63300", "2008-12-31": "1687.39000", "2008-09-30": "1639.66200", "2008-06-30": "1603.47800", "2008-03-31": "1546.77500", "2007-12-31": "1500.62000", "2007-09-30": "1461.89800", "2007-06-30": "1409.49800", "2007-03-31": "1353.75800", "2006-12-31": "1306.01600", "2006-09-30": "1258.44600", "2006-06-30": "1217.24700", "2006-03-31": "1169.94300", "2005-12-31": "1117.85800", "2005-09-30": "1082.06300", "2005-06-30": "1043.95600", "2005-03-31": "1019.19200"}, "Comprehensive Income": {"2020-12-31": "", "2020-09-30": "11.00000", "2020-06-30": "1.00000", "2020-03-31": "-11.00000", "2019-12-31": "-5.00000", "2019-09-30": "-23.00000", "2019-06-30": "-14.00000", "2019-03-31": "-25.00000", "2018-12-31": "-39.00000", "2018-09-30": "-27.00000", "2018-06-30": "-26.59300", "2018-03-31": "-22.52300", "2017-12-31": "-20.45400", "2017-09-30": "-15.19900", "2017-06-30": "-22.01000", "2017-03-31": "-27.43400", "2016-12-31": "-33.14000", "2016-09-30": "-55.73300", "2016-06-30": "-55.87500", "2016-03-31": "-50.30000", "2015-12-31": "-50.64400", "2015-09-30": "-40.50300", "2015-06-30": "-23.29200", "2015-03-31": "-22.79500", "2014-12-31": "-8.35200", "2014-09-30": "-1.88800", "2014-06-30": "6.91800", "2014-03-31": "-1.23400", "2013-12-31": "5.54500", "2013-09-30": "10.72600", "2013-06-30": "7.03900", "2013-03-31": "14.51400", "2012-12-31": "15.89900", "2012-09-30": "9.44700", "2012-06-30": "-4.99600", "2012-03-31": "3.31500", "2011-12-31": "-10.44600", "2011-09-30": "-9.60500", "2011-06-30": "10.90300", "2011-03-31": "9.93100", "2010-12-31": "4.20400", "2010-09-30": "-6.19700", "2010-06-30": "-17.56500", "2010-03-31": "-16.01400", "2009-12-31": "-25.60700", "2009-09-30": "-41.80300", "2009-06-30": "-67.17400", "2009-03-31": "-95.03900", "2008-12-31": "-107.17300", "2008-09-30": "-33.97600", "2008-06-30": "-8.69500", "2008-03-31": "-11.40300", "2007-12-31": "29.36400", "2007-09-30": "30.19100", "2007-06-30": "19.10300", "2007-03-31": "10.86700", "2006-12-31": "9.42200", "2006-09-30": "12.09500", "2006-06-30": "10.93600", "2006-03-31": "8.21000", "2005-12-31": "9.50900", "2005-09-30": "9.63200", "2005-06-30": "5.23100", "2005-03-31": "6.09500"}, "Other Share Holders Equity": {"2020-12-31": "", "2020-09-30": "", "2020-06-30": "", "2020-03-31": "", "2019-12-31": "", "2019-09-30": "", "2019-06-30": "", "2019-03-31": "", "2018-12-31": "", "2018-09-30": "", "2018-06-30": "", "2018-03-31": "", "2017-12-31": "", "2017-09-30": "", "2017-06-30": "", "2017-03-31": "", "2016-12-31": "", "2016-09-30": "", "2016-06-30": "", "2016-03-31": "", "2015-12-31": "", "2015-09-30": "", "2015-06-30": "", "2015-03-31": "", "2014-12-31": "", "2014-09-30": "", "2014-06-30": "", "2014-03-31": "", "2013-12-31": "", "2013-09-30": "", "2013-06-30": "", "2013-03-31": "", "2012-12-31": "", "2012-09-30": "", "2012-06-30": "", "2012-03-31": "", "2011-12-31": "", "2011-09-30": "", "2011-06-30": "", "2011-03-31": "", "2010-12-31": "", "2010-09-30": "", "2010-06-30": "", "2010-03-31": "", "2009-12-31": "", "2009-09-30": "", "2009-06-30": "", "2009-03-31": "", "2008-12-31": "", "2008-09-30": "", "2008-06-30": "", "2008-03-31": "", "2007-12-31": "", "2007-09-30": "", "2007-06-30": "", "2007-03-31": "", "2006-12-31": "", "2006-09-30": "", "2006-06-30": "", "2006-03-31": "", "2005-12-31": "", "2005-09-30": "", "2005-06-30": "", "2005-03-31": ""}, "Share Holder Equity": {"2020-12-31": "", "2020-09-30": "7176.00000", "2020-06-30": "7015.00000", "2020-03-31": "6834.00000", "2019-12-31": "6903.00000", "2019-09-30": "6643.00000", "2019-06-30": "6564.00000", "2019-03-31": "6435.00000", "2018-12-31": "6225.00000", "2018-09-30": "6452.00000", "2018-06-30": "6250.05100", "2018-03-31": "6042.22200", "2017-12-31": "5802.95500", "2017-09-30": "5693.35100", "2017-06-30": "5500.75000", "2017-03-31": "5328.21700", "2016-12-31": "5204.60100", "2016-09-30": "5062.97600", "2016-06-30": "4994.13000", "2016-03-31": "4877.23900", "2015-12-31": "4920.64300", "2015-09-30": "4786.09800", "2015-06-30": "4746.28900", "2015-03-31": "4651.91000", "2014-12-31": "4558.13400", "2014-09-30": "4433.25600", "2014-06-30": "4313.17800", "2014-03-31": "4208.36100", "2013-12-31": "4125.58800", "2013-09-30": "3998.33700", "2013-06-30": "3875.14200", "2013-03-31": "3911.88400", "2012-12-31": "3809.58200", "2012-09-30": "3680.28200", "2012-06-30": "3581.70900", "2012-03-31": "3415.87100", "2011-12-31": "2962.95400", "2011-09-30": "2911.84500", "2011-06-30": "2865.23900", "2011-03-31": "2819.40800", "2010-12-31": "2717.93300", "2010-09-30": "2596.86800", "2010-06-30": "2465.92000", "2010-03-31": "2395.81600", "2009-12-31": "2316.08900", "2009-09-30": "2233.13900", "2009-06-30": "1962.10800", "2009-03-31": "1896.32900", "2008-12-31": "1865.41900", "2008-09-30": "1883.90500", "2008-06-30": "1847.37800", "2008-03-31": "1772.26900", "2007-12-31": "1805.68300", "2007-09-30": "1757.81400", "2007-06-30": "1680.16400", "2007-03-31": "1601.70600", "2006-12-31": "1528.89700", "2006-09-30": "1463.86900", "2006-06-30": "1443.53600", "2006-03-31": "1379.72200", "2005-12-31": "1316.21000", "2005-09-30": "1241.82300", "2005-06-30": "1192.50900", "2005-03-31": "1160.38200"}, "Total Liabilities And Share Holders Equity": {"2020-12-31": "", "2020-09-30": "47482.00000", "2020-06-30": "44682.00000", "2020-03-31": "49809.00000", "2019-12-31": "40154.00000", "2019-09-30": "38830.00000", "2019-06-30": "38677.00000", "2019-03-31": "38176.00000", "2018-12-31": "38544.00000", "2018-09-30": "37413.00000", "2018-06-30": "36364.11000", "2018-03-31": "36030.87000", "2017-12-31": "36084.90000", "2017-09-30": "34883.46000", "2017-06-30": "33433.43000", "2017-03-31": "32928.73000", "2016-12-31": "31669.39000", "2016-09-30": "31486.98000", "2016-06-30": "28843.43000", "2016-03-31": "27753.21000", "2015-12-31": "26907.33000", "2015-09-30": "26468.03000", "2015-06-30": "24808.42000", "2015-03-31": "24967.94000", "2014-12-31": "24253.25000", "2014-09-30": "23325.65000", "2014-06-30": "23070.29000", "2014-03-31": "22868.90000", "2013-12-31": "21924.49000", "2013-09-30": "23186.12000", "2013-06-30": "22214.19000", "2013-03-31": "22735.14000", "2012-12-31": "22275.97000", "2012-09-30": "21160.27000", "2012-06-30": "21170.55000", "2012-03-31": "19275.38000", "2011-12-31": "17891.57000", "2011-09-30": "18006.99000", "2011-06-30": "16117.11000", "2011-03-31": "15284.18000", "2010-12-31": "14849.84000", "2010-09-30": "17883.08000", "2010-06-30": "14880.18000", "2010-03-31": "15277.15000", "2009-12-31": "14692.00000", "2009-09-30": "18226.73000", "2009-06-30": "17830.83000", "2009-03-31": "18117.54000", "2008-12-31": "18282.32000", "2008-09-30": "20709.62000", "2008-06-30": "18279.19000", "2008-03-31": "18081.87000", "2007-12-31": "17097.72000", "2007-09-30": "16254.17000", "2007-06-30": "15671.20000", "2007-03-31": "14165.37000", "2006-12-31": "12276.18000", "2006-09-30": "11516.65000", "2006-06-30": "10790.77000", "2006-03-31": "10072.20000", "2005-12-31": "9130.81100", "2005-09-30": "8369.25600", "2005-06-30": "7854.17700", "2005-03-31": "7891.15400"}}, "cash flow statement": {"Net Income/Loss": {"2020-09-30": "818.00000", "2019-09-30": "1034.00000", "2018-09-30": "857.00000", "2017-09-30": "636.00000", "2016-09-30": "529.35000", "2015-09-30": "502.14000", "2014-09-30": "480.24800", "2013-09-30": "367.15400", "2012-09-30": "295.86900", "2011-09-30": "278.35300", "2010-09-30": "228.28300", "2009-09-30": "152.75000", "2008-09-30": "235.07800", "2007-09-30": "250.43000", "2006-09-30": "214.34200", "2005-09-30": "151.04600"}, "Total Depreciation And Amortization - Cash Flow": {"2020-09-30": "176.00000", "2019-09-30": "126.00000", "2018-09-30": "120.00000", "2017-09-30": "41.00000", "2016-09-30": "47.37300", "2015-09-30": "25.77100", "2014-09-30": "41.35900", "2013-09-30": "-14.27200", "2012-09-30": "15.98300", "2011-09-30": "27.33600", "2010-09-30": "24.55800", "2009-09-30": "22.70000", "2008-09-30": "10.57800", "2007-09-30": "14.71700", "2006-09-30": "19.36900", "2005-09-30": "16.98700"}, "Other Non-Cash Items": {"2020-09-30": "292.00000", "2019-09-30": "157.00000", "2018-09-30": "239.00000", "2017-09-30": "33.00000", "2016-09-30": "-58.91800", "2015-09-30": "49.82700", "2014-09-30": "21.31800", "2013-09-30": "78.08300", "2012-09-30": "84.16100", "2011-09-30": "75.00100", "2010-09-30": "117.29600", "2009-09-30": "157.86800", "2008-09-30": "134.54700", "2007-09-30": "41.78200", "2006-09-30": "46.30500", "2005-09-30": "45.28100"}, "Total Non-Cash Items": {"2020-09-30": "468.00000", "2019-09-30": "283.00000", "2018-09-30": "359.00000", "2017-09-30": "74.00000", "2016-09-30": "-11.54500", "2015-09-30": "75.59800", "2014-09-30": "62.67700", "2013-09-30": "63.81100", "2012-09-30": "100.14400", "2011-09-30": "102.33700", "2010-09-30": "141.85400", "2009-09-30": "180.56800", "2008-09-30": "145.12500", "2007-09-30": "56.49900", "2006-09-30": "65.67400", "2005-09-30": "62.26800"}, "Change In Accounts Receivable": {"2020-09-30": "127.00000", "2019-09-30": "682.00000", "2018-09-30": "-491.00000", "2017-09-30": "-54.00000", "2016-09-30": "-609.95200", "2015-09-30": "-115.84100", "2014-09-30": "-159.56200", "2013-09-30": "88.16200", "2012-09-30": "144.04700", "2011-09-30": "", "2010-09-30": "142.02800", "2009-09-30": "335.69300", "2008-09-30": "", "2007-09-30": "", "2006-09-30": "", "2005-09-30": ""}, "Change In Inventories": {"2020-09-30": "-5.00000", "2019-09-30": "-283.00000", "2018-09-30": "-240.00000", "2017-09-30": "184.00000", "2016-09-30": "-11.54200", "2015-09-30": "71.58700", "2014-09-30": "160.14000", "2013-09-30": "102.06100", "2012-09-30": "-125.61600", "2011-09-30": "-98.19600", "2010-09-30": "-42.73500", "2009-09-30": "-192.11600", "2008-09-30": "-16.12500", "2007-09-30": "185.71800", "2006-09-30": "-33.69900", "2005-09-30": "-98.61900"}, "Change In Accounts Payable": {"2020-09-30": "", "2019-09-30": "", "2018-09-30": "", "2017-09-30": "", "2016-09-30": "", "2015-09-30": "792.65700", "2014-09-30": "", "2013-09-30": "1307.60700", "2012-09-30": "", "2011-09-30": "", "2010-09-30": "-461.60400", "2009-09-30": "-2091.53700", "2008-09-30": "", "2007-09-30": "34.03100", "2006-09-30": "-99.68300", "2005-09-30": "72.01100"}, "Change In Assets/Liabilities": {"2020-09-30": "2646.00000", "2019-09-30": "-1139.00000", "2018-09-30": "399.00000", "2017-09-30": "-1000.00000", "2016-09-30": "-469.62900", "2015-09-30": "-433.12800", "2014-09-30": "-71.25910", "2013-09-30": "-1301.00300", "2012-09-30": "-23.15500", "2011-09-30": "1275.94700", "2010-09-30": "-1038.91800", "2009-09-30": "1963.78300", "2008-09-30": "-136.90900", "2007-09-30": "-50.28910", "2006-09-30": "-151.05200", "2005-09-30": "133.50700"}, "Total Change In Assets/Liabilities": {"2020-09-30": "2768.00000", "2019-09-30": "-740.00000", "2018-09-30": "-332.00000", "2017-09-30": "-870.00000", "2016-09-30": "-1091.12300", "2015-09-30": "315.27500", "2014-09-30": "-70.68110", "2013-09-30": "196.82700", "2012-09-30": "-4.72400", "2011-09-30": "1177.75100", "2010-09-30": "-1401.22900", "2009-09-30": "15.82290", "2008-09-30": "-153.03400", "2007-09-30": "141.94390", "2006-09-30": "-281.75300", "2005-09-30": "106.20200"}, "Cash Flow From Operating Activities": {"2020-09-30": "4054.00000", "2019-09-30": "577.00000", "2018-09-30": "884.00000", "2017-09-30": "-125.00000", "2016-09-30": "-573.31800", "2015-09-30": "898.69400", "2014-09-30": "507.58700", "2013-09-30": "659.80500", "2012-09-30": "391.28900", "2011-09-30": "1558.44100", "2010-09-30": "-1021.39300", "2009-09-30": "374.15900", "2008-09-30": "227.16900", "2007-09-30": "448.87300", "2006-09-30": "-1.73700", "2005-09-30": "319.51600"}, "Net Change In Property, Plant, And Equipment": {"2020-09-30": "-124.00000", "2019-09-30": "-138.00000", "2018-09-30": "-134.00000", "2017-09-30": "-190.00000", "2016-09-30": "-121.73300", "2015-09-30": "-74.11100", "2014-09-30": "-60.14900", "2013-09-30": "-72.87900", "2012-09-30": "-77.51500", "2011-09-30": "-37.20000", "2010-09-30": "-22.28700", "2009-09-30": "-35.53900", "2008-09-30": "-51.04300", "2007-09-30": "-46.08100", "2006-09-30": "-27.28000", "2005-09-30": "-30.15400"}, "Net Change In Intangible Assets": {"2020-09-30": "", "2019-09-30": "", "2018-09-30": "", "2017-09-30": "", "2016-09-30": "", "2015-09-30": "", "2014-09-30": "", "2013-09-30": "", "2012-09-30": "", "2011-09-30": "", "2010-09-30": "", "2009-09-30": "", "2008-09-30": "", "2007-09-30": "", "2006-09-30": "", "2005-09-30": ""}, "Net Acquisitions/Divestitures": {"2020-09-30": "-5.00000", "2019-09-30": "-5.00000", "2018-09-30": "-159.00000", "2017-09-30": "", "2016-09-30": "-175.28300", "2015-09-30": "-15.82300", "2014-09-30": "-2.00700", "2013-09-30": "", "2012-09-30": "-1073.62100", "2011-09-30": "-6.35400", "2010-09-30": "", "2009-09-30": "", "2008-09-30": "", "2007-09-30": "3.51400", "2006-09-30": "", "2005-09-30": ""}, "Net Change In Short-term Investments": {"2020-09-30": "", "2019-09-30": "", "2018-09-30": "", "2017-09-30": "", "2016-09-30": "", "2015-09-30": "", "2014-09-30": "", "2013-09-30": "", "2012-09-30": "", "2011-09-30": "", "2010-09-30": "", "2009-09-30": "", "2008-09-30": "", "2007-09-30": "", "2006-09-30": "", "2005-09-30": ""}, "Net Change In Long-Term Investments": {"2020-09-30": "-4300.00000", "2019-09-30": "-383.00000", "2018-09-30": "-584.00000", "2017-09-30": "-1340.00000", "2016-09-30": "-356.17900", "2015-09-30": "57.61100", "2014-09-30": "195.87100", "2013-09-30": "289.26200", "2012-09-30": "-159.69700", "2011-09-30": "-81.78300", "2010-09-30": "2086.41300", "2009-09-30": "-1387.85600", "2008-09-30": "54.02300", "2007-09-30": "-825.53500", "2006-09-30": "-708.99890", "2005-09-30": "-55.58200"}, "Net Change In Investments - Total": {"2020-09-30": "-4300.00000", "2019-09-30": "-383.00000", "2018-09-30": "-584.00000", "2017-09-30": "-1340.00000", "2016-09-30": "-356.17900", "2015-09-30": "57.61100", "2014-09-30": "195.87100", "2013-09-30": "289.26200", "2012-09-30": "-159.69700", "2011-09-30": "-81.78300", "2010-09-30": "2086.41300", "2009-09-30": "-1387.85600", "2008-09-30": "54.02300", "2007-09-30": "-825.53500", "2006-09-30": "-708.99890", "2005-09-30": "-55.58200"}, "Investing Activities - Other": {"2020-09-30": "-556.00000", "2019-09-30": "-1371.00000", "2018-09-30": "-2599.00000", "2017-09-30": "-1846.00000", "2016-09-30": "-2264.70800", "2015-09-30": "-2144.28700", "2014-09-30": "-2230.47900", "2013-09-30": "-868.35700", "2012-09-30": "-1420.38200", "2011-09-30": "-274.80600", "2010-09-30": "302.09500", "2009-09-30": "397.31100", "2008-09-30": "-2879.11000", "2007-09-30": "-2120.10200", "2006-09-30": "-1306.63300", "2005-09-30": "-358.29000"}, "Cash Flow From Investing Activities": {"2020-09-30": "-4985.00000", "2019-09-30": "-1897.00000", "2018-09-30": "-3476.00000", "2017-09-30": "-3376.00000", "2016-09-30": "-2917.90300", "2015-09-30": "-2176.61000", "2014-09-30": "-2096.76400", "2013-09-30": "-651.97400", "2012-09-30": "-2731.21500", "2011-09-30": "-400.14300", "2010-09-30": "2366.22100", "2009-09-30": "-1026.08400", "2008-09-30": "-2876.13000", "2007-09-30": "-2988.20400", "2006-09-30": "-2042.91200", "2005-09-30": "-444.02600"}, "Net Long-Term Debt": {"2020-09-30": "489.00000", "2019-09-30": "-5.00000", "2018-09-30": "-5.00000", "2017-09-30": "153.00000", "2016-09-30": "562.81400", "2015-09-30": "41.04700", "2014-09-30": "474.51700", "2013-09-30": "-152.51000", "2012-09-30": "682.74990", "2011-09-30": "-2335.50500", "2010-09-30": "1556.93000", "2009-09-30": "-894.31700", "2008-09-30": "2075.66900", "2007-09-30": "-48.46700", "2006-09-30": "44.04300", "2005-09-30": "81.32500"}, "Net Current Debt": {"2020-09-30": "", "2019-09-30": "", "2018-09-30": "-610.00000", "2017-09-30": "610.00000", "2016-09-30": "-115.00000", "2015-09-30": "-34.70000", "2014-09-30": "70.62400", "2013-09-30": "79.07600", "2012-09-30": "", "2011-09-30": "", "2010-09-30": "", "2009-09-30": "", "2008-09-30": "", "2007-09-30": "", "2006-09-30": "", "2005-09-30": ""}, "Debt Issuance/Retirement Net - Total": {"2020-09-30": "489.00000", "2019-09-30": "-5.00000", "2018-09-30": "-615.00000", "2017-09-30": "763.00000", "2016-09-30": "447.81400", "2015-09-30": "6.34700", "2014-09-30": "545.14100", "2013-09-30": "-73.43400", "2012-09-30": "682.74990", "2011-09-30": "-2335.50500", "2010-09-30": "1556.93000", "2009-09-30": "-894.31700", "2008-09-30": "2075.66900", "2007-09-30": "-48.46700", "2006-09-30": "44.04300", "2005-09-30": "81.32500"}, "Net Common Equity Issued/Repurchased": {"2020-09-30": "-210.00000", "2019-09-30": "-713.00000", "2018-09-30": "1.00000", "2017-09-30": "23.00000", "2016-09-30": "-119.17100", "2015-09-30": "-40.57800", "2014-09-30": "25.20600", "2013-09-30": "43.72600", "2012-09-30": "371.75700", "2011-09-30": "24.27200", "2010-09-30": "16.38000", "2009-09-30": "20.68300", "2008-09-30": "-34.64900", "2007-09-30": "37.49800", "2006-09-30": "28.02000", "2005-09-30": "22.95100"}, "Net Total Equity Issued/Repurchased": {"2020-09-30": "-210.00000", "2019-09-30": "-713.00000", "2018-09-30": "1.00000", "2017-09-30": "23.00000", "2016-09-30": "-119.17100", "2015-09-30": "-40.57800", "2014-09-30": "25.20600", "2013-09-30": "43.72600", "2012-09-30": "371.75700", "2011-09-30": "24.27200", "2010-09-30": "16.38000", "2009-09-30": "20.68300", "2008-09-30": "-34.64900", "2007-09-30": "37.49800", "2006-09-30": "28.02000", "2005-09-30": "22.95100"}, "Total Common And Preferred Stock Dividends Paid": {"2020-09-30": "-205.00000", "2019-09-30": "-191.00000", "2018-09-30": "-151.00000", "2017-09-30": "-127.00000", "2016-09-30": "-113.43500", "2015-09-30": "-103.14300", "2014-09-30": "-88.10200", "2013-09-30": "-76.59300", "2012-09-30": "-68.78200", "2011-09-30": "-63.09000", "2010-09-30": "-56.00900", "2009-09-30": "-54.14000", "2008-09-30": "-53.15100", "2007-09-30": "-48.48800", "2006-09-30": "-37.57000", "2005-09-30": "-26.30000"}, "Financial Activities - Other": {"2020-09-30": "4519.00000", "2019-09-30": "2282.00000", "2018-09-30": "2185.00000", "2017-09-30": "3406.00000", "2016-09-30": "2325.27100", "2015-09-30": "1867.41700", "2014-09-30": "741.71600", "2013-09-30": "721.73300", "2012-09-30": "893.55000", "2011-09-30": "694.93900", "2010-09-30": "-2229.47900", "2009-09-30": "685.95800", "2008-09-30": "3224.84300", "2007-09-30": "2844.58000", "2006-09-30": "1802.89900", "2005-09-30": "330.82500"}, "Cash Flow From Financial Activities": {"2020-09-30": "4593.00000", "2019-09-30": "1373.00000", "2018-09-30": "1420.00000", "2017-09-30": "4065.00000", "2016-09-30": "2540.47900", "2015-09-30": "1730.04300", "2014-09-30": "1223.96100", "2013-09-30": "615.43200", "2012-09-30": "1879.27500", "2011-09-30": "-1679.38400", "2010-09-30": "-712.17800", "2009-09-30": "-241.81600", "2008-09-30": "5212.71200", "2007-09-30": "2785.12300", "2006-09-30": "1837.39200", "2005-09-30": "408.80100"}, "Net Cash Flow": {"2020-09-30": "3663.00000", "2019-09-30": "30.00000", "2018-09-30": "-1205.00000", "2017-09-30": "611.00000", "2016-09-30": "-950.55400", "2015-09-30": "401.94300", "2014-09-30": "-397.55300", "2013-09-30": "616.59600", "2012-09-30": "-459.67500", "2011-09-30": "-503.54400", "2010-09-30": "637.15400", "2009-09-30": "-901.40800", "2008-09-30": "2562.55000", "2007-09-30": "252.52500", "2006-09-30": "-205.05500", "2005-09-30": "309.93800"}, "Stock-Based Compensation": {"2020-09-30": "120.00000", "2019-09-30": "112.00000", "2018-09-30": "99.00000", "2017-09-30": "109.00000", "2016-09-30": "78.52800", "2015-09-30": "71.48800", "2014-09-30": "69.60900", "2013-09-30": "61.86200", "2012-09-30": "55.72900", "2011-09-30": "40.97800", "2010-09-30": "41.84500", "2009-09-30": "31.74600", "2008-09-30": "42.12700", "2007-09-30": "36.56300", "2006-09-30": "29.82000", "2005-09-30": "17.03100"}, "Common Stock Dividends Paid": {"2020-09-30": "-205.00000", "2019-09-30": "-191.00000", "2018-09-30": "-151.00000", "2017-09-30": "-127.00000", "2016-09-30": "-113.43500", "2015-09-30": "-103.14300", "2014-09-30": "-88.10200", "2013-09-30": "-76.59300", "2012-09-30": "-68.78200", "2011-09-30": "-63.09000", "2010-09-30": "-56.00900", "2009-09-30": "-54.14000", "2008-09-30": "-53.15100", "2007-09-30": "-48.48800", "2006-09-30": "-37.57000", "2005-09-30": "-26.30000"}}, "cash flow statement, quarterly": {"Net Income/Loss": {"2020-12-31": "0.00000", "2020-09-30": 209, "2020-06-30": 172, "2020-03-31": 169, "2019-12-31": "268.00000", "2019-09-30": 265, "2019-06-30": 259, "2019-03-31": 261, "2018-12-31": "249.00000", "2018-09-30": 263, "2018-06-30": 232, "2018-03-31": 243, "2017-12-31": "119.00000", "2017-09-30": 193.254, "2017-06-30": 183.424, "2017-03-31": 112.755, "2016-12-31": "146.56700", "2016-09-30": 171.67, "2016-06-30": 125.504, "2016-03-31": 125.847, "2015-12-31": "106.32900", "2015-09-30": 129.186, "2015-06-30": 133.195, "2015-03-31": 113.463, "2014-12-31": "126.29600", "2014-09-30": 136.366, "2014-06-30": 122.689, "2014-03-31": 104.56, "2013-12-31": "116.63300", "2013-09-30": 117.458, "2013-06-30": 83.862, "2013-03-31": 79.96, "2012-12-31": "85.87400", "2012-09-30": 83.325, "2012-06-30": 76.35, "2012-03-31": 68.869, "2011-12-31": "67.32500", "2011-09-30": 68.927, "2011-06-30": 46.786, "2011-03-31": 80.917, "2010-12-31": "81.72300", "2010-09-30": 69.065, "2010-06-30": 60.687, "2010-03-31": 55.628, "2009-12-31": "42.90300", "2009-09-30": 42.969, "2009-06-30": 42.595, "2009-03-31": 11.1, "2008-12-31": "56.08600", "2008-09-30": 49.108, "2008-06-30": 69.938, "2008-03-31": 59.79, "2007-12-31": "56.24200", "2007-09-30": 62.967, "2007-06-30": 68.353, "2007-03-31": 59.715, "2006-12-31": "59.39500", "2006-09-30": 50.928, "2006-06-30": 56.774, "2006-03-31": 61.531, "2005-12-31": "45.10900", "2005-09-30": 44.724, "2005-06-30": 32.382, "2005-03-31": 73.94}, "Total Depreciation And Amortization - Cash Flow": {"2020-12-31": "", "2020-09-30": 35, "2020-06-30": 40, "2020-03-31": 63, "2019-12-31": "38.00000", "2019-09-30": 31, "2019-06-30": 35, "2019-03-31": 31, "2018-12-31": "29.00000", "2018-09-30": 45, "2018-06-30": 43, "2018-03-31": 9, "2017-12-31": "23.00000", "2017-09-30": 2.319, "2017-06-30": 16.698, "2017-03-31": 12.227, "2016-12-31": "9.75600", "2016-09-30": 11.693, "2016-06-30": 3.88, "2016-03-31": 11.304, "2015-12-31": "20.49600", "2015-09-30": 17.364, "2015-06-30": -4.244, "2015-03-31": 3.028, "2014-12-31": "9.62300", "2014-09-30": 14.934, "2014-06-30": 11.892, "2014-03-31": 4.588, "2013-12-31": "9.94500", "2013-09-30": 17.377, "2013-06-30": 5.882, "2013-03-31": -49.448, "2012-12-31": "11.91700", "2012-09-30": -0.874, "2012-06-30": 10.229, "2012-03-31": -1.951, "2011-12-31": "8.57900", "2011-09-30": 8.764, "2011-06-30": 0.439, "2011-03-31": 9.043, "2010-12-31": "9.09000", "2010-09-30": 8.409, "2010-06-30": 4.762, "2010-03-31": -0.731, "2009-12-31": "12.11800", "2009-09-30": 7.041, "2009-06-30": -0.398, "2009-03-31": 8.953, "2008-12-31": "7.10400", "2008-09-30": 7.628, "2008-06-30": -9.935, "2008-03-31": 8.117, "2007-12-31": "4.76800", "2007-09-30": -2.266, "2007-06-30": 5.852, "2007-03-31": 5.625, "2006-12-31": "5.50600", "2006-09-30": 4.772, "2006-06-30": 5.055, "2006-03-31": 5.005, "2005-12-31": "4.53700", "2005-09-30": 5.943, "2005-06-30": 3.28, "2005-03-31": 7.764}, "Other Non-Cash Items": {"2020-12-31": "", "2020-09-30": -23, "2020-06-30": 75, "2020-03-31": 306, "2019-12-31": "-66.00000", "2019-09-30": 28, "2019-06-30": -5, "2019-03-31": -47, "2018-12-31": "181.00000", "2018-09-30": 116, "2018-06-30": 13, "2018-03-31": 67, "2017-12-31": "43.00000", "2017-09-30": -179.84, "2017-06-30": -22.661, "2017-03-31": 154.963, "2016-12-31": "80.53800", "2016-09-30": -108.715, "2016-06-30": -16.323, "2016-03-31": 12.766, "2015-12-31": "53.35400", "2015-09-30": 5.414, "2015-06-30": 24.392, "2015-03-31": -1.195, "2014-12-31": "21.21600", "2014-09-30": 13.32, "2014-06-30": 7.215, "2014-03-31": -14.98, "2013-12-31": "15.76300", "2013-09-30": -21.095, "2013-06-30": 13.994, "2013-03-31": 55.394, "2012-12-31": "29.79000", "2012-09-30": 31.775, "2012-06-30": 34.449, "2012-03-31": 12.293, "2011-12-31": "5.64400", "2011-09-30": 1.276, "2011-06-30": 49.348, "2011-03-31": 16.55, "2010-12-31": "7.82700", "2010-09-30": 37.106, "2010-06-30": 32.717, "2010-03-31": 22.439, "2009-12-31": "25.03400", "2009-09-30": 8.914, "2009-06-30": 26.634, "2009-03-31": 89.302, "2008-12-31": "33.01800", "2008-09-30": 38.367, "2008-06-30": 49.746, "2008-03-31": 20.581, "2007-12-31": "25.85300", "2007-09-30": 10.267, "2007-06-30": 10.778, "2007-03-31": 5.776, "2006-12-31": "14.96100", "2006-09-30": 16.189, "2006-06-30": 2.073, "2006-03-31": 12.201, "2005-12-31": "15.84200", "2005-09-30": 13.636, "2005-06-30": 8.155, "2005-03-31": 23.49}, "Total Non-Cash Items": {"2020-12-31": "", "2020-09-30": 12, "2020-06-30": 115, "2020-03-31": 369, "2019-12-31": "-28.00000", "2019-09-30": 59, "2019-06-30": 30, "2019-03-31": -16, "2018-12-31": "210.00000", "2018-09-30": 161, "2018-06-30": 56, "2018-03-31": 76, "2017-12-31": "66.00000", "2017-09-30": -177.521, "2017-06-30": -5.963, "2017-03-31": 167.19, "2016-12-31": "90.29400", "2016-09-30": -97.022, "2016-06-30": -12.443, "2016-03-31": 24.07, "2015-12-31": "73.85000", "2015-09-30": 22.778, "2015-06-30": 20.148, "2015-03-31": 1.833, "2014-12-31": "30.83900", "2014-09-30": 28.254, "2014-06-30": 19.107, "2014-03-31": -10.392, "2013-12-31": "25.70800", "2013-09-30": -3.718, "2013-06-30": 19.876, "2013-03-31": 5.946, "2012-12-31": "41.70700", "2012-09-30": 30.901, "2012-06-30": 44.678, "2012-03-31": 10.342, "2011-12-31": "14.22300", "2011-09-30": 10.04, "2011-06-30": 49.787, "2011-03-31": 25.593, "2010-12-31": "16.91700", "2010-09-30": 45.515, "2010-06-30": 37.479, "2010-03-31": 21.708, "2009-12-31": "37.15200", "2009-09-30": 15.955, "2009-06-30": 26.236, "2009-03-31": 98.255, "2008-12-31": "40.12200", "2008-09-30": 45.995, "2008-06-30": 39.811, "2008-03-31": 28.698, "2007-12-31": "30.62100", "2007-09-30": 8.001, "2007-06-30": 16.63, "2007-03-31": 11.401, "2006-12-31": "20.46700", "2006-09-30": 20.961, "2006-06-30": 7.128, "2006-03-31": 17.206, "2005-12-31": "20.37900", "2005-09-30": 19.579, "2005-06-30": 11.435, "2005-03-31": 31.254}, "Change In Accounts Receivable": {"2020-12-31": "", "2020-09-30": 1, "2020-06-30": 329, "2020-03-31": -391, "2019-12-31": "188.00000", "2019-09-30": 3, "2019-06-30": 92, "2019-03-31": 143, "2018-12-31": "444.00000", "2018-09-30": -347, "2018-06-30": -17, "2018-03-31": -127, "2017-12-31": "", "2017-09-30": 14.688, "2017-06-30": -87.154, "2017-03-31": -65.421, "2016-12-31": "83.88700", "2016-09-30": -609.952, "2016-06-30": 136.374, "2016-03-31": -383.372, "2015-12-31": "246.99800", "2015-09-30": -126.661, "2015-06-30": -249.062, "2015-03-31": 259.882, "2014-12-31": "", "2014-09-30": -224.24, "2014-06-30": -15.465, "2014-03-31": 80.143, "2013-12-31": "", "2013-09-30": 58.417, "2013-06-30": 29.745, "2013-03-31": 0, "2012-12-31": "", "2012-09-30": 309.878, "2012-06-30": -165.831, "2012-03-31": 65.497, "2011-12-31": "-65.49700", "2011-09-30": 244.615, "2011-06-30": -87.369, "2011-03-31": -80.689, "2010-12-31": "-76.55700", "2010-09-30": -165.564, "2010-06-30": 410.698, "2010-03-31": -433.135, "2009-12-31": "330.02900", "2009-09-30": -222.675, "2009-06-30": -278.244, "2009-03-31": 81.743, "2008-12-31": "754.86900", "2008-09-30": 83.541, "2008-06-30": -679.055, "2008-03-31": 595.514, "2007-12-31": "", "2007-09-30": 845.413, "2007-06-30": -843.861, "2007-03-31": -122.722, "2006-12-31": "121.17000", "2006-09-30": 0, "2006-06-30": 0, "2006-03-31": 0, "2005-12-31": "", "2005-09-30": 0, "2005-06-30": 0, "2005-03-31": 0}, "Change In Inventories": {"2020-12-31": "", "2020-09-30": -92, "2020-06-30": -161, "2020-03-31": 124, "2019-12-31": "124.00000", "2019-09-30": 11, "2019-06-30": -112, "2019-03-31": -124, "2018-12-31": "-58.00000", "2018-09-30": -157, "2018-06-30": 266, "2018-03-31": -296, "2017-12-31": "-53.00000", "2017-09-30": 313.271, "2017-06-30": -275.882, "2017-03-31": -199.865, "2016-12-31": "346.47600", "2016-09-30": 123.822, "2016-06-30": -22.079, "2016-03-31": -257.625, "2015-12-31": "144.34000", "2015-09-30": -11.298, "2015-06-30": 39.151, "2015-03-31": -125.381, "2014-12-31": "169.11500", "2014-09-30": -82.803, "2014-06-30": 153.906, "2014-03-31": -143.025, "2013-12-31": "232.06200", "2013-09-30": -123.948, "2013-06-30": 150.408, "2013-03-31": 111.69, "2012-12-31": "-36.08900", "2012-09-30": 94.041, "2012-06-30": -270.68, "2012-03-31": 64.627, "2011-12-31": "-13.60400", "2011-09-30": 96.283, "2011-06-30": -63.978, "2011-03-31": -18.497, "2010-12-31": "-112.00400", "2010-09-30": 53.038, "2010-06-30": 124.369, "2010-03-31": -123.843, "2009-12-31": "-96.29900", "2009-09-30": -106.231, "2009-06-30": 95.807, "2009-03-31": -125.982, "2008-12-31": "-55.71000", "2008-09-30": 84.762, "2008-06-30": -109.938, "2008-03-31": -24.286, "2007-12-31": "33.33700", "2007-09-30": 373.889, "2007-06-30": -73.905, "2007-03-31": 94.219, "2006-12-31": "-208.48500", "2006-09-30": 121.182, "2006-06-30": -53.534, "2006-03-31": -31.694, "2005-12-31": "-69.65300", "2005-09-30": -22.235, "2005-06-30": 22.063, "2005-03-31": -98.447}, "Change In Accounts Payable": {"2020-12-31": "", "2020-09-30": -1621, "2020-06-30": -1316, "2020-03-31": 2472, "2019-12-31": "465.00000", "2019-09-30": 1300, "2019-06-30": -212, "2019-03-31": -846, "2018-12-31": "-242.00000", "2018-09-30": 184, "2018-06-30": -954, "2018-03-31": 303, "2017-12-31": "467.00000", "2017-09-30": 678.686, "2017-06-30": -261.348, "2017-03-31": 64.204, "2016-12-31": "-481.54200", "2016-09-30": 48.418, "2016-06-30": -787.066, "2016-03-31": 680.257, "2015-12-31": "58.39100", "2015-09-30": 665.955, "2015-06-30": 74.902, "2015-03-31": 148.771, "2014-12-31": "-96.97100", "2014-09-30": 1984.873, "2014-06-30": -182.172, "2014-03-31": 9.694, "2013-12-31": "-1812.39500", "2013-09-30": 657.918, "2013-06-30": -217.514, "2013-03-31": -91.755, "2012-12-31": "958.95800", "2012-09-30": 84.289, "2012-06-30": -167.311, "2012-03-31": -58.509, "2011-12-31": "141.53100", "2011-09-30": -383.015, "2011-06-30": -7.64, "2011-03-31": 323.875, "2010-12-31": "66.78000", "2010-09-30": 133.469, "2010-06-30": -127.5, "2010-03-31": 151.925, "2009-12-31": "-619.49800", "2009-09-30": -2622.492, "2009-06-30": 445.336, "2009-03-31": 299.84, "2008-12-31": "-214.22100", "2008-09-30": -126.73, "2008-06-30": 120.095, "2008-03-31": -223.695, "2007-12-31": "230.33000", "2007-09-30": -1188.321, "2007-06-30": 743.811, "2007-03-31": 171.82, "2006-12-31": "306.72100", "2006-09-30": -1146.343, "2006-06-30": 219.1891, "2006-03-31": 230.0599, "2005-12-31": "597.41100", "2005-09-30": 223.308, "2005-06-30": -151.82, "2005-03-31": 0.523}, "Change In Assets/Liabilities": {"2020-12-31": "", "2020-09-30": 2894, "2020-06-30": 565, "2020-03-31": -342, "2019-12-31": "-471.00000", "2019-09-30": -929, "2019-06-30": -182, "2019-03-31": 350, "2018-12-31": "-378.00000", "2018-09-30": 578, "2018-06-30": 27, "2018-03-31": -23, "2017-12-31": "-183.00000", "2017-09-30": -2492.336, "2017-06-30": 723.313, "2017-03-31": 147.406, "2016-12-31": "621.61700", "2016-09-30": -159.871, "2016-06-30": 567.841, "2016-03-31": -499.348, "2015-12-31": "-378.25100", "2015-09-30": -229.82, "2015-06-30": 59.99, "2015-03-31": -271.796, "2014-12-31": "8.49800", "2014-09-30": -1807.0151, "2014-06-30": 216.535, "2014-03-31": 56.028, "2013-12-31": "1463.19300", "2013-09-30": -463.359, "2013-06-30": 152.819, "2013-03-31": -174.547, "2012-12-31": "-815.91600", "2012-09-30": -426.932, "2012-06-30": 628.201, "2012-03-31": -59.628, "2011-12-31": "-164.79600", "2011-09-30": 451.453, "2011-06-30": -1.742, "2011-03-31": -411.588, "2010-12-31": "1237.82400", "2010-09-30": -1160.847, "2010-06-30": -459.259, "2010-03-31": 413.99, "2009-12-31": "167.19800", "2009-09-30": 2837.314, "2009-06-30": -100.996, "2009-03-31": -413.053, "2008-12-31": "-359.48200", "2008-09-30": -36.402, "2008-06-30": 603.937, "2008-03-31": -407.713, "2007-12-31": "-296.73100", "2007-09-30": 568.5369, "2007-06-30": -1.3601, "2007-03-31": -55.2049, "2006-12-31": "-562.26100", "2006-09-30": 1023.397, "2006-06-30": -158.64, "2006-03-31": -284.482, "2005-12-31": "-731.32700", "2005-09-30": -224.771, "2005-06-30": 243.473, "2005-03-31": 114.805}, "Total Change In Assets/Liabilities": {"2020-12-31": "", "2020-09-30": 1182, "2020-06-30": -583, "2020-03-31": 1863, "2019-12-31": "306.00000", "2019-09-30": 385, "2019-06-30": -414, "2019-03-31": -477, "2018-12-31": "-234.00000", "2018-09-30": 258, "2018-06-30": -678, "2018-03-31": -143, "2017-12-31": "231.00000", "2017-09-30": -1485.6909, "2017-06-30": 98.9289, "2017-03-31": -53.676, "2016-12-31": "570.43800", "2016-09-30": -597.583, "2016-06-30": -104.93, "2016-03-31": -460.088, "2015-12-31": "71.47800", "2015-09-30": 298.176, "2015-06-30": -75.019, "2015-03-31": 11.476, "2014-12-31": "80.64200", "2014-09-30": -129.185, "2014-06-30": 172.8038, "2014-03-31": 2.8402, "2013-12-31": "-117.14010", "2013-09-30": 129.028, "2013-06-30": 115.458, "2013-03-31": -154.612, "2012-12-31": "106.95300", "2012-09-30": 61.276, "2012-06-30": 24.379, "2012-03-31": 11.987, "2011-12-31": "-102.36600", "2011-09-30": 409.336, "2011-06-30": -160.729, "2011-03-31": -186.899, "2010-12-31": "1116.04300", "2010-09-30": -1139.904, "2010-06-30": -51.692, "2010-03-31": 8.937, "2009-12-31": "-218.57000", "2009-09-30": -114.0841, "2009-06-30": 161.903, "2009-03-31": -209.623, "2008-12-31": "177.62700", "2008-09-30": 5.171, "2008-06-30": -51.2781, "2008-03-31": -96.6739, "2007-12-31": "-10.25300", "2007-09-30": 595.0749, "2007-06-30": -174.6561, "2007-03-31": 53.5332, "2006-12-31": "-332.00810", "2006-09-30": -14.9561, "2006-06-30": 30.1533, "2006-03-31": -101.1873, "2005-12-31": "-195.76290", "2005-09-30": -3.111, "2005-06-30": 110.911, "2005-03-31": -1.598}, "Cash Flow From Operating Activities": {"2020-12-31": "", "2020-09-30": 1399, "2020-06-30": -288, "2020-03-31": 2397, "2019-12-31": "546.00000", "2019-09-30": 678, "2019-06-30": -121, "2019-03-31": -205, "2018-12-31": "225.00000", "2018-09-30": 660, "2018-06-30": -382, "2018-03-31": 184, "2017-12-31": "422.00000", "2017-09-30": -1453.087, "2017-06-30": 292.836, "2017-03-31": 227.952, "2016-12-31": "807.29900", "2016-09-30": -532.885, "2016-06-30": 17.066, "2016-03-31": -305.472, "2015-12-31": "247.97300", "2015-09-30": 433.908, "2015-06-30": 84.1, "2015-03-31": 141.037, "2014-12-31": "239.64900", "2014-09-30": 56.667, "2014-06-30": 317.827, "2014-03-31": 116.577, "2013-12-31": "16.51600", "2013-09-30": 246.628, "2013-06-30": 237.169, "2013-03-31": -61.981, "2012-12-31": "237.98900", "2012-09-30": 175.502, "2012-06-30": 146.717, "2012-03-31": 89.061, "2011-12-31": "-19.99100", "2011-09-30": 468.286, "2011-06-30": -42.822, "2011-03-31": -79.472, "2010-12-31": "1212.44900", "2010-09-30": -1039.797, "2010-06-30": 70.646, "2010-03-31": 86.273, "2009-12-31": "-138.51500", "2009-09-30": -30.142, "2009-06-30": 230.734, "2009-03-31": -100.268, "2008-12-31": "273.83500", "2008-09-30": 100.274, "2008-06-30": 58.471, "2008-03-31": -8.186, "2007-12-31": "76.61000", "2007-09-30": 666.043, "2007-06-30": -89.673, "2007-03-31": 124.649, "2006-12-31": "-252.14600", "2006-09-30": 56.933, "2006-06-30": 94.055, "2006-03-31": -22.45, "2005-12-31": "-130.27500", "2005-09-30": 61.192, "2005-06-30": 154.728, "2005-03-31": 103.596}, "Net Change In Property, Plant, And Equipment": {"2020-12-31": "", "2020-09-30": -27, "2020-06-30": -26, "2020-03-31": -35, "2019-12-31": "-36.00000", "2019-09-30": -36, "2019-06-30": -43, "2019-03-31": -32, "2018-12-31": "-27.00000", "2018-09-30": -38, "2018-06-30": -26, "2018-03-31": -34, "2017-12-31": "-36.00000", "2017-09-30": -37.285, "2017-06-30": -29.663, "2017-03-31": -44.681, "2016-12-31": "-78.37100", "2016-09-30": -35.215, "2016-06-30": -28.338, "2016-03-31": -25.599, "2015-12-31": "-32.58100", "2015-09-30": -22.446, "2015-06-30": -22.022, "2015-03-31": -16.585, "2014-12-31": "-13.05800", "2014-09-30": -16.045, "2014-06-30": -12.784, "2014-03-31": -18.629, "2013-12-31": "-12.69100", "2013-09-30": -7.122, "2013-06-30": -18.824, "2013-03-31": -27.998, "2012-12-31": "-18.93500", "2012-09-30": -23.943, "2012-06-30": -22.39, "2012-03-31": -17.535, "2011-12-31": "-13.64700", "2011-09-30": -9.03, "2011-06-30": -12.196, "2011-03-31": -6.474, "2010-12-31": "-9.50000", "2010-09-30": -4.308, "2010-06-30": -4.735, "2010-03-31": -7.417, "2009-12-31": "-5.82700", "2009-09-30": -6.543, "2009-06-30": -5.886, "2009-03-31": -7.972, "2008-12-31": "-15.13800", "2008-09-30": -15.695, "2008-06-30": -15.689, "2008-03-31": -11.33, "2007-12-31": "-8.32900", "2007-09-30": -16.019, "2007-06-30": -10.133, "2007-03-31": -8.191, "2006-12-31": "-11.73800", "2006-09-30": -4.871, "2006-06-30": -7.588, "2006-03-31": -3.946, "2005-12-31": "-10.87500", "2005-09-30": -11.166, "2005-06-30": -6.381, "2005-03-31": -12.607}, "Net Change In Intangible Assets": {"2020-12-31": "", "2020-09-30": 0, "2020-06-30": 0, "2020-03-31": 0, "2019-12-31": "", "2019-09-30": 0, "2019-06-30": 0, "2019-03-31": 0, "2018-12-31": "", "2018-09-30": 0, "2018-06-30": 0, "2018-03-31": 0, "2017-12-31": "", "2017-09-30": 0, "2017-06-30": 0, "2017-03-31": 0, "2016-12-31": "", "2016-09-30": 0, "2016-06-30": 0, "2016-03-31": 0, "2015-12-31": "", "2015-09-30": 0, "2015-06-30": 0, "2015-03-31": 0, "2014-12-31": "", "2014-09-30": 0, "2014-06-30": 0, "2014-03-31": 0, "2013-12-31": "", "2013-09-30": 0, "2013-06-30": 0, "2013-03-31": 0, "2012-12-31": "", "2012-09-30": 0, "2012-06-30": 0, "2012-03-31": 0, "2011-12-31": "", "2011-09-30": 0, "2011-06-30": 0, "2011-03-31": 0, "2010-12-31": "", "2010-09-30": 0, "2010-06-30": 0, "2010-03-31": 0, "2009-12-31": "", "2009-09-30": 0, "2009-06-30": 0, "2009-03-31": 0, "2008-12-31": "", "2008-09-30": 0, "2008-06-30": 0, "2008-03-31": 0, "2007-12-31": "", "2007-09-30": 0, "2007-06-30": 0, "2007-03-31": 0, "2006-12-31": "", "2006-09-30": 0, "2006-06-30": 0, "2006-03-31": 0, "2005-12-31": "", "2005-09-30": 0, "2005-06-30": 0, "2005-03-31": 0}, "Net Acquisitions/Divestitures": {"2020-12-31": "", "2020-09-30": 0, "2020-06-30": -5, "2020-03-31": 0, "2019-12-31": "", "2019-09-30": 0, "2019-06-30": -5, "2019-03-31": 0, "2018-12-31": "", "2018-09-30": 0, "2018-06-30": -91, "2018-03-31": 91, "2017-12-31": "-159.00000", "2017-09-30": 0, "2017-06-30": 0, "2017-03-31": 0, "2016-12-31": "", "2016-09-30": -175.283, "2016-06-30": 0, "2016-03-31": 0, "2015-12-31": "", "2015-09-30": -33.349, "2015-06-30": 17.526, "2015-03-31": 0, "2014-12-31": "", "2014-09-30": -46.737, "2014-06-30": 46.737, "2014-03-31": -2.007, "2013-12-31": "", "2013-09-30": 6.45, "2013-06-30": 0, "2013-03-31": 0, "2012-12-31": "-6.45000", "2012-09-30": 23.01, "2012-06-30": -1096.961, "2012-03-31": 0.33, "2011-12-31": "", "2011-09-30": 0, "2011-06-30": -6.354, "2011-03-31": 0, "2010-12-31": "", "2010-09-30": 0, "2010-06-30": 0, "2010-03-31": 0, "2009-12-31": "", "2009-09-30": 0, "2009-06-30": 0, "2009-03-31": 0, "2008-12-31": "", "2008-09-30": 0, "2008-06-30": 0, "2008-03-31": 0, "2007-12-31": "", "2007-09-30": 0, "2007-06-30": 0, "2007-03-31": 3.514, "2006-12-31": "", "2006-09-30": 0, "2006-06-30": 0, "2006-03-31": 0, "2005-12-31": "", "2005-09-30": 0, "2005-06-30": 0, "2005-03-31": 0}, "Net Change In Short-term Investments": {"2020-12-31": "", "2020-09-30": 0, "2020-06-30": 0, "2020-03-31": 0, "2019-12-31": "", "2019-09-30": 0, "2019-06-30": 0, "2019-03-31": 0, "2018-12-31": "", "2018-09-30": 0, "2018-06-30": 0, "2018-03-31": 0, "2017-12-31": "", "2017-09-30": 0, "2017-06-30": 0, "2017-03-31": 0, "2016-12-31": "", "2016-09-30": 0, "2016-06-30": 0, "2016-03-31": 0, "2015-12-31": "", "2015-09-30": 0, "2015-06-30": 0, "2015-03-31": 0, "2014-12-31": "", "2014-09-30": 0, "2014-06-30": 0, "2014-03-31": 0, "2013-12-31": "", "2013-09-30": 0, "2013-06-30": 0, "2013-03-31": 0, "2012-12-31": "", "2012-09-30": 0, "2012-06-30": 0, "2012-03-31": 0, "2011-12-31": "", "2011-09-30": 0, "2011-06-30": 0, "2011-03-31": 0, "2010-12-31": "", "2010-09-30": 0, "2010-06-30": 0, "2010-03-31": 0, "2009-12-31": "", "2009-09-30": 0, "2009-06-30": 0, "2009-03-31": 0, "2008-12-31": "", "2008-09-30": 0, "2008-06-30": 0, "2008-03-31": 0, "2007-12-31": "", "2007-09-30": 0, "2007-06-30": 0, "2007-03-31": 0, "2006-12-31": "", "2006-09-30": 0, "2006-06-30": 0, "2006-03-31": 0, "2005-12-31": "", "2005-09-30": 0, "2005-06-30": 0, "2005-03-31": 0}, "Net Change In Long-Term Investments": {"2020-12-31": "", "2020-09-30": -2119, "2020-06-30": -1213, "2020-03-31": -860, "2019-12-31": "-108.00000", "2019-09-30": -150, "2019-06-30": -19, "2019-03-31": -74, "2018-12-31": "-140.00000", "2018-09-30": -45, "2018-06-30": -118, "2018-03-31": -195, "2017-12-31": "-226.00000", "2017-09-30": -179.604, "2017-06-30": -296.975, "2017-03-31": -550.141, "2016-12-31": "-313.28000", "2016-09-30": -273.843, "2016-06-30": 21.72, "2016-03-31": -23.332, "2015-12-31": "-80.72400", "2015-09-30": -74.881, "2015-06-30": 127.071, "2015-03-31": 5.557, "2014-12-31": "-0.13600", "2014-09-30": 83.988, "2014-06-30": 11.141, "2014-03-31": 65.439, "2013-12-31": "35.30300", "2013-09-30": 21.97, "2013-06-30": 262.474, "2013-03-31": -25.014, "2012-12-31": "29.83200", "2012-09-30": -57.317, "2012-06-30": -42.347, "2012-03-31": -119.342, "2011-12-31": "59.30900", "2011-09-30": -226.537, "2011-06-30": 51.748, "2011-03-31": 67.909, "2010-12-31": "25.09700", "2010-09-30": 2.81, "2010-06-30": 25.415, "2010-03-31": 40.046, "2009-12-31": "2018.14200", "2009-09-30": -1687.422, "2009-06-30": 395.932, "2009-03-31": 250.191, "2008-12-31": "-346.55700", "2008-09-30": 7.411, "2008-06-30": 338.523, "2008-03-31": -882.619, "2007-12-31": "590.70800", "2007-09-30": 353.737, "2007-06-30": 128.919, "2007-03-31": -1437.462, "2006-12-31": "129.27100", "2006-09-30": -629.9699, "2006-06-30": 25.725, "2006-03-31": -33.623, "2005-12-31": "-71.13100", "2005-09-30": -79.497, "2005-06-30": -6.524, "2005-03-31": 30.439}, "Net Change In Investments - Total": {"2020-12-31": "", "2020-09-30": -2119, "2020-06-30": -1213, "2020-03-31": -860, "2019-12-31": "-108.00000", "2019-09-30": -150, "2019-06-30": -19, "2019-03-31": -74, "2018-12-31": "-140.00000", "2018-09-30": -45, "2018-06-30": -118, "2018-03-31": -195, "2017-12-31": "-226.00000", "2017-09-30": -179.604, "2017-06-30": -296.975, "2017-03-31": -550.141, "2016-12-31": "-313.28000", "2016-09-30": -273.843, "2016-06-30": 21.72, "2016-03-31": -23.332, "2015-12-31": "-80.72400", "2015-09-30": -74.881, "2015-06-30": 127.071, "2015-03-31": 5.557, "2014-12-31": "-0.13600", "2014-09-30": 83.988, "2014-06-30": 11.141, "2014-03-31": 65.439, "2013-12-31": "35.30300", "2013-09-30": 21.97, "2013-06-30": 262.474, "2013-03-31": -25.014, "2012-12-31": "29.83200", "2012-09-30": -57.317, "2012-06-30": -42.347, "2012-03-31": -119.342, "2011-12-31": "59.30900", "2011-09-30": -226.537, "2011-06-30": 51.748, "2011-03-31": 67.909, "2010-12-31": "25.09700", "2010-09-30": 2.81, "2010-06-30": 25.415, "2010-03-31": 40.046, "2009-12-31": "2018.14200", "2009-09-30": -1687.422, "2009-06-30": 395.932, "2009-03-31": 250.191, "2008-12-31": "-346.55700", "2008-09-30": 7.411, "2008-06-30": 338.523, "2008-03-31": -882.619, "2007-12-31": "590.70800", "2007-09-30": 353.737, "2007-06-30": 128.919, "2007-03-31": -1437.462, "2006-12-31": "129.27100", "2006-09-30": -629.9699, "2006-06-30": 25.725, "2006-03-31": -33.623, "2005-12-31": "-71.13100", "2005-09-30": -79.497, "2005-06-30": -6.524, "2005-03-31": 30.439}, "Investing Activities - Other": {"2020-12-31": "", "2020-09-30": 181, "2020-06-30": 314, "2020-03-31": -693, "2019-12-31": "-358.00000", "2019-09-30": -325, "2019-06-30": -409, "2019-03-31": -271, "2018-12-31": "-366.00000", "2018-09-30": -895, "2018-06-30": -448, "2018-03-31": -603, "2017-12-31": "-653.00000", "2017-09-30": -487.256, "2017-06-30": -460.525, "2017-03-31": -195.1301, "2016-12-31": "-703.08890", "2016-09-30": -377.826, "2016-06-30": -462.639, "2016-03-31": -687.903, "2015-12-31": "-736.34000", "2015-09-30": -1111.529, "2015-06-30": 208.666, "2015-03-31": -489.18, "2014-12-31": "-752.24400", "2014-09-30": -550.542, "2014-06-30": -450.053, "2014-03-31": -701.978, "2013-12-31": "-527.90600", "2013-09-30": -396.948, "2013-06-30": -28.695, "2013-03-31": -55.643, "2012-12-31": "-387.07100", "2012-09-30": -164.364, "2012-06-30": -294.31, "2012-03-31": -471.738, "2011-12-31": "-489.97000", "2011-09-30": -160.654, "2011-06-30": -138.675, "2011-03-31": 62.122, "2010-12-31": "-37.59900", "2010-09-30": -49.831, "2010-06-30": 104.634, "2010-03-31": 69.533, "2009-12-31": "177.75900", "2009-09-30": 514.186, "2009-06-30": 464.799, "2009-03-31": 51.339, "2008-12-31": "-633.01300", "2008-09-30": -501.2, "2008-06-30": -545.397, "2008-03-31": -584.683, "2007-12-31": "-1247.83000", "2007-09-30": -958.397, "2007-06-30": -422.677, "2007-03-31": -314.442, "2006-12-31": "-424.58600", "2006-09-30": -401.1671, "2006-06-30": -291.357, "2006-03-31": -346.5529, "2005-12-31": "-267.55600", "2005-09-30": -152.455, "2005-06-30": -86.916, "2005-03-31": -118.919}, "Cash Flow From Investing Activities": {"2020-12-31": "", "2020-09-30": -1965, "2020-06-30": -930, "2020-03-31": -1588, "2019-12-31": "-502.00000", "2019-09-30": -511, "2019-06-30": -476, "2019-03-31": -377, "2018-12-31": "-533.00000", "2018-09-30": -978, "2018-06-30": -683, "2018-03-31": -741, "2017-12-31": "-1074.00000", "2017-09-30": -704.145, "2017-06-30": -787.163, "2017-03-31": -789.952, "2016-12-31": "-1094.74000", "2016-09-30": -862.167, "2016-06-30": -469.257, "2016-03-31": -736.834, "2015-12-31": "-849.64500", "2015-09-30": -1242.205, "2015-06-30": 331.241, "2015-03-31": -500.208, "2014-12-31": "-765.43800", "2014-09-30": -529.336, "2014-06-30": -404.959, "2014-03-31": -657.175, "2013-12-31": "-505.29400", "2013-09-30": -375.65, "2013-06-30": 214.955, "2013-03-31": -108.655, "2012-12-31": "-382.62400", "2012-09-30": -222.614, "2012-06-30": -1456.008, "2012-03-31": -608.285, "2011-12-31": "-444.30800", "2011-09-30": -396.221, "2011-06-30": -105.477, "2011-03-31": 123.557, "2010-12-31": "-22.00200", "2010-09-30": -51.329, "2010-06-30": 125.314, "2010-03-31": 102.162, "2009-12-31": "2190.07400", "2009-09-30": -1179.779, "2009-06-30": 854.845, "2009-03-31": 293.558, "2008-12-31": "-994.70800", "2008-09-30": -509.484, "2008-06-30": -222.563, "2008-03-31": -1478.632, "2007-12-31": "-665.45100", "2007-09-30": -620.679, "2007-06-30": -303.891, "2007-03-31": -1756.581, "2006-12-31": "-307.05300", "2006-09-30": -1036.008, "2006-06-30": -273.22, "2006-03-31": -384.122, "2005-12-31": "-349.56200", "2005-09-30": -243.118, "2005-06-30": -99.821, "2005-03-31": -101.087}, "Net Long-Term Debt": {"2020-12-31": "", "2020-09-30": 493, "2020-06-30": -496, "2020-03-31": 493, "2019-12-31": "-1.00000", "2019-09-30": -1, "2019-06-30": -1, "2019-03-31": -302, "2018-12-31": "299.00000", "2018-09-30": -301, "2018-06-30": 298, "2018-03-31": -301, "2017-12-31": "299.00000", "2017-09-30": -202.028, "2017-06-30": 607.319, "2017-03-31": -351.153, "2016-12-31": "98.86200", "2016-09-30": 791.101, "2016-06-30": -251.106, "2016-03-31": -1.09, "2015-12-31": "23.90900", "2015-09-30": 318.792, "2015-06-30": -315.728, "2015-03-31": 48.957, "2014-12-31": "-10.97400", "2014-09-30": 24.141, "2014-06-30": 468.793, "2014-03-31": -1.207, "2013-12-31": "-17.21000", "2013-09-30": -89.629, "2013-06-30": -101.483, "2013-03-31": 47.096, "2012-12-31": "-8.49400", "2012-09-30": -17.7801, "2012-06-30": -219.949, "2012-03-31": 935.926, "2011-12-31": "-15.44700", "2011-09-30": -0.831, "2011-06-30": 235.787, "2011-03-31": -30.807, "2010-12-31": "-2539.65400", "2010-09-30": 2491.407, "2010-06-30": 5.481, "2010-03-31": -1.72, "2009-12-31": "-938.23800", "2009-09-30": 1184.002, "2009-06-30": -128.18, "2009-03-31": 70.557, "2008-12-31": "-2020.69600", "2008-09-30": 1900.687, "2008-06-30": -24.315, "2008-03-31": 206.399, "2007-12-31": "-7.10200", "2007-09-30": -428.997, "2007-06-30": 36.682, "2007-03-31": 82.993, "2006-12-31": "260.85500", "2006-09-30": -365.606, "2006-06-30": 2.862, "2006-03-31": 261.985, "2005-12-31": "144.80200", "2005-09-30": 75.874, "2005-06-30": -11.976, "2005-03-31": 17.427}, "Net Current Debt": {"2020-12-31": "", "2020-09-30": 0, "2020-06-30": 0, "2020-03-31": -6, "2019-12-31": "6.00000", "2019-09-30": -50, "2019-06-30": 50, "2019-03-31": 0, "2018-12-31": "", "2018-09-30": 300, "2018-06-30": -300, "2018-03-31": -330, "2017-12-31": "-280.00000", "2017-09-30": 610, "2017-06-30": -50, "2017-03-31": -158.4, "2016-12-31": "208.40000", "2016-09-30": -237.8, "2016-06-30": 237.8, "2016-03-31": 0, "2015-12-31": "-115.00000", "2015-09-30": -313.998, "2015-06-30": 262.398, "2015-03-31": 66.6, "2014-12-31": "-49.70000", "2014-09-30": 70.624, "2014-06-30": 0, "2014-03-31": 0, "2013-12-31": "", "2013-09-30": 79.076, "2013-06-30": 0, "2013-03-31": 0, "2012-12-31": "", "2012-09-30": 0, "2012-06-30": 0, "2012-03-31": 0, "2011-12-31": "", "2011-09-30": 0, "2011-06-30": 0, "2011-03-31": 0, "2010-12-31": "", "2010-09-30": 0, "2010-06-30": 0, "2010-03-31": 0, "2009-12-31": "", "2009-09-30": 0, "2009-06-30": 0, "2009-03-31": 0, "2008-12-31": "", "2008-09-30": 0, "2008-06-30": 0, "2008-03-31": 0, "2007-12-31": "", "2007-09-30": 0, "2007-06-30": 0, "2007-03-31": 0, "2006-12-31": "", "2006-09-30": 0, "2006-06-30": 0, "2006-03-31": 0, "2005-12-31": "", "2005-09-30": 0, "2005-06-30": 0, "2005-03-31": 0}, "Debt Issuance/Retirement Net - Total": {"2020-12-31": "", "2020-09-30": 493, "2020-06-30": -496, "2020-03-31": 487, "2019-12-31": "5.00000", "2019-09-30": -51, "2019-06-30": 49, "2019-03-31": -302, "2018-12-31": "299.00000", "2018-09-30": -1, "2018-06-30": -2, "2018-03-31": -631, "2017-12-31": "19.00000", "2017-09-30": 407.972, "2017-06-30": 557.319, "2017-03-31": -509.553, "2016-12-31": "307.26200", "2016-09-30": 553.301, "2016-06-30": -13.306, "2016-03-31": -1.09, "2015-12-31": "-91.09100", "2015-09-30": 4.794, "2015-06-30": -53.33, "2015-03-31": 115.557, "2014-12-31": "-60.67400", "2014-09-30": 94.765, "2014-06-30": 468.793, "2014-03-31": -1.207, "2013-12-31": "-17.21000", "2013-09-30": -10.553, "2013-06-30": -101.483, "2013-03-31": 47.096, "2012-12-31": "-8.49400", "2012-09-30": -17.7801, "2012-06-30": -219.949, "2012-03-31": 935.926, "2011-12-31": "-15.44700", "2011-09-30": -0.831, "2011-06-30": 235.787, "2011-03-31": -30.807, "2010-12-31": "-2539.65400", "2010-09-30": 2491.407, "2010-06-30": 5.481, "2010-03-31": -1.72, "2009-12-31": "-938.23800", "2009-09-30": 1184.002, "2009-06-30": -128.18, "2009-03-31": 70.557, "2008-12-31": "-2020.69600", "2008-09-30": 1900.687, "2008-06-30": -24.315, "2008-03-31": 206.399, "2007-12-31": "-7.10200", "2007-09-30": -428.997, "2007-06-30": 36.682, "2007-03-31": 82.993, "2006-12-31": "260.85500", "2006-09-30": -365.606, "2006-06-30": 2.862, "2006-03-31": 261.985, "2005-12-31": "144.80200", "2005-09-30": 75.874, "2005-06-30": -11.976, "2005-03-31": 17.427}, "Net Common Equity Issued/Repurchased": {"2020-12-31": "", "2020-09-30": -537, "2020-06-30": 506, "2020-03-31": -185, "2019-12-31": "6.00000", "2019-09-30": -150, "2019-06-30": -85, "2019-03-31": -21, "2018-12-31": "-457.00000", "2018-09-30": -29, "2018-06-30": 9, "2018-03-31": 41, "2017-12-31": "-20.00000", "2017-09-30": 3.996, "2017-06-30": 4.078, "2017-03-31": 16.841, "2016-12-31": "-1.91500", "2016-09-30": 42.33, "2016-06-30": -33.566, "2016-03-31": -130.182, "2015-12-31": "2.24700", "2015-09-30": -50.581, "2015-06-30": -9.646, "2015-03-31": 15.284, "2014-12-31": "4.36500", "2014-09-30": 4.243, "2014-06-30": 5.491, "2014-03-31": 9.902, "2013-12-31": "5.57000", "2013-09-30": 4.305, "2013-06-30": 4.513, "2013-03-31": 16.33, "2012-12-31": "18.57800", "2012-09-30": 10.024, "2012-06-30": 6.596, "2012-03-31": 369.549, "2011-12-31": "-14.41200", "2011-09-30": -9.373, "2011-06-30": 3.359, "2011-03-31": 18.522, "2010-12-31": "11.76400", "2010-09-30": 4.044, "2010-06-30": 5.436, "2010-03-31": 4.913, "2009-12-31": "1.98700", "2009-09-30": 4.861, "2009-06-30": 1.468, "2009-03-31": 14.681, "2008-12-31": "-0.32700", "2008-09-30": 6.454, "2008-06-30": 4.33, "2008-03-31": -45.686, "2007-12-31": "0.25300", "2007-09-30": 6.037, "2007-06-30": 4.92, "2007-03-31": 14.644, "2006-12-31": "11.89700", "2006-09-30": 4.799, "2006-06-30": 4.316, "2006-03-31": 7.092, "2005-12-31": "11.81300", "2005-09-30": 3.927, "2005-06-30": 3.755, "2005-03-31": 15.269}, "Net Total Equity Issued/Repurchased": {"2020-12-31": "", "2020-09-30": -537, "2020-06-30": 506, "2020-03-31": -185, "2019-12-31": "6.00000", "2019-09-30": -150, "2019-06-30": -85, "2019-03-31": -21, "2018-12-31": "-457.00000", "2018-09-30": -29, "2018-06-30": 9, "2018-03-31": 41, "2017-12-31": "-20.00000", "2017-09-30": 3.996, "2017-06-30": 4.078, "2017-03-31": 16.841, "2016-12-31": "-1.91500", "2016-09-30": 42.33, "2016-06-30": -33.566, "2016-03-31": -130.182, "2015-12-31": "2.24700", "2015-09-30": -50.581, "2015-06-30": -9.646, "2015-03-31": 15.284, "2014-12-31": "4.36500", "2014-09-30": 4.243, "2014-06-30": 5.491, "2014-03-31": 9.902, "2013-12-31": "5.57000", "2013-09-30": 4.305, "2013-06-30": 4.513, "2013-03-31": 16.33, "2012-12-31": "18.57800", "2012-09-30": 10.024, "2012-06-30": 6.596, "2012-03-31": 369.549, "2011-12-31": "-14.41200", "2011-09-30": -9.373, "2011-06-30": 3.359, "2011-03-31": 18.522, "2010-12-31": "11.76400", "2010-09-30": 4.044, "2010-06-30": 5.436, "2010-03-31": 4.913, "2009-12-31": "1.98700", "2009-09-30": 4.861, "2009-06-30": 1.468, "2009-03-31": 14.681, "2008-12-31": "-0.32700", "2008-09-30": 6.454, "2008-06-30": 4.33, "2008-03-31": -45.686, "2007-12-31": "0.25300", "2007-09-30": 6.037, "2007-06-30": 4.92, "2007-03-31": 14.644, "2006-12-31": "11.89700", "2006-09-30": 4.799, "2006-06-30": 4.316, "2006-03-31": 7.092, "2005-12-31": "11.81300", "2005-09-30": 3.927, "2005-06-30": 3.755, "2005-03-31": 15.269}, "Total Common And Preferred Stock Dividends Paid": {"2020-12-31": "", "2020-09-30": -51, "2020-06-30": -51, "2020-03-31": -52, "2019-12-31": "-51.00000", "2019-09-30": -48, "2019-06-30": -48, "2019-03-31": -48, "2018-12-31": "-47.00000", "2018-09-30": -44, "2018-06-30": -36, "2018-03-31": -39, "2017-12-31": "-32.00000", "2017-09-30": -31.678, "2017-06-30": -32.295, "2017-03-31": -31.772, "2016-12-31": "-31.25500", "2016-09-30": -28.438, "2016-06-30": -28.845, "2016-03-31": -29.046, "2015-12-31": "-27.10600", "2015-09-30": -26.028, "2015-06-30": -27.71, "2015-03-31": -25.779, "2014-12-31": "-23.62600", "2014-09-30": -22.66, "2014-06-30": -22.682, "2014-03-31": -22.48, "2013-12-31": "-20.28000", "2013-09-30": -19.591, "2013-06-30": -19.545, "2013-03-31": -19.489, "2012-12-31": "-17.96800", "2012-09-30": -18.127, "2012-06-30": -17.777, "2012-03-31": -16.479, "2011-12-31": "-16.39900", "2011-09-30": -13.744, "2011-06-30": -16.478, "2011-03-31": -16.481, "2010-12-31": "-16.38700", "2010-09-30": -13.809, "2010-06-30": -13.804, "2010-03-31": -14.71, "2009-12-31": "-13.68600", "2009-09-30": -13.676, "2009-06-30": -13.586, "2009-03-31": -13.513, "2008-12-31": "-13.36500", "2008-09-30": -12.924, "2008-06-30": -13.235, "2008-03-31": -13.635, "2007-12-31": "-13.35700", "2007-09-30": -12.077, "2007-06-30": -12.613, "2007-03-31": -11.973, "2006-12-31": "-11.82500", "2006-09-30": -9.729, "2006-06-30": -9.47, "2006-03-31": -9.057, "2005-12-31": "-9.31400", "2005-09-30": -6.616, "2005-06-30": -7.619, "2005-03-31": -12.065}, "Financial Activities - Other": {"2020-12-31": "", "2020-09-30": 1430, "2020-06-30": -4652, "2020-03-31": 7047, "2019-12-31": "694.00000", "2019-09-30": 112, "2019-06-30": 495, "2019-03-31": -56, "2018-12-31": "1731.00000", "2018-09-30": 452, "2018-06-30": 759, "2018-03-31": -39, "2017-12-31": "1013.00000", "2017-09-30": 1382.456, "2017-06-30": -67.796, "2017-03-31": 1190.654, "2016-12-31": "900.68600", "2016-09-30": 485.779, "2016-06-30": 1029.916, "2016-03-31": 71.848, "2015-12-31": "737.72800", "2015-09-30": 892.563, "2015-06-30": -275.922, "2015-03-31": 181.314, "2014-12-31": "1069.46200", "2014-09-30": -239.624, "2014-06-30": -151.305, "2014-03-31": 404.989, "2013-12-31": "727.65600", "2013-09-30": 164.101, "2013-06-30": 79.574, "2013-03-31": 115.811, "2012-12-31": "362.24700", "2012-09-30": 322.021, "2012-06-30": 394.694, "2012-03-31": 188.508, "2011-12-31": "-11.67300", "2011-09-30": 795.515, "2011-06-30": 249.962, "2011-03-31": 32.295, "2010-12-31": "-382.83300", "2010-09-30": 683.689, "2010-06-30": -255.828, "2010-03-31": -267.096, "2009-12-31": "-2390.24400", "2009-09-30": 1791.898, "2009-06-30": -716.86, "2009-03-31": -422.044, "2008-12-31": "32.96400", "2008-09-30": 1050.643, "2008-06-30": 39.477, "2008-03-31": 1492.865, "2007-12-31": "641.85800", "2007-09-30": 595.796, "2007-06-30": 371.572, "2007-03-31": 1617.96, "2006-12-31": "259.25200", "2006-09-30": 1392.923, "2006-06-30": 216.119, "2006-03-31": 157.01, "2005-12-31": "36.84700", "2005-09-30": 154.374, "2005-06-30": 61.913, "2005-03-31": 114.538}, "Cash Flow From Financial Activities": {"2020-12-31": "", "2020-09-30": 1335, "2020-06-30": -4693, "2020-03-31": 7297, "2019-12-31": "654.00000", "2019-09-30": -137, "2019-06-30": 411, "2019-03-31": -427, "2018-12-31": "1526.00000", "2018-09-30": 378, "2018-06-30": 730, "2018-03-31": -668, "2017-12-31": "980.00000", "2017-09-30": 1762.746, "2017-06-30": 461.306, "2017-03-31": 666.17, "2016-12-31": "1174.77800", "2016-09-30": 1052.972, "2016-06-30": 954.199, "2016-03-31": -88.47, "2015-12-31": "621.77800", "2015-09-30": 820.748, "2015-06-30": -366.608, "2015-03-31": 286.376, "2014-12-31": "989.52700", "2014-09-30": -163.276, "2014-06-30": 300.297, "2014-03-31": 391.204, "2013-12-31": "695.73600", "2013-09-30": 138.262, "2013-06-30": -36.941, "2013-03-31": 159.748, "2012-12-31": "354.36300", "2012-09-30": 296.138, "2012-06-30": 163.564, "2012-03-31": 1477.504, "2011-12-31": "-57.93100", "2011-09-30": 771.567, "2011-06-30": 472.63, "2011-03-31": 3.529, "2010-12-31": "-2927.11000", "2010-09-30": 3165.331, "2010-06-30": -258.715, "2010-03-31": -278.613, "2009-12-31": "-3340.18100", "2009-09-30": 2967.085, "2009-06-30": -857.158, "2009-03-31": -350.319, "2008-12-31": "-2001.42400", "2008-09-30": 2944.86, "2008-06-30": 6.257, "2008-03-31": 1639.943, "2007-12-31": "621.65200", "2007-09-30": 160.759, "2007-06-30": 400.561, "2007-03-31": 1703.624, "2006-12-31": "520.17900", "2006-09-30": 1022.387, "2006-06-30": 213.827, "2006-03-31": 417.03, "2005-12-31": "184.14800", "2005-09-30": 227.559, "2005-06-30": 46.073, "2005-03-31": 135.169}, "Net Cash Flow": {"2020-12-31": "", "2020-09-30": 797, "2020-06-30": -5856, "2020-03-31": 8003, "2019-12-31": "719.00000", "2019-09-30": 19, "2019-06-30": -167, "2019-03-31": -985, "2018-12-31": "1163.00000", "2018-09-30": 74, "2018-06-30": -352, "2018-03-31": -1248, "2017-12-31": "321.00000", "2017-09-30": -354.027, "2017-06-30": -20.847, "2017-03-31": 108.051, "2016-12-31": "877.82300", "2016-09-30": -327.605, "2016-06-30": 498.271, "2016-03-31": -1116.602, "2015-12-31": "-4.61800", "2015-09-30": 18.925, "2015-06-30": 41.944, "2015-03-31": -109.248, "2014-12-31": "450.32200", "2014-09-30": -646.694, "2014-06-30": 203.881, "2014-03-31": -160.076, "2013-12-31": "205.33600", "2013-09-30": 11.071, "2013-06-30": 411.396, "2013-03-31": -13.558, "2012-12-31": "207.68700", "2012-09-30": 250.985, "2012-06-30": -1146.823, "2012-03-31": 958.904, "2011-12-31": "-522.74100", "2011-09-30": 841.007, "2011-06-30": 343.52, "2011-03-31": 50.285, "2010-12-31": "-1738.35600", "2010-09-30": 2077.043, "2010-06-30": -62.79, "2010-03-31": -89.599, "2009-12-31": "-1287.50000", "2009-09-30": 1766.739, "2009-06-30": 222.154, "2009-03-31": -163.79, "2008-12-31": "-2726.51100", "2008-09-30": 2537.952, "2008-06-30": -156.961, "2008-03-31": 146.682, "2007-12-31": "34.87700", "2007-09-30": 201.36, "2007-06-30": 16.187, "2007-03-31": 73.102, "2006-12-31": "-38.12400", "2006-09-30": 44.166, "2006-06-30": 37.351, "2006-03-31": 9.188, "2005-12-31": "-295.76000", "2005-09-30": 69.423, "2005-06-30": 101.724, "2005-03-31": 138.791}, "Stock-Based Compensation": {"2020-12-31": "", "2020-09-30": 23, "2020-06-30": 23, "2020-03-31": 31, "2019-12-31": "43.00000", "2019-09-30": 24, "2019-06-30": 23, "2019-03-31": 28, "2018-12-31": "37.00000", "2018-09-30": 24, "2018-06-30": 19, "2018-03-31": 18, "2017-12-31": "38.00000", "2017-09-30": 32.581, "2017-06-30": 21.035, "2017-03-31": 22.812, "2016-12-31": "32.57200", "2016-09-30": 17.751, "2016-06-30": 18.042, "2016-03-31": 20.335, "2015-12-31": "22.40000", "2015-09-30": 14.136, "2015-06-30": 16.843, "2015-03-31": 17.844, "2014-12-31": "22.66500", "2014-09-30": 17.647, "2014-06-30": 14.546, "2014-03-31": 16.54, "2013-12-31": "20.87600", "2013-09-30": 13.394, "2013-06-30": 14.78, "2013-03-31": 15.905, "2012-12-31": "17.78300", "2012-09-30": 13.955, "2012-06-30": 11.434, "2012-03-31": 12.93, "2011-12-31": "17.41000", "2011-09-30": 8.009, "2011-06-30": 5.928, "2011-03-31": 11.209, "2010-12-31": "15.83200", "2010-09-30": 9.803, "2010-06-30": 7.861, "2010-03-31": 11.28, "2009-12-31": "12.90100", "2009-09-30": 12.248, "2009-06-30": 7.14, "2009-03-31": 9.589, "2008-12-31": "2.76900", "2008-09-30": 15.025, "2008-06-30": 11.248, "2008-03-31": 3.35, "2007-12-31": "12.50400", "2007-09-30": 9.474, "2007-06-30": 9.44, "2007-03-31": 7.081, "2006-12-31": "10.56800", "2006-09-30": 12.567, "2006-06-30": 6.233, "2006-03-31": 5.865, "2005-12-31": "5.15500", "2005-09-30": 5.205, "2005-06-30": 3.948, "2005-03-31": 7.878}, "Common Stock Dividends Paid": {"2020-12-31": "", "2020-09-30": -51, "2020-06-30": -51, "2020-03-31": -52, "2019-12-31": "-51.00000", "2019-09-30": -48, "2019-06-30": -48, "2019-03-31": -48, "2018-12-31": "-47.00000", "2018-09-30": -44, "2018-06-30": -36, "2018-03-31": -39, "2017-12-31": "-32.00000", "2017-09-30": -31.678, "2017-06-30": -32.295, "2017-03-31": -31.772, "2016-12-31": "-31.25500", "2016-09-30": -28.438, "2016-06-30": -28.845, "2016-03-31": -29.046, "2015-12-31": "-27.10600", "2015-09-30": -26.028, "2015-06-30": -27.71, "2015-03-31": -25.779, "2014-12-31": "-23.62600", "2014-09-30": -22.66, "2014-06-30": -22.682, "2014-03-31": -22.48, "2013-12-31": "-20.28000", "2013-09-30": -19.591, "2013-06-30": -19.545, "2013-03-31": -19.489, "2012-12-31": "-17.96800", "2012-09-30": -18.127, "2012-06-30": -17.777, "2012-03-31": -16.479, "2011-12-31": "-16.39900", "2011-09-30": -13.744, "2011-06-30": -16.478, "2011-03-31": -16.481, "2010-12-31": "-16.38700", "2010-09-30": -13.809, "2010-06-30": -13.804, "2010-03-31": -14.71, "2009-12-31": "-13.68600", "2009-09-30": -13.676, "2009-06-30": -13.586, "2009-03-31": -13.513, "2008-12-31": "-13.36500", "2008-09-30": -12.924, "2008-06-30": -13.235, "2008-03-31": -13.635, "2007-12-31": "-13.35700", "2007-09-30": -12.077, "2007-06-30": -12.613, "2007-03-31": -11.973, "2006-12-31": "-11.82500", "2006-09-30": -9.729, "2006-06-30": -9.47, "2006-03-31": -9.057, "2005-12-31": "-9.31400", "2005-09-30": -6.616, "2005-06-30": -7.619, "2005-03-31": -12.065}}, "financial ratios": {"Current Ratio": {"2020-09-30": "0.97720", "2019-09-30": "1.10920", "2018-09-30": "1.12880", "2017-09-30": "1.15720", "2016-09-30": "1.16850", "2015-09-30": "1.22520", "2014-09-30": "1.24680", "2013-09-30": "1.16920", "2012-09-30": "1.15920", "2011-09-30": "1.13780", "2010-09-30": "1.33220", "2009-09-30": "1.14430", "2008-09-30": "1.18130", "2007-09-30": "1.06920", "2006-09-30": "1.10960", "2005-09-30": "1.14320"}, "Long-term Debt / Capital": {"2020-09-30": "0.31670", "2019-09-30": "0.29330", "2018-09-30": "0.29470", "2017-09-30": "0.37530", "2016-09-30": "0.35320", "2015-09-30": "0.28060", "2014-09-30": "0.29890", "2013-09-30": "0.25120", "2012-09-30": "0.27710", "2011-09-30": "0.19650", "2010-09-30": "0.53510", "2009-09-30": "0.39010", "2008-09-30": "0.55130", "2007-09-30": "0.11970", "2006-09-30": "0.18640", "2005-09-30": "0.19000"}, "Debt/Equity Ratio": {"2020-09-30": "0.49690", "2019-09-30": "0.45960", "2018-09-30": "0.54870", "2017-09-30": "0.74580", "2016-09-30": "0.78130", "2015-09-30": "0.61960", "2014-09-30": "0.62930", "2013-09-30": "0.55460", "2012-09-30": "0.65610", "2011-09-30": "0.61520", "2010-09-30": "1.56050", "2009-09-30": "0.94690", "2008-09-30": "1.72890", "2007-09-30": "1.17350", "2006-09-30": "1.34270", "2005-09-30": "1.26840"}, "Gross Margin": {"2020-09-30": "100.00000", "2019-09-30": "100.00000", "2018-09-30": "100.00000", "2017-09-30": "100.00000", "2016-09-30": "100.00000", "2015-09-30": "99.19490", "2014-09-30": "99.19700", "2013-09-30": "99.12410", "2012-09-30": "98.98860", "2011-09-30": "98.86880", "2010-09-30": "98.82120", "2009-09-30": "98.72210", "2008-09-30": "99.02200", "2007-09-30": "99.01130", "2006-09-30": "98.92920", "2005-09-30": "98.89020"}, "Operating Margin": {"2020-09-30": "18.56020", "2019-09-30": "21.12680", "2018-09-30": "20.55910", "2017-09-30": "16.73560", "2016-09-30": "18.05560", "2015-09-30": "17.78370", "2014-09-30": "16.78810", "2013-09-30": "15.38030", "2012-09-30": "16.53370", "2011-09-30": "17.40120", "2010-09-30": "16.76140", "2009-09-30": "17.77870", "2008-09-30": "25.88280", "2007-09-30": "29.31490", "2006-09-30": "24.25670", "2005-09-30": "16.75320"}, "EBIT Margin": {"2020-09-30": "18.56020", "2019-09-30": "21.12680", "2018-09-30": "20.55910", "2017-09-30": "16.73560", "2016-09-30": "18.05560", "2015-09-30": "17.78370", "2014-09-30": "16.78810", "2013-09-30": "15.38030", "2012-09-30": "16.53370", "2011-09-30": "17.40120", "2010-09-30": "16.76140", "2009-09-30": "17.77870", "2008-09-30": "25.88280", "2007-09-30": "29.31490", "2006-09-30": "24.25670", "2005-09-30": "16.75320"}, "EBITDA Margin": {"2020-09-30": "20.71500", "2019-09-30": "22.69730", "2018-09-30": "22.16430", "2017-09-30": "17.36400", "2016-09-30": "18.91370", "2015-09-30": "18.26900", "2014-09-30": "17.62100", "2013-09-30": "15.06970", "2012-09-30": "16.94380", "2011-09-30": "18.20520", "2010-09-30": "17.58560", "2009-09-30": "18.65100", "2008-09-30": "26.21290", "2007-09-30": "29.78820", "2006-09-30": "24.98880", "2005-09-30": "17.53670"}, "Pre-Tax Profit Margin": {"2020-09-30": "12.87950", "2019-09-30": "17.13820", "2018-09-30": "17.53610", "2017-09-30": "14.17620", "2016-09-30": "14.70620", "2015-09-30": "15.34200", "2014-09-30": "14.41860", "2013-09-30": "12.92290", "2012-09-30": "12.00440", "2011-09-30": "13.25770", "2010-09-30": "11.95310", "2009-09-30": "9.08350", "2008-09-30": "11.93620", "2007-09-30": "12.61340", "2006-09-30": "12.92970", "2005-09-30": "11.43670"}, "Net Profit Margin": {"2020-09-30": "10.00250", "2019-09-30": "12.86300", "2018-09-30": "11.45000", "2017-09-30": "9.73180", "2016-09-30": "9.56500", "2015-09-30": "9.45710", "2014-09-30": "9.67180", "2013-09-30": "7.98890", "2012-09-30": "7.43760", "2011-09-30": "7.92900", "2010-09-30": "7.33930", "2009-09-30": "5.62570", "2008-09-30": "7.05820", "2007-09-30": "8.05350", "2006-09-30": "8.10190", "2005-09-30": "6.96640"}, "Asset Turnover": {"2020-09-30": "0.17200", "2019-09-30": "0.20660", "2018-09-30": "0.19980", "2017-09-30": "0.18710", "2016-09-30": "0.17530", "2015-09-30": "0.20060", "2014-09-30": "0.21290", "2013-09-30": "0.19820", "2012-09-30": "0.18420", "2011-09-30": "0.18880", "2010-09-30": "0.16660", "2009-09-30": "0.14280", "2008-09-30": "0.15480", "2007-09-30": "0.19130", "2006-09-30": "0.22970", "2005-09-30": "0.25910"}, "Inventory Turnover Ratio": {"2020-09-30": "", "2019-09-30": "", "2018-09-30": "", "2017-09-30": "", "2016-09-30": "", "2015-09-30": "", "2014-09-30": "", "2013-09-30": "", "2012-09-30": "", "2011-09-30": "", "2010-09-30": "", "2009-09-30": "", "2008-09-30": "", "2007-09-30": "", "2006-09-30": "", "2005-09-30": ""}, "Receiveable Turnover": {"2020-09-30": "1.86740", "2019-09-30": "1.78930", "2018-09-30": "1.46100", "2017-09-30": "1.43070", "2016-09-30": "1.21490", "2015-09-30": "1.59790", "2014-09-30": "1.55020", "2013-09-30": "1.51040", "2012-09-30": "1.23130", "2011-09-30": "1.44720", "2010-09-30": "1.31700", "2009-09-30": "1.27460", "2008-09-30": "1.34550", "2007-09-30": "1.38300", "2006-09-30": "1.31930", "2005-09-30": "1.21920"}, "Days Sales In Receivables": {"2020-09-30": "195.45910", "2019-09-30": "203.99600", "2018-09-30": "249.82680", "2017-09-30": "255.12710", "2016-09-30": "300.44800", "2015-09-30": "228.42720", "2014-09-30": "235.44750", "2013-09-30": "241.66430", "2012-09-30": "296.42370", "2011-09-30": "252.21140", "2010-09-30": "277.14920", "2009-09-30": "286.35720", "2008-09-30": "271.26730", "2007-09-30": "263.91450", "2006-09-30": "276.66950", "2005-09-30": "299.37780"}, "ROE - Return On Equity": {"2020-09-30": "11.39910", "2019-09-30": "15.56530", "2018-09-30": "13.28270", "2017-09-30": "11.17090", "2016-09-30": "10.67850", "2015-09-30": "10.83510", "2014-09-30": "10.10890", "2013-09-30": "9.92610", "2012-09-30": "7.94140", "2011-09-30": "9.19870", "2010-09-30": "8.56870", "2009-09-30": "6.28610", "2008-09-30": "12.24970", "2007-09-30": "14.24670", "2006-09-30": "14.64220", "2005-09-30": "12.16330"}, "Return On Tangible Equity": {"2020-09-30": "12.43920", "2019-09-30": "17.14190", "2018-09-30": "14.74280", "2017-09-30": "12.23040", "2016-09-30": "11.85660", "2015-09-30": "11.76140", "2014-09-30": "10.98680", "2013-09-30": "10.91260", "2012-09-30": "8.80570", "2011-09-30": "9.43510", "2010-09-30": "8.78030", "2009-09-30": "6.46730", "2008-09-30": "12.67050", "2007-09-30": "14.77250", "2006-09-30": "15.29600", "2005-09-30": "12.80870"}, "ROA - Return On Assets": {"2020-09-30": "1.72280", "2019-09-30": "2.66290", "2018-09-30": "2.29060", "2017-09-30": "1.82320", "2016-09-30": "1.71710", "2015-09-30": "1.95930", "2014-09-30": "1.92130", "2013-09-30": "1.71170", "2012-09-30": "1.38120", "2011-09-30": "1.48750", "2010-09-30": "1.24430", "2009-09-30": "0.77020", "2008-09-30": "1.11430", "2007-09-30": "1.54070", "2006-09-30": "1.86110", "2005-09-30": "1.80480"}, "ROI - Return On Investment": {"2020-09-30": "7.78900", "2019-09-30": "11.00000", "2018-09-30": "9.36820", "2017-09-30": "6.97890", "2016-09-30": "6.90680", "2015-09-30": "7.79500", "2014-09-30": "7.08780", "2013-09-30": "7.43230", "2012-09-30": "5.74070", "2011-09-30": "7.39150", "2010-09-30": "3.98330", "2009-09-30": "3.83400", "2008-09-30": "5.49630", "2007-09-30": "12.54070", "2006-09-30": "11.91350", "2005-09-30": "9.85260"}, "Book Value Per Share": {"2020-09-30": "52.54950", "2019-09-30": "48.19290", "2018-09-30": "44.30040", "2017-09-30": "39.51050", "2016-09-30": "35.76940", "2015-09-30": "33.52780", "2014-09-30": "31.39630", "2013-09-30": "28.65020", "2012-09-30": "26.71960", "2011-09-30": "23.03550", "2010-09-30": "20.82460", "2009-09-30": "18.14600", "2008-09-30": "15.66620", "2007-09-30": "14.66090", "2006-09-30": "12.57770", "2005-09-30": "10.99290"}, "Operating Cash Flow Per Share": {"2020-09-30": 24.9089, "2019-09-30": -1.934, "2018-09-30": 6.7936, "2017-09-30": 3.1145, "2016-09-30": -10.1252, "2015-09-30": 2.623, "2014-09-30": -1.1598, "2013-09-30": 1.7258, "2012-09-30": -9.7182, "2011-09-30": 21.2278, "2010-09-30": -11.7307, "2009-09-30": 1.2508, "2008-09-30": -1.8425, "2007-09-30": 3.7968, "2006-09-30": -2.8414, "2005-09-30": 2.8264}, "Free Cash Flow Per Share": {"2020-09-30": 24.9828, "2019-09-30": -1.9917, "2018-09-30": 7.189, "2017-09-30": 2.6609, "2016-09-30": -10.4598, "2015-09-30": 2.5341, "2014-09-30": -1.0601, "2013-09-30": 1.7954, "2012-09-30": -10.0035, "2011-09-30": 21.1113, "2010-09-30": -11.6141, "2009-09-30": 1.3835, "2008-09-30": -1.89, "2007-09-30": 3.6443, "2006-09-30": -2.8103, "2005-09-30": 2.5596}}, "financial ratios, quarterly": {"Current Ratio": {"2020-09-30": "0.97720", "2020-06-30": "1.02920", "2020-03-31": "1.06200", "2019-12-31": "1.09630", "2019-09-30": "1.10920", "2019-06-30": "1.11160", "2019-03-31": "1.11060", "2018-12-31": "1.12030", "2018-09-30": "1.12880", "2018-06-30": "1.12410", "2018-03-31": "1.11910", "2017-12-31": "1.14260", "2017-09-30": "1.15720", "2017-06-30": "1.16580", "2017-03-31": "1.14890", "2016-12-31": "1.20040", "2016-09-30": "1.16850", "2016-06-30": "1.20110", "2016-03-31": "1.20690", "2015-12-31": "1.22260", "2015-09-30": "1.22520", "2015-06-30": "1.25380", "2015-03-31": "1.24190", "2014-12-31": "1.24050", "2014-09-30": "1.24680", "2014-06-30": "1.23290", "2014-03-31": "1.19140", "2013-12-31": "1.19220", "2013-09-30": "1.16920", "2013-06-30": "1.17060", "2013-03-31": "1.16220", "2012-12-31": "1.15840", "2012-09-30": "1.15920", "2012-06-30": "1.15670", "2012-03-31": "1.23640", "2011-12-31": "1.14600", "2011-09-30": "1.13780", "2011-06-30": "1.16610", "2011-03-31": "1.15000", "2010-12-31": "1.14390", "2010-09-30": "1.33220", "2010-06-30": "1.12200", "2010-03-31": "1.10770", "2009-12-31": "1.10510", "2009-09-30": "1.14430", "2009-06-30": "1.05460", "2009-03-31": "1.06100", "2008-12-31": "1.05800", "2008-09-30": "1.18130", "2008-06-30": "1.07190", "2008-03-31": "1.06730", "2007-12-31": "1.06830", "2007-09-30": "1.06920", "2007-06-30": "1.10710", "2007-03-31": "1.11120", "2006-12-31": "1.13230", "2006-09-30": "1.10960", "2006-06-30": "1.17930", "2006-03-31": "1.18240", "2005-12-31": "1.15680", "2005-09-30": "1.14320", "2005-06-30": "1.12980", "2005-03-31": "1.12790"}, "Long-term Debt / Capital": {"2020-09-30": "0.31670", "2020-06-30": "0.32180", "2020-03-31": "0.32970", "2019-12-31": "0.28530", "2019-09-30": "0.29330", "2019-06-30": "0.29680", "2019-03-31": "0.29500", "2018-12-31": "0.32370", "2018-09-30": "0.29470", "2018-06-30": "0.28160", "2018-03-31": "0.28860", "2017-12-31": "0.34690", "2017-09-30": "0.37530", "2017-06-30": "0.32540", "2017-03-31": "0.28230", "2016-12-31": "0.33290", "2016-09-30": "0.35320", "2016-06-30": "0.26050", "2016-03-31": "0.26730", "2015-12-31": "0.26570", "2015-09-30": "0.28060", "2015-06-30": "0.28510", "2015-03-31": "0.29490", "2014-12-31": "0.28640", "2014-09-30": "0.29890", "2014-06-30": "0.29380", "2014-03-31": "0.23940", "2013-12-31": "0.24310", "2013-09-30": "0.25120", "2013-06-30": "0.25850", "2013-03-31": "0.27070", "2012-12-31": "0.26920", "2012-09-30": "0.27710", "2012-06-30": "0.28310", "2012-03-31": "0.32520", "2011-12-31": "0.19050", "2011-09-30": "0.19650", "2011-06-30": "0.19890", "2011-03-31": "0.14110", "2010-12-31": "0.15340", "2010-09-30": "0.53510", "2010-06-30": "0.16770", "2010-03-31": "0.16990", "2009-12-31": "0.17500", "2009-09-30": "0.39010", "2009-06-30": "0.09180", "2009-03-31": "0.14690", "2008-12-31": "0.12070", "2008-09-30": "0.55130", "2008-06-30": "0.18310", "2008-03-31": "0.19830", "2007-12-31": "0.11390", "2007-09-30": "0.11970", "2007-06-30": "0.28420", "2007-03-31": "0.28240", "2006-12-31": "0.26410", "2006-09-30": "0.18640", "2006-06-30": "0.32680", "2006-03-31": "0.33600", "2005-12-31": "0.24880", "2005-09-30": "0.19000", "2005-06-30": "0.10630", "2005-03-31": "0.11700"}, "Debt/Equity Ratio": {"2020-09-30": "0.53180", "2020-06-30": "0.54140", "2020-03-31": "0.53100", "2019-12-31": "0.49310", "2019-09-30": "0.45960", "2019-06-30": "0.55620", "2019-03-31": "0.61130", "2018-12-31": "0.60160", "2018-09-30": "0.54870", "2018-06-30": "0.51370", "2018-03-31": "0.53360", "2017-12-31": "0.65730", "2017-09-30": "0.74580", "2017-06-30": "0.65510", "2017-03-31": "0.59940", "2016-12-31": "0.67040", "2016-09-30": "0.78130", "2016-06-30": "0.58020", "2016-03-31": "0.59590", "2015-12-31": "0.56720", "2015-09-30": "0.61960", "2015-06-30": "0.59400", "2015-03-31": "0.64290", "2014-12-31": "0.60440", "2014-09-30": "0.62930", "2014-06-30": "0.64520", "2014-03-31": "0.55490", "2013-12-31": "0.51830", "2013-09-30": "0.55460", "2013-06-30": "0.52900", "2013-03-31": "0.62600", "2012-12-31": "0.58950", "2012-09-30": "0.65610", "2012-06-30": "0.71690", "2012-03-31": "0.70500", "2011-12-31": "0.57120", "2011-09-30": "0.61520", "2011-06-30": "0.58630", "2011-03-31": "0.44100", "2010-12-31": "0.50090", "2010-09-30": "1.56050", "2010-06-30": "0.79590", "2010-03-31": "0.85110", "2009-12-31": "0.69710", "2009-09-30": "0.94690", "2009-06-30": "0.46150", "2009-03-31": "0.48790", "2008-12-31": "0.50850", "2008-09-30": "1.72890", "2008-06-30": "1.04040", "2008-03-31": "0.88880", "2007-12-31": "1.06310", "2007-09-30": "1.17350", "2007-06-30": "1.61290", "2007-03-31": "1.18810", "2006-12-31": "1.21360", "2006-09-30": "1.34270", "2006-06-30": "1.79180", "2006-03-31": "1.66970", "2005-12-31": "1.30350", "2005-09-30": "1.26840", "2005-06-30": "1.30630", "2005-03-31": "1.31430"}, "Gross Margin": {"2020-09-30": "100.00000", "2020-06-30": "100.00000", "2020-03-31": "100.00000", "2019-12-31": "100.00000", "2019-09-30": "100.00000", "2019-06-30": "100.00000", "2019-03-31": "100.00000", "2018-12-31": "100.00000", "2018-09-30": "100.00000", "2018-06-30": "100.00000", "2018-03-31": "100.00000", "2017-12-31": "100.00000", "2017-09-30": "100.00000", "2017-06-30": "100.00000", "2017-03-31": "100.00000", "2016-12-31": "100.00000", "2016-09-30": "102.05920", "2016-06-30": "99.26360", "2016-03-31": "99.21580", "2015-12-31": "99.23160", "2015-09-30": "99.26820", "2015-06-30": "99.28470", "2015-03-31": "98.96480", "2014-12-31": "99.25790", "2014-09-30": "99.18290", "2014-06-30": "99.24800", "2014-03-31": "99.18020", "2013-12-31": "99.17650", "2013-09-30": "99.18160", "2013-06-30": "99.18560", "2013-03-31": "99.02550", "2012-12-31": "99.10610", "2012-09-30": "98.91420", "2012-06-30": "99.01190", "2012-03-31": "98.98070", "2011-12-31": "99.06690", "2011-09-30": "98.94320", "2011-06-30": "98.81630", "2011-03-31": "98.91010", "2010-12-31": "98.80570", "2010-09-30": "98.91090", "2010-06-30": "98.75850", "2010-03-31": "98.82290", "2009-12-31": "98.79000", "2009-09-30": "98.69780", "2009-06-30": "98.68480", "2009-03-31": "98.73860", "2008-12-31": "98.76580", "2008-09-30": "98.98690", "2008-06-30": "99.01470", "2008-03-31": "99.12120", "2007-12-31": "98.96450", "2007-09-30": "99.03640", "2007-06-30": "99.00580", "2007-03-31": "99.05920", "2006-12-31": "98.93800", "2006-09-30": "98.74600", "2006-06-30": "98.77130", "2006-03-31": "99.23340", "2005-12-31": "98.99780", "2005-09-30": "99.00040", "2005-06-30": "98.71400", "2005-03-31": "98.87200"}, "Operating Margin": {"2020-09-30": "22.12190", "2020-06-30": "17.11090", "2020-03-31": "16.82790", "2019-12-31": "17.77000", "2019-09-30": "23.00930", "2019-06-30": "20.50000", "2019-03-31": "18.93490", "2018-12-31": "21.75650", "2018-09-30": "21.55960", "2018-06-30": "19.93650", "2018-03-31": "20.73240", "2017-12-31": "19.93210", "2017-09-30": "17.59130", "2017-06-30": "19.54630", "2017-03-31": "12.93460", "2016-12-31": "16.68710", "2016-09-30": "20.21830", "2016-06-30": "18.00900", "2016-03-31": "17.36220", "2015-12-31": "16.33950", "2015-09-30": "20.19970", "2015-06-30": "16.75750", "2015-03-31": "15.72550", "2014-12-31": "18.39270", "2014-09-30": "18.03310", "2014-06-30": "16.95440", "2014-03-31": "15.02190", "2013-12-31": "17.02720", "2013-09-30": "14.44560", "2013-06-30": "13.61900", "2013-03-31": "16.25590", "2012-12-31": "17.18610", "2012-09-30": "17.15060", "2012-06-30": "17.72910", "2012-03-31": "14.71840", "2011-12-31": "16.04170", "2011-09-30": "16.45220", "2011-06-30": "17.53800", "2011-03-31": "17.02490", "2010-12-31": "18.60480", "2010-09-30": "17.73750", "2010-06-30": "16.85200", "2010-03-31": "17.29270", "2009-12-31": "15.03550", "2009-09-30": "15.83940", "2009-06-30": "17.88800", "2009-03-31": "14.86280", "2008-12-31": "22.04810", "2008-09-30": "21.99130", "2008-06-30": "23.96090", "2008-03-31": "27.39990", "2007-12-31": "29.84670", "2007-09-30": "31.93660", "2007-06-30": "29.12420", "2007-03-31": "28.10720", "2006-12-31": "27.69340", "2006-09-30": "27.43190", "2006-06-30": "24.62940", "2006-03-31": "23.52650", "2005-12-31": "20.79280", "2005-09-30": "17.17910", "2005-06-30": "15.91720", "2005-03-31": "16.34070"}, "EBIT Margin": {"2020-09-30": "22.12190", "2020-06-30": "17.11090", "2020-03-31": "16.82790", "2019-12-31": "17.77000", "2019-09-30": "23.00930", "2019-06-30": "20.50000", "2019-03-31": "18.93490", "2018-12-31": "21.75650", "2018-09-30": "21.55960", "2018-06-30": "19.93650", "2018-03-31": "20.73240", "2017-12-31": "19.93210", "2017-09-30": "17.59120", "2017-06-30": "19.54630", "2017-03-31": "12.93460", "2016-12-31": "16.68710", "2016-09-30": "20.21830", "2016-06-30": "18.00900", "2016-03-31": "17.36220", "2015-12-31": "16.33950", "2015-09-30": "20.19970", "2015-06-30": "16.75750", "2015-03-31": "15.72550", "2014-12-31": "18.39270", "2014-09-30": "18.03310", "2014-06-30": "16.95440", "2014-03-31": "15.02190", "2013-12-31": "17.02720", "2013-09-30": "14.44560", "2013-06-30": "13.61900", "2013-03-31": "16.25590", "2012-12-31": "17.18610", "2012-09-30": "17.15060", "2012-06-30": "17.72910", "2012-03-31": "14.71840", "2011-12-31": "16.04170", "2011-09-30": "16.45220", "2011-06-30": "17.53800", "2011-03-31": "17.02490", "2010-12-31": "18.60480", "2010-09-30": "17.73750", "2010-06-30": "16.85200", "2010-03-31": "17.29270", "2009-12-31": "15.03550", "2009-09-30": "15.83940", "2009-06-30": "17.88800", "2009-03-31": "14.86280", "2008-12-31": "22.04810", "2008-09-30": "21.99130", "2008-06-30": "23.96090", "2008-03-31": "27.39990", "2007-12-31": "29.84670", "2007-09-30": "31.93660", "2007-06-30": "29.12420", "2007-03-31": "28.10720", "2006-12-31": "27.69340", "2006-09-30": "27.43190", "2006-06-30": "24.62940", "2006-03-31": "23.52650", "2005-12-31": "20.79280", "2005-09-30": "17.17910", "2005-06-30": "15.91720", "2005-03-31": "16.34070"}, "EBITDA Margin": {"2020-09-30": "", "2020-06-30": "", "2020-03-31": "", "2019-12-31": "", "2019-09-30": "", "2019-06-30": "", "2019-03-31": "", "2018-12-31": "", "2018-09-30": "", "2018-06-30": "", "2018-03-31": "", "2017-12-31": "", "2017-09-30": "", "2017-06-30": "", "2017-03-31": "", "2016-12-31": "", "2016-09-30": "", "2016-06-30": "", "2016-03-31": "", "2015-12-31": "", "2015-09-30": "", "2015-06-30": "", "2015-03-31": "", "2014-12-31": "", "2014-09-30": "", "2014-06-30": "", "2014-03-31": "", "2013-12-31": "", "2013-09-30": "", "2013-06-30": "", "2013-03-31": "", "2012-12-31": "", "2012-09-30": "", "2012-06-30": "", "2012-03-31": "", "2011-12-31": "", "2011-09-30": "", "2011-06-30": "", "2011-03-31": "", "2010-12-31": "", "2010-09-30": "", "2010-06-30": "", "2010-03-31": "", "2009-12-31": "", "2009-09-30": "", "2009-06-30": "", "2009-03-31": "", "2008-12-31": "", "2008-09-30": "", "2008-06-30": "", "2008-03-31": "", "2007-12-31": "", "2007-09-30": "", "2007-06-30": "", "2007-03-31": "", "2006-12-31": "", "2006-09-30": "", "2006-06-30": "", "2006-03-31": "", "2005-12-31": "", "2005-09-30": "", "2005-06-30": "", "2005-03-31": ""}, "Pre-Tax Profit Margin": {"2020-09-30": "11.55760", "2020-06-30": "10.55440", "2020-03-31": "11.55710", "2019-12-31": "17.86960", "2019-09-30": "16.38890", "2019-06-30": "17.10000", "2019-03-31": "18.66600", "2018-12-31": "16.56690", "2018-09-30": "17.83890", "2018-06-30": "16.81650", "2018-03-31": "17.87830", "2017-12-31": "17.61040", "2017-09-30": "16.11490", "2017-06-30": "16.65200", "2017-03-31": "10.07950", "2016-12-31": "13.57400", "2016-09-30": "16.27910", "2016-06-30": "14.76960", "2016-03-31": "14.47370", "2015-12-31": "13.07390", "2015-09-30": "17.46700", "2015-06-30": "14.92500", "2015-03-31": "13.38030", "2014-12-31": "15.52130", "2014-09-30": "15.65510", "2014-06-30": "14.41520", "2014-03-31": "12.70100", "2013-12-31": "14.79280", "2013-09-30": "13.78320", "2013-06-30": "11.32930", "2013-03-31": "13.61220", "2012-12-31": "12.93770", "2012-09-30": "10.73470", "2012-06-30": "12.36740", "2012-03-31": "12.12580", "2011-12-31": "13.10040", "2011-09-30": "14.22030", "2011-06-30": "9.33860", "2011-03-31": "14.33390", "2010-12-31": "15.26450", "2010-09-30": "13.03330", "2010-06-30": "12.48630", "2010-03-31": "12.56130", "2009-12-31": "9.55120", "2009-09-30": "8.38140", "2009-06-30": "12.04070", "2009-03-31": "1.05220", "2008-12-31": "13.89080", "2008-09-30": "10.37760", "2008-06-30": "14.23410", "2008-03-31": "12.11920", "2007-12-31": "10.94530", "2007-09-30": "11.39610", "2007-06-30": "13.35740", "2007-03-31": "12.59090", "2006-12-31": "13.21340", "2006-09-30": "11.34640", "2006-06-30": "13.50310", "2006-03-31": "14.44040", "2005-12-31": "12.39860", "2005-09-30": "12.57650", "2005-06-30": "9.68230", "2005-03-31": "10.63950"}, "Net Profit Margin": {"2020-09-30": "9.43570", "2020-06-30": "9.16840", "2020-03-31": "8.17210", "2019-12-31": "13.29020", "2019-09-30": "12.22220", "2019-06-30": "12.90000", "2019-03-31": "14.03980", "2018-12-31": "12.42520", "2018-09-30": "13.35370", "2018-06-30": "12.26860", "2018-03-31": "13.08560", "2017-12-31": "6.73840", "2017-09-30": "11.13310", "2017-06-30": "11.00500", "2017-03-31": "7.02940", "2016-12-31": "9.58730", "2016-09-30": "11.42070", "2016-06-30": "9.04860", "2016-03-31": "9.38380", "2015-12-31": "8.17380", "2015-09-30": "9.47310", "2015-06-30": "9.87570", "2015-03-31": "8.64400", "2014-12-31": "9.83270", "2014-09-30": "10.57510", "2014-06-30": "9.82680", "2014-03-31": "8.62540", "2013-12-31": "9.57570", "2013-09-30": "10.39220", "2013-06-30": "7.29410", "2013-03-31": "6.83240", "2012-12-31": "7.44350", "2012-09-30": "7.48760", "2012-06-30": "6.72140", "2012-03-31": "7.57860", "2011-12-31": "8.21250", "2011-09-30": "7.55270", "2011-06-30": "5.38880", "2011-03-31": "9.33570", "2010-12-31": "9.49470", "2010-09-30": "8.67190", "2010-06-30": "7.61290", "2010-03-31": "7.09890", "2009-12-31": "5.85110", "2009-09-30": "5.74830", "2009-06-30": "6.40530", "2009-03-31": "0.93720", "2008-12-31": "8.77980", "2008-09-30": "5.29570", "2008-06-30": "8.64770", "2008-03-31": "7.40770", "2007-12-31": "6.78280", "2007-09-30": "7.50570", "2007-06-30": "8.30780", "2007-03-31": "8.08850", "2006-12-31": "8.36990", "2006-09-30": "7.32200", "2006-06-30": "7.94410", "2006-03-31": "9.32260", "2005-12-31": "7.84030", "2005-09-30": "7.39080", "2005-06-30": "6.15200", "2005-03-31": "6.77240"}, "Asset Turnover": {"2020-09-30": "0.04660", "2020-06-30": "0.04200", "2020-03-31": "0.04150", "2019-12-31": "0.05000", "2019-09-30": "0.05560", "2019-06-30": "0.05170", "2019-03-31": "0.04870", "2018-12-31": "0.05200", "2018-09-30": "0.05240", "2018-06-30": "0.05200", "2018-03-31": "0.05150", "2017-12-31": "0.04890", "2017-09-30": "0.04970", "2017-06-30": "0.04970", "2017-03-31": "0.04860", "2016-12-31": "0.04830", "2016-09-30": "0.04740", "2016-06-30": "0.04810", "2016-03-31": "0.04830", "2015-12-31": "0.04830", "2015-09-30": "0.05170", "2015-06-30": "0.05440", "2015-03-31": "0.05260", "2014-12-31": "0.05280", "2014-09-30": "0.05620", "2014-06-30": "0.05380", "2014-03-31": "0.05270", "2013-12-31": "0.05510", "2013-09-30": "0.04960", "2013-06-30": "0.05120", "2013-03-31": "0.05150", "2012-12-31": "0.05110", "2012-09-30": "0.05170", "2012-06-30": "0.05270", "2012-03-31": "0.04620", "2011-12-31": "0.04460", "2011-09-30": "0.04630", "2011-06-30": "0.05390", "2011-03-31": "0.05670", "2010-12-31": "0.05590", "2010-09-30": "0.04270", "2010-06-30": "0.05130", "2010-03-31": "0.04910", "2009-12-31": "0.04780", "2009-09-30": "0.03720", "2009-06-30": "0.03570", "2009-03-31": "0.03270", "2008-12-31": "0.03810", "2008-09-30": "0.03670", "2008-06-30": "0.04420", "2008-03-31": "0.04460", "2007-12-31": "0.04850", "2007-09-30": "0.05160", "2007-06-30": "0.05250", "2007-03-31": "0.05210", "2006-12-31": "0.05780", "2006-09-30": "0.06040", "2006-06-30": "0.06620", "2006-03-31": "0.06550", "2005-12-31": "0.06300", "2005-09-30": "0.07230", "2005-06-30": "0.06700", "2005-03-31": "0.06490"}, "Inventory Turnover Ratio": {"2020-09-30": "", "2020-06-30": "", "2020-03-31": "", "2019-12-31": "", "2019-09-30": "", "2019-06-30": "", "2019-03-31": "", "2018-12-31": "", "2018-09-30": "", "2018-06-30": "", "2018-03-31": "", "2017-12-31": "", "2017-09-30": "", "2017-06-30": "", "2017-03-31": "", "2016-12-31": "", "2016-09-30": "", "2016-06-30": "", "2016-03-31": "", "2015-12-31": "", "2015-09-30": "", "2015-06-30": "", "2015-03-31": "", "2014-12-31": "", "2014-09-30": "", "2014-06-30": "", "2014-03-31": "", "2013-12-31": "", "2013-09-30": "", "2013-06-30": "", "2013-03-31": "", "2012-12-31": "", "2012-09-30": "", "2012-06-30": "", "2012-03-31": "", "2011-12-31": "", "2011-09-30": "", "2011-06-30": "", "2011-03-31": "", "2010-12-31": "", "2010-09-30": "", "2010-06-30": "", "2010-03-31": "", "2009-12-31": "", "2009-09-30": "", "2009-06-30": "", "2009-03-31": "", "2008-12-31": "", "2008-09-30": "", "2008-06-30": "", "2008-03-31": "", "2007-12-31": "", "2007-09-30": "", "2007-06-30": "", "2007-03-31": "", "2006-12-31": "", "2006-09-30": "", "2006-06-30": "", "2006-03-31": "", "2005-12-31": "", "2005-09-30": "", "2005-06-30": "", "2005-03-31": ""}, "Receiveable Turnover": {"2020-09-30": "0.50640", "2020-06-30": "0.42390", "2020-03-31": "0.43410", "2019-12-31": "0.46950", "2019-09-30": "0.48170", "2019-06-30": "0.44900", "2019-03-31": "0.41160", "2018-12-31": "0.43120", "2018-09-30": "0.38340", "2018-06-30": "0.39920", "2018-03-31": "0.39750", "2017-12-31": "0.39970", "2017-09-30": "0.37990", "2017-06-30": "0.37640", "2017-03-31": "0.37030", "2016-12-31": "0.36070", "2016-09-30": "0.32830", "2016-06-30": "0.40030", "2016-03-31": "0.38020", "2015-12-31": "0.41820", "2015-09-30": "0.41180", "2015-06-30": "0.41350", "2015-03-31": "0.44030", "2014-12-31": "0.43150", "2014-09-30": "0.40920", "2014-06-30": "0.40580", "2014-03-31": "0.40370", "2013-12-31": "0.42900", "2013-09-30": "0.37800", "2013-06-30": "0.36510", "2013-03-31": "0.35910", "2012-12-31": "0.38730", "2012-09-30": "0.34540", "2012-06-30": "0.30700", "2012-03-31": "0.37280", "2011-12-31": "0.35070", "2011-09-30": "0.35530", "2011-06-30": "0.34550", "2011-03-31": "0.35770", "2010-12-31": "0.37370", "2010-09-30": "0.33740", "2010-06-30": "0.35550", "2010-03-31": "0.35030", "2009-12-31": "0.34950", "2009-09-30": "0.33210", "2009-06-30": "0.32930", "2009-03-31": "0.34400", "2008-12-31": "0.39980", "2008-09-30": "0.31900", "2008-06-30": "0.33060", "2008-03-31": "0.36330", "2007-12-31": "0.35520", "2007-09-30": "0.37310", "2007-06-30": "0.33490", "2007-03-31": "0.34380", "2006-12-31": "0.35250", "2006-09-30": "0.34680", "2006-06-30": "0.35100", "2006-03-31": "0.33530", "2005-12-31": "0.31840", "2005-09-30": "0.34030", "2005-06-30": "0.21150", "2005-03-31": "0.21200"}, "Days Sales In Receivables": {"2020-09-30": "177.72460", "2020-06-30": "212.33480", "2020-03-31": "207.33070", "2019-12-31": "191.69240", "2019-09-30": "186.83330", "2019-06-30": "200.43000", "2019-03-31": "218.63370", "2018-12-31": "208.74250", "2018-09-30": "234.72480", "2018-06-30": "225.44240", "2018-03-31": "226.42280", "2017-12-31": "225.14870", "2017-09-30": "236.88390", "2017-06-30": "239.13320", "2017-03-31": "243.05010", "2016-12-31": "249.51230", "2016-09-30": "274.11440", "2016-06-30": "224.83280", "2016-03-31": "236.72160", "2015-12-31": "215.18860", "2015-09-30": "218.53510", "2015-06-30": "217.64380", "2015-03-31": "204.41580", "2014-12-31": "208.56390", "2014-09-30": "219.92470", "2014-06-30": "221.76350", "2014-03-31": "222.93630", "2013-12-31": "209.80140", "2013-09-30": "238.08160", "2013-06-30": "246.52600", "2013-03-31": "250.60510", "2012-12-31": "232.36590", "2012-09-30": "260.54760", "2012-06-30": "293.13140", "2012-03-31": "241.39620", "2011-12-31": "256.62940", "2011-09-30": "253.33890", "2011-06-30": "260.46840", "2011-03-31": "251.62400", "2010-12-31": "240.83960", "2010-09-30": "266.77390", "2010-06-30": "253.15660", "2010-03-31": "256.92280", "2009-12-31": "257.51620", "2009-09-30": "271.02370", "2009-06-30": "273.31230", "2009-03-31": "261.63460", "2008-12-31": "225.08800", "2008-09-30": "282.11940", "2008-06-30": "272.25920", "2008-03-31": "247.73770", "2007-12-31": "253.41180", "2007-09-30": "241.20750", "2007-06-30": "268.74950", "2007-03-31": "261.76630", "2006-12-31": "255.34390", "2006-09-30": "259.48210", "2006-06-30": "256.41910", "2006-03-31": "268.37810", "2005-12-31": "282.64430", "2005-09-30": "264.49600", "2005-06-30": "425.43300", "2005-03-31": "424.51550"}, "ROE - Return On Equity": {"2020-09-30": "2.91250", "2020-06-30": "2.45190", "2020-03-31": "2.47290", "2019-12-31": "3.88240", "2019-09-30": "3.98920", "2019-06-30": "3.94580", "2019-03-31": "4.05590", "2018-12-31": "4.00000", "2018-09-30": "4.07630", "2018-06-30": "3.71200", "2018-03-31": "4.02170", "2017-12-31": "2.05070", "2017-09-30": "3.41450", "2017-06-30": "3.36960", "2017-03-31": "2.03720", "2016-12-31": "2.83790", "2016-09-30": "3.51880", "2016-06-30": "2.65500", "2016-03-31": "2.49810", "2015-12-31": "2.19610", "2015-09-30": "3.37240", "2015-06-30": "2.66230", "2015-03-31": "2.33830", "2014-12-31": "2.67730", "2014-09-30": "2.91330", "2014-06-30": "2.55910", "2014-03-31": "2.18840", "2013-12-31": "2.82430", "2013-09-30": "2.85200", "2013-06-30": "2.08260", "2013-03-31": "2.76710", "2012-12-31": "2.46470", "2012-09-30": "2.07590", "2012-06-30": "2.49800", "2012-03-31": "1.91090", "2011-12-31": "2.06290", "2011-09-30": "2.12170", "2011-06-30": "1.71710", "2011-03-31": "2.79910", "2010-12-31": "2.86820", "2010-09-30": "2.43320", "2010-06-30": "2.37330", "2010-03-31": "2.51190", "2009-12-31": "1.75420", "2009-09-30": "1.69780", "2009-06-30": "2.39420", "2009-03-31": "-0.03160", "2008-12-31": "3.00660", "2008-09-30": "2.37810", "2008-06-30": "3.78580", "2008-03-31": "3.37360", "2007-12-31": "3.11470", "2007-09-30": "3.58210", "2007-06-30": "4.06820", "2007-03-31": "3.72820", "2006-12-31": "3.88480", "2006-09-30": "3.47900", "2006-06-30": "3.93300", "2006-03-31": "4.45970", "2005-12-31": "3.42720", "2005-09-30": "3.60150", "2005-06-30": "2.71550", "2005-03-31": "2.99010"}, "Return On Tangible Equity": {"2020-09-30": "3.17820", "2020-06-30": "2.68210", "2020-03-31": "2.71220", "2019-12-31": "4.25800", "2019-09-30": "4.39320", "2019-06-30": "4.36840", "2019-03-31": "4.49610", "2018-12-31": "4.45280", "2018-09-30": "4.52430", "2018-06-30": "4.13680", "2018-03-31": "4.50380", "2017-12-31": "2.31000", "2017-09-30": "3.73840", "2017-06-30": "3.70280", "2017-03-31": "2.24640", "2016-12-31": "3.13900", "2016-09-30": "3.90700", "2016-06-30": "2.87670", "2016-03-31": "2.70730", "2015-12-31": "2.37700", "2015-09-30": "3.66070", "2015-06-30": "2.87730", "2015-03-31": "2.52890", "2014-12-31": "2.90170", "2014-09-30": "3.16640", "2014-06-30": "2.78940", "2014-03-31": "2.39180", "2013-12-31": "3.09410", "2013-09-30": "3.13540", "2013-06-30": "2.29770", "2013-03-31": "3.05180", "2012-12-31": "2.73340", "2012-09-30": "2.30180", "2012-06-30": "2.71510", "2012-03-31": "1.95200", "2011-12-31": "2.11420", "2011-09-30": "2.17620", "2011-06-30": "1.76130", "2011-03-31": "2.86260", "2010-12-31": "2.93580", "2010-09-30": "2.49330", "2010-06-30": "2.43510", "2010-03-31": "2.57920", "2009-12-31": "1.80290", "2009-09-30": "1.74670", "2009-06-30": "2.47300", "2009-03-31": "-0.03270", "2008-12-31": "3.11100", "2008-09-30": "2.45990", "2008-06-30": "3.91850", "2008-03-31": "3.49710", "2007-12-31": "3.22650", "2007-09-30": "3.71430", "2007-06-30": "4.22560", "2007-03-31": "3.87980", "2006-12-31": "4.05060", "2006-09-30": "3.63440", "2006-06-30": "4.11120", "2006-03-31": "4.67150", "2005-12-31": "3.59830", "2005-09-30": "3.79260", "2005-06-30": "2.86580", "2005-03-31": "3.16060"}, "ROA - Return On Assets": {"2020-09-30": "0.44020", "2020-06-30": "0.38490", "2020-03-31": "0.33930", "2019-12-31": "0.66740", "2019-09-30": "0.68250", "2019-06-30": "0.66960", "2019-03-31": "0.68370", "2018-12-31": "0.64600", "2018-09-30": "0.70300", "2018-06-30": "0.63800", "2018-03-31": "0.67440", "2017-12-31": "0.32980", "2017-09-30": "0.55730", "2017-06-30": "0.55440", "2017-03-31": "0.32960", "2016-12-31": "0.46640", "2016-09-30": "0.56580", "2016-06-30": "0.45970", "2016-03-31": "0.43900", "2015-12-31": "0.40160", "2015-09-30": "0.60980", "2015-06-30": "0.50930", "2015-03-31": "0.43570", "2014-12-31": "0.50320", "2014-09-30": "0.55370", "2014-06-30": "0.47840", "2014-03-31": "0.40270", "2013-12-31": "0.53150", "2013-09-30": "0.49180", "2013-06-30": "0.36330", "2013-03-31": "0.47610", "2012-12-31": "0.42150", "2012-09-30": "0.36100", "2012-06-30": "0.42260", "2012-03-31": "0.33860", "2011-12-31": "0.34160", "2011-09-30": "0.34310", "2011-06-30": "0.30530", "2011-03-31": "0.51630", "2010-12-31": "0.52500", "2010-09-30": "0.35330", "2010-06-30": "0.39330", "2010-03-31": "0.39390", "2009-12-31": "0.27650", "2009-09-30": "0.20800", "2009-06-30": "0.26350", "2009-03-31": "-0.00330", "2008-12-31": "0.30680", "2008-09-30": "0.21630", "2008-06-30": "0.38260", "2008-03-31": "0.33070", "2007-12-31": "0.32890", "2007-09-30": "0.38740", "2007-06-30": "0.43620", "2007-03-31": "0.42160", "2006-12-31": "0.48380", "2006-09-30": "0.44220", "2006-06-30": "0.52610", "2006-03-31": "0.61090", "2005-12-31": "0.49400", "2005-09-30": "0.53440", "2005-06-30": "0.41230", "2005-03-31": "0.43970"}, "ROI - Return On Investment": {"2020-09-30": "1.99010", "2020-06-30": "1.66300", "2020-03-31": "1.65750", "2019-12-31": "2.77490", "2019-09-30": "2.81910", "2019-06-30": "2.77480", "2019-03-31": "2.85930", "2018-12-31": "2.70510", "2018-09-30": "2.87490", "2018-06-30": "2.66670", "2018-03-31": "2.86120", "2017-12-31": "1.33940", "2017-09-30": "2.13320", "2017-06-30": "2.27310", "2017-03-31": "1.46210", "2016-12-31": "1.89330", "2016-09-30": "2.27590", "2016-06-30": "1.96330", "2016-03-31": "1.83030", "2015-12-31": "1.61270", "2015-09-30": "2.42620", "2015-06-30": "1.90330", "2015-03-31": "1.64870", "2014-12-31": "1.91050", "2014-09-30": "2.04270", "2014-06-30": "1.80730", "2014-03-31": "1.66440", "2013-12-31": "2.13770", "2013-09-30": "2.13550", "2013-06-30": "1.54420", "2013-03-31": "2.01820", "2012-12-31": "1.80110", "2012-09-30": "1.50060", "2012-06-30": "1.79080", "2012-03-31": "1.28950", "2011-12-31": "1.67000", "2011-09-30": "1.70480", "2011-06-30": "1.37560", "2011-03-31": "2.40400", "2010-12-31": "2.42810", "2010-09-30": "1.13110", "2010-06-30": "1.97520", "2010-03-31": "2.08500", "2009-12-31": "1.44730", "2009-09-30": "1.03550", "2009-06-30": "2.17440", "2009-03-31": "-0.02690", "2008-12-31": "2.64380", "2008-09-30": "1.06700", "2008-06-30": "3.09260", "2008-03-31": "2.70460", "2007-12-31": "2.76010", "2007-09-30": "3.15320", "2007-06-30": "2.91210", "2007-03-31": "2.67530", "2006-12-31": "2.85900", "2006-09-30": "2.83070", "2006-06-30": "2.64750", "2006-03-31": "2.96140", "2005-12-31": "2.57430", "2005-09-30": "2.91730", "2005-06-30": "2.42680", "2005-03-31": "2.64020"}, "Book Value Per Share": {"2020-09-30": "52.54950", "2020-06-30": "51.19470", "2020-03-31": "49.96090", "2019-12-31": "49.68440", "2019-09-30": "48.19290", "2019-06-30": "46.99750", "2019-03-31": "45.82060", "2018-12-31": "44.26920", "2018-09-30": "44.30040", "2018-06-30": "42.88050", "2018-03-31": "41.51250", "2017-12-31": "39.97820", "2017-09-30": "39.51050", "2017-06-30": "38.23870", "2017-03-31": "37.11930", "2016-12-31": "36.41360", "2016-09-30": "35.76940", "2016-06-30": "35.34440", "2016-03-31": "34.56530", "2015-12-31": "34.23750", "2015-09-30": "33.52780", "2015-06-30": "33.02780", "2015-03-31": "32.58350", "2014-12-31": "32.06270", "2014-09-30": "31.39630", "2014-06-30": "30.62710", "2014-03-31": "29.93340", "2013-12-31": "29.42650", "2013-09-30": "28.65020", "2013-06-30": "27.83230", "2013-03-31": "28.12730", "2012-12-31": "27.49870", "2012-09-30": "26.71960", "2012-06-30": "26.06090", "2012-03-31": "24.87930", "2011-12-31": "23.54650", "2011-09-30": "23.03550", "2011-06-30": "22.63710", "2011-03-31": "22.33190", "2010-12-31": "21.69380", "2010-09-30": "20.82460", "2010-06-30": "19.85090", "2010-03-31": "19.32840", "2009-12-31": "18.71810", "2009-09-30": "18.14600", "2009-06-30": "15.99440", "2009-03-31": "15.50730", "2008-12-31": "15.40220", "2008-09-30": "15.66620", "2008-06-30": "15.44200", "2008-03-31": "14.86250", "2007-12-31": "14.93310", "2007-09-30": "14.66090", "2007-06-30": "14.05770", "2007-03-31": "13.45440", "2006-12-31": "12.94860", "2006-09-30": "12.57770", "2006-06-30": "12.44310", "2006-03-31": "12.14840", "2005-12-31": "11.45530", "2005-09-30": "10.99290", "2005-06-30": "10.58540", "2005-03-31": "10.33460"}, "Operating Cash Flow Per Share": {"2020-09-30": 9.8699, "2020-06-30": -1.8117, "2020-03-31": 16.9989, "2019-12-31": "3.85870", "2019-09-30": 4.7102, "2019-06-30": -0.8423, "2019-03-31": -1.3885, "2018-12-31": "1.52750", "2018-09-30": 4.4416, "2018-06-30": -2.5678, "2018-03-31": 1.2215, "2017-12-31": "2.84560", "2017-09-30": -9.881, "2017-06-30": 1.9752, "2017-03-31": 1.5113, "2016-12-31": "5.54180", "2016-09-30": -3.6863, "2016-06-30": 0.1184, "2016-03-31": -2.0961, "2015-12-31": "1.69680", "2015-09-30": 2.9852, "2015-06-30": 0.5663, "2015-03-31": 0.957, "2014-12-31": "1.64950", "2014-09-30": 0.4033, "2014-06-30": 2.2051, "2014-03-31": 0.8108, "2013-12-31": "0.11580", "2013-09-30": 1.7693, "2013-06-30": 1.6747, "2013-03-31": -0.4651, "2012-12-31": "1.71590", "2012-09-30": 1.39, "2012-06-30": 1.0503, "2012-03-31": 0.6903, "2011-12-31": "-0.16160", "2011-09-30": 3.8926, "2011-06-30": -0.3968, "2011-03-31": -0.7848, "2010-12-31": "9.97620", "2010-09-30": -8.6939, "2010-06-30": 0.5902, "2010-03-31": 0.7273, "2009-12-31": "-1.16420", "2009-09-30": -0.2376, "2009-06-30": 1.9466, "2009-03-31": -0.8682, "2008-12-31": "2.34930", "2008-09-30": 0.8664, "2008-06-30": 0.5004, "2008-03-31": -0.0646, "2007-12-31": "0.63710", "2007-09-30": 5.6046, "2007-06-30": -0.7486, "2007-03-31": 1.0646, "2006-12-31": "-2.13880", "2006-09-30": 0.4866, "2006-06-30": 0.8103, "2006-03-31": -0.1655, "2005-12-31": "-1.14640", "2005-09-30": 0.548, "2005-06-30": 1.3733, "2005-03-31": 0.9051}, "Free Cash Flow Per Share": {"2020-09-30": 9.6813, "2020-06-30": -2.0043, "2020-03-31": 16.7502, "2019-12-31": "3.60420", "2019-09-30": 4.4622, "2019-06-30": -1.1426, "2019-03-31": -1.6152, "2018-12-31": "1.34420", "2018-09-30": 4.1835, "2018-06-30": -2.7405, "2018-03-31": 0.9945, "2017-12-31": "2.60280", "2017-09-30": -10.1388, "2017-06-30": 1.7753, "2017-03-31": 1.211, "2016-12-31": "5.00380", "2016-09-30": -3.9277, "2016-06-30": -0.0786, "2016-03-31": -2.2772, "2015-12-31": "1.47390", "2015-09-30": 2.8301, "2015-06-30": 0.4165, "2015-03-31": 0.8439, "2014-12-31": "1.55970", "2014-09-30": 0.2907, "2014-06-30": 2.1169, "2014-03-31": 0.6817, "2013-12-31": "0.02680", "2013-09-30": 1.7163, "2013-06-30": 1.5427, "2013-03-31": -0.6622, "2012-12-31": "1.57940", "2012-09-30": 1.1938, "2012-06-30": 0.897, "2012-03-31": 0.5619, "2011-12-31": "-0.27190", "2011-09-30": 3.817, "2011-06-30": -0.4945, "2011-03-31": -0.8362, "2010-12-31": "9.89800", "2010-09-30": -8.7305, "2010-06-30": 0.5511, "2010-03-31": 0.6655, "2009-12-31": "-1.21310", "2009-09-30": -0.2948, "2009-06-30": 1.898, "2009-03-31": -0.9356, "2008-12-31": "2.21950", "2008-09-30": 0.7296, "2008-06-30": 0.366, "2008-03-31": -0.1599, "2007-12-31": "0.56790", "2007-09-30": 5.4687, "2007-06-30": -0.833, "2007-03-31": 0.9962, "2006-12-31": "-2.23830", "2006-09-30": 0.4425, "2006-06-30": 0.7461, "2006-03-31": -0.1972, "2005-12-31": "-1.24210", "2005-09-30": 0.4487, "2005-06-30": 1.3159, "2005-03-31": 0.795}}, "revenue": {"Raymond James Financial Annual Revenue (Millions of US $)": {"2020": "$8,168", "2019": "$8,023", "2018": "$7,476", "2017": "$6,525", "2016": "$5,521", "2015": "$5,310", "2014": "$4,965", "2013": "$4,596", "2012": "$3,898", "2011": "$3,400", "2010": "$2,980", "2009": "$2,603", "2008": "$3,205", "2007": "$3,110", "2006": "$2,646", "2005": "$2,168"}, "Raymond James Financial Quarterly Revenue (Millions of US $)": {"2020-12-31": "$2,222", "2020-09-30": "$2,164", "2020-06-30": "$1,876", "2020-03-31": "$2,068", "2019-12-31": "$2,060", "2019-09-30": "$2,160", "2019-06-30": "$2,000", "2019-03-31": "$1,859", "2018-12-31": "$2,004", "2018-09-30": "$1,962", "2018-06-30": "$1,891", "2018-03-31": "$1,857", "2017-12-31": "$1,766", "2017-09-30": "$1,733", "2017-06-30": "$1,663", "2017-03-31": "$1,600", "2016-12-31": "$1,529", "2016-09-30": "$1,492", "2016-06-30": "$1,387", "2016-03-31": "$1,341", "2015-12-31": "$1,301", "2015-09-30": "$1,368", "2015-06-30": "$1,349", "2015-03-31": "$1,313", "2014-12-31": "$1,280", "2014-09-30": "$1,311", "2014-06-30": "$1,241", "2014-03-31": "$1,205", "2013-12-31": "$1,209", "2013-09-30": "$1,150", "2013-06-30": "$1,138", "2013-03-31": "$1,170", "2012-12-31": "$1,138", "2012-09-30": "$1,093", "2012-06-30": "$1,116", "2012-03-31": "$890", "2011-12-31": "$799", "2011-09-30": "$835", "2011-06-30": "$868", "2011-03-31": "$867", "2010-12-31": "$830", "2010-09-30": "$763", "2010-06-30": "$764", "2010-03-31": "$750", "2009-12-31": "$703", "2009-09-30": "$678", "2009-06-30": "$637", "2009-03-31": "$592", "2008-12-31": "$696", "2008-09-30": "$760", "2008-06-30": "$809", "2008-03-31": "$807", "2007-12-31": "$829", "2007-09-30": "$839", "2007-06-30": "$823", "2007-03-31": "$738", "2006-12-31": "$710", "2006-09-30": "$696", "2006-06-30": "$715", "2006-03-31": "$660", "2005-12-31": "$575", "2005-09-30": "$605", "2005-06-30": "$526", "2005-03-31": "$512"}}, "gross-profit": {"Raymond James Financial Annual Gross Profit (Millions of US $)": {"2020": "$8,168", "2019": "$8,023", "2018": "$7,476", "2017": "$6,525", "2016": "$5,521", "2015": "$5,267", "2014": "$4,926", "2013": "$4,556", "2012": "$3,858", "2011": "$3,361", "2010": "$2,944", "2009": "$2,569", "2008": "$3,174", "2007": "$3,079", "2006": "$2,617", "2005": "$2,144"}, "Raymond James Financial Quarterly Gross Profit (Millions of US $)": {"2020-12-31": "$2,222", "2020-09-30": "$2,164", "2020-06-30": "$1,876", "2020-03-31": "$2,068", "2019-12-31": "$2,060", "2019-09-30": "$2,160", "2019-06-30": "$2,000", "2019-03-31": "$1,859", "2018-12-31": "$2,004", "2018-09-30": "$1,962", "2018-06-30": "$1,891", "2018-03-31": "$1,857", "2017-12-31": "$1,766", "2017-09-30": "$1,733", "2017-06-30": "$1,663", "2017-03-31": "$1,600", "2016-12-31": "$1,529", "2016-09-30": "$1,492", "2016-06-30": "$1,377", "2016-03-31": "$1,331", "2015-12-31": "$1,291", "2015-09-30": "$1,358", "2015-06-30": "$1,339", "2015-03-31": "$1,299", "2014-12-31": "$1,270", "2014-09-30": "$1,300", "2014-06-30": "$1,232", "2014-03-31": "$1,195", "2013-12-31": "$1,199", "2013-09-30": "$1,141", "2013-06-30": "$1,128", "2013-03-31": "$1,159", "2012-12-31": "$1,127", "2012-09-30": "$1,082", "2012-06-30": "$1,105", "2012-03-31": "$881", "2011-12-31": "$791", "2011-09-30": "$826", "2011-06-30": "$858", "2011-03-31": "$857", "2010-12-31": "$820", "2010-09-30": "$755", "2010-06-30": "$754", "2010-03-31": "$741", "2009-12-31": "$694", "2009-09-30": "$669", "2009-06-30": "$629", "2009-03-31": "$584", "2008-12-31": "$687", "2008-09-30": "$752", "2008-06-30": "$801", "2008-03-31": "$800", "2007-12-31": "$821", "2007-09-30": "$831", "2007-06-30": "$815", "2007-03-31": "$731", "2006-12-31": "$702", "2006-09-30": "$687", "2006-06-30": "$706", "2006-03-31": "$655", "2005-12-31": "$570", "2005-09-30": "$599", "2005-06-30": "$520", "2005-03-31": "$507"}}, "operating-income": {"Raymond James Financial Annual Operating Income (Millions of US $)": {"2020": "$1,516", "2019": "$1,695", "2018": "$1,537", "2017": "$1,092", "2016": "$997", "2015": "$944", "2014": "$834", "2013": "$707", "2012": "$644", "2011": "$592", "2010": "$499", "2009": "$463", "2008": "$830", "2007": "$912", "2006": "$642", "2005": "$363"}, "Raymond James Financial Quarterly Operating Income (Millions of US $)": {"2020-12-31": "$415", "2020-09-30": "$439", "2020-06-30": "$321", "2020-03-31": "$348", "2019-12-31": "$408", "2019-09-30": "$497", "2019-06-30": "$410", "2019-03-31": "$352", "2018-12-31": "$436", "2018-09-30": "$423", "2018-06-30": "$377", "2018-03-31": "$385", "2017-12-31": "$352", "2017-09-30": "$305", "2017-06-30": "$325", "2017-03-31": "$207", "2016-12-31": "$255", "2016-09-30": "$302", "2016-06-30": "$250", "2016-03-31": "$233", "2015-12-31": "$213", "2015-09-30": "$276", "2015-06-30": "$226", "2015-03-31": "$206", "2014-12-31": "$235", "2014-09-30": "$236", "2014-06-30": "$210", "2014-03-31": "$181", "2013-12-31": "$206", "2013-09-30": "$166", "2013-06-30": "$155", "2013-03-31": "$190", "2012-12-31": "$195", "2012-09-30": "$188", "2012-06-30": "$198", "2012-03-31": "$131", "2011-12-31": "$128", "2011-09-30": "$137", "2011-06-30": "$152", "2011-03-31": "$148", "2010-12-31": "$154", "2010-09-30": "$135", "2010-06-30": "$129", "2010-03-31": "$130", "2009-12-31": "$106", "2009-09-30": "$107", "2009-06-30": "$114", "2009-03-31": "$88", "2008-12-31": "$153", "2008-09-30": "$167", "2008-06-30": "$194", "2008-03-31": "$221", "2007-12-31": "$247", "2007-09-30": "$268", "2007-06-30": "$240", "2007-03-31": "$208", "2006-12-31": "$197", "2006-09-30": "$191", "2006-06-30": "$176", "2006-03-31": "$155", "2005-12-31": "$120", "2005-09-30": "$104", "2005-06-30": "$84", "2005-03-31": "$84"}}, "ebitda": {"Raymond James Financial Annual EBITDA (Millions of US $)": {"2020": "$1,692", "2019": "$1,821", "2018": "$1,657", "2017": "$1,133", "2016": "$1,044", "2015": "$970", "2014": "$875", "2013": "$693", "2012": "$660", "2011": "$619", "2010": "$524", "2009": "$485", "2008": "$840", "2007": "$926", "2006": "$661", "2005": "$380"}, "Raymond James Financial Quarterly EBITDA (Millions of US $)": {"2020-09-30": "$474", "2020-06-30": "$361", "2020-03-31": "$411", "2019-12-31": "$446", "2019-09-30": "$528", "2019-06-30": "$445", "2019-03-31": "$383", "2018-12-31": "$465", "2018-09-30": "$468", "2018-06-30": "$420", "2018-03-31": "$394", "2017-12-31": "$375", "2017-09-30": "$307", "2017-06-30": "$342", "2017-03-31": "$219", "2016-12-31": "$265", "2016-09-30": "$313", "2016-06-30": "$254", "2016-03-31": "$244", "2015-12-31": "$233", "2015-09-30": "$294", "2015-06-30": "$222", "2015-03-31": "$209", "2014-12-31": "$245", "2014-09-30": "$251", "2014-06-30": "$222", "2014-03-31": "$186", "2013-12-31": "$216", "2013-09-30": "$184", "2013-06-30": "$161", "2013-03-31": "$141", "2012-12-31": "$207", "2012-09-30": "$187", "2012-06-30": "$208", "2012-03-31": "$129", "2011-12-31": "$137", "2011-09-30": "$146", "2011-06-30": "$153", "2011-03-31": "$157", "2010-12-31": "$164", "2010-09-30": "$144", "2010-06-30": "$133", "2010-03-31": "$129", "2009-12-31": "$118", "2009-09-30": "$114", "2009-06-30": "$114", "2009-03-31": "$97", "2008-12-31": "$161", "2008-09-30": "$175", "2008-06-30": "$184", "2008-03-31": "$229", "2007-12-31": "$252", "2007-09-30": "$266", "2007-06-30": "$245", "2007-03-31": "$213", "2006-12-31": "$202", "2006-09-30": "$196", "2006-06-30": "$181", "2006-03-31": "$160", "2005-12-31": "$124", "2005-09-30": "$110", "2005-06-30": "$87", "2005-03-31": "$88"}}, "net-income": {"Raymond James Financial Annual Net Income (Millions of US $)": {"2020": "$817", "2019": "$1,032", "2018": "$856", "2017": "$635", "2016": "$528", "2015": "$502", "2014": "$480", "2013": "$367", "2012": "$290", "2011": "$270", "2010": "$219", "2009": "$146", "2008": "$226", "2007": "$250", "2006": "$214", "2005": "$151"}, "Raymond James Financial Quarterly Net Income (Millions of US $)": {"2020-12-31": "$312", "2020-09-30": "$209", "2020-06-30": "$172", "2020-03-31": "$169", "2019-12-31": "$267", "2019-09-30": "$264", "2019-06-30": "$258", "2019-03-31": "$261", "2018-12-31": "$249", "2018-09-30": "$262", "2018-06-30": "$232", "2018-03-31": "$243", "2017-12-31": "$119", "2017-09-30": "$193", "2017-06-30": "$183", "2017-03-31": "$112", "2016-12-31": "$147", "2016-09-30": "$170", "2016-06-30": "$126", "2016-03-31": "$126", "2015-12-31": "$106", "2015-09-30": "$130", "2015-06-30": "$133", "2015-03-31": "$113", "2014-12-31": "$126", "2014-09-30": "$139", "2014-06-30": "$122", "2014-03-31": "$104", "2013-12-31": "$116", "2013-09-30": "$120", "2013-06-30": "$83", "2013-03-31": "$80", "2012-12-31": "$85", "2012-09-30": "$82", "2012-06-30": "$75", "2012-03-31": "$67", "2011-12-31": "$66", "2011-09-30": "$63", "2011-06-30": "$47", "2011-03-31": "$81", "2010-12-31": "$79", "2010-09-30": "$66", "2010-06-30": "$58", "2010-03-31": "$53", "2009-12-31": "$41", "2009-09-30": "$39", "2009-06-30": "$41", "2009-03-31": "$6", "2008-12-31": "$61", "2008-09-30": "$40", "2008-06-30": "$70", "2008-03-31": "$60", "2007-12-31": "$56", "2007-09-30": "$63", "2007-06-30": "$68", "2007-03-31": "$60", "2006-12-31": "$59", "2006-09-30": "$51", "2006-06-30": "$57", "2006-03-31": "$62", "2005-12-31": "$45", "2005-09-30": "$45", "2005-06-30": "$32", "2005-03-31": "$35"}}, "eps-earnings-per-share-diluted": {"Raymond James Financial Annual EPS": {"2020": "$5.83", "2019": "$7.17", "2018": "$5.75", "2017": "$4.33", "2016": "$3.65", "2015": "$3.43", "2014": "$3.32", "2013": "$2.58", "2012": "$2.20", "2011": "$2.19", "2010": "$1.83", "2009": "$1.25", "2008": "$1.93", "2007": "$2.11", "2006": "$1.85", "2005": "$1.33"}, "Raymond James Financial Quarterly EPS": {"2020-12-31": "$2.23", "2020-09-30": "$1.51", "2020-06-30": "$1.23", "2020-03-31": "$1.20", "2019-12-31": "$1.89", "2019-09-30": "$1.87", "2019-06-30": "$1.80", "2019-03-31": "$1.81", "2018-12-31": "$1.69", "2018-09-30": "$1.77", "2018-06-30": "$1.55", "2018-03-31": "$1.63", "2017-12-31": "$0.80", "2017-09-30": "$1.32", "2017-06-30": "$1.24", "2017-03-31": "$0.77", "2016-12-31": "$1.00", "2016-09-30": "$1.18", "2016-06-30": "$0.87", "2016-03-31": "$0.87", "2015-12-31": "$0.73", "2015-09-30": "$0.88", "2015-06-30": "$0.91", "2015-03-31": "$0.77", "2014-12-31": "$0.87", "2014-09-30": "$0.94", "2014-06-30": "$0.85", "2014-03-31": "$0.72", "2013-12-31": "$0.81", "2013-09-30": "$0.82", "2013-06-30": "$0.59", "2013-03-31": "$0.56", "2012-12-31": "$0.61", "2012-09-30": "$0.60", "2012-06-30": "$0.55", "2012-03-31": "$0.52", "2011-12-31": "$0.53", "2011-09-30": "$0.53", "2011-06-30": "$0.37", "2011-03-31": "$0.64", "2010-12-31": "$0.65", "2010-09-30": "$0.55", "2010-06-30": "$0.48", "2010-03-31": "$0.45", "2009-12-31": "$0.35", "2009-09-30": "$0.35", "2009-06-30": "$0.35", "2009-03-31": "$0.05", "2008-12-31": "$0.50", "2008-09-30": "$0.37", "2008-06-30": "$0.59", "2008-03-31": "$0.50", "2007-12-31": "$0.47", "2007-09-30": "$0.54", "2007-06-30": "$0.57", "2007-03-31": "$0.50", "2006-12-31": "$0.50", "2006-09-30": "$0.44", "2006-06-30": "$0.48", "2006-03-31": "$0.53", "2005-12-31": "$0.40", "2005-09-30": "$0.39", "2005-06-30": "$0.29", "2005-03-31": "$0.30"}}, "shares-outstanding": {"Raymond James Financial Annual Shares Outstanding (Millions of Shares)": {"2020": "140", "2019": "144", "2018": "149", "2017": "147", "2016": "145", "2015": "146", "2014": "144", "2013": "141", "2012": "132", "2011": "123", "2010": "120", "2009": "117", "2008": "117", "2007": "119", "2006": "116", "2005": "113"}, "Raymond James Financial Quarterly Shares Outstanding (Millions of Shares)": {"2020-12-31": "140", "2020-09-30": "140", "2020-06-30": "139", "2020-03-31": "141", "2019-12-31": "142", "2019-09-30": "144", "2019-06-30": "144", "2019-03-31": "144", "2018-12-31": "147", "2018-09-30": "149", "2018-06-30": "149", "2018-03-31": "149", "2017-12-31": "148", "2017-09-30": "147", "2017-06-30": "147", "2017-03-31": "147", "2016-12-31": "146", "2016-09-30": "145", "2016-06-30": "144", "2016-03-31": "144", "2015-12-31": "146", "2015-09-30": "146", "2015-06-30": "146", "2015-03-31": "146", "2014-12-31": "145", "2014-09-30": "144", "2014-06-30": "144", "2014-03-31": "144", "2013-12-31": "143", "2013-09-30": "141", "2013-06-30": "141", "2013-03-31": "141", "2012-12-31": "139", "2012-09-30": "132", "2012-06-30": "137", "2012-03-31": "131", "2011-12-31": "124", "2011-09-30": "123", "2011-06-30": "124", "2011-03-31": "123", "2010-12-31": "122", "2010-09-30": "120", "2010-06-30": "120", "2010-03-31": "120", "2009-12-31": "119", "2009-09-30": "117", "2009-06-30": "118", "2009-03-31": "117", "2008-12-31": "117", "2008-09-30": "117", "2008-06-30": "118", "2008-03-31": "120", "2007-12-31": "120", "2007-09-30": "119", "2007-06-30": "119", "2007-03-31": "119", "2006-12-31": "118", "2006-09-30": "116", "2006-06-30": "117", "2006-03-31": "116", "2005-12-31": "114", "2005-09-30": "113", "2005-06-30": "113", "2005-03-31": "114"}}, "total-assets": {"Raymond James Financial Annual Total Assets (Millions of US $)": {"2020": "$47,482", "2019": "$38,830", "2018": "$37,413", "2017": "$34,883", "2016": "$31,487", "2015": "$26,468", "2014": "$23,326", "2013": "$23,186", "2012": "$21,160", "2011": "$18,007", "2010": "$17,883", "2009": "$18,227", "2008": "$20,710", "2007": "$16,254", "2006": "$11,517", "2005": "$8,369"}, "Raymond James Financial Quarterly Total Assets (Millions of US $)": {"2020-09-30": "$47,482", "2020-06-30": "$44,682", "2020-03-31": "$49,809", "2019-12-31": "$40,154", "2019-09-30": "$38,830", "2019-06-30": "$38,677", "2019-03-31": "$38,176", "2018-12-31": "$38,544", "2018-09-30": "$37,413", "2018-06-30": "$36,364", "2018-03-31": "$36,031", "2017-12-31": "$36,085", "2017-09-30": "$34,883", "2017-06-30": "$33,433", "2017-03-31": "$32,929", "2016-12-31": "$31,669", "2016-09-30": "$31,487", "2016-06-30": "$28,843", "2016-03-31": "$27,753", "2015-12-31": "$26,907", "2015-09-30": "$26,468", "2015-06-30": "$24,808", "2015-03-31": "$24,968", "2014-12-31": "$24,253", "2014-09-30": "$23,326", "2014-06-30": "$23,070", "2014-03-31": "$22,869", "2013-12-31": "$21,924", "2013-09-30": "$23,186", "2013-06-30": "$22,214", "2013-03-31": "$22,735", "2012-12-31": "$22,276", "2012-09-30": "$21,160", "2012-06-30": "$21,171", "2012-03-31": "$19,275", "2011-12-31": "$17,892", "2011-09-30": "$18,007", "2011-06-30": "$16,117", "2011-03-31": "$15,284", "2010-12-31": "$14,850", "2010-09-30": "$17,883", "2010-06-30": "$14,880", "2010-03-31": "$15,277", "2009-12-31": "$14,692", "2009-09-30": "$18,227", "2009-06-30": "$17,831", "2009-03-31": "$18,118", "2008-12-31": "$18,282", "2008-09-30": "$20,710", "2008-06-30": "$18,279", "2008-03-31": "$18,082", "2007-12-31": "$17,098", "2007-09-30": "$16,254", "2007-06-30": "$15,671", "2007-03-31": "$14,165", "2006-12-31": "$12,276", "2006-09-30": "$11,517", "2006-06-30": "$10,791", "2006-03-31": "$10,072", "2005-12-31": "$9,131", "2005-09-30": "$8,369", "2005-06-30": "$7,854", "2005-03-31": "$7,891"}}, "cash-on-hand": {"Raymond James Financial Annual Cash on Hand (Millions of US $)": {"2020": "$10,056", "2019": "$6,562", "2018": "$6,569", "2017": "$7,689", "2016": "$7,176", "2015": "$6,105", "2014": "$5,293", "2013": "$7,517", "2012": "$5,529", "2011": "$6,612", "2010": "$6,981", "2009": "$7,339", "2008": "$9,145", "2007": "$7,360", "2006": "$5,677", "2005": "$4,430"}, "Raymond James Financial Quarterly Cash on Hand (Millions of US $)": {"2020-09-30": "$10,056", "2020-06-30": "$9,330", "2020-03-31": "$15,073", "2019-12-31": "$7,227", "2019-09-30": "$6,562", "2019-06-30": "$6,669", "2019-03-31": "$6,790", "2018-12-31": "$7,643", "2018-09-30": "$6,569", "2018-06-30": "$6,374", "2018-03-31": "$6,832", "2017-12-31": "$7,960", "2017-09-30": "$7,689", "2017-06-30": "$6,612", "2017-03-31": "$7,133", "2016-12-31": "$6,909", "2016-09-30": "$7,176", "2016-06-30": "$6,180", "2016-03-31": "$5,647", "2015-12-31": "$6,194", "2015-09-30": "$6,105", "2015-06-30": "$5,648", "2015-03-31": "$5,737", "2014-12-31": "$5,604", "2014-09-30": "$5,293", "2014-06-30": "$5,824", "2014-03-31": "$6,020", "2013-12-31": "$6,168", "2013-09-30": "$7,517", "2013-06-30": "$6,771", "2013-03-31": "$6,580", "2012-12-31": "$6,381", "2012-09-30": "$5,529", "2012-06-30": "$5,361", "2012-03-31": "$6,873", "2011-12-31": "$6,067", "2011-09-30": "$6,612", "2011-06-30": "$4,875", "2011-03-31": "$4,363", "2010-12-31": "$3,915", "2010-09-30": "$6,981", "2010-06-30": "$4,140", "2010-03-31": "$4,310", "2009-12-31": "$3,985", "2009-09-30": "$7,339", "2009-06-30": "$6,819", "2009-03-31": "$6,897", "2008-12-31": "$6,995", "2008-09-30": "$9,145", "2008-06-30": "$6,931", "2008-03-31": "$7,588", "2007-12-31": "$6,823", "2007-09-30": "$7,360", "2007-06-30": "$7,600", "2007-03-31": "$6,972", "2006-12-31": "$5,639", "2006-09-30": "$5,677", "2006-06-30": "$5,244", "2006-03-31": "$4,964", "2005-12-31": "$4,690", "2005-09-30": "$4,430", "2005-06-30": "$4,280", "2005-03-31": "$4,287"}}, "long-term-debt": {"Raymond James Financial Annual Long Term Debt (Millions of US $)": {"2020": "$3,326", "2019": "$2,757", "2018": "$2,696", "2017": "$3,420", "2016": "$2,765", "2015": "$1,867", "2014": "$1,890", "2013": "$1,342", "2012": "$1,411", "2011": "$712", "2010": "$2,989", "2009": "$1,428", "2008": "$2,315", "2007": "$239", "2006": "$335", "2005": "$291"}, "Raymond James Financial Quarterly Long Term Debt (Millions of US $)": {"2020-09-30": "$3,326", "2020-06-30": "$3,328", "2020-03-31": "$3,362", "2019-12-31": "$2,755", "2019-09-30": "$2,757", "2019-06-30": "$2,770", "2019-03-31": "$2,693", "2018-12-31": "$2,980", "2018-09-30": "$2,696", "2018-06-30": "$2,450", "2018-03-31": "$2,451", "2017-12-31": "$3,082", "2017-09-30": "$3,420", "2017-06-30": "$2,653", "2017-03-31": "$2,096", "2016-12-31": "$2,597", "2016-09-30": "$2,765", "2016-06-30": "$1,759", "2016-03-31": "$1,780", "2015-12-31": "$1,780", "2015-09-30": "$1,867", "2015-06-30": "$1,893", "2015-03-31": "$1,946", "2014-12-31": "$1,830", "2014-09-30": "$1,890", "2014-06-30": "$1,794", "2014-03-31": "$1,325", "2013-12-31": "$1,325", "2013-09-30": "$1,342", "2013-06-30": "$1,351", "2013-03-31": "$1,452", "2012-12-31": "$1,403", "2012-09-30": "$1,411", "2012-06-30": "$1,415", "2012-03-31": "$1,646", "2011-12-31": "$697", "2011-09-30": "$712", "2011-06-30": "$711", "2011-03-31": "$463", "2010-12-31": "$493", "2010-09-30": "$2,989", "2010-06-30": "$497", "2010-03-31": "$491", "2009-12-31": "$491", "2009-09-30": "$1,428", "2009-06-30": "$198", "2009-03-31": "$327", "2008-12-31": "$256", "2008-09-30": "$2,315", "2008-06-30": "$414", "2008-03-31": "$438", "2007-12-31": "$232", "2007-09-30": "$239", "2007-06-30": "$667", "2007-03-31": "$630", "2006-12-31": "$549", "2006-09-30": "$335", "2006-06-30": "$701", "2006-03-31": "$698", "2005-12-31": "$436", "2005-09-30": "$291", "2005-06-30": "$142", "2005-03-31": "$154"}}, "total-liabilities": {"Raymond James Financial Annual Total Liabilities (Millions of US $)": {"2020": "$40,306", "2019": "$32,187", "2018": "$30,961", "2017": "$29,190", "2016": "$26,424", "2015": "$21,682", "2014": "$18,892", "2013": "$19,188", "2012": "$17,480", "2011": "$15,095", "2010": "$15,286", "2009": "$15,994", "2008": "$18,826", "2007": "$14,496", "2006": "$10,053", "2005": "$7,127"}, "Raymond James Financial Quarterly Total Liabilities (Millions of US $)": {"2020-09-30": "$40,306", "2020-06-30": "$37,667", "2020-03-31": "$42,975", "2019-12-31": "$33,251", "2019-09-30": "$32,187", "2019-06-30": "$32,113", "2019-03-31": "$31,741", "2018-12-31": "$32,319", "2018-09-30": "$30,961", "2018-06-30": "$30,114", "2018-03-31": "$29,989", "2017-12-31": "$30,282", "2017-09-30": "$29,190", "2017-06-30": "$27,933", "2017-03-31": "$27,601", "2016-12-31": "$26,465", "2016-09-30": "$26,424", "2016-06-30": "$23,849", "2016-03-31": "$22,876", "2015-12-31": "$21,987", "2015-09-30": "$21,682", "2015-06-30": "$20,062", "2015-03-31": "$20,316", "2014-12-31": "$19,695", "2014-09-30": "$18,892", "2014-06-30": "$18,757", "2014-03-31": "$18,661", "2013-12-31": "$17,799", "2013-09-30": "$19,188", "2013-06-30": "$18,339", "2013-03-31": "$18,823", "2012-12-31": "$18,466", "2012-09-30": "$17,480", "2012-06-30": "$17,589", "2012-03-31": "$15,860", "2011-12-31": "$14,929", "2011-09-30": "$15,095", "2011-06-30": "$13,252", "2011-03-31": "$12,465", "2010-12-31": "$12,132", "2010-09-30": "$15,286", "2010-06-30": "$12,414", "2010-03-31": "$12,881", "2009-12-31": "$12,376", "2009-09-30": "$15,994", "2009-06-30": "$15,869", "2009-03-31": "$16,221", "2008-12-31": "$16,417", "2008-09-30": "$18,826", "2008-06-30": "$16,432", "2008-03-31": "$16,310", "2007-12-31": "$15,292", "2007-09-30": "$14,496", "2007-06-30": "$13,991", "2007-03-31": "$12,564", "2006-12-31": "$10,747", "2006-09-30": "$10,053", "2006-06-30": "$9,347", "2006-03-31": "$8,692", "2005-12-31": "$7,815", "2005-09-30": "$7,127", "2005-06-30": "$6,662", "2005-03-31": "$6,731"}}, "total-share-holder-equity": {"Raymond James Financial Annual Share Holder Equity (Millions of US $)": {"2020": "$7,176", "2019": "$6,643", "2018": "$6,452", "2017": "$5,693", "2016": "$5,063", "2015": "$4,786", "2014": "$4,433", "2013": "$3,998", "2012": "$3,680", "2011": "$2,912", "2010": "$2,597", "2009": "$2,233", "2008": "$1,884", "2007": "$1,758", "2006": "$1,464", "2005": "$1,242"}, "Raymond James Financial Quarterly Share Holder Equity (Millions of US $)": {"2020-09-30": "$7,176", "2020-06-30": "$7,015", "2020-03-31": "$6,834", "2019-12-31": "$6,903", "2019-09-30": "$6,643", "2019-06-30": "$6,564", "2019-03-31": "$6,435", "2018-12-31": "$6,225", "2018-09-30": "$6,452", "2018-06-30": "$6,250", "2018-03-31": "$6,042", "2017-12-31": "$5,803", "2017-09-30": "$5,693", "2017-06-30": "$5,501", "2017-03-31": "$5,328", "2016-12-31": "$5,205", "2016-09-30": "$5,063", "2016-06-30": "$4,994", "2016-03-31": "$4,877", "2015-12-31": "$4,921", "2015-09-30": "$4,786", "2015-06-30": "$4,746", "2015-03-31": "$4,652", "2014-12-31": "$4,558", "2014-09-30": "$4,433", "2014-06-30": "$4,313", "2014-03-31": "$4,208", "2013-12-31": "$4,126", "2013-09-30": "$3,998", "2013-06-30": "$3,875", "2013-03-31": "$3,912", "2012-12-31": "$3,810", "2012-09-30": "$3,680", "2012-06-30": "$3,582", "2012-03-31": "$3,416", "2011-12-31": "$2,963", "2011-09-30": "$2,912", "2011-06-30": "$2,865", "2011-03-31": "$2,819", "2010-12-31": "$2,718", "2010-09-30": "$2,597", "2010-06-30": "$2,466", "2010-03-31": "$2,396", "2009-12-31": "$2,316", "2009-09-30": "$2,233", "2009-06-30": "$1,962", "2009-03-31": "$1,896", "2008-12-31": "$1,865", "2008-09-30": "$1,884", "2008-06-30": "$1,847", "2008-03-31": "$1,772", "2007-12-31": "$1,806", "2007-09-30": "$1,758", "2007-06-30": "$1,680", "2007-03-31": "$1,602", "2006-12-31": "$1,529", "2006-09-30": "$1,464", "2006-06-30": "$1,444", "2006-03-31": "$1,380", "2005-12-31": "$1,316", "2005-09-30": "$1,242", "2005-06-30": "$1,193", "2005-03-31": "$1,160"}}, "profit-margins": {"current": "10.3%"}, "gross margin": {"2020-12-31": "100.00%", "2020-09-30": "100.00%", "2020-06-30": "100.00%", "2020-03-31": "100.00%", "2019-12-31": "100.00%", "2019-09-30": "100.00%", "2019-06-30": "100.00%", "2019-03-31": "100.00%", "2018-12-31": "100.00%", "2018-09-30": "100.00%", "2018-06-30": "100.00%", "2018-03-31": "100.00%", "2017-12-31": "100.00%", "2017-09-30": "100.00%", "2017-06-30": "100.00%", "2017-03-31": "99.83%", "2016-12-31": "99.65%", "2016-09-30": "99.46%", "2016-06-30": "99.26%", "2016-03-31": "99.25%", "2015-12-31": "99.17%", "2015-09-30": "99.17%", "2015-06-30": "99.14%", "2015-03-31": "99.14%", "2014-12-31": "99.21%", "2014-09-30": "99.19%", "2014-06-30": "99.21%", "2014-03-31": "99.17%", "2013-12-31": "99.14%", "2013-09-30": "99.11%", "2013-06-30": "99.05%", "2013-03-31": "99.03%", "2012-12-31": "99.01%", "2012-09-30": "99.00%", "2012-06-30": "98.98%", "2012-03-31": "98.94%", "2011-12-31": "98.90%", "2011-09-30": "98.85%", "2011-06-30": "98.86%", "2011-03-31": "98.82%", "2010-12-31": "98.81%", "2010-09-30": "98.79%", "2010-06-30": "98.72%", "2010-03-31": "98.74%", "2009-12-31": "98.70%", "2009-09-30": "98.69%", "2009-06-30": "98.77%", "2009-03-31": "98.84%", "2008-12-31": "98.96%", "2008-09-30": "99.03%", "2008-06-30": "99.06%", "2008-03-31": "99.06%", "2007-12-31": "99.04%", "2007-09-30": "99.00%", "2007-06-30": "98.92%", "2007-03-31": "98.85%", "2006-12-31": "98.89%", "2006-09-30": "98.94%", "2006-06-30": "99.02%", "2006-03-31": "99.07%", "2005-12-31": "99.01%"}, "operating margin": {"2020-12-31": "18.28%", "2020-09-30": "18.56%", "2020-06-30": "19.28%", "2020-03-31": "20.07%", "2019-12-31": "20.63%", "2019-09-30": "21.13%", "2019-06-30": "20.72%", "2019-03-31": "20.58%", "2018-12-31": "21.01%", "2018-09-30": "20.56%", "2018-06-30": "19.58%", "2018-03-31": "19.48%", "2017-12-31": "17.58%", "2017-09-30": "16.74%", "2017-06-30": "17.33%", "2017-03-31": "16.88%", "2016-12-31": "18.09%", "2016-09-30": "18.08%", "2016-06-30": "18.01%", "2016-03-31": "17.69%", "2015-12-31": "17.28%", "2015-09-30": "17.76%", "2015-06-30": "17.19%", "2015-03-31": "17.24%", "2014-12-31": "17.11%", "2014-09-30": "16.77%", "2014-06-30": "15.88%", "2014-03-31": "15.06%", "2013-12-31": "15.36%", "2013-09-30": "15.36%", "2013-06-30": "16.04%", "2013-03-31": "17.07%", "2012-12-31": "16.80%", "2012-09-30": "16.55%", "2012-06-30": "16.32%", "2012-03-31": "16.16%", "2011-12-31": "16.77%", "2011-09-30": "17.38%", "2011-06-30": "17.70%", "2011-03-31": "17.56%", "2010-12-31": "17.64%", "2010-09-30": "16.78%", "2010-06-30": "16.30%", "2010-03-31": "16.51%", "2009-12-31": "15.90%", "2009-09-30": "17.75%", "2009-06-30": "19.44%", "2009-03-31": "21.07%", "2008-12-31": "23.93%", "2008-09-30": "25.87%", "2008-06-30": "28.32%", "2008-03-31": "29.59%", "2007-12-31": "29.82%", "2007-09-30": "29.36%", "2007-06-30": "28.18%", "2007-03-31": "27.00%", "2006-12-31": "25.85%", "2006-09-30": "24.26%", "2006-06-30": "21.72%", "2006-03-31": "19.57%", "2005-12-31": "17.67%"}, "ebitda margin": {"2020-09-30": "20.71%", "2020-06-30": "21.39%", "2020-03-31": "22.08%", "2019-12-31": "22.30%", "2019-09-30": "22.70%", "2019-06-30": "22.50%", "2019-03-31": "22.50%", "2018-12-31": "22.65%", "2018-09-30": "22.16%", "2018-06-30": "20.64%", "2018-03-31": "20.20%", "2017-12-31": "18.38%", "2017-09-30": "17.36%", "2017-06-30": "18.13%", "2017-03-31": "17.49%", "2016-12-31": "18.72%", "2016-09-30": "18.91%", "2016-06-30": "18.99%", "2016-03-31": "18.53%", "2015-12-31": "17.97%", "2015-09-30": "18.27%", "2015-06-30": "17.65%", "2015-03-31": "18.02%", "2014-12-31": "17.95%", "2014-09-30": "17.62%", "2014-06-30": "16.82%", "2014-03-31": "15.89%", "2013-12-31": "15.04%", "2013-09-30": "15.08%", "2013-06-30": "15.33%", "2013-03-31": "16.45%", "2012-12-31": "17.25%", "2012-09-30": "16.96%", "2012-06-30": "17.03%", "2012-03-31": "16.66%", "2011-12-31": "17.60%", "2011-09-30": "18.24%", "2011-06-30": "18.57%", "2011-03-31": "18.55%", "2010-12-31": "18.35%", "2010-09-30": "17.58%", "2010-06-30": "17.06%", "2010-03-31": "17.16%", "2009-12-31": "16.97%", "2009-09-30": "18.67%", "2009-06-30": "20.37%", "2009-03-31": "21.60%", "2008-12-31": "24.38%", "2008-09-30": "26.21%", "2008-06-30": "28.35%", "2008-03-31": "30.08%", "2007-12-31": "30.23%", "2007-09-30": "29.77%", "2007-06-30": "28.85%", "2007-03-31": "27.70%", "2006-12-31": "26.57%", "2006-09-30": "24.98%", "2006-06-30": "22.50%", "2006-03-31": "20.33%", "2005-12-31": "18.44%"}, "pre tax profit margin": {"2020-12-31": "13.11%", "2020-09-30": "12.88%", "2020-06-30": "14.09%", "2020-03-31": "15.61%", "2019-12-31": "17.35%", "2019-09-30": "17.14%", "2019-06-30": "17.52%", "2019-03-31": "17.46%", "2018-12-31": "17.27%", "2018-09-30": "17.54%", "2018-06-30": "17.11%", "2018-03-31": "17.08%", "2017-12-31": "15.20%", "2017-09-30": "14.18%", "2017-06-30": "14.15%", "2017-03-31": "13.60%", "2016-12-31": "14.79%", "2016-09-30": "14.71%", "2016-06-30": "14.97%", "2016-03-31": "15.00%", "2015-12-31": "14.74%", "2015-09-30": "15.35%", "2015-06-30": "14.87%", "2015-03-31": "14.75%", "2014-12-31": "14.61%", "2014-09-30": "14.42%", "2014-06-30": "13.94%", "2014-03-31": "13.19%", "2013-12-31": "13.41%", "2013-09-30": "12.92%", "2013-06-30": "12.16%", "2013-03-31": "12.42%", "2012-12-31": "12.04%", "2012-09-30": "12.01%", "2012-06-30": "12.91%", "2012-03-31": "12.18%", "2011-12-31": "12.73%", "2011-09-30": "13.26%", "2011-06-30": "12.95%", "2011-03-31": "13.80%", "2010-12-31": "13.36%", "2010-09-30": "11.91%", "2010-06-30": "10.81%", "2010-03-31": "10.66%", "2009-12-31": "7.93%", "2009-09-30": "9.10%", "2009-06-30": "9.65%", "2009-03-31": "10.40%", "2008-12-31": "12.66%", "2008-09-30": "11.95%", "2008-06-30": "12.18%", "2008-03-31": "11.98%", "2007-12-31": "12.08%", "2007-09-30": "12.64%", "2007-06-30": "12.67%", "2007-03-31": "12.70%", "2006-12-31": "13.12%", "2006-09-30": "12.93%", "2006-06-30": "13.27%", "2006-03-31": "12.38%", "2005-12-31": "11.41%"}, "net profit margin": {"2020-12-31": "10.35%", "2020-09-30": "10.00%", "2020-06-30": "10.68%", "2020-03-31": "11.56%", "2019-12-31": "13.00%", "2019-09-30": "12.86%", "2019-06-30": "13.16%", "2019-03-31": "13.01%", "2018-12-31": "12.78%", "2018-09-30": "11.45%", "2018-06-30": "10.86%", "2018-03-31": "10.51%", "2017-12-31": "8.98%", "2017-09-30": "9.73%", "2017-06-30": "9.74%", "2017-03-31": "9.24%", "2016-12-31": "9.90%", "2016-09-30": "9.56%", "2016-06-30": "9.04%", "2016-03-31": "9.24%", "2015-12-31": "9.04%", "2015-09-30": "9.45%", "2015-06-30": "9.73%", "2015-03-31": "9.72%", "2014-12-31": "9.75%", "2014-09-30": "9.69%", "2014-06-30": "9.61%", "2014-03-31": "9.00%", "2013-12-31": "8.55%", "2013-09-30": "8.01%", "2013-06-30": "7.27%", "2013-03-31": "7.13%", "2012-12-31": "7.29%", "2012-09-30": "7.44%", "2012-06-30": "7.45%", "2012-03-31": "7.16%", "2011-12-31": "7.63%", "2011-09-30": "7.94%", "2011-06-30": "8.20%", "2011-03-31": "8.81%", "2010-12-31": "8.24%", "2010-09-30": "7.32%", "2010-06-30": "6.60%", "2010-03-31": "6.29%", "2009-12-31": "4.87%", "2009-09-30": "5.65%", "2009-06-30": "5.51%", "2009-03-31": "6.20%", "2008-12-31": "7.52%", "2008-09-30": "7.05%", "2008-06-30": "7.58%", "2008-03-31": "7.49%", "2007-12-31": "7.65%", "2007-09-30": "8.04%", "2007-06-30": "8.02%", "2007-03-31": "7.94%", "2006-12-31": "8.23%", "2006-09-30": "8.13%", "2006-06-30": "8.18%", "2006-03-31": "7.78%", "2005-12-31": "7.08%"}, "pe ratio": {"current": "17.18", "2021-02-11": "28.87", "2020-12-31": "24.24", "2020-09-30": "12.45", "2020-06-30": "11.04", "2020-03-31": "9.23", "2019-12-31": "11.91", "2019-09-30": "11.24", "2019-06-30": "11.64", "2019-03-31": "11.43", "2018-12-31": "10.77", "2018-09-30": "15.39", "2018-06-30": "16.15", "2018-03-31": "17.11", "2017-12-31": "20.54", "2017-09-30": "18.46", "2017-06-30": "18.01", "2017-03-31": "18.72", "2016-12-31": "16.53", "2016-09-30": "14.90", "2016-06-30": "13.74", "2016-03-31": "13.06", "2015-12-31": "16.32", "2015-09-30": "13.35", "2015-06-30": "15.70", "2015-03-31": "15.17", "2014-12-31": "15.49", "2014-09-30": "14.70", "2014-06-30": "14.40", "2014-03-31": "17.22", "2013-12-31": "16.95", "2013-09-30": "14.54", "2013-06-30": "16.34", "2013-03-31": "17.77", "2012-12-31": "15.06", "2012-09-30": "14.79", "2012-06-30": "14.03", "2012-03-31": "16.18", "2011-12-31": "12.77", "2011-09-30": "10.00", "2011-06-30": "12.28", "2011-03-31": "13.76", "2010-12-31": "12.73", "2010-09-30": "11.41", "2010-06-30": "12.45", "2010-03-31": "14.72", "2009-12-31": "17.88", "2009-09-30": "15.27", "2009-06-30": "10.82", "2009-03-31": "10.50", "2008-12-31": "7.05", "2008-09-30": "13.83", "2008-06-30": "10.39", "2008-03-31": "9.10", "2007-12-31": "12.82", "2007-09-30": "12.71", "2007-06-30": "12.46", "2007-03-31": "12.52", "2006-12-31": "12.51"}, "price sales": {"2021-02-11": "1.91", "2020-12-31": "1.60", "2020-09-30": "1.25", "2020-06-30": "1.18", "2020-03-31": "1.07", "2019-12-31": "1.55", "2019-09-30": "1.45", "2019-06-30": "1.53", "2019-03-31": "1.49", "2018-12-31": "1.38", "2018-09-30": "1.76", "2018-06-30": "1.75", "2018-03-31": "1.79", "2017-12-31": "1.84", "2017-09-30": "1.80", "2017-06-30": "1.76", "2017-03-31": "1.74", "2016-12-31": "1.64", "2016-09-30": "1.43", "2016-06-30": "1.24", "2016-03-31": "1.20", "2015-12-31": "1.47", "2015-09-30": "1.26", "2015-06-30": "1.52", "2015-03-31": "1.46", "2014-12-31": "1.50", "2014-09-30": "1.41", "2014-06-30": "1.37", "2014-03-31": "1.53", "2013-12-31": "1.43", "2013-09-30": "1.14", "2013-06-30": "1.17", "2013-03-31": "1.25", "2012-12-31": "1.09", "2012-09-30": "1.09", "2012-06-30": "1.07", "2012-03-31": "1.19", "2011-12-31": "1.00", "2011-09-30": "0.82", "2011-06-30": "1.03", "2011-03-31": "1.25", "2010-12-31": "1.09", "2010-09-30": "0.87", "2010-06-30": "0.87", "2010-03-31": "0.98", "2009-12-31": "0.91", "2009-09-30": "0.89", "2009-06-30": "0.63", "2009-03-31": "0.68", "2008-12-31": "0.55", "2008-09-30": "1.01", "2008-06-30": "0.79", "2008-03-31": "0.68", "2007-12-31": "0.98", "2007-09-30": "1.02", "2007-06-30": "1.00", "2007-03-31": "0.99", "2006-12-31": "1.02"}, "price book": {"current": "2.12", "2021-02-11": "2.16", "2020-09-30": "1.38", "2020-06-30": "1.33", "2020-03-31": "1.25", "2019-12-31": "1.76", "2019-09-30": "1.67", "2019-06-30": "1.75", "2019-03-31": "1.70", "2018-12-31": "1.61", "2018-09-30": "1.99", "2018-06-30": "1.99", "2018-03-31": "2.05", "2017-12-31": "2.12", "2017-09-30": "2.02", "2017-06-30": "1.98", "2017-03-31": "1.94", "2016-12-31": "1.79", "2016-09-30": "1.52", "2016-06-30": "1.30", "2016-03-31": "1.28", "2015-12-31": "1.57", "2015-09-30": "1.37", "2015-06-30": "1.66", "2015-03-31": "1.60", "2014-12-31": "1.63", "2014-09-30": "1.55", "2014-06-30": "1.50", "2014-03-31": "1.69", "2013-12-31": "1.60", "2013-09-30": "1.31", "2013-06-30": "1.39", "2013-03-31": "1.47", "2012-12-31": "1.25", "2012-09-30": "1.22", "2012-06-30": "1.16", "2012-03-31": "1.29", "2011-12-31": "1.15", "2011-09-30": "0.99", "2011-06-30": "1.24", "2011-03-31": "1.48", "2010-12-31": "1.30", "2010-09-30": "1.05", "2010-06-30": "1.07", "2010-03-31": "1.18", "2009-12-31": "1.08", "2009-09-30": "1.09", "2009-06-30": "0.91", "2009-03-31": "1.06", "2008-12-31": "0.92", "2008-09-30": "1.74", "2008-06-30": "1.41", "2008-03-31": "1.27", "2007-12-31": "1.78", "2007-09-30": "1.82", "2007-06-30": "1.78", "2007-03-31": "1.79", "2006-12-31": "1.88", "2006-09-30": "1.87", "2006-06-30": "1.95", "2006-03-31": "1.94"}, "price fcf": {"2021-02-11": "", "2020-09-30": "$28.03", "2020-06-30": "$22.81", "2020-03-31": "$23.67", "2019-12-31": "$5.31", "2019-09-30": "$3.05", "2019-06-30": "$2.77", "2019-03-31": "$1.17", "2018-12-31": "$3.78", "2018-09-30": "$5.04", "2018-06-30": "$-9.28", "2018-03-31": "$-4.77", "2017-12-31": "$-4.55", "2017-09-30": "$-2.15", "2017-06-30": "$4.06", "2017-03-31": "$2.21", "2016-12-31": "$-1.28", "2016-09-30": "$-4.81", "2016-06-30": "$1.95", "2016-03-31": "$2.44", "2015-12-31": "$5.56", "2015-09-30": "$5.65", "2015-06-30": "$3.11", "2015-03-31": "$4.81", "2014-12-31": "$4.65", "2014-09-30": "$3.12", "2014-06-30": "$4.54", "2014-03-31": "$3.97", "2013-12-31": "$2.62", "2013-09-30": "$4.18", "2013-06-30": "$3.65", "2013-03-31": "$3.01", "2012-12-31": "$4.23", "2012-09-30": "$2.38", "2012-06-30": "$5.00", "2012-03-31": "$3.61", "2011-12-31": "$2.21", "2011-09-30": "$12.38", "2011-06-30": "$-0.16", "2011-03-31": "$0.88", "2010-12-31": "$2.38", "2010-09-30": "$-8.73", "2010-06-30": "$-0.29", "2010-03-31": "$1.06", "2009-12-31": "$-0.55", "2009-09-30": "$2.89", "2009-06-30": "$3.91", "2009-03-31": "$2.38", "2008-12-31": "$3.16", "2008-09-30": "$1.50", "2008-06-30": "$6.24", "2008-03-31": "$5.04", "2007-12-31": "$6.20", "2007-09-30": "$3.39", "2007-06-30": "$-1.63", "2007-03-31": "$-0.05", "2006-12-31": "$-2.49"}, "net worth": {"value": "$15.25B"}, "current ratio": {"current": "0.96", "2020-12-31": "0.00", "2020-09-30": "0.98", "2020-06-30": "1.03", "2020-03-31": "1.06", "2019-12-31": "1.10", "2019-09-30": "1.11", "2019-06-30": "1.11", "2019-03-31": "1.11", "2018-12-31": "1.12", "2018-09-30": "1.13", "2018-06-30": "1.12", "2018-03-31": "1.12", "2017-12-31": "1.14", "2017-09-30": "1.16", "2017-06-30": "1.17", "2017-03-31": "1.15", "2016-12-31": "1.20", "2016-09-30": "1.17", "2016-06-30": "1.20", "2016-03-31": "1.21", "2015-12-31": "1.22", "2015-09-30": "1.23", "2015-06-30": "1.25", "2015-03-31": "1.24", "2014-12-31": "1.24", "2014-09-30": "1.25", "2014-06-30": "1.23", "2014-03-31": "1.19", "2013-12-31": "1.19", "2013-09-30": "1.17", "2013-06-30": "1.17", "2013-03-31": "1.16", "2012-12-31": "1.16", "2012-09-30": "1.16", "2012-06-30": "1.16", "2012-03-31": "1.24", "2011-12-31": "1.15", "2011-09-30": "1.14", "2011-06-30": "1.17", "2011-03-31": "1.15", "2010-12-31": "1.14", "2010-09-30": "1.33", "2010-06-30": "1.12", "2010-03-31": "1.11", "2009-12-31": "1.11", "2009-09-30": "1.14", "2009-06-30": "1.06", "2009-03-31": "1.06", "2008-12-31": "1.06", "2008-09-30": "1.18", "2008-06-30": "1.07", "2008-03-31": "1.07", "2007-12-31": "1.07", "2007-09-30": "1.07", "2007-06-30": "1.11", "2007-03-31": "1.11", "2006-12-31": "1.13", "2006-09-30": "1.11", "2006-06-30": "1.18", "2006-03-31": "1.18", "2005-12-31": "1.16", "2005-09-30": "1.14", "2005-06-30": "1.13", "2005-03-31": "1.13"}, "quick ratio": {"2020-12-31": "0.00", "2020-09-30": "0.96", "2020-06-30": "1.02", "2020-03-31": "1.05", "2019-12-31": "1.08", "2019-09-30": "1.09", "2019-06-30": "1.08", "2019-03-31": "1.08", "2018-12-31": "1.10", "2018-09-30": "1.10", "2018-06-30": "1.10", "2018-03-31": "1.09", "2017-12-31": "1.12", "2017-09-30": "1.14", "2017-06-30": "1.14", "2017-03-31": "1.12", "2016-12-31": "1.18", "2016-09-30": "1.14", "2016-06-30": "1.16", "2016-03-31": "1.17", "2015-12-31": "1.20", "2015-09-30": "1.19", "2015-06-30": "1.22", "2015-03-31": "1.20", "2014-12-31": "1.21", "2014-09-30": "1.21", "2014-06-30": "1.20", "2014-03-31": "1.15", "2013-12-31": "1.16", "2013-09-30": "1.14", "2013-06-30": "1.15", "2013-03-31": "1.11", "2012-12-31": "1.11", "2012-09-30": "1.11", "2012-06-30": "1.10", "2012-03-31": "1.21", "2011-12-31": "1.11", "2011-09-30": "1.10", "2011-06-30": "1.12", "2011-03-31": "1.11", "2010-12-31": "1.09", "2010-09-30": "1.28", "2010-06-30": "1.07", "2010-03-31": "1.05", "2009-12-31": "1.08", "2009-09-30": "1.12", "2009-06-30": "1.04", "2009-03-31": "1.04", "2008-12-31": "1.04", "2008-09-30": "1.16", "2008-06-30": "1.04", "2008-03-31": "1.04", "2007-12-31": "1.02", "2007-09-30": "1.04", "2007-06-30": "1.05", "2007-03-31": "1.06", "2006-12-31": "1.06", "2006-09-30": "1.06", "2006-06-30": "1.10", "2006-03-31": "1.11", "2005-12-31": "1.09", "2005-09-30": "1.09", "2005-06-30": "1.06", "2005-03-31": "1.05"}, "debt equity ratio": {"current": "0.46", "2020-12-31": "0.00", "2020-09-30": "5.62", "2020-06-30": "5.37", "2020-03-31": "6.29", "2019-12-31": "4.82", "2019-09-30": "4.85", "2019-06-30": "4.89", "2019-03-31": "4.93", "2018-12-31": "5.19", "2018-09-30": "4.80", "2018-06-30": "4.82", "2018-03-31": "4.96", "2017-12-31": "5.22", "2017-09-30": "5.13", "2017-06-30": "5.08", "2017-03-31": "5.18", "2016-12-31": "5.09", "2016-09-30": "5.22", "2016-06-30": "4.78", "2016-03-31": "4.69", "2015-12-31": "4.47", "2015-09-30": "4.53", "2015-06-30": "4.23", "2015-03-31": "4.37", "2014-12-31": "4.32", "2014-09-30": "4.26", "2014-06-30": "4.35", "2014-03-31": "4.43", "2013-12-31": "4.31", "2013-09-30": "4.80", "2013-06-30": "4.73", "2013-03-31": "4.81", "2012-12-31": "4.85", "2012-09-30": "4.75", "2012-06-30": "4.91", "2012-03-31": "4.64", "2011-12-31": "5.04", "2011-09-30": "5.18", "2011-06-30": "4.63", "2011-03-31": "4.42", "2010-12-31": "4.46", "2010-09-30": "5.89", "2010-06-30": "5.03", "2010-03-31": "5.38", "2009-12-31": "5.34", "2009-09-30": "7.16", "2009-06-30": "8.09", "2009-03-31": "8.55", "2008-12-31": "8.80", "2008-09-30": "9.99", "2008-06-30": "8.90", "2008-03-31": "9.20", "2007-12-31": "8.47", "2007-09-30": "8.25", "2007-06-30": "8.33", "2007-03-31": "7.84", "2006-12-31": "7.03", "2006-09-30": "6.87", "2006-06-30": "6.48", "2006-03-31": "6.30", "2005-12-31": "5.94", "2005-09-30": "5.74", "2005-06-30": "5.59", "2005-03-31": "5.80"}, "return on equity": {"2020-12-31": "16.40%", "2020-09-30": "11.70%", "2020-06-30": "12.73%", "2020-03-31": "14.22%", "2019-12-31": "15.82%", "2019-09-30": "15.96%", "2019-06-30": "16.05%", "2019-03-31": "15.83%", "2018-12-31": "15.80%", "2018-09-30": "13.95%", "2018-06-30": "13.23%", "2018-03-31": "12.81%", "2017-12-31": "10.88%", "2017-09-30": "11.69%", "2017-06-30": "11.60%", "2017-03-31": "10.78%", "2016-12-31": "11.30%", "2016-09-30": "10.64%", "2016-06-30": "9.97%", "2016-03-31": "10.24%", "2015-12-31": "10.09%", "2015-09-30": "10.71%", "2015-06-30": "11.12%", "2015-03-31": "11.14%", "2014-12-31": "11.22%", "2014-09-30": "11.26%", "2014-06-30": "11.10%", "2014-03-31": "10.44%", "2013-12-31": "10.03%", "2013-09-30": "9.44%", "2013-06-30": "8.64%", "2013-03-31": "8.60%", "2012-12-31": "8.53%", "2012-09-30": "8.50%", "2012-06-30": "8.42%", "2012-03-31": "8.00%", "2011-12-31": "8.89%", "2011-09-30": "9.55%", "2011-06-30": "9.93%", "2011-03-31": "10.72%", "2010-12-31": "10.06%", "2010-09-30": "8.92%", "2010-06-30": "8.12%", "2010-03-31": "7.81%", "2009-12-31": "6.04%", "2009-09-30": "7.39%", "2009-06-30": "7.78%", "2009-03-31": "9.45%", "2008-12-31": "12.54%", "2008-09-30": "12.37%", "2008-06-30": "13.87%", "2008-03-31": "14.08%", "2007-12-31": "14.43%", "2007-09-30": "15.22%", "2007-06-30": "15.17%", "2007-03-31": "15.04%", "2006-12-31": "15.75%", "2006-09-30": "15.35%", "2006-06-30": "15.53%", "2006-03-31": "14.34%", "2005-12-31": "12.79%"}, "return on assets": {"2020-12-31": "2.43%", "2020-09-30": "1.79%", "2020-06-30": "2.01%", "2020-03-31": "2.29%", "2019-12-31": "2.70%", "2019-09-30": "2.68%", "2019-06-30": "2.70%", "2019-03-31": "2.67%", "2018-12-31": "2.66%", "2018-09-30": "2.35%", "2018-06-30": "2.20%", "2018-03-31": "2.10%", "2017-12-31": "1.77%", "2017-09-30": "1.91%", "2017-06-30": "1.89%", "2017-03-31": "1.78%", "2016-12-31": "1.90%", "2016-09-30": "1.84%", "2016-06-30": "1.78%", "2016-03-31": "1.87%", "2015-12-31": "1.87%", "2015-09-30": "2.00%", "2015-06-30": "2.10%", "2015-03-31": "2.09%", "2014-12-31": "2.10%", "2014-09-30": "2.11%", "2014-06-30": "2.03%", "2014-03-31": "1.88%", "2013-12-31": "1.77%", "2013-09-30": "1.63%", "2013-06-30": "1.49%", "2013-03-31": "1.47%", "2012-12-31": "1.47%", "2012-09-30": "1.46%", "2012-06-30": "1.42%", "2012-03-31": "1.36%", "2011-12-31": "1.53%", "2011-09-30": "1.68%", "2011-06-30": "1.70%", "2011-03-31": "1.81%", "2010-12-31": "1.63%", "2010-09-30": "1.39%", "2010-06-30": "1.21%", "2010-03-31": "1.05%", "2009-12-31": "0.74%", "2009-09-30": "0.81%", "2009-06-30": "0.79%", "2009-03-31": "0.94%", "2008-12-31": "1.23%", "2008-09-30": "1.22%", "2008-06-30": "1.43%", "2008-03-31": "1.47%", "2007-12-31": "1.56%", "2007-09-30": "1.71%", "2007-06-30": "1.78%", "2007-03-31": "1.86%", "2006-12-31": "2.05%", "2006-09-30": "2.07%", "2006-06-30": "2.18%", "2006-03-31": "2.08%", "2005-12-31": "1.89%"}, "return on investments": {"2020-12-31": "19.63%", "2020-09-30": "14.90%", "2020-06-30": "15.90%", "2020-03-31": "17.24%", "2019-12-31": "17.77%", "2019-09-30": "18.29%", "2019-06-30": "17.61%", "2019-03-31": "17.56%", "2018-12-31": "18.24%", "2018-09-30": "17.45%", "2018-06-30": "16.13%", "2018-03-31": "15.78%", "2017-12-31": "14.16%", "2017-09-30": "13.44%", "2017-06-30": "13.96%", "2017-03-31": "13.61%", "2016-12-31": "14.33%", "2016-09-30": "14.29%", "2016-06-30": "14.53%", "2016-03-31": "14.23%", "2015-12-31": "13.85%", "2015-09-30": "14.35%", "2015-06-30": "13.92%", "2015-03-31": "13.96%", "2014-12-31": "14.16%", "2014-09-30": "14.23%", "2014-06-30": "13.61%", "2014-03-31": "13.14%", "2013-12-31": "13.41%", "2013-09-30": "13.36%", "2013-06-30": "13.94%", "2013-03-31": "14.92%", "2012-12-31": "13.99%", "2012-09-30": "13.72%", "2012-06-30": "13.70%", "2012-03-31": "13.77%", "2011-12-31": "15.98%", "2011-09-30": "17.26%", "2011-06-30": "15.05%", "2011-03-31": "15.05%", "2010-12-31": "14.97%", "2010-09-30": "14.04%", "2010-06-30": "15.33%", "2010-03-31": "15.88%", "2009-12-31": "15.30%", "2009-09-30": "18.18%", "2009-06-30": "19.51%", "2009-03-31": "22.29%", "2008-12-31": "27.24%", "2008-09-30": "30.96%", "2008-06-30": "43.73%", "2008-03-31": "45.43%", "2007-12-31": "44.72%", "2007-09-30": "42.21%", "2007-06-30": "39.55%", "2007-03-31": "37.42%", "2006-12-31": "35.51%", "2006-09-30": "33.04%", "2006-06-30": "29.57%", "2006-03-31": "27.65%", "2005-12-31": "26.43%"}, "return on tangible equity": {"2020-09-30": "12.81%", "2020-06-30": "13.97%", "2020-03-31": "15.65%", "2019-12-31": "17.46%", "2019-09-30": "17.67%", "2019-06-30": "17.81%", "2019-03-31": "17.60%", "2018-12-31": "17.60%", "2018-09-30": "15.59%", "2018-06-30": "14.74%", "2018-03-31": "14.22%", "2017-12-31": "12.03%", "2017-09-30": "12.87%", "2017-06-30": "12.81%", "2017-03-31": "11.87%", "2016-12-31": "12.39%", "2016-09-30": "11.59%", "2016-06-30": "10.81%", "2016-03-31": "11.09%", "2015-12-31": "10.92%", "2015-09-30": "11.60%", "2015-06-30": "12.04%", "2015-03-31": "12.09%", "2014-12-31": "12.20%", "2014-09-30": "12.29%", "2014-06-30": "12.15%", "2014-03-31": "11.46%", "2013-12-31": "11.04%", "2013-09-30": "10.42%", "2013-06-30": "9.56%", "2013-03-31": "9.47%", "2012-12-31": "9.23%", "2012-09-30": "9.03%", "2012-06-30": "8.76%", "2012-03-31": "8.19%", "2011-12-31": "9.11%", "2011-09-30": "9.78%", "2011-06-30": "10.17%", "2011-03-31": "10.98%", "2010-12-31": "10.32%", "2010-09-30": "9.16%", "2010-06-30": "8.34%", "2010-03-31": "8.04%", "2009-12-31": "6.23%", "2009-09-30": "7.63%", "2009-06-30": "8.05%", "2009-03-31": "9.77%", "2008-12-31": "12.98%", "2008-09-30": "12.81%", "2008-06-30": "14.37%", "2008-03-31": "14.60%", "2007-12-31": "14.98%", "2007-09-30": "15.83%", "2007-06-30": "15.80%", "2007-03-31": "15.69%", "2006-12-31": "16.46%", "2006-09-30": "16.07%", "2006-06-30": "16.29%", "2006-03-31": "15.08%", "2005-12-31": "13.47%"}, "dividend yield history": {"last payout": "$1.56", "last yield": "1.41%"}}