{"ticker": "RMD", "price": {"title": "ResMed Historical Annual Stock Price Data", "value": 200.53, "historical": {"2021": {"Average Stock Price": "211.2446", "Year Open": "212.1800", "Year High": "222.2800", "Year Low": "199.8600", "Year Close": "200.5300", "Annual % Change": "-5.66%"}, "2020": {"Average Stock Price": "176.9258", "Year Open": "156.1100", "Year High": "220.5900", "Year Low": "114.3400", "Year Close": "212.5600", "Annual % Change": "37.16%"}, "2019": {"Average Stock Price": "122.5560", "Year Open": "111.7700", "Year High": "156.7000", "Year Low": "91.5600", "Year Close": "154.9700", "Annual % Change": "36.09%"}, "2018": {"Average Stock Price": "103.1508", "Year Open": "85.5300", "Year High": "115.5500", "Year Low": "85.5300", "Year Close": "113.8700", "Annual % Change": "34.46%"}, "2017": {"Average Stock Price": "74.9645", "Year Open": "61.9500", "Year High": "86.4400", "Year Low": "61.8700", "Year Close": "84.6900", "Annual % Change": "36.49%"}, "2016": {"Average Stock Price": "60.8889", "Year Open": "52.2100", "Year High": "70.6700", "Year Low": "51.4000", "Year Close": "62.0500", "Annual % Change": "15.57%"}, "2015": {"Average Stock Price": "59.4875", "Year Open": "57.1700", "Year High": "74.8200", "Year Low": "49.4300", "Year Close": "53.6900", "Annual % Change": "-4.23%"}, "2014": {"Average Stock Price": "49.4595", "Year Open": "46.2000", "Year High": "57.3900", "Year Low": "42.0300", "Year Close": "56.0600", "Annual % Change": "19.07%"}, "2013": {"Average Stock Price": "47.7458", "Year Open": "42.4800", "Year High": "57.1100", "Year Low": "42.3600", "Year Close": "47.0800", "Annual % Change": "13.25%"}, "2012": {"Average Stock Price": "34.3121", "Year Open": "25.6100", "Year High": "42.7700", "Year Low": "24.8100", "Year Close": "41.5700", "Annual % Change": "63.66%"}, "2011": {"Average Stock Price": "30.0974", "Year Open": "35.0200", "Year High": "35.2800", "Year Low": "23.4600", "Year Close": "25.4000", "Annual % Change": "-26.67%"}, "2010": {"Average Stock Price": "31.3773", "Year Open": "26.3950", "Year High": "35.6100", "Year Low": "25.2750", "Year Close": "34.6400", "Annual % Change": "32.54%"}, "2009": {"Average Stock Price": "21.1631", "Year Open": "19.1900", "Year High": "26.5350", "Year Low": "15.9100", "Year Close": "26.1350", "Annual % Change": "39.46%"}, "2008": {"Average Stock Price": "20.2211", "Year Open": "25.6550", "Year High": "25.6550", "Year Low": "14.9150", "Year Close": "18.7400", "Annual % Change": "-28.65%"}, "2007": {"Average Stock Price": "22.6923", "Year Open": "25.0350", "Year High": "27.1300", "Year Low": "19.8250", "Year Close": "26.2650", "Annual % Change": "6.72%"}, "2006": {"Average Stock Price": "21.7403", "Year Open": "19.1100", "Year High": "25.5400", "Year Low": "18.4300", "Year Close": "24.6100", "Annual % Change": "28.48%"}, "2005": {"Average Stock Price": "16.6809", "Year Open": "12.7025", "Year High": "21.3600", "Year Low": "12.4525", "Year Close": "19.1550", "Annual % Change": "49.94%"}, "2004": {"Average Stock Price": "11.8786", "Year Open": "10.5000", "Year High": "12.8900", "Year Low": "10.1725", "Year Close": "12.7750", "Annual % Change": "23.01%"}, "2003": {"Average Stock Price": "9.5775", "Year Open": "7.7625", "Year High": "11.6225", "Year Low": "7.4175", "Year Close": "10.3850", "Annual % Change": "35.88%"}, "2002": {"Average Stock Price": "8.3725", "Year Open": "13.2875", "Year High": "13.2875", "Year Low": "6.1750", "Year Close": "7.6425", "Annual % Change": "-43.30%"}, "2001": {"Average Stock Price": "12.5122", "Year Open": "9.8450", "Year High": "15.4375", "Year Low": "9.1650", "Year Close": "13.4800", "Annual % Change": "35.21%"}, "2000": {"Average Stock Price": "7.7250", "Year Open": "5.1100", "Year High": "10.3750", "Year Low": "5.0863", "Year Close": "9.9700", "Annual % Change": "91.04%"}, "1999": {"Average Stock Price": "4.1728", "Year Open": "5.3438", "Year High": "6.4300", "Year Low": "2.4688", "Year Close": "5.2188", "Annual % Change": "-8.00%"}, "1998": {"Average Stock Price": "2.8117", "Year Open": "1.7500", "Year High": "5.9063", "Year Low": "1.7500", "Year Close": "5.6725", "Annual % Change": "222.76%"}, "1997": {"Average Stock Price": "1.4750", "Year Open": "1.3438", "Year High": "1.9375", "Year Low": "1.0625", "Year Close": "1.7575", "Annual % Change": "27.82%"}, "1996": {"Average Stock Price": "1.0090", "Year Open": "0.7500", "Year High": "1.4375", "Year Low": "0.6563", "Year Close": "1.3750", "Annual % Change": "69.23%"}}}, "market cap": {"value": "$29.08B"}, "income statement": {"Revenue": {"2020-06-30": "2957.01300", "2019-06-30": "2606.57200", "2018-06-30": "2340.19600", "2017-06-30": "2066.73700", "2016-06-30": "1838.71300", "2015-06-30": "1678.91200", "2014-06-30": "1554.97300", "2013-06-30": "1514.45700", "2012-06-30": "1368.51500", "2011-06-30": "1243.14800", "2010-06-30": "1092.35700", "2009-06-30": "920.73500", "2008-06-30": "835.39700", "2007-06-30": "716.33200", "2006-06-30": "606.99600", "2005-06-30": "425.50500"}, "Cost Of Goods Sold": {"2020-06-30": "1239.22700", "2019-06-30": "1112.50100", "2018-06-30": "1005.29800", "2017-06-30": "864.99200", "2016-06-30": "772.21600", "2015-06-30": "667.51600", "2014-06-30": "565.18700", "2013-06-30": "573.80000", "2012-06-30": "547.78000", "2011-06-30": "501.82200", "2010-06-30": "436.87400", "2009-06-30": "366.93300", "2008-06-30": "341.64700", "2007-06-30": "331.84000", "2006-06-30": "230.10100", "2005-06-30": "150.64500"}, "Gross Profit": {"2020-06-30": "1717.78600", "2019-06-30": "1494.07100", "2018-06-30": "1334.89800", "2017-06-30": "1201.74500", "2016-06-30": "1066.49700", "2015-06-30": "1011.39600", "2014-06-30": "989.78600", "2013-06-30": "940.65700", "2012-06-30": "820.73500", "2011-06-30": "741.32590", "2010-06-30": "655.48300", "2009-06-30": "553.80200", "2008-06-30": "493.75000", "2007-06-30": "384.49190", "2006-06-30": "376.89500", "2005-06-30": "274.86000"}, "Research And Development Expenses": {"2020-06-30": "201.94600", "2019-06-30": "180.65100", "2018-06-30": "155.14900", "2017-06-30": "144.46700", "2016-06-30": "118.65100", "2015-06-30": "114.86500", "2014-06-30": "118.22600", "2013-06-30": "144.88900", "2012-06-30": "109.73300", "2011-06-30": "92.00700", "2010-06-30": "75.20200", "2009-06-30": "63.05600", "2008-06-30": "60.52400", "2007-06-30": "50.10600", "2006-06-30": "37.21600", "2005-06-30": "30.01400"}, "SG&A Expenses": {"2020-06-30": "676.68900", "2019-06-30": "645.01000", "2018-06-30": "600.36900", "2017-06-30": "553.96800", "2016-06-30": "488.05700", "2015-06-30": "478.62700", "2014-06-30": "450.41400", "2013-06-30": "430.80200", "2012-06-30": "402.62100", "2011-06-30": "372.24900", "2010-06-30": "328.85800", "2009-06-30": "289.87500", "2008-06-30": "278.08700", "2007-06-30": "237.32600", "2006-06-30": "200.16800", "2005-06-30": "135.70300"}, "Other Operating Income Or Expenses": {"2020-06-30": "0.60000", "2019-06-30": "-47.32200", "2018-06-30": "", "2017-06-30": "-18.57600", "2016-06-30": "", "2015-06-30": "", "2014-06-30": "", "2013-06-30": "", "2012-06-30": "", "2011-06-30": "", "2010-06-30": "-3.00000", "2009-06-30": "-3.50000", "2008-06-30": "-2.00000", "2007-06-30": "", "2006-06-30": "-0.76000", "2005-06-30": "-0.50000"}, "Operating Expenses": {"2020-06-30": "2147.35400", "2019-06-30": "2027.30900", "2018-06-30": "1798.36500", "2017-06-30": "1640.93900", "2016-06-30": "1409.76100", "2015-06-30": "1269.67600", "2014-06-30": "1149.88600", "2013-06-30": "1159.63300", "2012-06-30": "1074.10800", "2011-06-30": "976.22400", "2010-06-30": "851.97500", "2009-06-30": "730.42400", "2008-06-30": "692.42690", "2007-06-30": "626.16900", "2006-06-30": "475.69600", "2005-06-30": "328.15200"}, "Operating Income": {"2020-06-30": "809.65890", "2019-06-30": "579.26310", "2018-06-30": "541.83110", "2017-06-30": "425.79800", "2016-06-30": "428.95210", "2015-06-30": "409.23600", "2014-06-30": "405.08690", "2013-06-30": "354.82400", "2012-06-30": "294.40700", "2011-06-30": "266.92400", "2010-06-30": "240.38210", "2009-06-30": "190.31100", "2008-06-30": "142.97000", "2007-06-30": "90.16300", "2006-06-30": "131.30000", "2005-06-30": "97.35300"}, "Total Non-Operating Income/Expense": {"2020-06-30": "-76.57100", "2019-06-30": "-60.41600", "2018-06-30": "-20.51900", "2017-06-30": "-7.05500", "2016-06-30": "10.61400", "2015-06-30": "26.68000", "2014-06-30": "25.99100", "2013-06-30": "30.29500", "2012-06-30": "37.53800", "2011-06-30": "36.78300", "2010-06-30": "20.20700", "2009-06-30": "11.37300", "2008-06-30": "14.88500", "2007-06-30": "7.81000", "2006-06-30": "2.09400", "2005-06-30": "-0.72700"}, "Pre-Tax Income": {"2020-06-30": "733.08800", "2019-06-30": "518.84700", "2018-06-30": "521.31200", "2017-06-30": "418.74300", "2016-06-30": "439.56600", "2015-06-30": "435.91600", "2014-06-30": "431.07800", "2013-06-30": "385.11900", "2012-06-30": "331.94500", "2011-06-30": "303.70700", "2010-06-30": "260.58900", "2009-06-30": "201.68400", "2008-06-30": "157.85500", "2007-06-30": "97.97300", "2006-06-30": "133.39400", "2005-06-30": "96.62600"}, "Income Taxes": {"2020-06-30": "111.41400", "2019-06-30": "114.25500", "2018-06-30": "205.72400", "2017-06-30": "76.45900", "2016-06-30": "87.15700", "2015-06-30": "83.03000", "2014-06-30": "85.80500", "2013-06-30": "77.98600", "2012-06-30": "77.09500", "2011-06-30": "76.72100", "2010-06-30": "70.50400", "2009-06-30": "55.23600", "2008-06-30": "47.55200", "2007-06-30": "31.67100", "2006-06-30": "45.18300", "2005-06-30": "31.84100"}, "Income After Taxes": {"2020-06-30": "621.67400", "2019-06-30": "404.59200", "2018-06-30": "315.58800", "2017-06-30": "342.28400", "2016-06-30": "352.40900", "2015-06-30": "352.88600", "2014-06-30": "345.27300", "2013-06-30": "307.13300", "2012-06-30": "254.85000", "2011-06-30": "226.98600", "2010-06-30": "190.08500", "2009-06-30": "146.44800", "2008-06-30": "110.30300", "2007-06-30": "66.30200", "2006-06-30": "88.21100", "2005-06-30": "64.78500"}, "Other Income": {"2020-06-30": "", "2019-06-30": "", "2018-06-30": "", "2017-06-30": "", "2016-06-30": "", "2015-06-30": "", "2014-06-30": "", "2013-06-30": "", "2012-06-30": "", "2011-06-30": "", "2010-06-30": "", "2009-06-30": "", "2008-06-30": "", "2007-06-30": "", "2006-06-30": "", "2005-06-30": ""}, "Income From Continuous Operations": {"2020-06-30": "621.67400", "2019-06-30": "404.59200", "2018-06-30": "315.58800", "2017-06-30": "342.28400", "2016-06-30": "352.40900", "2015-06-30": "352.88600", "2014-06-30": "345.27300", "2013-06-30": "307.13300", "2012-06-30": "254.85000", "2011-06-30": "226.98600", "2010-06-30": "190.08500", "2009-06-30": "146.44800", "2008-06-30": "110.30300", "2007-06-30": "66.30200", "2006-06-30": "88.21100", "2005-06-30": "64.78500"}, "Income From Discontinued Operations": {"2020-06-30": "", "2019-06-30": "", "2018-06-30": "", "2017-06-30": "", "2016-06-30": "", "2015-06-30": "", "2014-06-30": "", "2013-06-30": "", "2012-06-30": "", "2011-06-30": "", "2010-06-30": "", "2009-06-30": "", "2008-06-30": "", "2007-06-30": "", "2006-06-30": "", "2005-06-30": ""}, "Net Income": {"2020-06-30": "621.67400", "2019-06-30": "404.59200", "2018-06-30": "315.58800", "2017-06-30": "342.28400", "2016-06-30": "352.40900", "2015-06-30": "352.88600", "2014-06-30": "345.27300", "2013-06-30": "307.13300", "2012-06-30": "254.85000", "2011-06-30": "226.98600", "2010-06-30": "190.08500", "2009-06-30": "146.44800", "2008-06-30": "110.30300", "2007-06-30": "66.30200", "2006-06-30": "88.21100", "2005-06-30": "64.78500"}, "EBITDA": {"2020-06-30": "991.03190", "2019-06-30": "730.05800", "2018-06-30": "661.79110", "2017-06-30": "537.95500", "2016-06-30": "515.80110", "2015-06-30": "482.29200", "2014-06-30": "478.54090", "2013-06-30": "433.10400", "2012-06-30": "380.26300", "2011-06-30": "337.53990", "2010-06-30": "301.94510", "2009-06-30": "244.27400", "2008-06-30": "202.45500", "2007-06-30": "138.30400", "2006-06-30": "172.91900", "2005-06-30": "126.47900"}, "EBIT": {"2020-06-30": "809.65890", "2019-06-30": "579.26310", "2018-06-30": "541.83110", "2017-06-30": "425.79800", "2016-06-30": "428.95210", "2015-06-30": "409.23600", "2014-06-30": "405.08690", "2013-06-30": "354.82400", "2012-06-30": "294.40700", "2011-06-30": "266.92400", "2010-06-30": "240.38210", "2009-06-30": "190.31100", "2008-06-30": "142.97000", "2007-06-30": "90.16300", "2006-06-30": "131.30000", "2005-06-30": "97.35300"}, "Basic Shares Outstanding": {"2020-06-30": "144.33800", "2019-06-30": "143.11100", "2018-06-30": "142.76400", "2017-06-30": "141.36000", "2016-06-30": "140.24200", "2015-06-30": "140.46800", "2014-06-30": "141.47400", "2013-06-30": "142.95400", "2012-06-30": "145.90100", "2011-06-30": "152.47100", "2010-06-30": "150.90800", "2009-06-30": "151.25800", "2008-06-30": "154.75600", "2007-06-30": "153.41800", "2006-06-30": "144.61400", "2005-06-30": "137.28600"}, "Shares Outstanding": {"2020-06-30": "145.65200", "2019-06-30": "144.48400", "2018-06-30": "143.98700", "2017-06-30": "142.45300", "2016-06-30": "141.66900", "2015-06-30": "142.68700", "2014-06-30": "144.35900", "2013-06-30": "146.41000", "2012-06-30": "149.31600", "2011-06-30": "157.19500", "2010-06-30": "155.09800", "2009-06-30": "154.22600", "2008-06-30": "157.42400", "2007-06-30": "156.50600", "2006-06-30": "154.32400", "2005-06-30": "149.88400"}, "Basic EPS": {"2020-06-30": "4.31000", "2019-06-30": "2.83000", "2018-06-30": "2.21000", "2017-06-30": "2.42000", "2016-06-30": "2.51000", "2015-06-30": "2.51000", "2014-06-30": "2.44000", "2013-06-30": "2.15000", "2012-06-30": "1.75000", "2011-06-30": "1.49000", "2010-06-30": "1.26000", "2009-06-30": "0.97000", "2008-06-30": "0.71500", "2007-06-30": "0.43000", "2006-06-30": "0.61000", "2005-06-30": "0.47000"}, "EPS - Earnings Per Share": {"2020-06-30": "4.27000", "2019-06-30": "2.80000", "2018-06-30": "2.19000", "2017-06-30": "2.40000", "2016-06-30": "2.49000", "2015-06-30": "2.47000", "2014-06-30": "2.39000", "2013-06-30": "2.10000", "2012-06-30": "1.71000", "2011-06-30": "1.44000", "2010-06-30": "1.23000", "2009-06-30": "0.95000", "2008-06-30": "0.70000", "2007-06-30": "0.42500", "2006-06-30": "0.58000", "2005-06-30": "0.45500"}}, "income statement, quarterly": {"Revenue": {"2020-12-31": "800.01100", "2020-09-30": "751.94400", "2020-06-30": "770.34480", "2020-03-31": "769.45500", "2019-12-31": "736.15700", "2019-09-30": "681.05600", "2019-06-30": "704.96500", "2019-03-31": "662.22800", "2018-12-31": "651.10000", "2018-09-30": "588.27900", "2018-06-30": "623.63010", "2018-03-31": "591.63400", "2017-12-31": "601.27300", "2017-09-30": "523.65900", "2017-06-30": "556.68610", "2017-03-31": "514.20400", "2016-12-31": "530.39700", "2016-09-30": "465.45000", "2016-06-30": "518.64700", "2016-03-31": "453.87900", "2015-12-31": "454.54000", "2015-09-30": "411.64700", "2015-06-30": "453.06400", "2015-03-31": "422.49700", "2014-12-31": "422.95200", "2014-09-30": "380.39900", "2014-06-30": "415.21210", "2014-03-31": "397.75800", "2013-12-31": "384.34100", "2013-09-30": "357.66200", "2013-06-30": "414.60800", "2013-03-31": "383.58100", "2012-12-31": "376.53700", "2012-09-30": "339.73100", "2012-06-30": "371.93000", "2012-03-31": "349.07300", "2011-12-31": "332.73800", "2011-09-30": "314.77400", "2011-06-30": "341.89190", "2011-03-31": "313.25800", "2010-12-31": "305.98600", "2010-09-30": "282.01200", "2010-06-30": "291.57210", "2010-03-31": "278.65900", "2009-12-31": "275.13400", "2009-09-30": "246.99200", "2009-06-30": "251.95900", "2009-03-31": "227.86500", "2008-12-31": "222.98000", "2008-09-30": "217.93100", "2008-06-30": "235.15090", "2008-03-31": "211.82700", "2007-12-31": "202.67900", "2007-09-30": "185.74000", "2007-06-30": "191.30900", "2007-03-31": "182.99000", "2006-12-31": "178.42800", "2006-09-30": "163.60500", "2006-06-30": "171.17300", "2006-03-31": "162.28000", "2005-12-31": "146.41600", "2005-09-30": "127.12700", "2005-06-30": "125.42500", "2005-03-31": "108.45400"}, "Cost Of Goods Sold": {"2020-12-31": "337.52800", "2020-09-30": "313.28300", "2020-06-30": "320.97010", "2020-03-31": "319.79300", "2019-12-31": "309.02700", "2019-09-30": "289.43700", "2019-06-30": "309.48900", "2019-03-31": "281.25800", "2018-12-31": "276.56800", "2018-09-30": "245.18600", "2018-06-30": "288.42400", "2018-03-31": "247.33900", "2017-12-31": "251.48100", "2017-09-30": "218.05400", "2017-06-30": "232.91000", "2017-03-31": "214.49000", "2016-12-31": "221.32600", "2016-09-30": "196.26600", "2016-06-30": "217.15800", "2016-03-31": "193.99900", "2015-12-31": "188.03100", "2015-09-30": "173.02800", "2015-06-30": "193.63400", "2015-03-31": "171.06600", "2014-12-31": "159.73000", "2014-09-30": "143.08600", "2014-06-30": "153.95500", "2014-03-31": "145.97000", "2013-12-31": "135.58200", "2013-09-30": "129.68000", "2013-06-30": "154.76000", "2013-03-31": "144.13200", "2012-12-31": "143.82500", "2012-09-30": "131.08300", "2012-06-30": "145.46010", "2012-03-31": "138.57700", "2011-12-31": "134.02300", "2011-09-30": "129.72000", "2011-06-30": "143.02200", "2011-03-31": "130.75500", "2010-12-31": "119.98700", "2010-09-30": "108.05800", "2010-06-30": "117.05500", "2010-03-31": "112.07600", "2009-12-31": "110.92900", "2009-09-30": "96.81400", "2009-06-30": "95.25200", "2009-03-31": "88.92200", "2008-12-31": "91.95500", "2008-09-30": "90.80400", "2008-06-30": "101.06700", "2008-03-31": "85.26900", "2007-12-31": "81.34800", "2007-09-30": "73.96300", "2007-06-30": "74.10300", "2007-03-31": "128.75800", "2006-12-31": "66.67000", "2006-09-30": "62.30900", "2006-06-30": "66.98900", "2006-03-31": "61.41400", "2005-12-31": "54.69000", "2005-09-30": "47.00800", "2005-06-30": "45.64900", "2005-03-31": "38.15900"}, "Gross Profit": {"2020-12-31": "462.48300", "2020-09-30": "438.66100", "2020-06-30": "449.37480", "2020-03-31": "449.66200", "2019-12-31": "427.13000", "2019-09-30": "391.61900", "2019-06-30": "395.47600", "2019-03-31": "380.97000", "2018-12-31": "374.53200", "2018-09-30": "343.09300", "2018-06-30": "335.20610", "2018-03-31": "344.29500", "2017-12-31": "349.79200", "2017-09-30": "305.60500", "2017-06-30": "323.77610", "2017-03-31": "299.71400", "2016-12-31": "309.07100", "2016-09-30": "269.18400", "2016-06-30": "301.48900", "2016-03-31": "259.88000", "2015-12-31": "266.50900", "2015-09-30": "238.61900", "2015-06-30": "259.43000", "2015-03-31": "251.43100", "2014-12-31": "263.22200", "2014-09-30": "237.31300", "2014-06-30": "261.25710", "2014-03-31": "251.78800", "2013-12-31": "248.75900", "2013-09-30": "227.98200", "2013-06-30": "259.84800", "2013-03-31": "239.44900", "2012-12-31": "232.71200", "2012-09-30": "208.64800", "2012-06-30": "226.46990", "2012-03-31": "210.49600", "2011-12-31": "198.71500", "2011-09-30": "185.05400", "2011-06-30": "198.86990", "2011-03-31": "182.50300", "2010-12-31": "185.99900", "2010-09-30": "173.95400", "2010-06-30": "174.51710", "2010-03-31": "166.58300", "2009-12-31": "164.20500", "2009-09-30": "150.17800", "2009-06-30": "156.70700", "2009-03-31": "138.94300", "2008-12-31": "131.02500", "2008-09-30": "127.12700", "2008-06-30": "134.08390", "2008-03-31": "126.55800", "2007-12-31": "121.33100", "2007-09-30": "111.77700", "2007-06-30": "117.20600", "2007-03-31": "54.23200", "2006-12-31": "111.75800", "2006-09-30": "101.29600", "2006-06-30": "104.18400", "2006-03-31": "100.86600", "2005-12-31": "91.72600", "2005-09-30": "80.11900", "2005-06-30": "79.77600", "2005-03-31": "70.29500"}, "Research And Development Expenses": {"2020-12-31": "54.93500", "2020-09-30": "54.53300", "2020-06-30": "52.52100", "2020-03-31": "51.44900", "2019-12-31": "49.94300", "2019-09-30": "48.03300", "2019-06-30": "51.13900", "2019-03-31": "47.61000", "2018-12-31": "43.11100", "2018-09-30": "38.79100", "2018-06-30": "39.65700", "2018-03-31": "37.43400", "2017-12-31": "40.64300", "2017-09-30": "37.41500", "2017-06-30": "36.70100", "2017-03-31": "35.13000", "2016-12-31": "38.19000", "2016-09-30": "34.44600", "2016-06-30": "34.38000", "2016-03-31": "28.10900", "2015-12-31": "28.97000", "2015-09-30": "27.19200", "2015-06-30": "28.52300", "2015-03-31": "27.02400", "2014-12-31": "29.29400", "2014-09-30": "30.02400", "2014-06-30": "31.79600", "2014-03-31": "29.53000", "2013-12-31": "29.53700", "2013-09-30": "27.36300", "2013-06-30": "56.15400", "2013-03-31": "31.18900", "2012-12-31": "30.32600", "2012-09-30": "27.22000", "2012-06-30": "27.91100", "2012-03-31": "28.39800", "2011-12-31": "27.21800", "2011-09-30": "26.20600", "2011-06-30": "26.97700", "2011-03-31": "23.31900", "2010-12-31": "21.97200", "2010-09-30": "19.73900", "2010-06-30": "19.95000", "2010-03-31": "18.27900", "2009-12-31": "19.05900", "2009-09-30": "17.91400", "2009-06-30": "16.96600", "2009-03-31": "13.88200", "2008-12-31": "14.91500", "2008-09-30": "17.29300", "2008-06-30": "17.58900", "2008-03-31": "15.00300", "2007-12-31": "14.91900", "2007-09-30": "13.01300", "2007-06-30": "14.16400", "2007-03-31": "13.05900", "2006-12-31": "12.02800", "2006-09-30": "10.85500", "2006-06-30": "11.06000", "2006-03-31": "9.14300", "2005-12-31": "8.58800", "2005-09-30": "8.42500", "2005-06-30": "8.11300", "2005-03-31": "7.24000"}, "SG&A Expenses": {"2020-12-31": "169.47000", "2020-09-30": "158.98900", "2020-06-30": "165.38600", "2020-03-31": "172.44100", "2019-12-31": "171.42200", "2019-09-30": "167.44000", "2019-06-30": "171.59900", "2019-03-31": "164.52900", "2018-12-31": "161.57900", "2018-09-30": "147.30300", "2018-06-30": "156.81100", "2018-03-31": "147.89300", "2017-12-31": "151.81600", "2017-09-30": "143.84900", "2017-06-30": "147.94600", "2017-03-31": "137.86400", "2016-12-31": "139.30700", "2016-09-30": "128.85100", "2016-06-30": "135.84200", "2016-03-31": "122.90100", "2015-12-31": "118.21900", "2015-09-30": "111.09500", "2015-06-30": "129.25100", "2015-03-31": "116.33600", "2014-12-31": "122.52000", "2014-09-30": "110.52000", "2014-06-30": "122.24200", "2014-03-31": "115.10100", "2013-12-31": "111.74800", "2013-09-30": "101.32300", "2013-06-30": "115.05600", "2013-03-31": "109.62800", "2012-12-31": "107.81500", "2012-09-30": "98.30300", "2012-06-30": "105.90800", "2012-03-31": "101.95800", "2011-12-31": "100.55200", "2011-09-30": "94.20300", "2011-06-30": "103.32800", "2011-03-31": "92.54900", "2010-12-31": "91.58100", "2010-09-30": "84.79100", "2010-06-30": "83.87500", "2010-03-31": "84.13300", "2009-12-31": "84.09400", "2009-09-30": "76.75600", "2009-06-30": "77.58600", "2009-03-31": "70.86600", "2008-12-31": "70.08600", "2008-09-30": "71.33700", "2008-06-30": "77.44300", "2008-03-31": "70.11800", "2007-12-31": "67.64400", "2007-09-30": "62.88200", "2007-06-30": "65.21100", "2007-03-31": "61.33500", "2006-12-31": "57.33600", "2006-09-30": "53.44400", "2006-06-30": "53.69100", "2006-03-31": "52.90300", "2005-12-31": "48.89400", "2005-09-30": "44.68000", "2005-06-30": "41.12100", "2005-03-31": "34.44900"}, "Other Operating Income Or Expenses": {"2020-12-31": "", "2020-09-30": "", "2020-06-30": "", "2020-03-31": "", "2019-12-31": "0.60000", "2019-09-30": "", "2019-06-30": "-41.19900", "2019-03-31": "", "2018-12-31": "-6.12300", "2018-09-30": "", "2018-06-30": "", "2018-03-31": "", "2017-12-31": "", "2017-09-30": "", "2017-06-30": "", "2017-03-31": "", "2016-12-31": "-18.57600", "2016-09-30": "", "2016-06-30": "", "2016-03-31": "", "2015-12-31": "0.00000", "2015-09-30": "", "2015-06-30": "", "2015-03-31": "", "2014-12-31": "", "2014-09-30": "", "2014-06-30": "", "2014-03-31": "", "2013-12-31": "", "2013-09-30": "", "2013-06-30": "", "2013-03-31": "", "2012-12-31": "", "2012-09-30": "", "2012-06-30": "", "2012-03-31": "", "2011-12-31": "", "2011-09-30": "", "2011-06-30": "", "2011-03-31": "0.00000", "2010-12-31": "", "2010-09-30": "-1.00000", "2010-06-30": "", "2010-03-31": "-1.00000", "2009-12-31": "-1.00000", "2009-09-30": "-1.00000", "2009-06-30": "-2.50000", "2009-03-31": "", "2008-12-31": "-1.00000", "2008-09-30": "", "2008-06-30": "", "2008-03-31": "-2.00000", "2007-12-31": "", "2007-09-30": "", "2007-06-30": "", "2007-03-31": "", "2006-12-31": "", "2006-09-30": "", "2006-06-30": "", "2006-03-31": "-0.50500", "2005-12-31": "-0.25500", "2005-09-30": "", "2005-06-30": "", "2005-03-31": ""}, "Operating Expenses": {"2020-12-31": "578.29500", "2020-09-30": "535.04800", "2020-06-30": "547.09690", "2020-03-31": "551.95500", "2019-12-31": "538.34800", "2019-09-30": "509.95400", "2019-06-30": "583.88900", "2019-03-31": "505.25100", "2018-12-31": "494.02200", "2018-09-30": "444.14700", "2018-06-30": "476.74600", "2018-03-31": "455.26100", "2017-12-31": "455.25700", "2017-09-30": "411.10100", "2017-06-30": "429.32610", "2017-03-31": "406.80700", "2016-12-31": "433.50200", "2016-09-30": "371.30400", "2016-06-30": "400.00890", "2016-03-31": "349.56700", "2015-12-31": "346.56300", "2015-09-30": "313.62200", "2015-06-30": "353.51700", "2015-03-31": "316.62900", "2014-12-31": "313.80600", "2014-09-30": "285.72400", "2014-06-30": "316.72710", "2014-03-31": "293.06000", "2013-12-31": "279.32100", "2013-09-30": "260.77800", "2013-06-30": "328.44210", "2013-03-31": "287.48200", "2012-12-31": "284.46700", "2012-09-30": "259.24200", "2012-06-30": "282.19900", "2012-03-31": "272.52500", "2011-12-31": "265.48400", "2011-09-30": "253.90000", "2011-06-30": "275.19700", "2011-03-31": "249.29600", "2010-12-31": "236.11300", "2010-09-30": "215.61800", "2010-06-30": "222.95400", "2010-03-31": "217.48000", "2009-12-31": "217.21200", "2009-09-30": "194.32900", "2009-06-30": "194.06000", "2009-03-31": "175.34700", "2008-12-31": "179.65000", "2008-09-30": "181.36700", "2008-06-30": "198.16600", "2008-03-31": "174.43900", "2007-12-31": "165.84600", "2007-09-30": "153.97600", "2007-06-30": "155.26200", "2007-03-31": "204.88200", "2006-12-31": "137.73600", "2006-09-30": "128.28900", "2006-06-30": "133.40700", "2006-03-31": "125.53500", "2005-12-31": "114.14000", "2005-09-30": "102.61400", "2005-06-30": "101.66800", "2005-03-31": "81.42700"}, "Operating Income": {"2020-12-31": "221.71600", "2020-09-30": "216.89600", "2020-06-30": "223.24790", "2020-03-31": "217.50000", "2019-12-31": "197.80900", "2019-09-30": "171.10200", "2019-06-30": "121.07600", "2019-03-31": "156.97710", "2018-12-31": "157.07800", "2018-09-30": "144.13200", "2018-06-30": "146.88410", "2018-03-31": "136.37300", "2017-12-31": "146.01600", "2017-09-30": "112.55800", "2017-06-30": "127.36000", "2017-03-31": "107.39700", "2016-12-31": "96.89500", "2016-09-30": "94.14600", "2016-06-30": "118.63810", "2016-03-31": "104.31200", "2015-12-31": "107.97700", "2015-09-30": "98.02500", "2015-06-30": "99.54710", "2015-03-31": "105.86800", "2014-12-31": "109.14600", "2014-09-30": "94.67500", "2014-06-30": "98.48500", "2014-03-31": "104.69800", "2013-12-31": "105.02000", "2013-09-30": "96.88400", "2013-06-30": "86.16590", "2013-03-31": "96.09900", "2012-12-31": "92.07000", "2012-09-30": "80.48900", "2012-06-30": "89.73100", "2012-03-31": "76.54800", "2011-12-31": "67.25400", "2011-09-30": "60.87400", "2011-06-30": "66.69500", "2011-03-31": "63.96200", "2010-12-31": "69.87300", "2010-09-30": "66.39400", "2010-06-30": "68.61810", "2010-03-31": "61.17900", "2009-12-31": "57.92200", "2009-09-30": "52.66300", "2009-06-30": "57.89900", "2009-03-31": "52.51800", "2008-12-31": "43.33000", "2008-09-30": "36.56400", "2008-06-30": "36.98500", "2008-03-31": "37.38800", "2007-12-31": "36.83300", "2007-09-30": "31.76400", "2007-06-30": "36.04700", "2007-03-31": "-21.89200", "2006-12-31": "40.69200", "2006-09-30": "35.31600", "2006-06-30": "37.76600", "2006-03-31": "36.74500", "2005-12-31": "32.27600", "2005-09-30": "24.51300", "2005-06-30": "23.75700", "2005-03-31": "27.02700"}, "Total Non-Operating Income/Expense": {"2020-12-31": "-11.12400", "2020-09-30": "-1.04200", "2020-06-30": "-11.15400", "2020-03-31": "-25.84500", "2019-12-31": "-19.05700", "2019-09-30": "-20.51500", "2019-06-30": "-25.31200", "2019-03-31": "-19.04800", "2018-12-31": "-10.80500", "2018-09-30": "-5.25100", "2018-06-30": "-5.96500", "2018-03-31": "-6.23000", "2017-12-31": "-4.25100", "2017-09-30": "-4.07300", "2017-06-30": "-5.73900", "2017-03-31": "0.59300", "2016-12-31": "-0.68800", "2016-09-30": "-1.22100", "2016-06-30": "-1.20700", "2016-03-31": "4.68400", "2015-12-31": "5.71800", "2015-09-30": "1.41900", "2015-06-30": "4.57000", "2015-03-31": "8.49000", "2014-12-31": "6.36500", "2014-09-30": "7.25500", "2014-06-30": "8.15000", "2014-03-31": "8.21400", "2013-12-31": "4.44100", "2013-09-30": "5.18600", "2013-06-30": "1.66000", "2013-03-31": "11.89300", "2012-12-31": "6.33000", "2012-09-30": "10.41200", "2012-06-30": "8.77900", "2012-03-31": "7.45900", "2011-12-31": "15.67700", "2011-09-30": "5.62300", "2011-06-30": "10.51400", "2011-03-31": "7.06100", "2010-12-31": "9.04800", "2010-09-30": "10.16000", "2010-06-30": "3.31000", "2010-03-31": "6.47900", "2009-12-31": "5.17500", "2009-09-30": "5.24300", "2009-06-30": "4.48300", "2009-03-31": "1.07600", "2008-12-31": "3.65100", "2008-09-30": "2.16300", "2008-06-30": "4.64800", "2008-03-31": "6.17500", "2007-12-31": "2.01400", "2007-09-30": "2.04800", "2007-06-30": "4.39500", "2007-03-31": "0.93900", "2006-12-31": "1.55300", "2006-09-30": "0.92300", "2006-06-30": "1.09600", "2006-03-31": "1.37300", "2005-12-31": "0.27100", "2005-09-30": "-0.64600", "2005-06-30": "-0.62600", "2005-03-31": "-0.33100"}, "Pre-Tax Income": {"2020-12-31": "210.59200", "2020-09-30": "215.85400", "2020-06-30": "212.09400", "2020-03-31": "191.65500", "2019-12-31": "178.75200", "2019-09-30": "150.58700", "2019-06-30": "95.76400", "2019-03-31": "137.92900", "2018-12-31": "146.27300", "2018-09-30": "138.88100", "2018-06-30": "140.91900", "2018-03-31": "130.14300", "2017-12-31": "141.76500", "2017-09-30": "108.48500", "2017-06-30": "121.62100", "2017-03-31": "107.99000", "2016-12-31": "96.20700", "2016-09-30": "92.92500", "2016-06-30": "117.43100", "2016-03-31": "108.99600", "2015-12-31": "113.69500", "2015-09-30": "99.44400", "2015-06-30": "104.11700", "2015-03-31": "114.35800", "2014-12-31": "115.51100", "2014-09-30": "101.93000", "2014-06-30": "106.63500", "2014-03-31": "112.91200", "2013-12-31": "109.46100", "2013-09-30": "102.07000", "2013-06-30": "87.82600", "2013-03-31": "107.99200", "2012-12-31": "98.40000", "2012-09-30": "90.90100", "2012-06-30": "98.51000", "2012-03-31": "84.00700", "2011-12-31": "82.93100", "2011-09-30": "66.49700", "2011-06-30": "77.20900", "2011-03-31": "71.02300", "2010-12-31": "78.92100", "2010-09-30": "76.55400", "2010-06-30": "71.92800", "2010-03-31": "67.65800", "2009-12-31": "63.09700", "2009-09-30": "57.90600", "2009-06-30": "62.38200", "2009-03-31": "53.59400", "2008-12-31": "46.98100", "2008-09-30": "38.72700", "2008-06-30": "41.63300", "2008-03-31": "43.56300", "2007-12-31": "38.84700", "2007-09-30": "33.81200", "2007-06-30": "40.44200", "2007-03-31": "-20.95300", "2006-12-31": "42.24500", "2006-09-30": "36.23900", "2006-06-30": "38.86200", "2006-03-31": "38.11800", "2005-12-31": "32.54700", "2005-09-30": "23.86700", "2005-06-30": "23.13100", "2005-03-31": "26.69600"}, "Income Taxes": {"2020-12-31": "31.07800", "2020-09-30": "37.48200", "2020-06-30": "34.25900", "2020-03-31": "28.51800", "2019-12-31": "18.19800", "2019-09-30": "30.43900", "2019-06-30": "26.96400", "2019-03-31": "32.51300", "2018-12-31": "21.63400", "2018-09-30": "33.14400", "2018-06-30": "31.10800", "2018-03-31": "20.01800", "2017-12-31": "132.23800", "2017-09-30": "22.36000", "2017-06-30": "20.01000", "2017-03-31": "20.16700", "2016-12-31": "19.46400", "2016-09-30": "16.81800", "2016-06-30": "34.30600", "2016-03-31": "18.20500", "2015-12-31": "18.11900", "2015-09-30": "16.52700", "2015-06-30": "16.65500", "2015-03-31": "23.37500", "2014-12-31": "24.33000", "2014-09-30": "18.67000", "2014-06-30": "18.89700", "2014-03-31": "22.94300", "2013-12-31": "22.82500", "2013-09-30": "21.14000", "2013-06-30": "14.81300", "2013-03-31": "23.07900", "2012-12-31": "20.45800", "2012-09-30": "19.63600", "2012-06-30": "21.66300", "2012-03-31": "19.39400", "2011-12-31": "20.05900", "2011-09-30": "15.97900", "2011-06-30": "18.73700", "2011-03-31": "17.67300", "2010-12-31": "20.46500", "2010-09-30": "19.84600", "2010-06-30": "18.76200", "2010-03-31": "18.82400", "2009-12-31": "17.11400", "2009-09-30": "15.80400", "2009-06-30": "17.01100", "2009-03-31": "14.39600", "2008-12-31": "13.12800", "2008-09-30": "10.70100", "2008-06-30": "12.00000", "2008-03-31": "13.87900", "2007-12-31": "11.98600", "2007-09-30": "9.68700", "2007-06-30": "12.76900", "2007-03-31": "-5.58800", "2006-12-31": "13.25000", "2006-09-30": "11.24000", "2006-06-30": "15.76900", "2006-03-31": "11.75600", "2005-12-31": "10.23300", "2005-09-30": "7.42500", "2005-06-30": "7.55300", "2005-03-31": "8.81900"}, "Income After Taxes": {"2020-12-31": "179.51400", "2020-09-30": "178.37200", "2020-06-30": "177.83500", "2020-03-31": "163.13700", "2019-12-31": "160.55400", "2019-09-30": "120.14800", "2019-06-30": "68.80000", "2019-03-31": "105.41600", "2018-12-31": "124.63900", "2018-09-30": "105.73700", "2018-06-30": "109.81100", "2018-03-31": "110.12500", "2017-12-31": "9.52700", "2017-09-30": "86.12500", "2017-06-30": "101.61100", "2017-03-31": "87.82300", "2016-12-31": "76.74300", "2016-09-30": "76.10700", "2016-06-30": "83.12500", "2016-03-31": "90.79100", "2015-12-31": "95.57600", "2015-09-30": "82.91700", "2015-06-30": "87.46200", "2015-03-31": "90.98300", "2014-12-31": "91.18100", "2014-09-30": "83.26000", "2014-06-30": "87.73800", "2014-03-31": "89.96900", "2013-12-31": "86.63600", "2013-09-30": "80.93000", "2013-06-30": "73.01300", "2013-03-31": "84.91300", "2012-12-31": "77.94200", "2012-09-30": "71.26500", "2012-06-30": "76.84700", "2012-03-31": "64.61300", "2011-12-31": "62.87200", "2011-09-30": "50.51800", "2011-06-30": "58.47200", "2011-03-31": "53.35000", "2010-12-31": "58.45600", "2010-09-30": "56.70800", "2010-06-30": "53.16600", "2010-03-31": "48.83400", "2009-12-31": "45.98300", "2009-09-30": "42.10200", "2009-06-30": "45.37100", "2009-03-31": "39.19800", "2008-12-31": "33.85300", "2008-09-30": "28.02600", "2008-06-30": "29.63300", "2008-03-31": "29.68400", "2007-12-31": "26.86100", "2007-09-30": "24.12500", "2007-06-30": "27.67300", "2007-03-31": "-15.36500", "2006-12-31": "28.99500", "2006-09-30": "24.99900", "2006-06-30": "23.09300", "2006-03-31": "26.36200", "2005-12-31": "22.31400", "2005-09-30": "16.44200", "2005-06-30": "15.57800", "2005-03-31": "17.87700"}, "Other Income": {"2020-12-31": "", "2020-09-30": "", "2020-06-30": "", "2020-03-31": "", "2019-12-31": "", "2019-09-30": "", "2019-06-30": "", "2019-03-31": "", "2018-12-31": "", "2018-09-30": "", "2018-06-30": "", "2018-03-31": "", "2017-12-31": "", "2017-09-30": "", "2017-06-30": "", "2017-03-31": "", "2016-12-31": "", "2016-09-30": "", "2016-06-30": "", "2016-03-31": "", "2015-12-31": "", "2015-09-30": "", "2015-06-30": "", "2015-03-31": "", "2014-12-31": "", "2014-09-30": "", "2014-06-30": "", "2014-03-31": "", "2013-12-31": "", "2013-09-30": "", "2013-06-30": "", "2013-03-31": "", "2012-12-31": "", "2012-09-30": "", "2012-06-30": "", "2012-03-31": "", "2011-12-31": "", "2011-09-30": "", "2011-06-30": "", "2011-03-31": "", "2010-12-31": "", "2010-09-30": "", "2010-06-30": "", "2010-03-31": "", "2009-12-31": "", "2009-09-30": "", "2009-06-30": "", "2009-03-31": "", "2008-12-31": "", "2008-09-30": "", "2008-06-30": "", "2008-03-31": "", "2007-12-31": "", "2007-09-30": "", "2007-06-30": "", "2007-03-31": "", "2006-12-31": "", "2006-09-30": "", "2006-06-30": "", "2006-03-31": "", "2005-12-31": "", "2005-09-30": "", "2005-06-30": "", "2005-03-31": ""}, "Income From Continuous Operations": {"2020-12-31": "179.51400", "2020-09-30": "178.37200", "2020-06-30": "177.83500", "2020-03-31": "163.13700", "2019-12-31": "160.55400", "2019-09-30": "120.14800", "2019-06-30": "68.80000", "2019-03-31": "105.41600", "2018-12-31": "124.63900", "2018-09-30": "105.73700", "2018-06-30": "109.81100", "2018-03-31": "110.12500", "2017-12-31": "9.52700", "2017-09-30": "86.12500", "2017-06-30": "101.61100", "2017-03-31": "87.82300", "2016-12-31": "76.74300", "2016-09-30": "76.10700", "2016-06-30": "83.12500", "2016-03-31": "90.79100", "2015-12-31": "95.57600", "2015-09-30": "82.91700", "2015-06-30": "87.46200", "2015-03-31": "90.98300", "2014-12-31": "91.18100", "2014-09-30": "83.26000", "2014-06-30": "87.73800", "2014-03-31": "89.96900", "2013-12-31": "86.63600", "2013-09-30": "80.93000", "2013-06-30": "73.01300", "2013-03-31": "84.91300", "2012-12-31": "77.94200", "2012-09-30": "71.26500", "2012-06-30": "76.84700", "2012-03-31": "64.61300", "2011-12-31": "62.87200", "2011-09-30": "50.51800", "2011-06-30": "58.47200", "2011-03-31": "53.35000", "2010-12-31": "58.45600", "2010-09-30": "56.70800", "2010-06-30": "53.16600", "2010-03-31": "48.83400", "2009-12-31": "45.98300", "2009-09-30": "42.10200", "2009-06-30": "45.37100", "2009-03-31": "39.19800", "2008-12-31": "33.85300", "2008-09-30": "28.02600", "2008-06-30": "29.63300", "2008-03-31": "29.68400", "2007-12-31": "26.86100", "2007-09-30": "24.12500", "2007-06-30": "27.67300", "2007-03-31": "-15.36500", "2006-12-31": "28.99500", "2006-09-30": "24.99900", "2006-06-30": "23.09300", "2006-03-31": "26.36200", "2005-12-31": "22.31400", "2005-09-30": "16.44200", "2005-06-30": "15.57800", "2005-03-31": "17.87700"}, "Income From Discontinued Operations": {"2020-12-31": "", "2020-09-30": "", "2020-06-30": "", "2020-03-31": "", "2019-12-31": "", "2019-09-30": "", "2019-06-30": "", "2019-03-31": "", "2018-12-31": "", "2018-09-30": "", "2018-06-30": "", "2018-03-31": "", "2017-12-31": "", "2017-09-30": "", "2017-06-30": "", "2017-03-31": "", "2016-12-31": "", "2016-09-30": "", "2016-06-30": "", "2016-03-31": "", "2015-12-31": "", "2015-09-30": "", "2015-06-30": "", "2015-03-31": "", "2014-12-31": "", "2014-09-30": "", "2014-06-30": "", "2014-03-31": "", "2013-12-31": "", "2013-09-30": "", "2013-06-30": "", "2013-03-31": "", "2012-12-31": "", "2012-09-30": "", "2012-06-30": "", "2012-03-31": "", "2011-12-31": "", "2011-09-30": "", "2011-06-30": "", "2011-03-31": "", "2010-12-31": "", "2010-09-30": "", "2010-06-30": "", "2010-03-31": "", "2009-12-31": "", "2009-09-30": "", "2009-06-30": "", "2009-03-31": "", "2008-12-31": "", "2008-09-30": "", "2008-06-30": "", "2008-03-31": "", "2007-12-31": "", "2007-09-30": "", "2007-06-30": "", "2007-03-31": "", "2006-12-31": "", "2006-09-30": "", "2006-06-30": "", "2006-03-31": "", "2005-12-31": "", "2005-09-30": "", "2005-06-30": "", "2005-03-31": ""}, "Net Income": {"2020-12-31": "179.51400", "2020-09-30": "178.37200", "2020-06-30": "177.83500", "2020-03-31": "163.13700", "2019-12-31": "160.55400", "2019-09-30": "120.14800", "2019-06-30": "68.80000", "2019-03-31": "105.41600", "2018-12-31": "124.63900", "2018-09-30": "105.73700", "2018-06-30": "109.81100", "2018-03-31": "110.12500", "2017-12-31": "9.52700", "2017-09-30": "86.12500", "2017-06-30": "101.61100", "2017-03-31": "87.82300", "2016-12-31": "76.74300", "2016-09-30": "76.10700", "2016-06-30": "83.12500", "2016-03-31": "90.79100", "2015-12-31": "95.57600", "2015-09-30": "82.91700", "2015-06-30": "87.46200", "2015-03-31": "90.98300", "2014-12-31": "91.18100", "2014-09-30": "83.26000", "2014-06-30": "87.73800", "2014-03-31": "89.96900", "2013-12-31": "86.63600", "2013-09-30": "80.93000", "2013-06-30": "73.01300", "2013-03-31": "84.91300", "2012-12-31": "77.94200", "2012-09-30": "71.26500", "2012-06-30": "76.84700", "2012-03-31": "64.61300", "2011-12-31": "62.87200", "2011-09-30": "50.51800", "2011-06-30": "58.47200", "2011-03-31": "53.35000", "2010-12-31": "58.45600", "2010-09-30": "56.70800", "2010-06-30": "53.16600", "2010-03-31": "48.83400", "2009-12-31": "45.98300", "2009-09-30": "42.10200", "2009-06-30": "45.37100", "2009-03-31": "39.19800", "2008-12-31": "33.85300", "2008-09-30": "28.02600", "2008-06-30": "29.63300", "2008-03-31": "29.68400", "2007-12-31": "26.86100", "2007-09-30": "24.12500", "2007-06-30": "27.67300", "2007-03-31": "-15.36500", "2006-12-31": "28.99500", "2006-09-30": "24.99900", "2006-06-30": "23.09300", "2006-03-31": "26.36200", "2005-12-31": "22.31400", "2005-09-30": "16.44200", "2005-06-30": "15.57800", "2005-03-31": "17.87700"}, "EBITDA": {"2020-12-31": "269.78500", "2020-09-30": "266.78400", "2020-06-30": "268.75590", "2020-03-31": "263.96500", "2019-12-31": "243.29200", "2019-09-30": "215.01900", "2019-06-30": "163.66800", "2019-03-31": "198.72710", "2018-12-31": "193.10700", "2018-09-30": "174.55600", "2018-06-30": "178.58810", "2018-03-31": "165.68400", "2017-12-31": "175.39000", "2017-09-30": "142.12900", "2017-06-30": "155.52800", "2017-03-31": "135.88200", "2016-12-31": "124.62400", "2016-09-30": "121.92100", "2016-06-30": "145.66010", "2016-03-31": "124.21900", "2015-12-31": "129.49400", "2015-09-30": "116.42800", "2015-06-30": "117.29310", "2015-03-31": "123.72700", "2014-12-31": "128.01500", "2014-09-30": "113.25700", "2014-06-30": "118.30800", "2014-03-31": "121.87900", "2013-12-31": "123.60000", "2013-09-30": "114.75400", "2013-06-30": "105.82490", "2013-03-31": "116.77300", "2012-12-31": "111.36700", "2012-09-30": "99.13900", "2012-06-30": "112.15700", "2012-03-31": "96.57400", "2011-12-31": "90.24800", "2011-09-30": "81.28400", "2011-06-30": "86.20300", "2011-03-31": "82.08200", "2010-12-31": "87.21900", "2010-09-30": "82.03600", "2010-06-30": "84.09110", "2010-03-31": "77.29500", "2009-12-31": "73.52200", "2009-09-30": "67.03700", "2009-06-30": "72.79700", "2009-03-31": "65.45400", "2008-12-31": "55.10100", "2008-09-30": "50.92200", "2008-06-30": "53.42400", "2008-03-31": "52.23600", "2007-12-31": "50.64100", "2007-09-30": "46.15400", "2007-06-30": "49.18400", "2007-03-31": "-9.63400", "2006-12-31": "52.73100", "2006-09-30": "46.02300", "2006-06-30": "48.85700", "2006-03-31": "47.56500", "2005-12-31": "42.14700", "2005-09-30": "34.35000", "2005-06-30": "32.74100", "2005-03-31": "34.51300"}, "EBIT": {"2020-12-31": "221.71600", "2020-09-30": "216.89600", "2020-06-30": "223.24800", "2020-03-31": "217.50000", "2019-12-31": "197.80900", "2019-09-30": "171.10200", "2019-06-30": "121.07600", "2019-03-31": "156.97710", "2018-12-31": "157.07800", "2018-09-30": "144.13200", "2018-06-30": "146.88410", "2018-03-31": "136.37300", "2017-12-31": "146.01600", "2017-09-30": "112.55800", "2017-06-30": "127.36000", "2017-03-31": "107.39700", "2016-12-31": "96.89500", "2016-09-30": "94.14600", "2016-06-30": "118.63820", "2016-03-31": "104.31200", "2015-12-31": "107.97700", "2015-09-30": "98.02500", "2015-06-30": "99.54700", "2015-03-31": "105.86800", "2014-12-31": "109.14600", "2014-09-30": "94.67500", "2014-06-30": "98.48490", "2014-03-31": "104.69800", "2013-12-31": "105.02000", "2013-09-30": "96.88400", "2013-06-30": "86.16600", "2013-03-31": "96.09900", "2012-12-31": "92.07000", "2012-09-30": "80.48900", "2012-06-30": "89.73100", "2012-03-31": "76.54800", "2011-12-31": "67.25400", "2011-09-30": "60.87400", "2011-06-30": "66.69500", "2011-03-31": "63.96200", "2010-12-31": "69.87300", "2010-09-30": "66.39400", "2010-06-30": "68.61810", "2010-03-31": "61.17900", "2009-12-31": "57.92200", "2009-09-30": "52.66300", "2009-06-30": "57.89900", "2009-03-31": "52.51800", "2008-12-31": "43.33000", "2008-09-30": "36.56400", "2008-06-30": "36.98500", "2008-03-31": "37.38800", "2007-12-31": "36.83300", "2007-09-30": "31.76400", "2007-06-30": "36.04700", "2007-03-31": "-21.89200", "2006-12-31": "40.69200", "2006-09-30": "35.31600", "2006-06-30": "37.76600", "2006-03-31": "36.74500", "2005-12-31": "32.27600", "2005-09-30": "24.51300", "2005-06-30": "23.75700", "2005-03-31": "27.02700"}, "Basic Shares Outstanding": {"2020-12-31": "145.24600", "2020-09-30": "144.90000", "2020-06-30": "144.33800", "2020-03-31": "144.63800", "2019-12-31": "144.21200", "2019-09-30": "143.71900", "2019-06-30": "143.11100", "2019-03-31": "143.31600", "2018-12-31": "142.92300", "2018-09-30": "142.66800", "2018-06-30": "142.76400", "2018-03-31": "142.89800", "2017-12-31": "142.71500", "2017-09-30": "142.24700", "2017-06-30": "141.36000", "2017-03-31": "141.71400", "2016-12-31": "141.31000", "2016-09-30": "140.78500", "2016-06-30": "140.24200", "2016-03-31": "140.18700", "2015-12-31": "139.92600", "2015-09-30": "140.30900", "2015-06-30": "140.46800", "2015-03-31": "140.79200", "2014-12-31": "140.04800", "2014-09-30": "140.12700", "2014-06-30": "141.47400", "2014-03-31": "140.95900", "2013-12-31": "142.20200", "2013-09-30": "142.00500", "2013-06-30": "142.95400", "2013-03-31": "143.29300", "2012-12-31": "143.21400", "2012-09-30": "142.65100", "2012-06-30": "145.90100", "2012-03-31": "144.02400", "2011-12-31": "146.36900", "2011-09-30": "150.36600", "2011-06-30": "152.47100", "2011-03-31": "153.25100", "2010-12-31": "152.42000", "2010-09-30": "151.47400", "2010-06-30": "150.90800", "2010-03-31": "150.87600", "2009-12-31": "150.24600", "2009-09-30": "150.78800", "2009-06-30": "151.25800", "2009-03-31": "151.64200", "2008-12-31": "151.48400", "2008-09-30": "151.22600", "2008-06-30": "154.75600", "2008-03-31": "155.03200", "2007-12-31": "154.89000", "2007-09-30": "155.13800", "2007-06-30": "153.41800", "2007-03-31": "154.07000", "2006-12-31": "152.71600", "2006-09-30": "151.79400", "2006-06-30": "144.61400", "2006-03-31": "145.09800", "2005-12-31": "141.84400", "2005-09-30": "140.70400", "2005-06-30": "137.28600", "2005-03-31": "137.92800"}, "Shares Outstanding": {"2020-12-31": "146.42100", "2020-09-30": "146.10000", "2020-06-30": "145.65200", "2020-03-31": "145.68000", "2019-12-31": "145.57500", "2019-09-30": "145.09900", "2019-06-30": "144.48400", "2019-03-31": "144.33300", "2018-12-31": "144.34900", "2018-09-30": "144.03000", "2018-06-30": "143.98700", "2018-03-31": "143.98500", "2017-12-31": "143.85500", "2017-09-30": "143.48000", "2017-06-30": "142.45300", "2017-03-31": "142.72400", "2016-12-31": "142.09700", "2016-09-30": "142.09000", "2016-06-30": "141.66900", "2016-03-31": "141.23200", "2015-12-31": "141.42300", "2015-09-30": "142.28000", "2015-06-30": "142.68700", "2015-03-31": "142.81300", "2014-12-31": "142.20200", "2014-09-30": "142.68300", "2014-06-30": "144.35900", "2014-03-31": "143.37500", "2013-12-31": "145.33500", "2013-09-30": "145.45600", "2013-06-30": "146.41000", "2013-03-31": "146.64300", "2012-12-31": "146.68900", "2012-09-30": "146.05500", "2012-06-30": "149.31600", "2012-03-31": "147.15700", "2011-12-31": "149.51500", "2011-09-30": "154.05100", "2011-06-30": "157.19500", "2011-03-31": "157.61600", "2010-12-31": "157.59300", "2010-09-30": "156.75200", "2010-06-30": "155.09800", "2010-03-31": "155.66000", "2009-12-31": "154.06800", "2009-09-30": "153.52400", "2009-06-30": "154.22600", "2009-03-31": "154.51000", "2008-12-31": "154.71600", "2008-09-30": "154.36000", "2008-06-30": "157.42400", "2008-03-31": "157.21000", "2007-12-31": "157.19800", "2007-09-30": "157.88200", "2007-06-30": "156.50600", "2007-03-31": "154.07000", "2006-12-31": "156.28400", "2006-09-30": "156.11200", "2006-06-30": "154.32400", "2006-03-31": "154.80600", "2005-12-31": "154.36600", "2005-09-30": "152.55400", "2005-06-30": "149.88400", "2005-03-31": "150.98000"}, "Basic EPS": {"2020-12-31": "1.24000", "2020-09-30": "1.23000", "2020-06-30": "1.23000", "2020-03-31": "1.13000", "2019-12-31": "1.11000", "2019-09-30": "0.84000", "2019-06-30": "0.48000", "2019-03-31": "0.74000", "2018-12-31": "0.87000", "2018-09-30": "0.74000", "2018-06-30": "0.76000", "2018-03-31": "0.77000", "2017-12-31": "0.07000", "2017-09-30": "0.61000", "2017-06-30": "0.72000", "2017-03-31": "0.62000", "2016-12-31": "0.54000", "2016-09-30": "0.54000", "2016-06-30": "0.59000", "2016-03-31": "0.65000", "2015-12-31": "0.68000", "2015-09-30": "0.59000", "2015-06-30": "0.62000", "2015-03-31": "0.65000", "2014-12-31": "0.65000", "2014-09-30": "0.59000", "2014-06-30": "0.62000", "2014-03-31": "0.64000", "2013-12-31": "0.61000", "2013-09-30": "0.57000", "2013-06-30": "0.52000", "2013-03-31": "0.59000", "2012-12-31": "0.54000", "2012-09-30": "0.50000", "2012-06-30": "0.53000", "2012-03-31": "0.45000", "2011-12-31": "0.43000", "2011-09-30": "0.34000", "2011-06-30": "0.39000", "2011-03-31": "0.35000", "2010-12-31": "0.38000", "2010-09-30": "0.37000", "2010-06-30": "0.35000", "2010-03-31": "0.32000", "2009-12-31": "0.31000", "2009-09-30": "0.28000", "2009-06-30": "0.30000", "2009-03-31": "0.26000", "2008-12-31": "0.22500", "2008-09-30": "0.18500", "2008-06-30": "0.19500", "2008-03-31": "0.19000", "2007-12-31": "0.17500", "2007-09-30": "0.15500", "2007-06-30": "0.17500", "2007-03-31": "-0.10000", "2006-12-31": "0.19000", "2006-09-30": "0.16500", "2006-06-30": "0.16000", "2006-03-31": "0.18000", "2005-12-31": "0.15500", "2005-09-30": "0.11500", "2005-06-30": "0.10500", "2005-03-31": "0.13000"}, "EPS - Earnings Per Share": {"2020-12-31": "1.23000", "2020-09-30": "1.22000", "2020-06-30": "1.22000", "2020-03-31": "1.12000", "2019-12-31": "1.10000", "2019-09-30": "0.83000", "2019-06-30": "0.48000", "2019-03-31": "0.73000", "2018-12-31": "0.86000", "2018-09-30": "0.73000", "2018-06-30": "0.76000", "2018-03-31": "0.76000", "2017-12-31": "0.07000", "2017-09-30": "0.60000", "2017-06-30": "0.70000", "2017-03-31": "0.62000", "2016-12-31": "0.54000", "2016-09-30": "0.54000", "2016-06-30": "0.59000", "2016-03-31": "0.64000", "2015-12-31": "0.68000", "2015-09-30": "0.58000", "2015-06-30": "0.61000", "2015-03-31": "0.64000", "2014-12-31": "0.64000", "2014-09-30": "0.58000", "2014-06-30": "0.60000", "2014-03-31": "0.63000", "2013-12-31": "0.60000", "2013-09-30": "0.56000", "2013-06-30": "0.50000", "2013-03-31": "0.58000", "2012-12-31": "0.53000", "2012-09-30": "0.49000", "2012-06-30": "0.52000", "2012-03-31": "0.44000", "2011-12-31": "0.42000", "2011-09-30": "0.33000", "2011-06-30": "0.37000", "2011-03-31": "0.34000", "2010-12-31": "0.37000", "2010-09-30": "0.36000", "2010-06-30": "0.35000", "2010-03-31": "0.31000", "2009-12-31": "0.30000", "2009-09-30": "0.27000", "2009-06-30": "0.29500", "2009-03-31": "0.25500", "2008-12-31": "0.22000", "2008-09-30": "0.18000", "2008-06-30": "0.18500", "2008-03-31": "0.19000", "2007-12-31": "0.17000", "2007-09-30": "0.15500", "2007-06-30": "0.18000", "2007-03-31": "-0.10000", "2006-12-31": "0.18500", "2006-09-30": "0.16000", "2006-06-30": "0.14500", "2006-03-31": "0.17000", "2005-12-31": "0.15000", "2005-09-30": "0.11500", "2005-06-30": "0.10500", "2005-03-31": "0.12500"}}, "balance sheet": {"Cash On Hand": {"2020-06-30": "463.15600", "2019-06-30": "147.12800", "2018-06-30": "188.70100", "2017-06-30": "821.93500", "2016-06-30": "731.43400", "2015-06-30": "717.24900", "2014-06-30": "905.73000", "2013-06-30": "876.04800", "2012-06-30": "809.54100", "2011-06-30": "735.26700", "2010-06-30": "488.77600", "2009-06-30": "415.65000", "2008-06-30": "321.07800", "2007-06-30": "277.74200", "2006-06-30": "219.54400", "2005-06-30": "142.18500"}, "Receivables": {"2020-06-30": "474.64300", "2019-06-30": "528.48400", "2018-06-30": "483.68100", "2017-06-30": "450.53000", "2016-06-30": "382.08600", "2015-06-30": "362.56800", "2014-06-30": "359.59300", "2013-06-30": "327.25900", "2012-06-30": "285.44200", "2011-06-30": "283.64600", "2010-06-30": "232.22800", "2009-06-30": "214.16300", "2008-06-30": "209.31500", "2007-06-30": "175.77300", "2006-06-30": "138.14700", "2005-06-30": "103.95100"}, "Inventory": {"2020-06-30": "416.91500", "2019-06-30": "349.64100", "2018-06-30": "268.70100", "2017-06-30": "268.31900", "2016-06-30": "224.45600", "2015-06-30": "246.85900", "2014-06-30": "165.41800", "2013-06-30": "145.84700", "2012-06-30": "174.35100", "2011-06-30": "200.77700", "2010-06-30": "185.64200", "2009-06-30": "157.43100", "2008-06-30": "158.25100", "2007-06-30": "157.20400", "2006-06-30": "116.19400", "2005-06-30": "89.10700"}, "Pre-Paid Expenses": {"2020-06-30": "168.74500", "2019-06-30": "120.11300", "2018-06-30": "124.63400", "2017-06-30": "103.21900", "2016-06-30": "81.74300", "2015-06-30": "81.16800", "2014-06-30": "93.56000", "2013-06-30": "61.14300", "2012-06-30": "72.22700", "2011-06-30": "58.88700", "2010-06-30": "64.58300", "2009-06-30": "21.67200", "2008-06-30": "19.24100", "2007-06-30": "15.97100", "2006-06-30": "9.76300", "2005-06-30": "9.73700"}, "Other Current Assets": {"2020-06-30": "", "2019-06-30": "", "2018-06-30": "", "2017-06-30": "", "2016-06-30": "", "2015-06-30": "", "2014-06-30": "", "2013-06-30": "", "2012-06-30": "", "2011-06-30": "", "2010-06-30": "", "2009-06-30": "", "2008-06-30": "", "2007-06-30": "", "2006-06-30": "", "2005-06-30": ""}, "Total Current Assets": {"2020-06-30": "1523.45900", "2019-06-30": "1145.36600", "2018-06-30": "1065.71700", "2017-06-30": "1644.00300", "2016-06-30": "1419.71900", "2015-06-30": "1407.84400", "2014-06-30": "1556.20900", "2013-06-30": "1448.84900", "2012-06-30": "1361.15100", "2011-06-30": "1292.45200", "2010-06-30": "985.34100", "2009-06-30": "853.28400", "2008-06-30": "739.24000", "2007-06-30": "668.79900", "2006-06-30": "510.71900", "2005-06-30": "360.21000"}, "Property, Plant, And Equipment": {"2020-06-30": "417.33500", "2019-06-30": "387.46000", "2018-06-30": "386.55000", "2017-06-30": "394.24100", "2016-06-30": "384.27600", "2015-06-30": "387.75800", "2014-06-30": "434.27700", "2013-06-30": "411.43300", "2012-06-30": "434.36300", "2011-06-30": "462.10700", "2010-06-30": "387.14800", "2009-06-30": "377.61300", "2008-06-30": "357.05700", "2007-06-30": "310.58000", "2006-06-30": "245.37600", "2005-06-30": "174.16800"}, "Long-Term Investments": {"2020-06-30": "", "2019-06-30": "", "2018-06-30": "", "2017-06-30": "", "2016-06-30": "", "2015-06-30": "", "2014-06-30": "", "2013-06-30": "", "2012-06-30": "", "2011-06-30": "", "2010-06-30": "", "2009-06-30": "4.25400", "2008-06-30": "4.61500", "2007-06-30": "", "2006-06-30": "", "2005-06-30": ""}, "Goodwill And Intangible Assets": {"2020-06-30": "2338.49200", "2019-06-30": "2378.39900", "2018-06-30": "1284.12800", "2017-06-30": "1326.67400", "2016-06-30": "1359.05300", "2015-06-30": "311.40300", "2014-06-30": "334.51000", "2013-06-30": "324.46800", "2012-06-30": "311.03600", "2011-06-30": "283.39800", "2010-06-30": "229.55000", "2009-06-30": "248.19200", "2008-06-30": "281.41800", "2007-06-30": "253.35300", "2006-06-30": "244.50900", "2005-06-30": "230.47700"}, "Other Long-Term Assets": {"2020-06-30": "148.67700", "2019-06-30": "150.97900", "2018-06-30": "273.71000", "2017-06-30": "42.06600", "2016-06-30": "38.16100", "2015-06-30": "28.38900", "2014-06-30": "17.21100", "2013-06-30": "5.91800", "2012-06-30": "7.81900", "2011-06-30": "12.04300", "2010-06-30": "5.31600", "2009-06-30": "5.26100", "2008-06-30": "7.50800", "2007-06-30": "10.10400", "2006-06-30": "7.05200", "2005-06-30": "9.29100"}, "Total Long-Term Assets": {"2020-06-30": "3063.91700", "2019-06-30": "2962.31600", "2018-06-30": "1998.20600", "2017-06-30": "1824.48400", "2016-06-30": "1836.98600", "2015-06-30": "773.93000", "2014-06-30": "804.75300", "2013-06-30": "761.87200", "2012-06-30": "776.71800", "2011-06-30": "776.47000", "2010-06-30": "641.05600", "2009-06-30": "654.68400", "2008-06-30": "666.75990", "2007-06-30": "583.24300", "2006-06-30": "502.20200", "2005-06-30": "413.93600"}, "Total Assets": {"2020-06-30": "4587.37600", "2019-06-30": "4107.68200", "2018-06-30": "3063.92300", "2017-06-30": "3468.48700", "2016-06-30": "3256.70500", "2015-06-30": "2181.77400", "2014-06-30": "2360.96200", "2013-06-30": "2210.72100", "2012-06-30": "2137.86900", "2011-06-30": "2068.92200", "2010-06-30": "1626.39700", "2009-06-30": "1507.96800", "2008-06-30": "1406.00000", "2007-06-30": "1252.04200", "2006-06-30": "1012.92100", "2005-06-30": "774.14600"}, "Total Current Liabilities": {"2020-06-30": "602.76100", "2019-06-30": "555.99100", "2018-06-30": "511.24900", "2017-06-30": "360.12600", "2016-06-30": "637.98900", "2015-06-30": "266.46300", "2014-06-30": "269.55800", "2013-06-30": "574.04900", "2012-06-30": "252.85200", "2011-06-30": "208.84000", "2010-06-30": "312.67200", "2009-06-30": "269.10000", "2008-06-30": "192.59300", "2007-06-30": "202.40300", "2006-06-30": "129.43500", "2005-06-30": "218.55100"}, "Long Term Debt": {"2020-06-30": "1164.13300", "2019-06-30": "1258.86100", "2018-06-30": "269.98800", "2017-06-30": "1078.61100", "2016-06-30": "873.33200", "2015-06-30": "300.59400", "2014-06-30": "300.77000", "2013-06-30": "0.76900", "2012-06-30": "250.78300", "2011-06-30": "100.00000", "2010-06-30": "", "2009-06-30": "94.19100", "2008-06-30": "93.78900", "2007-06-30": "87.64800", "2006-06-30": "116.21200", "2005-06-30": "58.93400"}, "Other Non-Current Liabilities": {"2020-06-30": "121.25700", "2019-06-30": "128.11400", "2018-06-30": "139.02600", "2017-06-30": "2.42700", "2016-06-30": "1.21100", "2015-06-30": "1.75400", "2014-06-30": "5.31800", "2013-06-30": "3.56400", "2012-06-30": "3.38000", "2011-06-30": "4.05700", "2010-06-30": "2.64100", "2009-06-30": "3.11000", "2008-06-30": "3.83700", "2007-06-30": "", "2006-06-30": "", "2005-06-30": ""}, "Total Long Term Liabilities": {"2020-06-30": "1487.58800", "2019-06-30": "1479.49800", "2018-06-30": "493.69400", "2017-06-30": "1148.09500", "2016-06-30": "923.88490", "2015-06-30": "328.00400", "2014-06-30": "333.15600", "2013-06-30": "26.15600", "2012-06-30": "277.39000", "2011-06-30": "129.34500", "2010-06-30": "26.18900", "2009-06-30": "123.67600", "2008-06-30": "131.63200", "2007-06-30": "118.41700", "2006-06-30": "145.33800", "2005-06-30": "81.53000"}, "Total Liabilities": {"2020-06-30": "2090.34900", "2019-06-30": "2035.48900", "2018-06-30": "1004.94300", "2017-06-30": "1508.22100", "2016-06-30": "1561.87400", "2015-06-30": "594.46700", "2014-06-30": "602.71400", "2013-06-30": "600.20500", "2012-06-30": "530.24200", "2011-06-30": "338.18500", "2010-06-30": "338.86100", "2009-06-30": "392.77600", "2008-06-30": "324.22500", "2007-06-30": "320.82000", "2006-06-30": "274.77300", "2005-06-30": "300.08100"}, "Common Stock Net": {"2020-06-30": "0.58000", "2019-06-30": "0.57500", "2018-06-30": "0.57100", "2017-06-30": "0.56900", "2016-06-30": "0.56300", "2015-06-30": "0.56200", "2014-06-30": "0.56100", "2013-06-30": "0.56800", "2012-06-30": "0.56800", "2011-06-30": "0.60700", "2010-06-30": "0.60500", "2009-06-30": "0.30300", "2008-06-30": "0.30400", "2007-06-30": "0.31100", "2006-06-30": "0.30300", "2005-06-30": "0.28000"}, "Retained Earnings (Accumulated Deficit)": {"2020-06-30": "2832.99100", "2019-06-30": "2436.41000", "2018-06-30": "2432.32800", "2017-06-30": "2316.23700", "2016-06-30": "2160.29900", "2015-06-30": "1976.02000", "2014-06-30": "1780.39600", "2013-06-30": "1576.64100", "2012-06-30": "1366.71200", "2011-06-30": "1111.86200", "2010-06-30": "884.87600", "2009-06-30": "694.79100", "2008-06-30": "548.34300", "2007-06-30": "436.95400", "2006-06-30": "370.65200", "2005-06-30": "282.44100"}, "Comprehensive Income": {"2020-06-30": "-283.98200", "2019-06-30": "-253.00900", "2018-06-30": "-224.32800", "2017-06-30": "-189.05900", "2016-06-30": "-222.65800", "2015-06-30": "-173.51600", "2014-06-30": "151.55700", "2013-06-30": "92.08800", "2012-06-30": "236.45600", "2011-06-30": "324.43200", "2010-06-30": "86.37500", "2009-06-30": "105.77700", "2008-06-30": "207.76900", "2007-06-30": "115.75300", "2006-06-30": "55.13400", "2005-06-30": "52.88400"}, "Other Share Holders Equity": {"2020-06-30": "", "2019-06-30": "", "2018-06-30": "", "2017-06-30": "", "2016-06-30": "", "2015-06-30": "", "2014-06-30": "", "2013-06-30": "", "2012-06-30": "", "2011-06-30": "", "2010-06-30": "", "2009-06-30": "", "2008-06-30": "", "2007-06-30": "", "2006-06-30": "", "2005-06-30": ""}, "Share Holder Equity": {"2020-06-30": "2497.02700", "2019-06-30": "2072.19300", "2018-06-30": "2058.98000", "2017-06-30": "1960.26600", "2016-06-30": "1694.83100", "2015-06-30": "1587.30700", "2014-06-30": "1758.24800", "2013-06-30": "1610.51600", "2012-06-30": "1607.62700", "2011-06-30": "1730.73700", "2010-06-30": "1287.53600", "2009-06-30": "1115.19200", "2008-06-30": "1081.77500", "2007-06-30": "931.22200", "2006-06-30": "738.14800", "2005-06-30": "474.06500"}, "Total Liabilities And Share Holders Equity": {"2020-06-30": "4587.37600", "2019-06-30": "4107.68200", "2018-06-30": "3063.92300", "2017-06-30": "3468.48700", "2016-06-30": "3256.70500", "2015-06-30": "2181.77400", "2014-06-30": "2360.96200", "2013-06-30": "2210.72100", "2012-06-30": "2137.86900", "2011-06-30": "2068.92200", "2010-06-30": "1626.39700", "2009-06-30": "1507.96800", "2008-06-30": "1406.00000", "2007-06-30": "1252.04200", "2006-06-30": "1012.92100", "2005-06-30": "774.14600"}}, "balance sheet, quarterly": {"Cash On Hand": {"2020-12-31": "255.86500", "2020-09-30": "421.41400", "2020-06-30": "463.15600", "2020-03-31": "352.86100", "2019-12-31": "204.09500", "2019-09-30": "172.15400", "2019-06-30": "147.12800", "2019-03-31": "146.51300", "2018-12-31": "149.46800", "2018-09-30": "230.18800", "2018-06-30": "188.70100", "2018-03-31": "704.28100", "2017-12-31": "858.89900", "2017-09-30": "811.10200", "2017-06-30": "821.93500", "2017-03-31": "827.31000", "2016-12-31": "788.14600", "2016-09-30": "781.65800", "2016-06-30": "731.43400", "2016-03-31": "718.49500", "2015-12-31": "658.80400", "2015-09-30": "822.05300", "2015-06-30": "717.24900", "2015-03-31": "866.32500", "2014-12-31": "880.69500", "2014-09-30": "881.69400", "2014-06-30": "905.73000", "2014-03-31": "938.56300", "2013-12-31": "972.67500", "2013-09-30": "976.57400", "2013-06-30": "876.04800", "2013-03-31": "1012.69800", "2012-12-31": "958.28000", "2012-09-30": "890.62900", "2012-06-30": "809.54100", "2012-03-31": "776.06700", "2011-12-31": "723.23300", "2011-09-30": "610.06300", "2011-06-30": "735.26700", "2011-03-31": "671.70400", "2010-12-31": "616.20100", "2010-09-30": "540.00400", "2010-06-30": "488.77600", "2010-03-31": "524.62700", "2009-12-31": "455.17700", "2009-09-30": "482.10200", "2009-06-30": "415.65000", "2009-03-31": "327.07200", "2008-12-31": "320.48500", "2008-09-30": "302.07400", "2008-06-30": "321.07800", "2008-03-31": "307.49400", "2007-12-31": "288.50300", "2007-09-30": "277.76400", "2007-06-30": "277.74200", "2007-03-31": "260.05600", "2006-12-31": "254.61800", "2006-09-30": "221.15500", "2006-06-30": "219.54400", "2006-03-31": "168.16300", "2005-12-31": "142.78000", "2005-09-30": "134.22800", "2005-06-30": "142.18500", "2005-03-31": "174.64900"}, "Receivables": {"2020-12-31": "509.36400", "2020-09-30": "464.89200", "2020-06-30": "474.64300", "2020-03-31": "554.85900", "2019-12-31": "528.03900", "2019-09-30": "493.83600", "2019-06-30": "528.48400", "2019-03-31": "511.40300", "2018-12-31": "477.19100", "2018-09-30": "463.74300", "2018-06-30": "483.68100", "2018-03-31": "498.42500", "2017-12-31": "482.93400", "2017-09-30": "431.35400", "2017-06-30": "450.53000", "2017-03-31": "413.61200", "2016-12-31": "383.99200", "2016-09-30": "347.13700", "2016-06-30": "382.08600", "2016-03-31": "358.17100", "2015-12-31": "331.74700", "2015-09-30": "327.16800", "2015-06-30": "362.56800", "2015-03-31": "354.36400", "2014-12-31": "348.35400", "2014-09-30": "331.16800", "2014-06-30": "359.59300", "2014-03-31": "345.30200", "2013-12-31": "305.58200", "2013-09-30": "285.41300", "2013-06-30": "327.25900", "2013-03-31": "299.55400", "2012-12-31": "284.60200", "2012-09-30": "269.62800", "2012-06-30": "285.44200", "2012-03-31": "271.11200", "2011-12-31": "240.86100", "2011-09-30": "253.54500", "2011-06-30": "283.64600", "2011-03-31": "259.24100", "2010-12-31": "240.66000", "2010-09-30": "238.00100", "2010-06-30": "232.22800", "2010-03-31": "231.09900", "2009-12-31": "215.70900", "2009-09-30": "213.82300", "2009-06-30": "214.16300", "2009-03-31": "199.09600", "2008-12-31": "187.83100", "2008-09-30": "187.79000", "2008-06-30": "209.31500", "2008-03-31": "179.86900", "2007-12-31": "170.77300", "2007-09-30": "166.41600", "2007-06-30": "175.77300", "2007-03-31": "153.06300", "2006-12-31": "143.59600", "2006-09-30": "129.91200", "2006-06-30": "138.14700", "2006-03-31": "127.17900", "2005-12-31": "115.36700", "2005-09-30": "102.99100", "2005-06-30": "103.95100", "2005-03-31": "89.10900"}, "Inventory": {"2020-12-31": "474.82100", "2020-09-30": "478.00600", "2020-06-30": "416.91500", "2020-03-31": "358.77200", "2019-12-31": "377.78400", "2019-09-30": "357.03300", "2019-06-30": "349.64100", "2019-03-31": "319.93000", "2018-12-31": "296.51100", "2018-09-30": "282.55500", "2018-06-30": "268.70100", "2018-03-31": "288.70300", "2017-12-31": "296.06200", "2017-09-30": "300.47200", "2017-06-30": "268.31900", "2017-03-31": "259.87000", "2016-12-31": "253.10800", "2016-09-30": "253.82800", "2016-06-30": "224.45600", "2016-03-31": "232.93000", "2015-12-31": "237.46300", "2015-09-30": "258.60900", "2015-06-30": "246.85900", "2015-03-31": "225.19100", "2014-12-31": "218.06200", "2014-09-30": "197.22600", "2014-06-30": "165.41800", "2014-03-31": "164.88800", "2013-12-31": "178.07700", "2013-09-30": "175.35500", "2013-06-30": "145.84700", "2013-03-31": "166.48300", "2012-12-31": "194.80400", "2012-09-30": "193.17200", "2012-06-30": "174.35100", "2012-03-31": "183.48800", "2011-12-31": "184.42000", "2011-09-30": "187.95000", "2011-06-30": "200.77700", "2011-03-31": "205.00000", "2010-12-31": "214.88600", "2010-09-30": "214.20800", "2010-06-30": "185.64200", "2010-03-31": "197.81200", "2009-12-31": "182.87000", "2009-09-30": "175.10800", "2009-06-30": "157.43100", "2009-03-31": "147.67400", "2008-12-31": "143.06400", "2008-09-30": "145.59500", "2008-06-30": "158.25100", "2008-03-31": "169.48800", "2007-12-31": "166.40200", "2007-09-30": "167.07200", "2007-06-30": "157.20400", "2007-03-31": "156.91500", "2006-12-31": "141.87600", "2006-09-30": "122.96500", "2006-06-30": "116.19400", "2006-03-31": "108.74400", "2005-12-31": "107.52300", "2005-09-30": "100.88300", "2005-06-30": "89.10700", "2005-03-31": "75.45900"}, "Pre-Paid Expenses": {"2020-12-31": "211.43500", "2020-09-30": "178.29700", "2020-06-30": "168.74500", "2020-03-31": "203.26600", "2019-12-31": "190.56700", "2019-09-30": "138.07500", "2019-06-30": "120.11300", "2019-03-31": "124.85000", "2018-12-31": "140.36900", "2018-09-30": "111.75700", "2018-06-30": "124.63400", "2018-03-31": "112.99700", "2017-12-31": "116.45400", "2017-09-30": "115.01800", "2017-06-30": "103.21900", "2017-03-31": "104.56900", "2016-12-31": "95.02800", "2016-09-30": "92.22900", "2016-06-30": "81.74300", "2016-03-31": "90.49800", "2015-12-31": "90.09600", "2015-09-30": "83.47600", "2015-06-30": "81.16800", "2015-03-31": "75.04400", "2014-12-31": "81.70500", "2014-09-30": "88.39200", "2014-06-30": "93.56000", "2014-03-31": "79.12800", "2013-12-31": "75.07700", "2013-09-30": "77.26800", "2013-06-30": "61.14300", "2013-03-31": "75.87300", "2012-12-31": "70.29300", "2012-09-30": "72.03400", "2012-06-30": "72.22700", "2012-03-31": "81.50100", "2011-12-31": "84.65500", "2011-09-30": "77.88400", "2011-06-30": "58.88700", "2011-03-31": "54.49300", "2010-12-31": "66.06000", "2010-09-30": "61.77300", "2010-06-30": "64.58300", "2010-03-31": "32.24700", "2009-12-31": "28.76700", "2009-09-30": "24.91800", "2009-06-30": "21.67200", "2009-03-31": "18.68100", "2008-12-31": "17.32500", "2008-09-30": "15.26200", "2008-06-30": "19.24100", "2008-03-31": "16.26700", "2007-12-31": "16.96600", "2007-09-30": "14.84200", "2007-06-30": "15.97100", "2007-03-31": "16.41500", "2006-12-31": "15.32600", "2006-09-30": "11.47400", "2006-06-30": "9.76300", "2006-03-31": "9.67600", "2005-12-31": "14.53800", "2005-09-30": "12.52600", "2005-06-30": "9.73700", "2005-03-31": "8.42100"}, "Other Current Assets": {"2020-12-31": "", "2020-09-30": "", "2020-06-30": "", "2020-03-31": "", "2019-12-31": "", "2019-09-30": "", "2019-06-30": "", "2019-03-31": "", "2018-12-31": "", "2018-09-30": "", "2018-06-30": "", "2018-03-31": "", "2017-12-31": "", "2017-09-30": "", "2017-06-30": "", "2017-03-31": "", "2016-12-31": "", "2016-09-30": "", "2016-06-30": "", "2016-03-31": "", "2015-12-31": "", "2015-09-30": "", "2015-06-30": "", "2015-03-31": "", "2014-12-31": "", "2014-09-30": "", "2014-06-30": "", "2014-03-31": "", "2013-12-31": "", "2013-09-30": "", "2013-06-30": "", "2013-03-31": "", "2012-12-31": "", "2012-09-30": "", "2012-06-30": "", "2012-03-31": "", "2011-12-31": "", "2011-09-30": "", "2011-06-30": "", "2011-03-31": "", "2010-12-31": "", "2010-09-30": "", "2010-06-30": "", "2010-03-31": "", "2009-12-31": "", "2009-09-30": "", "2009-06-30": "", "2009-03-31": "", "2008-12-31": "", "2008-09-30": "", "2008-06-30": "", "2008-03-31": "", "2007-12-31": "", "2007-09-30": "", "2007-06-30": "", "2007-03-31": "", "2006-12-31": "", "2006-09-30": "", "2006-06-30": "", "2006-03-31": "", "2005-12-31": "", "2005-09-30": "", "2005-06-30": "", "2005-03-31": ""}, "Total Current Assets": {"2020-12-31": "1451.48500", "2020-09-30": "1542.60900", "2020-06-30": "1523.45900", "2020-03-31": "1469.75800", "2019-12-31": "1300.48500", "2019-09-30": "1161.09800", "2019-06-30": "1145.36600", "2019-03-31": "1102.69600", "2018-12-31": "1063.53900", "2018-09-30": "1088.24300", "2018-06-30": "1065.71700", "2018-03-31": "1604.40600", "2017-12-31": "1754.34900", "2017-09-30": "1657.94600", "2017-06-30": "1644.00300", "2017-03-31": "1605.36100", "2016-12-31": "1520.27400", "2016-09-30": "1474.85200", "2016-06-30": "1419.71900", "2016-03-31": "1400.09400", "2015-12-31": "1350.84100", "2015-09-30": "1532.80000", "2015-06-30": "1407.84400", "2015-03-31": "1552.77000", "2014-12-31": "1558.49100", "2014-09-30": "1534.75000", "2014-06-30": "1556.20900", "2014-03-31": "1563.90200", "2013-12-31": "1564.13200", "2013-09-30": "1557.93400", "2013-06-30": "1448.84900", "2013-03-31": "1579.87500", "2012-12-31": "1529.85100", "2012-09-30": "1450.21700", "2012-06-30": "1361.15100", "2012-03-31": "1325.85100", "2011-12-31": "1246.76700", "2011-09-30": "1142.79900", "2011-06-30": "1292.45200", "2011-03-31": "1202.65800", "2010-12-31": "1145.25400", "2010-09-30": "1068.51100", "2010-06-30": "985.34100", "2010-03-31": "1030.35800", "2009-12-31": "927.63300", "2009-09-30": "939.81000", "2009-06-30": "853.28400", "2009-03-31": "728.06200", "2008-12-31": "706.39300", "2008-09-30": "686.80700", "2008-06-30": "739.24000", "2008-03-31": "719.07400", "2007-12-31": "689.79800", "2007-09-30": "672.70200", "2007-06-30": "668.79900", "2007-03-31": "638.59700", "2006-12-31": "590.90800", "2006-09-30": "517.94900", "2006-06-30": "510.71900", "2006-03-31": "432.62300", "2005-12-31": "401.20600", "2005-09-30": "370.61900", "2005-06-30": "360.21000", "2005-03-31": "363.49700"}, "Property, Plant, And Equipment": {"2020-12-31": "459.47200", "2020-09-30": "424.81900", "2020-06-30": "417.33500", "2020-03-31": "397.20900", "2019-12-31": "408.36400", "2019-09-30": "382.97000", "2019-06-30": "387.46000", "2019-03-31": "382.49600", "2018-12-31": "381.50500", "2018-09-30": "381.82200", "2018-06-30": "386.55000", "2018-03-31": "397.98100", "2017-12-31": "401.53700", "2017-09-30": "400.79500", "2017-06-30": "394.24100", "2017-03-31": "387.41200", "2016-12-31": "375.92800", "2016-09-30": "390.79700", "2016-06-30": "384.27600", "2016-03-31": "386.77100", "2015-12-31": "375.22400", "2015-09-30": "368.98400", "2015-06-30": "387.75800", "2015-03-31": "384.16000", "2014-12-31": "408.21900", "2014-09-30": "419.78600", "2014-06-30": "434.27700", "2014-03-31": "429.04900", "2013-12-31": "414.34400", "2013-09-30": "416.74500", "2013-06-30": "411.43300", "2013-03-31": "444.49500", "2012-12-31": "439.57500", "2012-09-30": "438.35700", "2012-06-30": "434.36300", "2012-03-31": "443.09000", "2011-12-31": "441.00000", "2011-09-30": "432.68700", "2011-06-30": "462.10700", "2011-03-31": "447.66900", "2010-12-31": "441.04900", "2010-09-30": "423.94000", "2010-06-30": "387.14800", "2010-03-31": "405.09800", "2009-12-31": "403.20800", "2009-09-30": "397.37500", "2009-06-30": "377.61300", "2009-03-31": "334.74600", "2008-12-31": "328.11000", "2008-09-30": "329.13100", "2008-06-30": "357.05700", "2008-03-31": "335.12900", "2007-12-31": "337.06600", "2007-09-30": "328.07900", "2007-06-30": "310.58000", "2007-03-31": "292.70600", "2006-12-31": "282.28300", "2006-09-30": "265.07800", "2006-06-30": "245.37600", "2006-03-31": "222.91800", "2005-12-31": "217.46000", "2005-09-30": "205.75900", "2005-06-30": "174.16800", "2005-03-31": "170.01300"}, "Long-Term Investments": {"2020-12-31": "", "2020-09-30": "", "2020-06-30": "", "2020-03-31": "", "2019-12-31": "", "2019-09-30": "", "2019-06-30": "", "2019-03-31": "", "2018-12-31": "", "2018-09-30": "", "2018-06-30": "", "2018-03-31": "", "2017-12-31": "", "2017-09-30": "", "2017-06-30": "", "2017-03-31": "", "2016-12-31": "", "2016-09-30": "", "2016-06-30": "", "2016-03-31": "", "2015-12-31": "", "2015-09-30": "", "2015-06-30": "", "2015-03-31": "", "2014-12-31": "", "2014-09-30": "", "2014-06-30": "", "2014-03-31": "", "2013-12-31": "", "2013-09-30": "", "2013-06-30": "", "2013-03-31": "", "2012-12-31": "", "2012-09-30": "", "2012-06-30": "", "2012-03-31": "", "2011-12-31": "", "2011-09-30": "", "2011-06-30": "", "2011-03-31": "", "2010-12-31": "", "2010-09-30": "", "2010-06-30": "", "2010-03-31": "", "2009-12-31": "", "2009-09-30": "", "2009-06-30": "4.25400", "2009-03-31": "4.49600", "2008-12-31": "4.04400", "2008-09-30": "4.46000", "2008-06-30": "4.61500", "2008-03-31": "5.00000", "2007-12-31": "", "2007-09-30": "", "2007-06-30": "", "2007-03-31": "", "2006-12-31": "", "2006-09-30": "", "2006-06-30": "", "2006-03-31": "", "2005-12-31": "", "2005-09-30": "", "2005-06-30": "", "2005-03-31": ""}, "Goodwill And Intangible Assets": {"2020-12-31": "2323.49000", "2020-09-30": "2332.63700", "2020-06-30": "2338.49200", "2020-03-31": "2349.42100", "2019-12-31": "2351.50800", "2019-09-30": "2353.27400", "2019-06-30": "2378.39900", "2019-03-31": "2455.58600", "2018-12-31": "2243.97100", "2018-09-30": "1434.22300", "2018-06-30": "1284.12800", "2018-03-31": "1309.17100", "2017-12-31": "1315.34200", "2017-09-30": "1323.32300", "2017-06-30": "1326.67400", "2017-03-31": "1317.48700", "2016-12-31": "1321.72600", "2016-09-30": "1352.43100", "2016-06-30": "1359.05300", "2016-03-31": "572.90000", "2015-12-31": "466.41800", "2015-09-30": "305.41800", "2015-06-30": "311.40300", "2015-03-31": "302.33900", "2014-12-31": "320.96600", "2014-09-30": "323.74600", "2014-06-30": "334.51000", "2014-03-31": "336.93800", "2013-12-31": "336.74700", "2013-09-30": "332.11800", "2013-06-30": "324.46800", "2013-03-31": "327.71200", "2012-12-31": "337.58200", "2012-09-30": "332.94600", "2012-06-30": "311.03600", "2012-03-31": "327.23300", "2011-12-31": "322.75400", "2011-09-30": "331.62800", "2011-06-30": "283.39800", "2011-03-31": "280.09100", "2010-12-31": "269.84700", "2010-09-30": "272.31200", "2010-06-30": "229.55000", "2010-03-31": "251.49000", "2009-12-31": "264.58000", "2009-09-30": "256.61700", "2009-06-30": "248.19200", "2009-03-31": "236.15300", "2008-12-31": "247.81500", "2008-09-30": "252.60400", "2008-06-30": "281.41800", "2008-03-31": "284.51600", "2007-12-31": "268.00900", "2007-09-30": "263.90000", "2007-06-30": "253.35300", "2007-03-31": "251.35400", "2006-12-31": "250.31100", "2006-09-30": "240.91400", "2006-06-30": "244.50900", "2006-03-31": "236.65100", "2005-12-31": "233.42100", "2005-09-30": "230.80600", "2005-06-30": "230.47700", "2005-03-31": "131.19000"}, "Other Long-Term Assets": {"2020-12-31": "157.49000", "2020-09-30": "145.51800", "2020-06-30": "148.67700", "2020-03-31": "140.55700", "2019-12-31": "163.94800", "2019-09-30": "141.33400", "2019-06-30": "150.97900", "2019-03-31": "125.73300", "2018-12-31": "138.09800", "2018-09-30": "117.02400", "2018-06-30": "273.71000", "2018-03-31": "176.36800", "2017-12-31": "42.05000", "2017-09-30": "43.70600", "2017-06-30": "42.06600", "2017-03-31": "45.73000", "2016-12-31": "43.01300", "2016-09-30": "41.25800", "2016-06-30": "38.16100", "2016-03-31": "40.72600", "2015-12-31": "38.37400", "2015-09-30": "35.48700", "2015-06-30": "28.38900", "2015-03-31": "28.81500", "2014-12-31": "28.14600", "2014-09-30": "17.63300", "2014-06-30": "17.21100", "2014-03-31": "11.66800", "2013-12-31": "7.71400", "2013-09-30": "5.22000", "2013-06-30": "5.91800", "2013-03-31": "5.26700", "2012-12-31": "3.96200", "2012-09-30": "5.59600", "2012-06-30": "7.81900", "2012-03-31": "12.13500", "2011-12-31": "13.55200", "2011-09-30": "8.37400", "2011-06-30": "12.04300", "2011-03-31": "11.74200", "2010-12-31": "8.23200", "2010-09-30": "7.29700", "2010-06-30": "5.31600", "2010-03-31": "5.34700", "2009-12-31": "5.66300", "2009-09-30": "5.87000", "2009-06-30": "5.26100", "2009-03-31": "2.32700", "2008-12-31": "2.35100", "2008-09-30": "3.22500", "2008-06-30": "7.50800", "2008-03-31": "7.28200", "2007-12-31": "10.22300", "2007-09-30": "10.85400", "2007-06-30": "10.10400", "2007-03-31": "9.14900", "2006-12-31": "8.84000", "2006-09-30": "7.06700", "2006-06-30": "7.05200", "2006-03-31": "6.92800", "2005-12-31": "7.96200", "2005-09-30": "9.31400", "2005-06-30": "9.29100", "2005-03-31": "9.60200"}, "Total Long-Term Assets": {"2020-12-31": "3121.37100", "2020-09-30": "3078.23500", "2020-06-30": "3063.91700", "2020-03-31": "3040.78500", "2019-12-31": "3053.45400", "2019-09-30": "2993.46000", "2019-06-30": "2962.31600", "2019-03-31": "2995.83000", "2018-12-31": "2796.27700", "2018-09-30": "1979.29500", "2018-06-30": "1998.20600", "2018-03-31": "1929.80200", "2017-12-31": "1809.65100", "2017-09-30": "1831.67100", "2017-06-30": "1824.48400", "2017-03-31": "1817.20200", "2016-12-31": "1802.29600", "2016-09-30": "1847.41200", "2016-06-30": "1836.98600", "2016-03-31": "1044.51600", "2015-12-31": "888.17000", "2015-09-30": "721.87900", "2015-06-30": "773.93000", "2015-03-31": "725.25900", "2014-12-31": "768.07100", "2014-09-30": "774.70300", "2014-06-30": "804.75300", "2014-03-31": "800.66400", "2013-12-31": "781.45600", "2013-09-30": "776.70100", "2013-06-30": "761.87200", "2013-03-31": "795.08110", "2012-12-31": "800.52400", "2012-09-30": "794.44200", "2012-06-30": "776.71800", "2012-03-31": "802.99200", "2011-12-31": "794.71110", "2011-09-30": "792.49300", "2011-06-30": "776.47000", "2011-03-31": "759.50100", "2010-12-31": "738.95700", "2010-09-30": "723.71900", "2010-06-30": "641.05600", "2010-03-31": "683.13600", "2009-12-31": "693.61700", "2009-09-30": "680.32600", "2009-06-30": "654.68400", "2009-03-31": "597.67710", "2008-12-31": "600.73500", "2008-09-30": "605.89000", "2008-06-30": "666.75990", "2008-03-31": "646.70800", "2007-12-31": "629.58110", "2007-09-30": "615.14100", "2007-06-30": "583.24300", "2007-03-31": "553.20900", "2006-12-31": "541.43400", "2006-09-30": "513.05900", "2006-06-30": "502.20200", "2006-03-31": "466.49700", "2005-12-31": "458.84300", "2005-09-30": "445.87900", "2005-06-30": "413.93600", "2005-03-31": "310.80500"}, "Total Assets": {"2020-12-31": "4572.85600", "2020-09-30": "4620.84400", "2020-06-30": "4587.37600", "2020-03-31": "4510.54300", "2019-12-31": "4353.93900", "2019-09-30": "4154.55800", "2019-06-30": "4107.68200", "2019-03-31": "4098.52600", "2018-12-31": "3859.81600", "2018-09-30": "3067.53800", "2018-06-30": "3063.92300", "2018-03-31": "3534.20800", "2017-12-31": "3564.00000", "2017-09-30": "3489.61700", "2017-06-30": "3468.48700", "2017-03-31": "3422.56300", "2016-12-31": "3322.57000", "2016-09-30": "3322.26400", "2016-06-30": "3256.70500", "2016-03-31": "2444.61000", "2015-12-31": "2239.01100", "2015-09-30": "2254.67900", "2015-06-30": "2181.77400", "2015-03-31": "2278.02900", "2014-12-31": "2326.56200", "2014-09-30": "2309.45300", "2014-06-30": "2360.96200", "2014-03-31": "2364.56600", "2013-12-31": "2345.58800", "2013-09-30": "2334.63500", "2013-06-30": "2210.72100", "2013-03-31": "2374.95600", "2012-12-31": "2330.37500", "2012-09-30": "2244.65900", "2012-06-30": "2137.86900", "2012-03-31": "2128.84300", "2011-12-31": "2041.47800", "2011-09-30": "1935.29200", "2011-06-30": "2068.92200", "2011-03-31": "1962.15900", "2010-12-31": "1884.21100", "2010-09-30": "1792.23000", "2010-06-30": "1626.39700", "2010-03-31": "1713.49400", "2009-12-31": "1621.25000", "2009-09-30": "1620.13600", "2009-06-30": "1507.96800", "2009-03-31": "1325.73900", "2008-12-31": "1307.12800", "2008-09-30": "1292.69700", "2008-06-30": "1406.00000", "2008-03-31": "1365.78200", "2007-12-31": "1319.37900", "2007-09-30": "1287.84300", "2007-06-30": "1252.04200", "2007-03-31": "1191.80600", "2006-12-31": "1132.34200", "2006-09-30": "1031.00800", "2006-06-30": "1012.92100", "2006-03-31": "899.12000", "2005-12-31": "860.04900", "2005-09-30": "816.49800", "2005-06-30": "774.14600", "2005-03-31": "674.30200"}, "Total Current Liabilities": {"2020-12-31": "577.33500", "2020-09-30": "590.85300", "2020-06-30": "602.76100", "2020-03-31": "551.51900", "2019-12-31": "500.04500", "2019-09-30": "550.45700", "2019-06-30": "555.99100", "2019-03-31": "462.96900", "2018-12-31": "436.44300", "2018-09-30": "421.10800", "2018-06-30": "511.24900", "2018-03-31": "461.46000", "2017-12-31": "1356.41100", "2017-09-30": "351.58500", "2017-06-30": "360.12600", "2017-03-31": "336.27800", "2016-12-31": "682.39500", "2016-09-30": "620.55500", "2016-06-30": "637.98900", "2016-03-31": "286.50800", "2015-12-31": "265.57000", "2015-09-30": "257.30700", "2015-06-30": "266.46300", "2015-03-31": "256.40400", "2014-12-31": "259.61000", "2014-09-30": "254.29600", "2014-06-30": "269.55800", "2014-03-31": "246.89200", "2013-12-31": "242.81100", "2013-09-30": "611.08200", "2013-06-30": "574.04900", "2013-03-31": "580.42100", "2012-12-31": "251.06800", "2012-09-30": "253.03100", "2012-06-30": "252.85200", "2012-03-31": "257.47900", "2011-12-31": "228.35700", "2011-09-30": "225.71400", "2011-06-30": "208.84000", "2011-03-31": "191.37100", "2010-12-31": "246.59200", "2010-09-30": "286.31500", "2010-06-30": "312.67200", "2010-03-31": "324.98000", "2009-12-31": "240.61900", "2009-09-30": "292.29600", "2009-06-30": "269.10000", "2009-03-31": "228.56500", "2008-12-31": "223.60200", "2008-09-30": "175.94800", "2008-06-30": "192.59300", "2008-03-31": "142.10700", "2007-12-31": "162.65300", "2007-09-30": "181.14100", "2007-06-30": "202.40300", "2007-03-31": "201.04300", "2006-12-31": "163.67100", "2006-09-30": "121.26100", "2006-06-30": "129.43500", "2006-03-31": "110.52700", "2005-12-31": "256.35200", "2005-09-30": "230.30200", "2005-06-30": "218.55100", "2005-03-31": "86.18600"}, "Long Term Debt": {"2020-12-31": "813.73200", "2020-09-30": "1044.43500", "2020-06-30": "1164.13300", "2020-03-31": "1364.84900", "2019-12-31": "1287.50900", "2019-09-30": "1208.21000", "2019-06-30": "1258.86100", "2019-03-31": "1323.34900", "2018-12-31": "1185.50000", "2018-09-30": "517.63700", "2018-06-30": "269.98800", "2018-03-31": "810.00000", "2017-12-31": "", "2017-09-30": "1018.87100", "2017-06-30": "1078.61100", "2017-03-31": "1168.35000", "2016-12-31": "868.69000", "2016-09-30": "873.51100", "2016-06-30": "873.33200", "2016-03-31": "435.60900", "2015-12-31": "400.59100", "2015-09-30": "500.58700", "2015-06-30": "300.59400", "2015-03-31": "460.58100", "2014-12-31": "449.66300", "2014-09-30": "375.70100", "2014-06-30": "300.77000", "2014-03-31": "395.78500", "2013-12-31": "435.79400", "2013-09-30": "0.79000", "2013-06-30": "0.76900", "2013-03-31": "0.76600", "2012-12-31": "300.79800", "2012-09-30": "265.78500", "2012-06-30": "250.78300", "2012-03-31": "235.00000", "2011-12-31": "225.00000", "2011-09-30": "130.00000", "2011-06-30": "100.00000", "2011-03-31": "80.00000", "2010-12-31": "", "2010-09-30": "", "2010-06-30": "", "2010-03-31": "29.46600", "2009-12-31": "94.59900", "2009-09-30": "95.09300", "2009-06-30": "94.19100", "2009-03-31": "93.01500", "2008-12-31": "85.35000", "2008-09-30": "108.48000", "2008-06-30": "93.78900", "2008-03-31": "115.97200", "2007-12-31": "106.53300", "2007-09-30": "90.54000", "2007-06-30": "87.64800", "2007-03-31": "95.88800", "2006-12-31": "95.12400", "2006-09-30": "115.48400", "2006-06-30": "116.21200", "2006-03-31": "94.28300", "2005-12-31": "58.18900", "2005-09-30": "58.61400", "2005-06-30": "58.93400", "2005-03-31": "113.25000"}, "Other Non-Current Liabilities": {"2020-12-31": "99.53200", "2020-09-30": "98.61900", "2020-06-30": "121.25700", "2020-03-31": "120.43700", "2019-12-31": "114.97200", "2019-09-30": "114.95700", "2019-06-30": "128.11400", "2019-03-31": "126.86400", "2018-12-31": "125.99900", "2018-09-30": "138.63600", "2018-06-30": "139.02600", "2018-03-31": "116.19200", "2017-12-31": "111.63100", "2017-09-30": "2.37500", "2017-06-30": "2.42700", "2017-03-31": "0.85600", "2016-12-31": "0.86400", "2016-09-30": "0.97400", "2016-06-30": "1.21100", "2016-03-31": "4.27600", "2015-12-31": "3.98600", "2015-09-30": "4.55800", "2015-06-30": "1.75400", "2015-03-31": "1.75400", "2014-12-31": "1.75400", "2014-09-30": "1.75400", "2014-06-30": "5.31800", "2014-03-31": "5.31800", "2013-12-31": "3.56400", "2013-09-30": "3.56400", "2013-06-30": "3.56400", "2013-03-31": "3.48600", "2012-12-31": "3.56900", "2012-09-30": "3.45200", "2012-06-30": "3.38000", "2012-03-31": "3.53800", "2011-12-31": "3.37000", "2011-09-30": "4.11600", "2011-06-30": "4.05700", "2011-03-31": "1.43400", "2010-12-31": "2.21600", "2010-09-30": "2.98500", "2010-06-30": "2.64100", "2010-03-31": "3.61800", "2009-12-31": "3.65400", "2009-09-30": "3.39500", "2009-06-30": "3.11000", "2009-03-31": "3.43800", "2008-12-31": "3.85600", "2008-09-30": "3.79600", "2008-06-30": "3.83700", "2008-03-31": "4.12100", "2007-12-31": "4.27100", "2007-09-30": "3.95100", "2007-06-30": "", "2007-03-31": "", "2006-12-31": "", "2006-09-30": "", "2006-06-30": "", "2006-03-31": "", "2005-12-31": "", "2005-09-30": "", "2005-06-30": "", "2005-03-31": ""}, "Total Long Term Liabilities": {"2020-12-31": "1130.53700", "2020-09-30": "1351.13100", "2020-06-30": "1487.58800", "2020-03-31": "1702.59300", "2019-12-31": "1595.78800", "2019-09-30": "1486.85000", "2019-06-30": "1479.49800", "2019-03-31": "1614.22800", "2018-12-31": "1467.32900", "2018-09-30": "746.17400", "2018-06-30": "493.69400", "2018-03-31": "1005.78400", "2017-12-31": "188.06100", "2017-09-30": "1088.50400", "2017-06-30": "1148.09500", "2017-03-31": "1231.32900", "2016-12-31": "930.02500", "2016-09-30": "929.14100", "2016-06-30": "923.88490", "2016-03-31": "484.69100", "2015-12-31": "449.17000", "2015-09-30": "536.55900", "2015-06-30": "328.00400", "2015-03-31": "485.35000", "2014-12-31": "478.50400", "2014-09-30": "401.94600", "2014-06-30": "333.15600", "2014-03-31": "426.76900", "2013-12-31": "463.82500", "2013-09-30": "31.01800", "2013-06-30": "26.15600", "2013-03-31": "26.37700", "2012-12-31": "327.79500", "2012-09-30": "292.70500", "2012-06-30": "277.39000", "2012-03-31": "262.41100", "2011-12-31": "252.04600", "2011-09-30": "160.56000", "2011-06-30": "129.34500", "2011-03-31": "107.39800", "2010-12-31": "26.81700", "2010-09-30": "29.07000", "2010-06-30": "26.18900", "2010-03-31": "56.28300", "2009-12-31": "123.11200", "2009-09-30": "124.91400", "2009-06-30": "123.67600", "2009-03-31": "124.85600", "2008-12-31": "119.95300", "2008-09-30": "142.50000", "2008-06-30": "131.63200", "2008-03-31": "154.37800", "2007-12-31": "141.97500", "2007-09-30": "124.71700", "2007-06-30": "118.41700", "2007-03-31": "118.25900", "2006-12-31": "117.85100", "2006-09-30": "138.28700", "2006-06-30": "145.33800", "2006-03-31": "114.25800", "2005-12-31": "78.60000", "2005-09-30": "80.79300", "2005-06-30": "81.53000", "2005-03-31": "124.11300"}, "Total Liabilities": {"2020-12-31": "1707.87200", "2020-09-30": "1941.98400", "2020-06-30": "2090.34900", "2020-03-31": "2254.11200", "2019-12-31": "2095.83300", "2019-09-30": "2037.30700", "2019-06-30": "2035.48900", "2019-03-31": "2077.19700", "2018-12-31": "1903.77200", "2018-09-30": "1167.28200", "2018-06-30": "1004.94300", "2018-03-31": "1467.24400", "2017-12-31": "1544.47200", "2017-09-30": "1440.08900", "2017-06-30": "1508.22100", "2017-03-31": "1567.60700", "2016-12-31": "1612.42000", "2016-09-30": "1549.69600", "2016-06-30": "1561.87400", "2016-03-31": "771.19900", "2015-12-31": "714.74000", "2015-09-30": "793.86600", "2015-06-30": "594.46700", "2015-03-31": "741.75400", "2014-12-31": "738.11400", "2014-09-30": "656.24200", "2014-06-30": "602.71400", "2014-03-31": "673.66100", "2013-12-31": "706.63600", "2013-09-30": "642.10000", "2013-06-30": "600.20500", "2013-03-31": "606.79800", "2012-12-31": "578.86300", "2012-09-30": "545.73600", "2012-06-30": "530.24200", "2012-03-31": "519.89000", "2011-12-31": "480.40300", "2011-09-30": "386.27400", "2011-06-30": "338.18500", "2011-03-31": "298.76900", "2010-12-31": "273.40900", "2010-09-30": "315.38500", "2010-06-30": "338.86100", "2010-03-31": "381.26300", "2009-12-31": "363.73100", "2009-09-30": "417.21000", "2009-06-30": "392.77600", "2009-03-31": "353.42100", "2008-12-31": "343.55500", "2008-09-30": "318.44800", "2008-06-30": "324.22500", "2008-03-31": "296.48500", "2007-12-31": "304.62800", "2007-09-30": "305.85800", "2007-06-30": "320.82000", "2007-03-31": "319.30200", "2006-12-31": "281.52200", "2006-09-30": "259.54800", "2006-06-30": "274.77300", "2006-03-31": "224.78500", "2005-12-31": "334.95200", "2005-09-30": "311.09500", "2005-06-30": "300.08100", "2005-03-31": "210.29900"}, "Common Stock Net": {"2020-12-31": "0.58200", "2020-09-30": "0.58000", "2020-06-30": "0.58000", "2020-03-31": "0.57900", "2019-12-31": "0.57800", "2019-09-30": "0.57500", "2019-06-30": "0.57500", "2019-03-31": "0.57300", "2018-12-31": "0.57300", "2018-09-30": "0.57000", "2018-06-30": "0.57100", "2018-03-31": "0.57100", "2017-12-31": "0.57200", "2017-09-30": "0.56900", "2017-06-30": "0.56900", "2017-03-31": "0.56700", "2016-12-31": "0.56600", "2016-09-30": "0.56400", "2016-06-30": "0.56300", "2016-03-31": "0.56100", "2015-12-31": "0.56000", "2015-09-30": "0.55800", "2015-06-30": "0.56200", "2015-03-31": "0.56300", "2014-12-31": "0.56200", "2014-09-30": "0.55900", "2014-06-30": "0.56100", "2014-03-31": "0.56100", "2013-12-31": "0.56600", "2013-09-30": "0.56800", "2013-06-30": "0.56800", "2013-03-31": "0.57100", "2012-12-31": "0.57400", "2012-09-30": "0.57200", "2012-06-30": "0.56800", "2012-03-31": "0.57300", "2011-12-31": "0.57900", "2011-09-30": "0.59100", "2011-06-30": "0.60700", "2011-03-31": "0.61100", "2010-12-31": "0.61400", "2010-09-30": "0.60600", "2010-06-30": "0.60500", "2010-03-31": "0.30300", "2009-12-31": "0.30100", "2009-09-30": "0.30000", "2009-06-30": "0.30300", "2009-03-31": "0.30300", "2008-12-31": "0.30300", "2008-09-30": "0.30400", "2008-06-30": "0.30400", "2008-03-31": "0.30900", "2007-12-31": "0.31000", "2007-09-30": "0.31000", "2007-06-30": "0.31100", "2007-03-31": "0.31000", "2006-12-31": "0.30700", "2006-09-30": "0.30400", "2006-06-30": "0.30300", "2006-03-31": "0.30100", "2005-12-31": "0.28400", "2005-09-30": "0.28300", "2005-06-30": "0.28000", "2005-03-31": "0.13900"}, "Retained Earnings (Accumulated Deficit)": {"2020-12-31": "3076.56900", "2020-09-30": "2953.70900", "2020-06-30": "2832.99100", "2020-03-31": "2711.63900", "2019-12-31": "2604.91000", "2019-09-30": "2500.50600", "2019-06-30": "2436.41000", "2019-03-31": "2420.73100", "2018-12-31": "2368.33900", "2018-09-30": "2296.47300", "2018-06-30": "2432.32800", "2018-03-31": "2372.48700", "2017-12-31": "2312.33500", "2017-09-30": "2352.66400", "2017-06-30": "2316.23700", "2017-03-31": "2261.42500", "2016-12-31": "2220.28300", "2016-09-30": "2190.02800", "2016-06-30": "2160.29900", "2016-03-31": "2109.37100", "2015-12-31": "2062.88500", "2015-09-30": "2014.34400", "2015-06-30": "1976.02000", "2015-03-31": "1927.95800", "2014-12-31": "1876.35900", "2014-09-30": "1824.45700", "2014-06-30": "1780.39600", "2014-03-31": "1727.78900", "2013-12-31": "1673.08200", "2013-09-30": "1622.09300", "2013-06-30": "1576.64100", "2013-03-31": "1527.89300", "2012-12-31": "1467.23000", "2012-09-30": "1413.71100", "2012-06-30": "1366.71200", "2012-03-31": "1289.86500", "2011-12-31": "1225.25200", "2011-09-30": "1162.38000", "2011-06-30": "1111.86200", "2011-03-31": "1053.39000", "2010-12-31": "1000.04000", "2010-09-30": "941.58400", "2010-06-30": "884.87600", "2010-03-31": "831.71000", "2009-12-31": "782.87600", "2009-09-30": "736.89300", "2009-06-30": "694.79100", "2009-03-31": "649.42100", "2008-12-31": "610.22200", "2008-09-30": "576.36900", "2008-06-30": "548.34300", "2008-03-31": "518.70900", "2007-12-31": "489.02500", "2007-09-30": "462.16500", "2007-06-30": "436.95400", "2007-03-31": "409.28100", "2006-12-31": "424.64600", "2006-09-30": "395.65100", "2006-06-30": "370.65200", "2006-03-31": "347.55900", "2005-12-31": "321.19700", "2005-09-30": "298.88300", "2005-06-30": "282.44100", "2005-03-31": "266.86300"}, "Comprehensive Income": {"2020-12-31": "-163.15100", "2020-09-30": "-240.19100", "2020-06-30": "-283.98200", "2020-03-31": "-366.43600", "2019-12-31": "-246.11800", "2019-09-30": "-290.58500", "2019-06-30": "-253.00900", "2019-03-31": "-252.81800", "2018-12-31": "-250.31700", "2018-09-30": "-237.20000", "2018-06-30": "-224.32800", "2018-03-31": "-155.61300", "2017-12-31": "-148.22000", "2017-09-30": "-152.67000", "2017-06-30": "-189.05900", "2017-03-31": "-213.10100", "2016-12-31": "-299.98300", "2016-09-30": "-192.93500", "2016-06-30": "-222.65800", "2016-03-31": "-180.83900", "2015-12-31": "-260.93700", "2015-09-30": "-295.62400", "2015-06-30": "-173.51600", "2015-03-31": "-199.50300", "2014-12-31": "-81.50000", "2014-09-30": "26.44900", "2014-06-30": "151.55700", "2014-03-31": "129.53500", "2013-12-31": "78.92300", "2013-09-30": "130.29100", "2013-06-30": "92.08800", "2013-03-31": "259.11500", "2012-12-31": "267.47600", "2012-09-30": "255.31300", "2012-06-30": "236.45600", "2012-03-31": "264.03400", "2011-12-31": "240.87700", "2011-09-30": "200.21100", "2011-06-30": "324.43200", "2011-03-31": "282.58500", "2010-12-31": "253.94900", "2010-09-30": "212.33600", "2010-06-30": "86.37500", "2010-03-31": "168.21800", "2009-12-31": "168.73100", "2009-09-30": "164.88900", "2009-06-30": "105.77700", "2009-03-31": "7.88300", "2008-12-31": "25.59400", "2008-09-30": "78.63600", "2008-06-30": "207.76900", "2008-03-31": "184.13400", "2007-12-31": "145.06000", "2007-09-30": "146.63300", "2007-06-30": "115.75300", "2007-03-31": "94.02000", "2006-12-31": "80.65600", "2006-09-30": "54.06000", "2006-06-30": "55.13400", "2006-03-31": "33.07800", "2005-12-31": "37.26100", "2005-09-30": "51.54600", "2005-06-30": "52.88400", "2005-03-31": "67.53900"}, "Other Share Holders Equity": {"2020-12-31": "", "2020-09-30": "", "2020-06-30": "", "2020-03-31": "", "2019-12-31": "", "2019-09-30": "", "2019-06-30": "", "2019-03-31": "", "2018-12-31": "", "2018-09-30": "", "2018-06-30": "", "2018-03-31": "", "2017-12-31": "", "2017-09-30": "", "2017-06-30": "", "2017-03-31": "", "2016-12-31": "", "2016-09-30": "", "2016-06-30": "", "2016-03-31": "", "2015-12-31": "", "2015-09-30": "", "2015-06-30": "", "2015-03-31": "", "2014-12-31": "", "2014-09-30": "", "2014-06-30": "", "2014-03-31": "", "2013-12-31": "", "2013-09-30": "", "2013-06-30": "", "2013-03-31": "", "2012-12-31": "", "2012-09-30": "", "2012-06-30": "", "2012-03-31": "", "2011-12-31": "", "2011-09-30": "", "2011-06-30": "", "2011-03-31": "", "2010-12-31": "", "2010-09-30": "", "2010-06-30": "", "2010-03-31": "", "2009-12-31": "", "2009-09-30": "", "2009-06-30": "", "2009-03-31": "", "2008-12-31": "", "2008-09-30": "", "2008-06-30": "", "2008-03-31": "", "2007-12-31": "", "2007-09-30": "", "2007-06-30": "", "2007-03-31": "", "2006-12-31": "", "2006-09-30": "", "2006-06-30": "", "2006-03-31": "", "2005-12-31": "", "2005-09-30": "", "2005-06-30": "", "2005-03-31": ""}, "Share Holder Equity": {"2020-12-31": "2864.98400", "2020-09-30": "2678.86000", "2020-06-30": "2497.02700", "2020-03-31": "2256.43100", "2019-12-31": "2258.10600", "2019-09-30": "2117.25100", "2019-06-30": "2072.19300", "2019-03-31": "2021.32900", "2018-12-31": "1956.04400", "2018-09-30": "1900.25600", "2018-06-30": "2058.98000", "2018-03-31": "2066.96400", "2017-12-31": "2019.52800", "2017-09-30": "2049.52800", "2017-06-30": "1960.26600", "2017-03-31": "1854.95600", "2016-12-31": "1710.15000", "2016-09-30": "1772.56800", "2016-06-30": "1694.83100", "2016-03-31": "1673.41100", "2015-12-31": "1524.27100", "2015-09-30": "1460.81300", "2015-06-30": "1587.30700", "2015-03-31": "1536.27500", "2014-12-31": "1588.44800", "2014-09-30": "1653.21100", "2014-06-30": "1758.24800", "2014-03-31": "1690.90500", "2013-12-31": "1638.95200", "2013-09-30": "1692.53500", "2013-06-30": "1610.51600", "2013-03-31": "1768.15800", "2012-12-31": "1751.51200", "2012-09-30": "1698.92300", "2012-06-30": "1607.62700", "2012-03-31": "1608.95300", "2011-12-31": "1561.07500", "2011-09-30": "1549.01800", "2011-06-30": "1730.73700", "2011-03-31": "1663.39000", "2010-12-31": "1610.80200", "2010-09-30": "1476.84500", "2010-06-30": "1287.53600", "2010-03-31": "1332.23100", "2009-12-31": "1257.51900", "2009-09-30": "1202.92600", "2009-06-30": "1115.19200", "2009-03-31": "972.31800", "2008-12-31": "963.57300", "2008-09-30": "974.24900", "2008-06-30": "1081.77500", "2008-03-31": "1069.29700", "2007-12-31": "1014.75100", "2007-09-30": "981.98500", "2007-06-30": "931.22200", "2007-03-31": "872.50400", "2006-12-31": "850.82000", "2006-09-30": "771.46000", "2006-06-30": "738.14800", "2006-03-31": "674.33500", "2005-12-31": "525.09700", "2005-09-30": "505.40300", "2005-06-30": "474.06500", "2005-03-31": "464.00300"}, "Total Liabilities And Share Holders Equity": {"2020-12-31": "4572.85600", "2020-09-30": "4620.84400", "2020-06-30": "4587.37600", "2020-03-31": "4510.54300", "2019-12-31": "4353.93900", "2019-09-30": "4154.55800", "2019-06-30": "4107.68200", "2019-03-31": "4098.52600", "2018-12-31": "3859.81600", "2018-09-30": "3067.53800", "2018-06-30": "3063.92300", "2018-03-31": "3534.20800", "2017-12-31": "3564.00000", "2017-09-30": "3489.61700", "2017-06-30": "3468.48700", "2017-03-31": "3422.56300", "2016-12-31": "3322.57000", "2016-09-30": "3322.26400", "2016-06-30": "3256.70500", "2016-03-31": "2444.61000", "2015-12-31": "2239.01100", "2015-09-30": "2254.67900", "2015-06-30": "2181.77400", "2015-03-31": "2278.02900", "2014-12-31": "2326.56200", "2014-09-30": "2309.45300", "2014-06-30": "2360.96200", "2014-03-31": "2364.56600", "2013-12-31": "2345.58800", "2013-09-30": "2334.63500", "2013-06-30": "2210.72100", "2013-03-31": "2374.95600", "2012-12-31": "2330.37500", "2012-09-30": "2244.65900", "2012-06-30": "2137.86900", "2012-03-31": "2128.84300", "2011-12-31": "2041.47800", "2011-09-30": "1935.29200", "2011-06-30": "2068.92200", "2011-03-31": "1962.15900", "2010-12-31": "1884.21100", "2010-09-30": "1792.23000", "2010-06-30": "1626.39700", "2010-03-31": "1713.49400", "2009-12-31": "1621.25000", "2009-09-30": "1620.13600", "2009-06-30": "1507.96800", "2009-03-31": "1325.73900", "2008-12-31": "1307.12800", "2008-09-30": "1292.69700", "2008-06-30": "1406.00000", "2008-03-31": "1365.78200", "2007-12-31": "1319.37900", "2007-09-30": "1287.84300", "2007-06-30": "1252.04200", "2007-03-31": "1191.80600", "2006-12-31": "1132.34200", "2006-09-30": "1031.00800", "2006-06-30": "1012.92100", "2006-03-31": "899.12000", "2005-12-31": "860.04900", "2005-09-30": "816.49800", "2005-06-30": "774.14600", "2005-03-31": "674.30200"}}, "cash flow statement": {"Net Income/Loss": {"2020-06-30": "621.67400", "2019-06-30": "404.59200", "2018-06-30": "315.58800", "2017-06-30": "342.28400", "2016-06-30": "352.40900", "2015-06-30": "352.88600", "2014-06-30": "345.27300", "2013-06-30": "307.13300", "2012-06-30": "254.85000", "2011-06-30": "226.98600", "2010-06-30": "190.08500", "2009-06-30": "146.44800", "2008-06-30": "110.30300", "2007-06-30": "66.30200", "2006-06-30": "88.21100", "2005-06-30": "64.78500"}, "Total Depreciation And Amortization - Cash Flow": {"2020-06-30": "181.37300", "2019-06-30": "150.79500", "2018-06-30": "119.96000", "2017-06-30": "112.15700", "2016-06-30": "86.84900", "2015-06-30": "73.05600", "2014-06-30": "73.45400", "2013-06-30": "78.28000", "2012-06-30": "85.85600", "2011-06-30": "70.61600", "2010-06-30": "61.56300", "2009-06-30": "53.96300", "2008-06-30": "59.48500", "2007-06-30": "48.14100", "2006-06-30": "41.61900", "2005-06-30": "29.12600"}, "Other Non-Cash Items": {"2020-06-30": "97.12900", "2019-06-30": "80.71800", "2018-06-30": "60.41600", "2017-06-30": "49.49600", "2016-06-30": "46.98700", "2015-06-30": "22.05500", "2014-06-30": "20.83900", "2013-06-30": "18.49800", "2012-06-30": "8.56100", "2011-06-30": "1.29500", "2010-06-30": "16.04800", "2009-06-30": "15.34100", "2008-06-30": "21.09300", "2007-06-30": "46.35800", "2006-06-30": "0.47900", "2005-06-30": "-9.57400"}, "Total Non-Cash Items": {"2020-06-30": "278.50200", "2019-06-30": "231.51300", "2018-06-30": "180.37600", "2017-06-30": "161.65300", "2016-06-30": "133.83600", "2015-06-30": "95.11100", "2014-06-30": "94.29300", "2013-06-30": "96.77800", "2012-06-30": "94.41700", "2011-06-30": "71.91100", "2010-06-30": "77.61100", "2009-06-30": "69.30400", "2008-06-30": "80.57800", "2007-06-30": "94.49900", "2006-06-30": "42.09800", "2005-06-30": "19.55200"}, "Change In Accounts Receivable": {"2020-06-30": "54.38300", "2019-06-30": "-18.01300", "2018-06-30": "-32.35600", "2017-06-30": "-63.60400", "2016-06-30": "-27.30700", "2015-06-30": "-28.25900", "2014-06-30": "-35.10800", "2013-06-30": "-37.26700", "2012-06-30": "-20.29300", "2011-06-30": "-30.79900", "2010-06-30": "-24.74200", "2009-06-30": "-32.89700", "2008-06-30": "-16.08300", "2007-06-30": "-25.61200", "2006-06-30": "-28.28700", "2005-06-30": "-27.99600"}, "Change In Inventories": {"2020-06-30": "-69.88100", "2019-06-30": "-84.18800", "2018-06-30": "1.49400", "2017-06-30": "-41.59900", "2016-06-30": "30.49200", "2015-06-30": "-99.52400", "2014-06-30": "-15.85100", "2013-06-30": "27.14300", "2012-06-30": "18.80600", "2011-06-30": "11.39400", "2010-06-30": "-32.27200", "2009-06-30": "-16.14100", "2008-06-30": "9.60500", "2007-06-30": "-30.46700", "2006-06-30": "-25.04100", "2005-06-30": "-22.56200"}, "Change In Accounts Payable": {"2020-06-30": "", "2019-06-30": "", "2018-06-30": "", "2017-06-30": "", "2016-06-30": "", "2015-06-30": "", "2014-06-30": "", "2013-06-30": "", "2012-06-30": "", "2011-06-30": "", "2010-06-30": "", "2009-06-30": "", "2008-06-30": "", "2007-06-30": "", "2006-06-30": "", "2005-06-30": ""}, "Change In Assets/Liabilities": {"2020-06-30": "-58.99900", "2019-06-30": "-47.57500", "2018-06-30": "-160.72600", "2017-06-30": "-19.25700", "2016-06-30": "12.12100", "2015-06-30": "-22.84900", "2014-06-30": "5.81400", "2013-06-30": "-28.67800", "2012-06-30": "-37.93800", "2011-06-30": "12.03400", "2010-06-30": "-16.01200", "2009-06-30": "20.91600", "2008-06-30": "10.64200", "2007-06-30": "-12.03500", "2006-06-30": "-2.43200", "2005-06-30": "5.82600"}, "Total Change In Assets/Liabilities": {"2020-06-30": "-97.92100", "2019-06-30": "-177.05400", "2018-06-30": "9.06200", "2017-06-30": "-89.88400", "2016-06-30": "61.68800", "2015-06-30": "-64.81700", "2014-06-30": "-48.29800", "2013-06-30": "-1.08800", "2012-06-30": "33.89200", "2011-06-30": "-15.70700", "2010-06-30": "-79.48300", "2009-06-30": "23.12500", "2008-06-30": "-53.04500", "2007-06-30": "-69.69500", "2006-06-30": "-31.28100", "2005-06-30": "-13.25800"}, "Cash Flow From Operating Activities": {"2020-06-30": "802.25500", "2019-06-30": "459.05100", "2018-06-30": "505.02600", "2017-06-30": "414.05300", "2016-06-30": "547.93300", "2015-06-30": "383.18000", "2014-06-30": "391.26800", "2013-06-30": "402.82300", "2012-06-30": "383.15900", "2011-06-30": "283.19000", "2010-06-30": "188.21300", "2009-06-30": "238.87700", "2008-06-30": "137.83600", "2007-06-30": "91.10600", "2006-06-30": "99.02800", "2005-06-30": "71.07900"}, "Net Change In Property, Plant, And Equipment": {"2020-06-30": "-95.33000", "2019-06-30": "-68.71000", "2018-06-30": "-62.58100", "2017-06-30": "-62.21900", "2016-06-30": "-58.53400", "2015-06-30": "-62.50200", "2014-06-30": "-72.72200", "2013-06-30": "-63.57900", "2012-06-30": "-47.13500", "2011-06-30": "-66.60900", "2010-06-30": "-56.85500", "2009-06-30": "-107.92900", "2008-06-30": "-51.06800", "2007-06-30": "-77.55600", "2006-06-30": "-102.74900", "2005-06-30": "-39.69100"}, "Net Change In Intangible Assets": {"2020-06-30": "-10.60800", "2019-06-30": "-8.63200", "2018-06-30": "-8.87600", "2017-06-30": "-9.25700", "2016-06-30": "-9.29500", "2015-06-30": "-9.44200", "2014-06-30": "-8.43400", "2013-06-30": "-8.20300", "2012-06-30": "-13.97200", "2011-06-30": "-6.43100", "2010-06-30": "-4.78600", "2009-06-30": "-4.52800", "2008-06-30": "-5.63900", "2007-06-30": "-3.96500", "2006-06-30": "-3.11500", "2005-06-30": "-2.81900"}, "Net Acquisitions/Divestitures": {"2020-06-30": "-27.91000", "2019-06-30": "-951.38300", "2018-06-30": "-0.90200", "2017-06-30": "-7.27400", "2016-06-30": "-1041.86400", "2015-06-30": "-29.40700", "2014-06-30": "-3.85200", "2013-06-30": "-5.41800", "2012-06-30": "-53.32200", "2011-06-30": "-22.45000", "2010-06-30": "-10.66000", "2009-06-30": "-2.39400", "2008-06-30": "1.68600", "2007-06-30": "-1.91200", "2006-06-30": "-10.52600", "2005-06-30": "-54.42500"}, "Net Change In Short-term Investments": {"2020-06-30": "-31.61600", "2019-06-30": "-46.71700", "2018-06-30": "-14.49500", "2017-06-30": "-6.46400", "2016-06-30": "-8.49700", "2015-06-30": "-9.81300", "2014-06-30": "-10.85000", "2013-06-30": "-2.22500", "2012-06-30": "-4.29700", "2011-06-30": "-2.42600", "2010-06-30": "0.00000", "2009-06-30": "-2.26700", "2008-06-30": "14.95000", "2007-06-30": "-19.95000", "2006-06-30": "0.00200", "2005-06-30": "12.03000"}, "Net Change In Long-Term Investments": {"2020-06-30": "", "2019-06-30": "", "2018-06-30": "", "2017-06-30": "", "2016-06-30": "", "2015-06-30": "", "2014-06-30": "", "2013-06-30": "", "2012-06-30": "", "2011-06-30": "3.95000", "2010-06-30": "1.05000", "2009-06-30": "", "2008-06-30": "-2.04900", "2007-06-30": "-1.62200", "2006-06-30": "-2.38600", "2005-06-30": "-1.87300"}, "Net Change In Investments - Total": {"2020-06-30": "-31.61600", "2019-06-30": "-46.71700", "2018-06-30": "-14.49500", "2017-06-30": "-6.46400", "2016-06-30": "-8.49700", "2015-06-30": "-9.81300", "2014-06-30": "-10.85000", "2013-06-30": "-2.22500", "2012-06-30": "-4.29700", "2011-06-30": "1.52400", "2010-06-30": "1.05000", "2009-06-30": "-2.26700", "2008-06-30": "12.90100", "2007-06-30": "-21.57200", "2006-06-30": "-2.38400", "2005-06-30": "10.15700"}, "Investing Activities - Other": {"2020-06-30": "-14.39700", "2019-06-30": "-0.26400", "2018-06-30": "-14.97000", "2017-06-30": "3.32400", "2016-06-30": "-7.56400", "2015-06-30": "-31.90700", "2014-06-30": "0.87100", "2013-06-30": "1.42500", "2012-06-30": "17.11100", "2011-06-30": "17.45500", "2010-06-30": "12.94000", "2009-06-30": "7.81900", "2008-06-30": "4.26700", "2007-06-30": "-0.41200", "2006-06-30": "-1.10000", "2005-06-30": ""}, "Cash Flow From Investing Activities": {"2020-06-30": "-179.86100", "2019-06-30": "-1075.70600", "2018-06-30": "-101.82400", "2017-06-30": "-81.89000", "2016-06-30": "-1125.75400", "2015-06-30": "-143.07100", "2014-06-30": "-94.98700", "2013-06-30": "-78.00000", "2012-06-30": "-101.61500", "2011-06-30": "-76.51100", "2010-06-30": "-58.31100", "2009-06-30": "-109.29900", "2008-06-30": "-37.85300", "2007-06-30": "-105.41700", "2006-06-30": "-119.87400", "2005-06-30": "-86.77800"}, "Net Long-Term Debt": {"2020-06-30": "-94.01200", "2019-06-30": "807.48500", "2018-06-30": "-796.24190", "2017-06-30": "-95.00000", "2016-06-30": "856.30600", "2015-06-30": "-1.53600", "2014-06-30": "-2.20100", "2013-06-30": "49.77900", "2012-06-30": "144.39900", "2011-06-30": "-25.16100", "2010-06-30": "-38.43800", "2009-06-30": "41.70200", "2008-06-30": "7.36000", "2007-06-30": "-10.47000", "2006-06-30": "53.62500", "2005-06-30": "-3.26400"}, "Net Current Debt": {"2020-06-30": "", "2019-06-30": "", "2018-06-30": "", "2017-06-30": "", "2016-06-30": "", "2015-06-30": "", "2014-06-30": "", "2013-06-30": "", "2012-06-30": "", "2011-06-30": "", "2010-06-30": "", "2009-06-30": "", "2008-06-30": "", "2007-06-30": "", "2006-06-30": "", "2005-06-30": ""}, "Debt Issuance/Retirement Net - Total": {"2020-06-30": "-94.01200", "2019-06-30": "807.48500", "2018-06-30": "-796.24190", "2017-06-30": "-95.00000", "2016-06-30": "856.30600", "2015-06-30": "-1.53600", "2014-06-30": "-2.20100", "2013-06-30": "49.77900", "2012-06-30": "144.39900", "2011-06-30": "-25.16100", "2010-06-30": "-38.43800", "2009-06-30": "41.70200", "2008-06-30": "7.36000", "2007-06-30": "-10.47000", "2006-06-30": "53.62500", "2005-06-30": "-3.26400"}, "Net Common Equity Issued/Repurchased": {"2020-06-30": "48.18200", "2019-06-30": "13.88300", "2018-06-30": "-15.08400", "2017-06-30": "38.32000", "2016-06-30": "-74.36400", "2015-06-30": "-121.49400", "2014-06-30": "-168.81500", "2013-06-30": "-117.01900", "2012-06-30": "-330.25200", "2011-06-30": "-68.69200", "2010-06-30": "-35.86000", "2009-06-30": "-43.70100", "2008-06-30": "-74.93000", "2007-06-30": "36.16800", "2006-06-30": "34.38900", "2005-06-30": "28.46000"}, "Net Total Equity Issued/Repurchased": {"2020-06-30": "48.18200", "2019-06-30": "13.88300", "2018-06-30": "-15.08400", "2017-06-30": "38.32000", "2016-06-30": "-74.36400", "2015-06-30": "-121.49400", "2014-06-30": "-168.81500", "2013-06-30": "-117.01900", "2012-06-30": "-330.25200", "2011-06-30": "-68.69200", "2010-06-30": "-35.86000", "2009-06-30": "-43.70100", "2008-06-30": "-74.93000", "2007-06-30": "36.16800", "2006-06-30": "34.38900", "2005-06-30": "28.46000"}, "Total Common And Preferred Stock Dividends Paid": {"2020-06-30": "-225.09300", "2019-06-30": "-211.71200", "2018-06-30": "-199.49700", "2017-06-30": "-186.34600", "2016-06-30": "-168.13000", "2015-06-30": "-157.26200", "2014-06-30": "-141.51800", "2013-06-30": "-97.20400", "2012-06-30": "", "2011-06-30": "", "2010-06-30": "", "2009-06-30": "", "2008-06-30": "", "2007-06-30": "", "2006-06-30": "", "2005-06-30": ""}, "Financial Activities - Other": {"2020-06-30": "-46.36300", "2019-06-30": "-29.01300", "2018-06-30": "-15.87100", "2017-06-30": "-19.84100", "2016-06-30": "-1.22800", "2015-06-30": "24.50100", "2014-06-30": "15.21800", "2013-06-30": "10.51700", "2012-06-30": "8.74800", "2011-06-30": "14.51000", "2010-06-30": "13.16900", "2009-06-30": "3.87000", "2008-06-30": "3.81300", "2007-06-30": "12.39800", "2006-06-30": "9.75300", "2005-06-30": ""}, "Cash Flow From Financial Activities": {"2020-06-30": "-317.28600", "2019-06-30": "580.64300", "2018-06-30": "-1026.69400", "2017-06-30": "-262.86700", "2016-06-30": "612.58400", "2015-06-30": "-255.79100", "2014-06-30": "-297.31600", "2013-06-30": "-153.92700", "2012-06-30": "-177.10500", "2011-06-30": "-79.34300", "2010-06-30": "-61.12900", "2009-06-30": "1.87100", "2008-06-30": "-63.75700", "2007-06-30": "38.09600", "2006-06-30": "97.76700", "2005-06-30": "25.19600"}, "Net Cash Flow": {"2020-06-30": "316.02800", "2019-06-30": "-41.57300", "2018-06-30": "-633.23400", "2017-06-30": "90.50100", "2016-06-30": "14.18500", "2015-06-30": "-188.48100", "2014-06-30": "29.68200", "2013-06-30": "66.50700", "2012-06-30": "74.27400", "2011-06-30": "246.49100", "2010-06-30": "73.12600", "2009-06-30": "94.57200", "2008-06-30": "63.28600", "2007-06-30": "38.24800", "2006-06-30": "77.35900", "2005-06-30": "13.27800"}, "Stock-Based Compensation": {"2020-06-30": "57.55900", "2019-06-30": "52.07300", "2018-06-30": "48.41200", "2017-06-30": "45.92500", "2016-06-30": "46.40800", "2015-06-30": "47.85500", "2014-06-30": "43.45700", "2013-06-30": "38.15700", "2012-06-30": "30.58600", "2011-06-30": "30.80900", "2010-06-30": "29.73400", "2009-06-30": "25.51500", "2008-06-30": "20.74100", "2007-06-30": "17.50500", "2006-06-30": "15.30500", "2005-06-30": ""}, "Common Stock Dividends Paid": {"2020-06-30": "-225.09300", "2019-06-30": "-211.71200", "2018-06-30": "-199.49700", "2017-06-30": "-186.34600", "2016-06-30": "-168.13000", "2015-06-30": "-157.26200", "2014-06-30": "-141.51800", "2013-06-30": "-97.20400", "2012-06-30": "", "2011-06-30": "", "2010-06-30": "", "2009-06-30": "", "2008-06-30": "", "2007-06-30": "", "2006-06-30": "", "2005-06-30": ""}}, "cash flow statement, quarterly": {"Net Income/Loss": {"2020-12-31": 179.514, "2020-09-30": "178.37200", "2020-06-30": 177.835, "2020-03-31": 163.137, "2019-12-31": 160.554, "2019-09-30": "120.14800", "2019-06-30": 68.801, "2019-03-31": 105.414, "2018-12-31": 124.64, "2018-09-30": "105.73700", "2018-06-30": 109.811, "2018-03-31": 110.126, "2017-12-31": 9.526, "2017-09-30": "86.12500", "2017-06-30": 101.612, "2017-03-31": 87.823, "2016-12-31": 76.742, "2016-09-30": "76.10700", "2016-06-30": 83.126, "2016-03-31": 90.79, "2015-12-31": 95.576, "2015-09-30": "82.91700", "2015-06-30": 87.462, "2015-03-31": 90.984, "2014-12-31": 91.18, "2014-09-30": "83.26000", "2014-06-30": 87.738, "2014-03-31": 89.969, "2013-12-31": 86.636, "2013-09-30": "80.93000", "2013-06-30": 73.013, "2013-03-31": 84.913, "2012-12-31": 77.942, "2012-09-30": "71.26500", "2012-06-30": 76.847, "2012-03-31": 64.613, "2011-12-31": 62.872, "2011-09-30": "50.51800", "2011-06-30": 58.472, "2011-03-31": 53.35, "2010-12-31": 58.456, "2010-09-30": "56.70800", "2010-06-30": 53.166, "2010-03-31": 48.834, "2009-12-31": 45.983, "2009-09-30": "42.10200", "2009-06-30": 45.37, "2009-03-31": 39.199, "2008-12-31": 33.853, "2008-09-30": "28.02600", "2008-06-30": 29.634, "2008-03-31": 29.683, "2007-12-31": 26.861, "2007-09-30": "24.12500", "2007-06-30": 27.673, "2007-03-31": -15.365, "2006-12-31": 28.995, "2006-09-30": "24.99900", "2006-06-30": 23.093, "2006-03-31": 26.362, "2005-12-31": 22.314, "2005-09-30": "16.44200", "2005-06-30": 15.578, "2005-03-31": 49.207}, "Total Depreciation And Amortization - Cash Flow": {"2020-12-31": 48.069, "2020-09-30": "49.88800", "2020-06-30": 45.508, "2020-03-31": 46.465, "2019-12-31": 45.483, "2019-09-30": "43.91700", "2019-06-30": 42.592, "2019-03-31": 41.75, "2018-12-31": 36.029, "2018-09-30": "30.42400", "2018-06-30": 31.704, "2018-03-31": 29.311, "2017-12-31": 29.374, "2017-09-30": "29.57100", "2017-06-30": 28.168, "2017-03-31": 28.485, "2016-12-31": 27.729, "2016-09-30": "27.77500", "2016-06-30": 27.022, "2016-03-31": 19.907, "2015-12-31": 21.517, "2015-09-30": "18.40300", "2015-06-30": 17.746, "2015-03-31": 17.859, "2014-12-31": 18.869, "2014-09-30": "18.58200", "2014-06-30": 19.823, "2014-03-31": 17.181, "2013-12-31": 18.58, "2013-09-30": "17.87000", "2013-06-30": 19.659, "2013-03-31": 20.674, "2012-12-31": 19.297, "2012-09-30": "18.65000", "2012-06-30": 22.426, "2012-03-31": 20.026, "2011-12-31": 22.994, "2011-09-30": "20.41000", "2011-06-30": 19.508, "2011-03-31": 18.12, "2010-12-31": 17.346, "2010-09-30": "15.64200", "2010-06-30": 15.473, "2010-03-31": 16.116, "2009-12-31": 15.6, "2009-09-30": "14.37400", "2009-06-30": 14.898, "2009-03-31": 12.936, "2008-12-31": 11.771, "2008-09-30": "14.35800", "2008-06-30": 16.439, "2008-03-31": 14.848, "2007-12-31": 13.808, "2007-09-30": "14.39000", "2007-06-30": 13.137, "2007-03-31": 12.258, "2006-12-31": 12.039, "2006-09-30": "10.70700", "2006-06-30": 11.091, "2006-03-31": 10.82, "2005-12-31": 9.871, "2005-09-30": "9.83700", "2005-06-30": 8.984, "2005-03-31": 20.142}, "Other Non-Cash Items": {"2020-12-31": 30.883, "2020-09-30": "9.88300", "2020-06-30": 22.114, "2020-03-31": 28.508, "2019-12-31": 23.806, "2019-09-30": "22.70100", "2019-06-30": 26.871, "2019-03-31": 22.774, "2018-12-31": 17.068, "2018-09-30": "14.00500", "2018-06-30": 20.48, "2018-03-31": 13.724, "2017-12-31": 13.302, "2017-09-30": "12.91000", "2017-06-30": 13.029, "2017-03-31": 3.383, "2016-12-31": 21.035, "2016-09-30": "12.04900", "2016-06-30": 8.797, "2016-03-31": 10.889, "2015-12-31": 14.918, "2015-09-30": "12.38300", "2015-06-30": 8.7, "2015-03-31": 1.869, "2014-12-31": 3.403, "2014-09-30": "8.08300", "2014-06-30": 2.853, "2014-03-31": 4.042, "2013-12-31": 7.022, "2013-09-30": "6.92200", "2013-06-30": 9.1, "2013-03-31": 0.326, "2012-12-31": 6.652, "2012-09-30": "2.42000", "2012-06-30": -1.472, "2012-03-31": 6.514, "2011-12-31": -3.53, "2011-09-30": "7.04900", "2011-06-30": 1.283, "2011-03-31": 2.094, "2010-12-31": -2.773, "2010-09-30": "0.69100", "2010-06-30": 8.67, "2010-03-31": 1.256, "2009-12-31": 3.258, "2009-09-30": "2.86400", "2009-06-30": -24.322, "2009-03-31": 6.419, "2008-12-31": 11.548, "2008-09-30": "21.69600", "2008-06-30": 10.725, "2008-03-31": 2.15, "2007-12-31": 5.075, "2007-09-30": "3.14300", "2007-06-30": -15.452, "2007-03-31": 60.802, "2006-12-31": -2.3, "2006-09-30": "3.30800", "2006-06-30": -15.075, "2006-03-31": 6.619, "2005-12-31": 6.198, "2005-09-30": "2.73700", "2005-06-30": -7.271, "2005-03-31": -2.303}, "Total Non-Cash Items": {"2020-12-31": 78.952, "2020-09-30": "59.77100", "2020-06-30": 67.622, "2020-03-31": 74.973, "2019-12-31": 69.289, "2019-09-30": "66.61800", "2019-06-30": 69.463, "2019-03-31": 64.524, "2018-12-31": 53.097, "2018-09-30": "44.42900", "2018-06-30": 52.184, "2018-03-31": 43.035, "2017-12-31": 42.676, "2017-09-30": "42.48100", "2017-06-30": 41.197, "2017-03-31": 31.868, "2016-12-31": 48.764, "2016-09-30": "39.82400", "2016-06-30": 35.819, "2016-03-31": 30.796, "2015-12-31": 36.435, "2015-09-30": "30.78600", "2015-06-30": 26.446, "2015-03-31": 19.728, "2014-12-31": 22.272, "2014-09-30": "26.66500", "2014-06-30": 22.676, "2014-03-31": 21.223, "2013-12-31": 25.602, "2013-09-30": "24.79200", "2013-06-30": 28.759, "2013-03-31": 21, "2012-12-31": 25.949, "2012-09-30": "21.07000", "2012-06-30": 20.954, "2012-03-31": 26.54, "2011-12-31": 19.464, "2011-09-30": "27.45900", "2011-06-30": 20.791, "2011-03-31": 20.214, "2010-12-31": 14.573, "2010-09-30": "16.33300", "2010-06-30": 24.143, "2010-03-31": 17.372, "2009-12-31": 18.858, "2009-09-30": "17.23800", "2009-06-30": -9.424, "2009-03-31": 19.355, "2008-12-31": 23.319, "2008-09-30": "36.05400", "2008-06-30": 27.164, "2008-03-31": 16.998, "2007-12-31": 18.883, "2007-09-30": "17.53300", "2007-06-30": -2.315, "2007-03-31": 73.06, "2006-12-31": 9.739, "2006-09-30": "14.01500", "2006-06-30": -3.984, "2006-03-31": 17.439, "2005-12-31": 16.069, "2005-09-30": "12.57400", "2005-06-30": 1.713, "2005-03-31": 17.839}, "Change In Accounts Receivable": {"2020-12-31": -35.369, "2020-09-30": "16.11000", "2020-06-30": 88.523, "2020-03-31": -33.865, "2019-12-31": -28.561, "2019-09-30": "28.28600", "2019-06-30": -16.531, "2019-03-31": -33.848, "2018-12-31": 12.024, "2018-09-30": "20.34200", "2018-06-30": 7.065, "2018-03-31": -13.276, "2017-12-31": -49.462, "2017-09-30": "23.31700", "2017-06-30": -30.811, "2017-03-31": -25.713, "2016-12-31": -43.287, "2016-09-30": "36.20700", "2016-06-30": -30.105, "2016-03-31": -21.735, "2015-12-31": -5.965, "2015-09-30": "30.49800", "2015-06-30": -13.445, "2015-03-31": -25.881, "2014-12-31": -9.737, "2014-09-30": "20.80400", "2014-06-30": -22.235, "2014-03-31": -34.934, "2013-12-31": -18.207, "2013-09-30": "40.26800", "2013-06-30": -28.053, "2013-03-31": -14.972, "2012-12-31": -12.639, "2012-09-30": "18.39700", "2012-06-30": -20.05, "2012-03-31": -26.553, "2011-12-31": 12.02, "2011-09-30": "14.29000", "2011-06-30": -19.31, "2011-03-31": -13.209, "2010-12-31": -9.995, "2010-09-30": "11.71500", "2010-06-30": -11.514, "2010-03-31": -18.885, "2009-12-31": -1.569, "2009-09-30": "7.22600", "2009-06-30": -8.299, "2009-03-31": -13.459, "2008-12-31": -15.705, "2008-09-30": "4.56600", "2008-06-30": -13.964, "2008-03-31": -4.048, "2007-12-31": -1.943, "2007-09-30": "3.87200", "2007-06-30": -14.026, "2007-03-31": -8.591, "2006-12-31": -10.213, "2006-09-30": "7.21800", "2006-06-30": -8.087, "2006-03-31": -10.962, "2005-12-31": -10.007, "2005-09-30": "0.76900", "2005-06-30": -11.508, "2005-03-31": -16.488}, "Change In Inventories": {"2020-12-31": 18.184, "2020-09-30": "-52.39600", "2020-06-30": -47.317, "2020-03-31": 5.73, "2019-12-31": -14.09, "2019-09-30": "-14.20400", "2019-06-30": -29.186, "2019-03-31": -24.432, "2018-12-31": -14.909, "2018-09-30": "-15.66100", "2018-06-30": 12.64, "2018-03-31": 9.614, "2017-12-31": 6.182, "2017-09-30": "-26.94200", "2017-06-30": -3.453, "2017-03-31": -2.042, "2016-12-31": -8.031, "2016-09-30": "-28.07300", "2016-06-30": 4.48, "2016-03-31": 17.261, "2015-12-31": 25.945, "2015-09-30": "-17.19400", "2015-06-30": -18.731, "2015-03-31": -16.387, "2014-12-31": -26.509, "2014-09-30": "-37.89700", "2014-06-30": -0.116, "2014-03-31": 13.899, "2013-12-31": -2.787, "2013-09-30": "-26.84700", "2013-06-30": 17.28, "2013-03-31": 26.36, "2012-12-31": 0.201, "2012-09-30": "-16.69800", "2012-06-30": 6.032, "2012-03-31": 3.838, "2011-12-31": 4.693, "2011-09-30": "4.24300", "2011-06-30": 7.815, "2011-03-31": 12.615, "2010-12-31": 3.519, "2010-09-30": "-12.55500", "2010-06-30": 2.634, "2010-03-31": -15.438, "2009-12-31": -7.601, "2009-09-30": "-11.86700", "2009-06-30": -0.035, "2009-03-31": -9.094, "2008-12-31": -4.944, "2008-09-30": "-2.06800", "2008-06-30": 8.541, "2008-03-31": 4.723, "2007-12-31": 0.584, "2007-09-30": "-4.24300", "2007-06-30": 2.78, "2007-03-31": -14.258, "2006-12-31": -13.801, "2006-09-30": "-5.18800", "2006-06-30": -7.298, "2006-03-31": -0.561, "2005-12-31": -6.63, "2005-09-30": "-10.55200", "2005-06-30": -8.195, "2005-03-31": -14.367}, "Change In Accounts Payable": {"2020-12-31": 0, "2020-09-30": "", "2020-06-30": 0, "2020-03-31": 0, "2019-12-31": 0, "2019-09-30": "", "2019-06-30": 0, "2019-03-31": 0, "2018-12-31": 0, "2018-09-30": "", "2018-06-30": 0, "2018-03-31": 0, "2017-12-31": 0, "2017-09-30": "", "2017-06-30": 0, "2017-03-31": 0, "2016-12-31": 0, "2016-09-30": "", "2016-06-30": 0, "2016-03-31": 0, "2015-12-31": 0, "2015-09-30": "", "2015-06-30": 0, "2015-03-31": 0, "2014-12-31": 0, "2014-09-30": "", "2014-06-30": 0, "2014-03-31": 0, "2013-12-31": 0, "2013-09-30": "", "2013-06-30": 0, "2013-03-31": 0, "2012-12-31": 0, "2012-09-30": "", "2012-06-30": 0, "2012-03-31": 0, "2011-12-31": 0, "2011-09-30": "", "2011-06-30": 0, "2011-03-31": 0, "2010-12-31": 0, "2010-09-30": "", "2010-06-30": 0, "2010-03-31": 0, "2009-12-31": 0, "2009-09-30": "", "2009-06-30": 0, "2009-03-31": 0, "2008-12-31": 0, "2008-09-30": "", "2008-06-30": 0, "2008-03-31": 0, "2007-12-31": 0, "2007-09-30": "", "2007-06-30": 0, "2007-03-31": 0, "2006-12-31": 0, "2006-09-30": "", "2006-06-30": 0, "2006-03-31": 0, "2005-12-31": 0, "2005-09-30": "", "2005-06-30": 0, "2005-03-31": 0}, "Change In Assets/Liabilities": {"2020-12-31": -33.29, "2020-09-30": "3.41500", "2020-06-30": 9.725, "2020-03-31": -1.906, "2019-12-31": -58.411, "2019-09-30": "-8.40700", "2019-06-30": -30.122, "2019-03-31": 9.469, "2018-12-31": -19.219, "2018-09-30": "-7.70300", "2018-06-30": -88.394, "2018-03-31": -69.474, "2017-12-31": 12.55, "2017-09-30": "-15.40800", "2017-06-30": 9.297, "2017-03-31": -13.357, "2016-12-31": 3.918, "2016-09-30": "-19.11500", "2016-06-30": 12.022, "2016-03-31": -14.299, "2015-12-31": 17.924, "2015-09-30": "-3.52600", "2015-06-30": -19.362, "2015-03-31": 0.822, "2014-12-31": 10.859, "2014-09-30": "-15.16800", "2014-06-30": 9.834, "2014-03-31": -6.114, "2013-12-31": 6.545, "2013-09-30": "-4.45100", "2013-06-30": -24.797, "2013-03-31": -1.131, "2012-12-31": -0.263, "2012-09-30": "-2.48700", "2012-06-30": -10.897, "2012-03-31": -5.475, "2011-12-31": 9.47, "2011-09-30": "-31.03600", "2011-06-30": -0.705, "2011-03-31": 9.26, "2010-12-31": -1.942, "2010-09-30": "5.42100", "2010-06-30": -4.529, "2010-03-31": -5.982, "2009-12-31": -5.247, "2009-09-30": "-0.25400", "2009-06-30": 21.106, "2009-03-31": -0.105, "2008-12-31": -4.601, "2008-09-30": "4.51600", "2008-06-30": 12.872, "2008-03-31": 0.284, "2007-12-31": -1.618, "2007-09-30": "-0.89600", "2007-06-30": 20.245, "2007-03-31": -19.978, "2006-12-31": -5.906, "2006-09-30": "-6.39600", "2006-06-30": 8.744, "2006-03-31": -0.985, "2005-12-31": -5.642, "2005-09-30": "-4.54900", "2005-06-30": 0.016, "2005-03-31": 5.81}, "Total Change In Assets/Liabilities": {"2020-12-31": -88.55, "2020-09-30": "-94.14400", "2020-06-30": 84.808, "2020-03-31": 1.585, "2019-12-31": -159.911, "2019-09-30": "-24.40300", "2019-06-30": 3.554, "2019-03-31": -30.292, "2018-12-31": -48.269, "2018-09-30": "-102.04700", "2018-06-30": -32.579, "2018-03-31": -4.085, "2017-12-31": 80.349, "2017-09-30": "-34.62300", "2017-06-30": -2.496, "2017-03-31": -52.093, "2016-12-31": -5.607, "2016-09-30": "-29.68800", "2016-06-30": 24.015, "2016-03-31": 3.165, "2015-12-31": 23.603, "2015-09-30": "10.90500", "2015-06-30": -14.207, "2015-03-31": -19.771, "2014-12-31": -7.45, "2014-09-30": "-23.38900", "2014-06-30": 5.169, "2014-03-31": -10.097, "2013-12-31": -28.073, "2013-09-30": "-15.29700", "2013-06-30": 22.15, "2013-03-31": 1.087, "2012-12-31": -10.244, "2012-09-30": "-14.08100", "2012-06-30": -0.824, "2012-03-31": -5.127, "2011-12-31": 28.297, "2011-09-30": "11.54600", "2011-06-30": -4.935, "2011-03-31": 7.844, "2010-12-31": -4.718, "2010-09-30": "-13.89800", "2010-06-30": -18.347, "2010-03-31": -12.664, "2009-12-31": -53.273, "2009-09-30": "4.80100", "2009-06-30": 34.284, "2009-03-31": -14.306, "2008-12-31": -0.679, "2008-09-30": "3.82600", "2008-06-30": 0.054, "2008-03-31": -12.747, "2007-12-31": -26.822, "2007-09-30": "-13.53000", "2007-06-30": 1.748, "2007-03-31": -37.39, "2006-12-31": -21.171, "2006-09-30": "-12.88200", "2006-06-30": 16.201, "2006-03-31": -10.97, "2005-12-31": -23.436, "2005-09-30": "-13.07600", "2005-06-30": 3.992, "2005-03-31": -17.25}, "Cash Flow From Operating Activities": {"2020-12-31": 169.916, "2020-09-30": "143.99900", "2020-06-30": 330.265, "2020-03-31": 239.695, "2019-12-31": 69.932, "2019-09-30": "162.36300", "2019-06-30": 141.818, "2019-03-31": 139.646, "2018-12-31": 129.468, "2018-09-30": "48.11900", "2018-06-30": 129.416, "2018-03-31": 149.076, "2017-12-31": 132.551, "2017-09-30": "93.98300", "2017-06-30": 140.313, "2017-03-31": 67.598, "2016-12-31": 119.899, "2016-09-30": "86.24300", "2016-06-30": 142.96, "2016-03-31": 124.751, "2015-12-31": 155.614, "2015-09-30": "124.60800", "2015-06-30": 99.701, "2015-03-31": 90.941, "2014-12-31": 106.002, "2014-09-30": "86.53600", "2014-06-30": 115.583, "2014-03-31": 101.095, "2013-12-31": 84.165, "2013-09-30": "90.42500", "2013-06-30": 123.922, "2013-03-31": 107, "2012-12-31": 93.647, "2012-09-30": "78.25400", "2012-06-30": 96.977, "2012-03-31": 86.026, "2011-12-31": 110.633, "2011-09-30": "89.52300", "2011-06-30": 74.328, "2011-03-31": 81.408, "2010-12-31": 68.311, "2010-09-30": "59.14300", "2010-06-30": 58.962, "2010-03-31": 53.542, "2009-12-31": 11.568, "2009-09-30": "64.14100", "2009-06-30": 70.23, "2009-03-31": 44.248, "2008-12-31": 56.493, "2008-09-30": "67.90600", "2008-06-30": 56.852, "2008-03-31": 33.934, "2007-12-31": 18.922, "2007-09-30": "28.12800", "2007-06-30": 27.106, "2007-03-31": 20.305, "2006-12-31": 17.563, "2006-09-30": "26.13200", "2006-06-30": 35.31, "2006-03-31": 32.831, "2005-12-31": 14.947, "2005-09-30": "15.94000", "2005-06-30": 21.283, "2005-03-31": 49.796}, "Net Change In Property, Plant, And Equipment": {"2020-12-31": -34.942, "2020-09-30": "-13.50100", "2020-06-30": -17.97, "2020-03-31": -29.589, "2019-12-31": -25.1, "2019-09-30": "-22.67100", "2019-06-30": -22.203, "2019-03-31": -15.082, "2018-12-31": -18.431, "2018-09-30": "-12.99400", "2018-06-30": -17.62, "2018-03-31": -12.961, "2017-12-31": -15.97, "2017-09-30": "-16.03000", "2017-06-30": -18.362, "2017-03-31": -14.61, "2016-12-31": -14.687, "2016-09-30": "-14.56000", "2016-06-30": -14.401, "2016-03-31": -13.199, "2015-12-31": -14.531, "2015-09-30": "-16.40300", "2015-06-30": -12.236, "2015-03-31": -10.591, "2014-12-31": -18.994, "2014-09-30": "-20.68100", "2014-06-30": -18.512, "2014-03-31": -17.784, "2013-12-31": -19.674, "2013-09-30": "-16.75200", "2013-06-30": -16.003, "2013-03-31": -19.941, "2012-12-31": -13.804, "2012-09-30": "-13.83100", "2012-06-30": -12.068, "2012-03-31": -9.878, "2011-12-31": -12.311, "2011-09-30": "-12.87800", "2011-06-30": -17.446, "2011-03-31": -16.044, "2010-12-31": -17.786, "2010-09-30": "-15.33300", "2010-06-30": -16.322, "2010-03-31": -11.94, "2009-12-31": -14.515, "2009-09-30": "-14.07800", "2009-06-30": -25.146, "2009-03-31": -20.922, "2008-12-31": -27.398, "2008-09-30": "-34.46300", "2008-06-30": -18.194, "2008-03-31": 7.42, "2007-12-31": -21.927, "2007-09-30": "-18.36700", "2007-06-30": -17.429, "2007-03-31": -15.03, "2006-12-31": -16.951, "2006-09-30": "-28.14600", "2006-06-30": -23.614, "2006-03-31": -15.975, "2005-12-31": -23.587, "2005-09-30": "-39.57300", "2005-06-30": -13.538, "2005-03-31": -26.153}, "Net Change In Intangible Assets": {"2020-12-31": -3.13, "2020-09-30": "-5.23700", "2020-06-30": -3.217, "2020-03-31": -2.52, "2019-12-31": -2.802, "2019-09-30": "-2.06900", "2019-06-30": -2.076, "2019-03-31": -1.913, "2018-12-31": -2.032, "2018-09-30": "-2.61100", "2018-06-30": -2.133, "2018-03-31": -2.119, "2017-12-31": -2.382, "2017-09-30": "-2.24200", "2017-06-30": -2.277, "2017-03-31": -2.377, "2016-12-31": -2.132, "2016-09-30": "-2.47100", "2016-06-30": -2.404, "2016-03-31": -1.989, "2015-12-31": -2.479, "2015-09-30": "-2.42300", "2015-06-30": -2.333, "2015-03-31": -2.299, "2014-12-31": -2.444, "2014-09-30": "-2.36600", "2014-06-30": -2.743, "2014-03-31": -2.348, "2013-12-31": -1.664, "2013-09-30": "-1.67900", "2013-06-30": -2.35, "2013-03-31": -1.052, "2012-12-31": -3.766, "2012-09-30": "-1.03500", "2012-06-30": -1.466, "2012-03-31": -1.725, "2011-12-31": -2.095, "2011-09-30": "-8.68600", "2011-06-30": -1.439, "2011-03-31": -0.253, "2010-12-31": -3.275, "2010-09-30": "-1.46400", "2010-06-30": -1.308, "2010-03-31": -0.893, "2009-12-31": -1.257, "2009-09-30": "-1.32800", "2009-06-30": -1.087, "2009-03-31": -1.173, "2008-12-31": -1.152, "2008-09-30": "-1.11600", "2008-06-30": -1.281, "2008-03-31": -1.42, "2007-12-31": -1.654, "2007-09-30": "-1.28400", "2007-06-30": -1.265, "2007-03-31": -0.687, "2006-12-31": -1.252, "2006-09-30": "-0.76100", "2006-06-30": -0.702, "2006-03-31": -0.936, "2005-12-31": -0.767, "2005-09-30": "-0.71000", "2005-06-30": -0.747, "2005-03-31": -2.072}, "Net Acquisitions/Divestitures": {"2020-12-31": -0.437, "2020-09-30": "", "2020-06-30": 0, "2020-03-31": -24.487, "2019-12-31": -3.423, "2019-09-30": "", "2019-06-30": 0.182, "2019-03-31": -212.316, "2018-12-31": -612.81, "2018-09-30": "-126.43900", "2018-06-30": -0.42, "2018-03-31": -0.482, "2017-12-31": 0, "2017-09-30": "", "2017-06-30": -3.88, "2017-03-31": -8.419, "2016-12-31": 8.115, "2016-09-30": "-3.09000", "2016-06-30": -799.219, "2016-03-31": -90.527, "2015-12-31": -152.118, "2015-09-30": "", "2015-06-30": -2.919, "2015-03-31": -9.175, "2014-12-31": -10.463, "2014-09-30": "-6.85000", "2014-06-30": -0.68, "2014-03-31": 0, "2013-12-31": -3.172, "2013-09-30": "", "2013-06-30": 0, "2013-03-31": 0, "2012-12-31": 0, "2012-09-30": "-5.41800", "2012-06-30": 0, "2012-03-31": -1.399, "2011-12-31": 0, "2011-09-30": "-51.92300", "2011-06-30": 0, "2011-03-31": -1.3, "2010-12-31": 0, "2010-09-30": "-21.15000", "2010-06-30": 0, "2010-03-31": 0, "2009-12-31": -10.66, "2009-09-30": "", "2009-06-30": -2.072, "2009-03-31": 0, "2008-12-31": -0.322, "2008-09-30": "", "2008-06-30": 2.541, "2008-03-31": -0.855, "2007-12-31": 0, "2007-09-30": "", "2007-06-30": 0, "2007-03-31": -1.332, "2006-12-31": -0.257, "2006-09-30": "-0.32300", "2006-06-30": -0.158, "2006-03-31": -1.271, "2005-12-31": -6.614, "2005-09-30": "-2.48300", "2005-06-30": -39.921, "2005-03-31": -14.504}, "Net Change In Short-term Investments": {"2020-12-31": -6.25, "2020-09-30": "-8.19600", "2020-06-30": 0, "2020-03-31": -9.775, "2019-12-31": -19.1, "2019-09-30": "-2.74100", "2019-06-30": -15.625, "2019-03-31": -3.125, "2018-12-31": -25.5, "2018-09-30": "-2.46700", "2018-06-30": -8.05, "2018-03-31": -2.72, "2017-12-31": -0.5, "2017-09-30": "-3.22500", "2017-06-30": 0, "2017-03-31": -2.597, "2016-12-31": -1.109, "2016-09-30": "-2.75800", "2016-06-30": -0.282, "2016-03-31": -0.633, "2015-12-31": -3, "2015-09-30": "-4.58200", "2015-06-30": 0.687, "2015-03-31": 0, "2014-12-31": -10, "2014-09-30": "-0.50000", "2014-06-30": -5.575, "2014-03-31": -3.75, "2013-12-31": -0.85, "2013-09-30": "-0.67500", "2013-06-30": -0.667, "2013-03-31": -0.667, "2012-12-31": -0.891, "2012-09-30": "", "2012-06-30": 0.499, "2012-03-31": 0, "2011-12-31": -3.631, "2011-09-30": "-1.16500", "2011-06-30": -4.55, "2011-03-31": 3.29, "2010-12-31": 0, "2010-09-30": "-1.16600", "2010-06-30": 0, "2010-03-31": 0, "2009-12-31": 0, "2009-09-30": "0.00000", "2009-06-30": -1.368, "2009-03-31": 0, "2008-12-31": 0, "2008-09-30": "-0.89900", "2008-06-30": 0, "2008-03-31": 5, "2007-12-31": 16.45, "2007-09-30": "-6.50000", "2007-06-30": 0, "2007-03-31": 2, "2006-12-31": -1.95, "2006-09-30": "-20.00000", "2006-06-30": 2.002, "2006-03-31": 0.493, "2005-12-31": 2.006, "2005-09-30": "-4.49900", "2005-06-30": 37.952, "2005-03-31": -25.922}, "Net Change In Long-Term Investments": {"2020-12-31": 0, "2020-09-30": "", "2020-06-30": 0, "2020-03-31": 0, "2019-12-31": 0, "2019-09-30": "", "2019-06-30": 0, "2019-03-31": 0, "2018-12-31": 0, "2018-09-30": "", "2018-06-30": 0, "2018-03-31": 0, "2017-12-31": 0, "2017-09-30": "", "2017-06-30": 0, "2017-03-31": 0, "2016-12-31": 0, "2016-09-30": "", "2016-06-30": 0, "2016-03-31": 0, "2015-12-31": 0, "2015-09-30": "", "2015-06-30": 0, "2015-03-31": 0, "2014-12-31": 0, "2014-09-30": "", "2014-06-30": 0, "2014-03-31": 0, "2013-12-31": 0, "2013-09-30": "", "2013-06-30": 0, "2013-03-31": 0, "2012-12-31": 0, "2012-09-30": "", "2012-06-30": 0, "2012-03-31": 0, "2011-12-31": 0, "2011-09-30": "", "2011-06-30": 3.95, "2011-03-31": -3.95, "2010-12-31": 0, "2010-09-30": "3.95000", "2010-06-30": 0, "2010-03-31": 0.05, "2009-12-31": 1, "2009-09-30": "", "2009-06-30": 0, "2009-03-31": 0, "2008-12-31": 0, "2008-09-30": "", "2008-06-30": -2.049, "2008-03-31": 0, "2007-12-31": 0, "2007-09-30": "", "2007-06-30": -0.559, "2007-03-31": -0.069, "2006-12-31": -0.363, "2006-09-30": "-0.63100", "2006-06-30": 0.141, "2006-03-31": -0.934, "2005-12-31": -0.981, "2005-09-30": "-0.61200", "2005-06-30": -0.473, "2005-03-31": -1.4}, "Net Change In Investments - Total": {"2020-12-31": -6.25, "2020-09-30": "-8.19600", "2020-06-30": 0, "2020-03-31": -9.775, "2019-12-31": -19.1, "2019-09-30": "-2.74100", "2019-06-30": -15.625, "2019-03-31": -3.125, "2018-12-31": -25.5, "2018-09-30": "-2.46700", "2018-06-30": -8.05, "2018-03-31": -2.72, "2017-12-31": -0.5, "2017-09-30": "-3.22500", "2017-06-30": 0, "2017-03-31": -2.597, "2016-12-31": -1.109, "2016-09-30": "-2.75800", "2016-06-30": -0.282, "2016-03-31": -0.633, "2015-12-31": -3, "2015-09-30": "-4.58200", "2015-06-30": 0.687, "2015-03-31": 0, "2014-12-31": -10, "2014-09-30": "-0.50000", "2014-06-30": -5.575, "2014-03-31": -3.75, "2013-12-31": -0.85, "2013-09-30": "-0.67500", "2013-06-30": -0.667, "2013-03-31": -0.667, "2012-12-31": -0.891, "2012-09-30": "", "2012-06-30": 0.499, "2012-03-31": 0, "2011-12-31": -3.631, "2011-09-30": "-1.16500", "2011-06-30": -0.6, "2011-03-31": -0.66, "2010-12-31": 0, "2010-09-30": "2.78400", "2010-06-30": 0, "2010-03-31": 0.05, "2009-12-31": 1, "2009-09-30": "", "2009-06-30": -1.368, "2009-03-31": 0, "2008-12-31": 0, "2008-09-30": "-0.89900", "2008-06-30": -2.049, "2008-03-31": 5, "2007-12-31": 16.45, "2007-09-30": "-6.50000", "2007-06-30": -0.559, "2007-03-31": 1.931, "2006-12-31": -2.313, "2006-09-30": "-20.63100", "2006-06-30": 2.143, "2006-03-31": -0.441, "2005-12-31": 1.025, "2005-09-30": "-5.11100", "2005-06-30": 37.479, "2005-03-31": -27.322}, "Investing Activities - Other": {"2020-12-31": 15.098, "2020-09-30": "4.82400", "2020-06-30": 17.78, "2020-03-31": -33.241, "2019-12-31": 6.807, "2019-09-30": "-5.74300", "2019-06-30": -4.166, "2019-03-31": 7.029, "2018-12-31": 0.551, "2018-09-30": "-3.67800", "2018-06-30": -10.303, "2018-03-31": -1.337, "2017-12-31": -9.403, "2017-09-30": "6.07300", "2017-06-30": -6.761, "2017-03-31": 10.085, "2016-12-31": -9.71, "2016-09-30": "9.71000", "2016-06-30": -1.853, "2016-03-31": 22.615, "2015-12-31": 11.015, "2015-09-30": "-39.34100", "2015-06-30": -6.675, "2015-03-31": 3.068, "2014-12-31": -17.094, "2014-09-30": "-11.20600", "2014-06-30": 4.674, "2014-03-31": 0.681, "2013-12-31": -1.998, "2013-09-30": "-2.48600", "2013-06-30": -7.465, "2013-03-31": 0.656, "2012-12-31": 2.933, "2012-09-30": "5.30100", "2012-06-30": 4.884, "2012-03-31": 7.191, "2011-12-31": 2.069, "2011-09-30": "2.96700", "2011-06-30": 4.348, "2011-03-31": 3.661, "2010-12-31": 5.191, "2010-09-30": "4.25500", "2010-06-30": 3.331, "2010-03-31": 3.376, "2009-12-31": 4.223, "2009-09-30": "2.01000", "2009-06-30": 8.011, "2009-03-31": -0.536, "2008-12-31": -1.197, "2008-09-30": "1.54100", "2008-06-30": 4.134, "2008-03-31": 1.008, "2007-12-31": -0.249, "2007-09-30": "-0.62600", "2007-06-30": -0.061, "2007-03-31": 0, "2006-12-31": 0, "2006-09-30": "-0.35100", "2006-06-30": -0.461, "2006-03-31": -0.298, "2005-12-31": -0.217, "2005-09-30": "-0.12400", "2005-06-30": 0, "2005-03-31": 0}, "Cash Flow From Investing Activities": {"2020-12-31": -29.661, "2020-09-30": "-22.11000", "2020-06-30": -3.407, "2020-03-31": -99.612, "2019-12-31": -43.618, "2019-09-30": "-33.22400", "2019-06-30": -43.888, "2019-03-31": -225.407, "2018-12-31": -658.222, "2018-09-30": "-148.18900", "2018-06-30": -38.526, "2018-03-31": -19.619, "2017-12-31": -28.255, "2017-09-30": "-15.42400", "2017-06-30": -31.28, "2017-03-31": -17.918, "2016-12-31": -19.523, "2016-09-30": "-13.16900", "2016-06-30": -818.159, "2016-03-31": -83.733, "2015-12-31": -161.113, "2015-09-30": "-62.74900", "2015-06-30": -23.476, "2015-03-31": -18.997, "2014-12-31": -58.995, "2014-09-30": "-41.60300", "2014-06-30": -22.836, "2014-03-31": -23.201, "2013-12-31": -27.358, "2013-09-30": "-21.59200", "2013-06-30": -26.485, "2013-03-31": -21.004, "2012-12-31": -15.528, "2012-09-30": "-14.98300", "2012-06-30": -8.151, "2012-03-31": -5.811, "2011-12-31": -15.968, "2011-09-30": "-71.68500", "2011-06-30": -15.137, "2011-03-31": -14.596, "2010-12-31": -15.87, "2010-09-30": "-30.90800", "2010-06-30": -14.299, "2010-03-31": -9.407, "2009-12-31": -21.209, "2009-09-30": "-13.39600", "2009-06-30": -21.662, "2009-03-31": -22.631, "2008-12-31": -30.069, "2008-09-30": "-34.93700", "2008-06-30": -14.849, "2008-03-31": 11.153, "2007-12-31": -7.38, "2007-09-30": "-26.77700", "2007-06-30": -19.314, "2007-03-31": -15.118, "2006-12-31": -20.773, "2006-09-30": "-50.21200", "2006-06-30": -22.792, "2006-03-31": -18.921, "2005-12-31": -30.16, "2005-09-30": "-48.00100", "2005-06-30": -16.727, "2005-03-31": -70.051}, "Net Long-Term Debt": {"2020-12-31": -231, "2020-09-30": "-120.00000", "2020-06-30": -201, "2020-03-31": 77, "2019-12-31": 78.991, "2019-09-30": "-49.00300", "2019-06-30": -65.351, "2019-03-31": 134.404, "2018-12-31": 521.565, "2018-09-30": "216.86700", "2018-06-30": -526.2419, "2018-03-31": -210, "2017-12-31": 0, "2017-09-30": "-60.00000", "2017-06-30": -90, "2017-03-31": 0, "2016-12-31": -5, "2016-09-30": "", "2016-06-30": 739.398, "2016-03-31": 17.068, "2015-12-31": -100.152, "2015-09-30": "199.99200", "2015-06-30": -160.009, "2015-03-31": 9.492, "2014-12-31": 73.991, "2014-09-30": "74.99000", "2014-06-30": -95.01, "2014-03-31": -40.08, "2013-12-31": 72.898, "2013-09-30": "59.99100", "2013-06-30": -40.045, "2013-03-31": 39.991, "2012-12-31": 34.991, "2012-09-30": "14.84200", "2012-06-30": 14.902, "2012-03-31": 9.506, "2011-12-31": 92.447, "2011-09-30": "27.54400", "2011-06-30": 19.663, "2011-03-31": 14.558, "2010-12-31": -29.382, "2010-09-30": "-30.00000", "2010-06-30": -20, "2010-03-31": -0.175, "2009-12-31": -18.263, "2009-09-30": "", "2009-06-30": 0, "2009-03-31": 8.614, "2008-12-31": 15.858, "2008-09-30": "17.23000", "2008-06-30": 5.468, "2008-03-31": -8, "2007-12-31": 15, "2007-09-30": "-5.10800", "2007-06-30": -0.059, "2007-03-31": -20, "2006-12-31": 9.589, "2006-09-30": "", "2006-06-30": 20.82, "2006-03-31": 5.001, "2005-12-31": 18.273, "2005-09-30": "9.53100", "2005-06-30": -3.264, "2005-03-31": 0}, "Net Current Debt": {"2020-12-31": 0, "2020-09-30": "", "2020-06-30": 0, "2020-03-31": 0, "2019-12-31": 0, "2019-09-30": "", "2019-06-30": 0, "2019-03-31": 0, "2018-12-31": 0, "2018-09-30": "", "2018-06-30": 0, "2018-03-31": 0, "2017-12-31": 0, "2017-09-30": "", "2017-06-30": 0, "2017-03-31": 0, "2016-12-31": 0, "2016-09-30": "", "2016-06-30": 0, "2016-03-31": 0, "2015-12-31": 0, "2015-09-30": "", "2015-06-30": 0, "2015-03-31": 0, "2014-12-31": 0, "2014-09-30": "", "2014-06-30": 0, "2014-03-31": 0, "2013-12-31": 0, "2013-09-30": "", "2013-06-30": 0, "2013-03-31": 0, "2012-12-31": 0, "2012-09-30": "", "2012-06-30": 0, "2012-03-31": 0, "2011-12-31": 0, "2011-09-30": "", "2011-06-30": 0, "2011-03-31": 0, "2010-12-31": 0, "2010-09-30": "", "2010-06-30": 0, "2010-03-31": 0, "2009-12-31": 0, "2009-09-30": "", "2009-06-30": 0, "2009-03-31": 0, "2008-12-31": 0, "2008-09-30": "", "2008-06-30": 0, "2008-03-31": 0, "2007-12-31": 0, "2007-09-30": "", "2007-06-30": 0, "2007-03-31": 0, "2006-12-31": 0, "2006-09-30": "", "2006-06-30": 0, "2006-03-31": 0, "2005-12-31": 0, "2005-09-30": "", "2005-06-30": 0, "2005-03-31": 0}, "Debt Issuance/Retirement Net - Total": {"2020-12-31": -231, "2020-09-30": "-120.00000", "2020-06-30": -201, "2020-03-31": 77, "2019-12-31": 78.991, "2019-09-30": "-49.00300", "2019-06-30": -65.351, "2019-03-31": 134.404, "2018-12-31": 521.565, "2018-09-30": "216.86700", "2018-06-30": -526.2419, "2018-03-31": -210, "2017-12-31": 0, "2017-09-30": "-60.00000", "2017-06-30": -90, "2017-03-31": 0, "2016-12-31": -5, "2016-09-30": "", "2016-06-30": 739.398, "2016-03-31": 17.068, "2015-12-31": -100.152, "2015-09-30": "199.99200", "2015-06-30": -160.009, "2015-03-31": 9.492, "2014-12-31": 73.991, "2014-09-30": "74.99000", "2014-06-30": -95.01, "2014-03-31": -40.08, "2013-12-31": 72.898, "2013-09-30": "59.99100", "2013-06-30": -40.045, "2013-03-31": 39.991, "2012-12-31": 34.991, "2012-09-30": "14.84200", "2012-06-30": 14.902, "2012-03-31": 9.506, "2011-12-31": 92.447, "2011-09-30": "27.54400", "2011-06-30": 19.663, "2011-03-31": 14.558, "2010-12-31": -29.382, "2010-09-30": "-30.00000", "2010-06-30": -20, "2010-03-31": -0.175, "2009-12-31": -18.263, "2009-09-30": "", "2009-06-30": 0, "2009-03-31": 8.614, "2008-12-31": 15.858, "2008-09-30": "17.23000", "2008-06-30": 5.468, "2008-03-31": -8, "2007-12-31": 15, "2007-09-30": "-5.10800", "2007-06-30": -0.059, "2007-03-31": -20, "2006-12-31": 9.589, "2006-09-30": "", "2006-06-30": 20.82, "2006-03-31": 5.001, "2005-12-31": 18.273, "2005-09-30": "9.53100", "2005-06-30": -3.264, "2005-03-31": 0}, "Net Common Equity Issued/Repurchased": {"2020-12-31": 17.588, "2020-09-30": "1.02600", "2020-06-30": 22.07, "2020-03-31": 1.815, "2019-12-31": 18.688, "2019-09-30": "5.60900", "2019-06-30": 21.381, "2019-03-31": 2.562, "2018-12-31": 8.826, "2018-09-30": "-18.88600", "2018-06-30": -11.261, "2018-03-31": -15.722, "2017-12-31": 8.284, "2017-09-30": "3.61500", "2017-06-30": 23.065, "2017-03-31": 5.439, "2016-12-31": 3.486, "2016-09-30": "6.33000", "2016-06-30": 10.757, "2016-03-31": 8.871, "2015-12-31": -40.487, "2015-09-30": "-53.50500", "2015-06-30": -41.375, "2015-03-31": -5.995, "2014-12-31": -32.251, "2014-09-30": "-41.87300", "2014-06-30": -15.041, "2014-03-31": -70.318, "2013-12-31": -67.104, "2013-09-30": "-16.35200", "2013-06-30": -51.563, "2013-03-31": -50.713, "2012-12-31": -28.315, "2012-09-30": "13.57200", "2012-06-30": -66.662, "2012-03-31": -47.554, "2011-12-31": -103.693, "2011-09-30": "-112.34300", "2011-06-30": -42.159, "2011-03-31": -38.914, "2010-12-31": 21.262, "2010-09-30": "-8.88100", "2010-06-30": -24.679, "2010-03-31": 16.139, "2009-12-31": -7.242, "2009-09-30": "-20.07800", "2009-06-30": -8.017, "2009-03-31": -19.446, "2008-12-31": 1.675, "2008-09-30": "-17.91300", "2008-06-30": -44.019, "2008-03-31": -20.174, "2007-12-31": 0.147, "2007-09-30": "-10.88400", "2007-06-30": 3.49, "2007-03-31": 14.821, "2006-12-31": 13.503, "2006-09-30": "4.35400", "2006-06-30": 7.66, "2006-03-31": 8.947, "2005-12-31": 8.861, "2005-09-30": "8.92100", "2005-06-30": 7.525, "2005-03-31": 20.935}, "Net Total Equity Issued/Repurchased": {"2020-12-31": 17.588, "2020-09-30": "1.02600", "2020-06-30": 22.07, "2020-03-31": 1.815, "2019-12-31": 18.688, "2019-09-30": "5.60900", "2019-06-30": 21.381, "2019-03-31": 2.562, "2018-12-31": 8.826, "2018-09-30": "-18.88600", "2018-06-30": -11.261, "2018-03-31": -15.722, "2017-12-31": 8.284, "2017-09-30": "3.61500", "2017-06-30": 23.065, "2017-03-31": 5.439, "2016-12-31": 3.486, "2016-09-30": "6.33000", "2016-06-30": 10.757, "2016-03-31": 8.871, "2015-12-31": -40.487, "2015-09-30": "-53.50500", "2015-06-30": -41.375, "2015-03-31": -5.995, "2014-12-31": -32.251, "2014-09-30": "-41.87300", "2014-06-30": -15.041, "2014-03-31": -70.318, "2013-12-31": -67.104, "2013-09-30": "-16.35200", "2013-06-30": -51.563, "2013-03-31": -50.713, "2012-12-31": -28.315, "2012-09-30": "13.57200", "2012-06-30": -66.662, "2012-03-31": -47.554, "2011-12-31": -103.693, "2011-09-30": "-112.34300", "2011-06-30": -42.159, "2011-03-31": -38.914, "2010-12-31": 21.262, "2010-09-30": "-8.88100", "2010-06-30": -24.679, "2010-03-31": 16.139, "2009-12-31": -7.242, "2009-09-30": "-20.07800", "2009-06-30": -8.017, "2009-03-31": -19.446, "2008-12-31": 1.675, "2008-09-30": "-17.91300", "2008-06-30": -44.019, "2008-03-31": -20.174, "2007-12-31": 0.147, "2007-09-30": "-10.88400", "2007-06-30": 3.49, "2007-03-31": 14.821, "2006-12-31": 13.503, "2006-09-30": "4.35400", "2006-06-30": 7.66, "2006-03-31": 8.947, "2005-12-31": 8.861, "2005-09-30": "8.92100", "2005-06-30": 7.525, "2005-03-31": 20.935}, "Total Common And Preferred Stock Dividends Paid": {"2020-12-31": -56.654, "2020-09-30": "-56.51100", "2020-06-30": -56.483, "2020-03-31": -56.408, "2019-12-31": -56.15, "2019-09-30": "-56.05200", "2019-06-30": -53.12, "2019-03-31": -53.025, "2018-12-31": -52.774, "2018-09-30": "-52.79300", "2018-06-30": -49.97, "2018-03-31": -49.974, "2017-12-31": -49.855, "2017-09-30": "-49.69800", "2017-06-30": -46.8, "2017-03-31": -46.681, "2016-12-31": -46.487, "2016-09-30": "-46.37800", "2016-06-30": -42.104, "2016-03-31": -41.972, "2015-12-31": -41.975, "2015-09-30": "-42.07900", "2015-06-30": -39.4, "2015-03-31": -39.385, "2014-12-31": -39.278, "2014-09-30": "-39.19900", "2014-06-30": -35.131, "2014-03-31": -35.262, "2013-12-31": -35.647, "2013-09-30": "-35.47800", "2013-06-30": -24.265, "2013-03-31": -24.251, "2012-12-31": -25.845, "2012-09-30": "-22.84300", "2012-06-30": 0, "2012-03-31": 0, "2011-12-31": 0, "2011-09-30": "", "2011-06-30": 0, "2011-03-31": 0, "2010-12-31": 0, "2010-09-30": "", "2010-06-30": 0, "2010-03-31": 0, "2009-12-31": 0, "2009-09-30": "", "2009-06-30": 0, "2009-03-31": 0, "2008-12-31": 0, "2008-09-30": "", "2008-06-30": 0, "2008-03-31": 0, "2007-12-31": 0, "2007-09-30": "", "2007-06-30": 0, "2007-03-31": 0, "2006-12-31": 0, "2006-09-30": "", "2006-06-30": 0, "2006-03-31": 0, "2005-12-31": 0, "2005-09-30": "", "2005-06-30": 0, "2005-03-31": 0}, "Financial Activities - Other": {"2020-12-31": -46.734, "2020-09-30": "0.22700", "2020-06-30": -0.955, "2020-03-31": -4.015, "2019-12-31": -40.765, "2019-09-30": "-0.62800", "2019-06-30": -0.485, "2019-03-31": -0.758, "2018-12-31": -27.406, "2018-09-30": "-0.36400", "2018-06-30": -1.195, "2018-03-31": -0.823, "2017-12-31": -13.853, "2017-09-30": "", "2017-06-30": -8.159, "2017-03-31": -11.682, "2016-12-31": 0, "2016-09-30": "", "2016-06-30": 0, "2016-03-31": -0.108, "2015-12-31": -1.12, "2015-09-30": "", "2015-06-30": 4.221, "2015-03-31": 9.849, "2014-12-31": 8.314, "2014-09-30": "2.11700", "2014-06-30": 4.947, "2014-03-31": 1.227, "2013-12-31": 7.245, "2013-09-30": "1.79900", "2013-06-30": -0.599, "2013-03-31": 4.538, "2012-12-31": 4.459, "2012-09-30": "2.11900", "2012-06-30": 4.871, "2012-03-31": 2.081, "2011-12-31": 0.94, "2011-09-30": "0.85600", "2011-06-30": 2.944, "2011-03-31": 3.016, "2010-12-31": 6.153, "2010-09-30": "2.39700", "2010-06-30": 5.027, "2010-03-31": 2.979, "2009-12-31": 3.094, "2009-09-30": "2.06900", "2009-06-30": 0.485, "2009-03-31": 1.945, "2008-12-31": 0.37, "2008-09-30": "1.07000", "2008-06-30": 0.486, "2008-03-31": 0.53, "2007-12-31": 1.74, "2007-09-30": "1.05700", "2007-06-30": 1.108, "2007-03-31": 3.92, "2006-12-31": 5.824, "2006-09-30": "1.54600", "2006-06-30": 7.58, "2006-03-31": 0.244, "2005-12-31": 0.469, "2005-09-30": "1.46000", "2005-06-30": 0, "2005-03-31": 0}, "Cash Flow From Financial Activities": {"2020-12-31": -316.8, "2020-09-30": "-175.25800", "2020-06-30": -236.368, "2020-03-31": 18.392, "2019-12-31": 0.764, "2019-09-30": "-100.07400", "2019-06-30": -97.575, "2019-03-31": 83.183, "2018-12-31": 450.211, "2018-09-30": "144.82400", "2018-06-30": -588.668, "2018-03-31": -276.519, "2017-12-31": -55.424, "2017-09-30": "-106.08300", "2017-06-30": -121.894, "2017-03-31": -52.924, "2016-12-31": -48.001, "2016-09-30": "-40.04800", "2016-06-30": 708.051, "2016-03-31": -16.141, "2015-12-31": -183.734, "2015-09-30": "104.40800", "2015-06-30": -236.563, "2015-03-31": -26.039, "2014-12-31": 10.776, "2014-09-30": "-3.96500", "2014-06-30": -140.235, "2014-03-31": -144.433, "2013-12-31": -22.608, "2013-09-30": "9.96000", "2013-06-30": -116.472, "2013-03-31": -30.435, "2012-12-31": -14.71, "2012-09-30": "7.69000", "2012-06-30": -46.889, "2012-03-31": -35.967, "2011-12-31": -10.306, "2011-09-30": "-83.94300", "2011-06-30": -19.552, "2011-03-31": -21.34, "2010-12-31": -1.967, "2010-09-30": "-36.48400", "2010-06-30": -39.652, "2010-03-31": 18.943, "2009-12-31": -22.411, "2009-09-30": "-18.00900", "2009-06-30": -7.532, "2009-03-31": -8.887, "2008-12-31": 17.903, "2008-09-30": "0.38700", "2008-06-30": -38.065, "2008-03-31": -27.644, "2007-12-31": 16.887, "2007-09-30": "-14.93500", "2007-06-30": 4.539, "2007-03-31": -1.259, "2006-12-31": 28.916, "2006-09-30": "5.90000", "2006-06-30": 36.06, "2006-03-31": 14.192, "2005-12-31": 27.603, "2005-09-30": "19.91200", "2005-06-30": 4.261, "2005-03-31": 20.935}, "Net Cash Flow": {"2020-12-31": -165.549, "2020-09-30": "-41.74200", "2020-06-30": 110.295, "2020-03-31": 148.766, "2019-12-31": 31.941, "2019-09-30": "25.02600", "2019-06-30": 0.615, "2019-03-31": -2.955, "2018-12-31": -80.72, "2018-09-30": "41.48700", "2018-06-30": -515.58, "2018-03-31": -154.618, "2017-12-31": 47.797, "2017-09-30": "-10.83300", "2017-06-30": -5.375, "2017-03-31": 39.164, "2016-12-31": 6.488, "2016-09-30": "50.22400", "2016-06-30": 12.939, "2016-03-31": 59.691, "2015-12-31": -163.249, "2015-09-30": "104.80400", "2015-06-30": -149.076, "2015-03-31": -14.37, "2014-12-31": -0.999, "2014-09-30": "-24.03600", "2014-06-30": -32.833, "2014-03-31": -34.112, "2013-12-31": -3.899, "2013-09-30": "100.52600", "2013-06-30": -136.65, "2013-03-31": 54.418, "2012-12-31": 67.651, "2012-09-30": "81.08800", "2012-06-30": 33.474, "2012-03-31": 52.834, "2011-12-31": 113.17, "2011-09-30": "-125.20400", "2011-06-30": 63.563, "2011-03-31": 55.503, "2010-12-31": 76.197, "2010-09-30": "51.22800", "2010-06-30": -32.16, "2010-03-31": 69.505, "2009-12-31": -26.393, "2009-09-30": "62.17400", "2009-06-30": 88.578, "2009-03-31": 6.587, "2008-12-31": 18.411, "2008-09-30": "-19.00400", "2008-06-30": 13.584, "2008-03-31": 28.991, "2007-12-31": 27.189, "2007-09-30": "-6.47800", "2007-06-30": 17.686, "2007-03-31": 7.438, "2006-12-31": 31.513, "2006-09-30": "-18.38900", "2006-06-30": 53.383, "2006-03-31": 25.879, "2005-12-31": 10.553, "2005-09-30": "-12.45600", "2005-06-30": 5.485, "2005-03-31": 7.793}, "Stock-Based Compensation": {"2020-12-31": 15.37, "2020-09-30": "16.07100", "2020-06-30": 16.138, "2020-03-31": 14.112, "2019-12-31": 14.053, "2019-09-30": "13.25600", "2019-06-30": 14.217, "2019-03-31": 12.845, "2018-12-31": 12.534, "2018-09-30": "12.47700", "2018-06-30": 12.479, "2018-03-31": 11.975, "2017-12-31": 12.01, "2017-09-30": "11.94800", "2017-06-30": 11.662, "2017-03-31": 11.461, "2016-12-31": 10.753, "2016-09-30": "12.04900", "2016-06-30": 11.629, "2016-03-31": 10.938, "2015-12-31": 11.458, "2015-09-30": "12.38300", "2015-06-30": 13.053, "2015-03-31": 11.718, "2014-12-31": 11.717, "2014-09-30": "11.36700", "2014-06-30": 10.778, "2014-03-31": 11.219, "2013-12-31": 10.644, "2013-09-30": "10.81600", "2013-06-30": 10.499, "2013-03-31": 10.215, "2012-12-31": 9.522, "2012-09-30": "7.92100", "2012-06-30": 8.141, "2012-03-31": 7.855, "2011-12-31": 7.385, "2011-09-30": "7.20500", "2011-06-30": 7.613, "2011-03-31": 6.693, "2010-12-31": 8.153, "2010-09-30": "8.35000", "2010-06-30": 7.884, "2010-03-31": 8.038, "2009-12-31": 7.289, "2009-09-30": "6.52300", "2009-06-30": 6.431, "2009-03-31": 6.662, "2008-12-31": 6.842, "2008-09-30": "5.58000", "2008-06-30": 5.329, "2008-03-31": 5.593, "2007-12-31": 5.273, "2007-09-30": "4.54600", "2007-06-30": 4.535, "2007-03-31": 4.731, "2006-12-31": 4.615, "2006-09-30": "3.62400", "2006-06-30": 3.925, "2006-03-31": 3.667, "2005-12-31": 4.322, "2005-09-30": "3.39100", "2005-06-30": 0, "2005-03-31": 0}, "Common Stock Dividends Paid": {"2020-12-31": -56.654, "2020-09-30": "-56.51100", "2020-06-30": -56.483, "2020-03-31": -56.408, "2019-12-31": -56.15, "2019-09-30": "-56.05200", "2019-06-30": -53.12, "2019-03-31": -53.025, "2018-12-31": -52.774, "2018-09-30": "-52.79300", "2018-06-30": -49.97, "2018-03-31": -49.974, "2017-12-31": -49.855, "2017-09-30": "-49.69800", "2017-06-30": -46.8, "2017-03-31": -46.681, "2016-12-31": -46.487, "2016-09-30": "-46.37800", "2016-06-30": -42.104, "2016-03-31": -41.972, "2015-12-31": -41.975, "2015-09-30": "-42.07900", "2015-06-30": -39.4, "2015-03-31": -39.385, "2014-12-31": -39.278, "2014-09-30": "-39.19900", "2014-06-30": -35.131, "2014-03-31": -35.262, "2013-12-31": -35.647, "2013-09-30": "-35.47800", "2013-06-30": -24.265, "2013-03-31": -24.251, "2012-12-31": -25.845, "2012-09-30": "-22.84300", "2012-06-30": 0, "2012-03-31": 0, "2011-12-31": 0, "2011-09-30": "", "2011-06-30": 0, "2011-03-31": 0, "2010-12-31": 0, "2010-09-30": "", "2010-06-30": 0, "2010-03-31": 0, "2009-12-31": 0, "2009-09-30": "", "2009-06-30": 0, "2009-03-31": 0, "2008-12-31": 0, "2008-09-30": "", "2008-06-30": 0, "2008-03-31": 0, "2007-12-31": 0, "2007-09-30": "", "2007-06-30": 0, "2007-03-31": 0, "2006-12-31": 0, "2006-09-30": "", "2006-06-30": 0, "2006-03-31": 0, "2005-12-31": 0, "2005-09-30": "", "2005-06-30": 0, "2005-03-31": 0}}, "financial ratios": {"Current Ratio": {"2020-06-30": "2.52750", "2019-06-30": "2.06000", "2018-06-30": "2.08450", "2017-06-30": "4.56510", "2016-06-30": "2.22530", "2015-06-30": "5.28350", "2014-06-30": "5.77320", "2013-06-30": "2.52390", "2012-06-30": "5.38320", "2011-06-30": "6.18870", "2010-06-30": "3.15140", "2009-06-30": "3.17090", "2008-06-30": "3.83840", "2007-06-30": "3.30430", "2006-06-30": "3.94580", "2005-06-30": "1.64820"}, "Long-term Debt / Capital": {"2020-06-30": "0.31800", "2019-06-30": "0.37790", "2018-06-30": "0.11590", "2017-06-30": "0.35490", "2016-06-30": "0.34010", "2015-06-30": "0.15920", "2014-06-30": "0.14610", "2013-06-30": "0.00050", "2012-06-30": "0.13490", "2011-06-30": "0.05460", "2010-06-30": "", "2009-06-30": "0.07790", "2008-06-30": "0.07980", "2007-06-30": "0.08600", "2006-06-30": "0.13600", "2005-06-30": "0.11060"}, "Debt/Equity Ratio": {"2020-06-30": "0.47100", "2019-06-30": "0.61330", "2018-06-30": "0.13670", "2017-06-30": "0.55020", "2016-06-30": "0.69200", "2015-06-30": "0.18940", "2014-06-30": "0.17110", "2013-06-30": "0.18680", "2012-06-30": "0.15600", "2011-06-30": "0.05790", "2010-06-30": "0.09450", "2009-06-30": "0.14500", "2008-06-30": "0.12720", "2007-06-30": "0.12460", "2006-06-30": "0.16400", "2005-06-30": "0.36780"}, "Gross Margin": {"2020-06-30": "58.09190", "2019-06-30": "57.31940", "2018-06-30": "57.04210", "2017-06-30": "58.14700", "2016-06-30": "58.00240", "2015-06-30": "60.24120", "2014-06-30": "63.65290", "2013-06-30": "62.11180", "2012-06-30": "59.97270", "2011-06-30": "59.63300", "2010-06-30": "60.00630", "2009-06-30": "60.14780", "2008-06-30": "59.10360", "2007-06-30": "53.67510", "2006-06-30": "62.09190", "2005-06-30": "64.59620"}, "Operating Margin": {"2020-06-30": "27.38100", "2019-06-30": "22.22320", "2018-06-30": "23.15320", "2017-06-30": "20.60240", "2016-06-30": "23.32890", "2015-06-30": "24.37510", "2014-06-30": "26.05110", "2013-06-30": "23.42910", "2012-06-30": "21.51290", "2011-06-30": "21.47160", "2010-06-30": "22.00580", "2009-06-30": "20.66950", "2008-06-30": "17.11400", "2007-06-30": "12.58680", "2006-06-30": "21.63110", "2005-06-30": "22.87940"}, "EBIT Margin": {"2020-06-30": "27.38100", "2019-06-30": "22.22320", "2018-06-30": "23.15320", "2017-06-30": "20.60240", "2016-06-30": "23.32890", "2015-06-30": "24.37510", "2014-06-30": "26.05110", "2013-06-30": "23.42910", "2012-06-30": "21.51290", "2011-06-30": "21.47160", "2010-06-30": "22.00580", "2009-06-30": "20.66950", "2008-06-30": "17.11400", "2007-06-30": "12.58680", "2006-06-30": "21.63110", "2005-06-30": "22.87940"}, "EBITDA Margin": {"2020-06-30": "33.51460", "2019-06-30": "28.00840", "2018-06-30": "28.27930", "2017-06-30": "26.02920", "2016-06-30": "28.05230", "2015-06-30": "28.72650", "2014-06-30": "30.77490", "2013-06-30": "28.59800", "2012-06-30": "27.78650", "2011-06-30": "27.15200", "2010-06-30": "27.64160", "2009-06-30": "26.53030", "2008-06-30": "24.23460", "2007-06-30": "19.30730", "2006-06-30": "28.48770", "2005-06-30": "29.72440"}, "Pre-Tax Profit Margin": {"2020-06-30": "24.79150", "2019-06-30": "19.90530", "2018-06-30": "22.27640", "2017-06-30": "20.26110", "2016-06-30": "23.90620", "2015-06-30": "25.96420", "2014-06-30": "27.72250", "2013-06-30": "25.42950", "2012-06-30": "24.25590", "2011-06-30": "24.43050", "2010-06-30": "23.85570", "2009-06-30": "21.90470", "2008-06-30": "18.89580", "2007-06-30": "13.67700", "2006-06-30": "21.97610", "2005-06-30": "22.70860"}, "Net Profit Margin": {"2020-06-30": "21.02370", "2019-06-30": "15.52200", "2018-06-30": "13.48550", "2017-06-30": "16.56160", "2016-06-30": "19.16610", "2015-06-30": "21.01870", "2014-06-30": "22.20440", "2013-06-30": "20.28010", "2012-06-30": "18.62240", "2011-06-30": "18.25900", "2010-06-30": "17.40140", "2009-06-30": "15.90560", "2008-06-30": "13.20370", "2007-06-30": "9.25580", "2006-06-30": "14.53240", "2005-06-30": "15.22540"}, "Asset Turnover": {"2020-06-30": "0.64460", "2019-06-30": "0.63460", "2018-06-30": "0.76380", "2017-06-30": "0.59590", "2016-06-30": "0.56460", "2015-06-30": "0.76950", "2014-06-30": "0.65860", "2013-06-30": "0.68510", "2012-06-30": "0.64010", "2011-06-30": "0.60090", "2010-06-30": "0.67160", "2009-06-30": "0.61060", "2008-06-30": "0.59420", "2007-06-30": "0.57210", "2006-06-30": "0.59930", "2005-06-30": "0.54960"}, "Inventory Turnover Ratio": {"2020-06-30": "2.97240", "2019-06-30": "3.18180", "2018-06-30": "3.74130", "2017-06-30": "3.22370", "2016-06-30": "3.44040", "2015-06-30": "2.70400", "2014-06-30": "3.41670", "2013-06-30": "3.93430", "2012-06-30": "3.14180", "2011-06-30": "2.49940", "2010-06-30": "2.35330", "2009-06-30": "2.33080", "2008-06-30": "2.15890", "2007-06-30": "2.11090", "2006-06-30": "1.98030", "2005-06-30": "1.69060"}, "Receiveable Turnover": {"2020-06-30": "6.23000", "2019-06-30": "4.93220", "2018-06-30": "4.83830", "2017-06-30": "4.58730", "2016-06-30": "4.81230", "2015-06-30": "4.63060", "2014-06-30": "4.32430", "2013-06-30": "4.62770", "2012-06-30": "4.79440", "2011-06-30": "4.38270", "2010-06-30": "4.70380", "2009-06-30": "4.29920", "2008-06-30": "3.99110", "2007-06-30": "4.07530", "2006-06-30": "4.39380", "2005-06-30": "4.09330"}, "Days Sales In Receivables": {"2020-06-30": "58.58770", "2019-06-30": "74.00400", "2018-06-30": "75.43970", "2017-06-30": "79.56670", "2016-06-30": "75.84730", "2015-06-30": "78.82330", "2014-06-30": "84.40750", "2013-06-30": "78.87280", "2012-06-30": "76.13090", "2011-06-30": "83.28110", "2010-06-30": "77.59660", "2009-06-30": "84.89900", "2008-06-30": "91.45350", "2007-06-30": "89.56340", "2006-06-30": "83.07080", "2005-06-30": "89.16960"}, "ROE - Return On Equity": {"2020-06-30": "24.89660", "2019-06-30": "19.52480", "2018-06-30": "15.32740", "2017-06-30": "17.46110", "2016-06-30": "20.79320", "2015-06-30": "22.23170", "2014-06-30": "19.63730", "2013-06-30": "19.07050", "2012-06-30": "15.85260", "2011-06-30": "13.11500", "2010-06-30": "14.76350", "2009-06-30": "13.13210", "2008-06-30": "10.19650", "2007-06-30": "7.11990", "2006-06-30": "11.95030", "2005-06-30": "13.66590"}, "Return On Tangible Equity": {"2020-06-30": "392.13700", "2019-06-30": "-132.13070", "2018-06-30": "40.72880", "2017-06-30": "54.02280", "2016-06-30": "104.95300", "2015-06-30": "27.65770", "2014-06-30": "24.25120", "2013-06-30": "23.88190", "2012-06-30": "19.65540", "2011-06-30": "15.68300", "2010-06-30": "17.96670", "2009-06-30": "16.89140", "2008-06-30": "13.78170", "2007-06-30": "9.78090", "2006-06-30": "17.86950", "2005-06-30": "26.59610"}, "ROA - Return On Assets": {"2020-06-30": "13.55180", "2019-06-30": "9.84960", "2018-06-30": "10.30010", "2017-06-30": "9.86840", "2016-06-30": "10.82100", "2015-06-30": "16.17430", "2014-06-30": "14.62430", "2013-06-30": "13.89290", "2012-06-30": "11.92080", "2011-06-30": "10.97120", "2010-06-30": "11.68750", "2009-06-30": "9.71160", "2008-06-30": "7.84520", "2007-06-30": "5.29550", "2006-06-30": "8.70860", "2005-06-30": "8.36860"}, "ROI - Return On Investment": {"2020-06-30": "16.98030", "2019-06-30": "12.14610", "2018-06-30": "13.55060", "2017-06-30": "11.26350", "2016-06-30": "13.72220", "2015-06-30": "18.69200", "2014-06-30": "16.76880", "2013-06-30": "19.06140", "2012-06-30": "13.71330", "2011-06-30": "12.39860", "2010-06-30": "14.76350", "2009-06-30": "12.10930", "2008-06-30": "9.38300", "2007-06-30": "6.50740", "2006-06-30": "10.32480", "2005-06-30": "12.15480"}, "Book Value Per Share": {"2020-06-30": "17.23430", "2019-06-30": "14.42480", "2018-06-30": "14.43080", "2017-06-30": "13.78770", "2016-06-30": "12.04910", "2015-06-30": "11.29960", "2014-06-30": "12.53160", "2013-06-30": "11.34050", "2012-06-30": "11.31960", "2011-06-30": "11.41130", "2010-06-30": "8.50730", "2009-06-30": "7.40980", "2008-06-30": "7.11930", "2007-06-30": "5.99880", "2006-06-30": "5.02030", "2005-06-30": "3.38610"}, "Operating Cash Flow Per Share": {"2020-06-30": 2.3308, "2019-06-30": -0.3302, "2018-06-30": 0.6008, "2017-06-30": -0.9611, "2016-06-30": 1.1822, "2015-06-30": -0.0249, "2014-06-30": -0.0409, "2013-06-30": 0.1852, "2012-06-30": 0.7646, "2011-06-30": 0.588, "2010-06-30": -0.3354, "2009-06-30": 0.6733, "2008-06-30": 0.2935, "2007-06-30": -0.0596, "2006-06-30": 0.1675, "2005-06-30": 0.4742}, "Free Cash Flow Per Share": {"2020-06-30": 2.1519, "2019-06-30": -0.3712, "2018-06-30": 0.603, "2017-06-30": -0.9847, "2016-06-30": 1.2071, "2015-06-30": 0.0408, "2014-06-30": -0.1105, "2013-06-30": 0.0667, "2012-06-30": 0.8726, "2011-06-30": 0.5309, "2010-06-30": -0.0022, "2009-06-30": 0.2979, "2008-06-30": 0.4646, "2007-06-30": 0.1107, "2006-06-30": -0.2335, "2005-06-30": 0.2094}}, "financial ratios, quarterly": {"Current Ratio": {"2020-12-31": "2.51410", "2020-09-30": "2.61080", "2020-06-30": "2.52750", "2020-03-31": "2.66490", "2019-12-31": "2.60070", "2019-09-30": "2.10930", "2019-06-30": "2.06000", "2019-03-31": "2.38180", "2018-12-31": "2.43680", "2018-09-30": "2.58420", "2018-06-30": "2.08450", "2018-03-31": "3.47680", "2017-12-31": "1.29340", "2017-09-30": "4.71560", "2017-06-30": "4.56510", "2017-03-31": "4.77390", "2016-12-31": "2.22790", "2016-09-30": "2.37670", "2016-06-30": "2.22530", "2016-03-31": "4.88680", "2015-12-31": "5.08660", "2015-09-30": "5.95710", "2015-06-30": "5.28350", "2015-03-31": "6.05600", "2014-12-31": "6.00320", "2014-09-30": "6.03530", "2014-06-30": "5.77320", "2014-03-31": "6.33440", "2013-12-31": "6.44180", "2013-09-30": "2.54950", "2013-06-30": "2.52390", "2013-03-31": "2.72190", "2012-12-31": "6.09340", "2012-09-30": "5.73140", "2012-06-30": "5.38320", "2012-03-31": "5.14940", "2011-12-31": "5.45970", "2011-09-30": "5.06300", "2011-06-30": "6.18870", "2011-03-31": "6.28440", "2010-12-31": "4.64430", "2010-09-30": "3.73190", "2010-06-30": "3.15140", "2010-03-31": "3.17050", "2009-12-31": "3.85520", "2009-09-30": "3.21530", "2009-06-30": "3.17090", "2009-03-31": "3.18540", "2008-12-31": "3.15920", "2008-09-30": "3.90350", "2008-06-30": "3.83840", "2008-03-31": "5.06010", "2007-12-31": "4.24090", "2007-09-30": "3.71370", "2007-06-30": "3.30430", "2007-03-31": "3.17640", "2006-12-31": "3.61030", "2006-09-30": "4.27140", "2006-06-30": "3.94580", "2006-03-31": "3.91420", "2005-12-31": "1.56510", "2005-09-30": "1.60930", "2005-06-30": "1.64820", "2005-03-31": "4.21760"}, "Long-term Debt / Capital": {"2020-12-31": "0.22120", "2020-09-30": "0.28050", "2020-06-30": "0.31800", "2020-03-31": "0.37690", "2019-12-31": "0.36310", "2019-09-30": "0.36330", "2019-06-30": "0.37790", "2019-03-31": "0.39570", "2018-12-31": "0.37740", "2018-09-30": "0.21410", "2018-06-30": "0.11590", "2018-03-31": "0.28150", "2017-12-31": "", "2017-09-30": "0.33210", "2017-06-30": "0.35490", "2017-03-31": "0.38640", "2016-12-31": "0.33690", "2016-09-30": "0.33010", "2016-06-30": "0.34010", "2016-03-31": "0.20650", "2015-12-31": "0.20810", "2015-09-30": "0.25520", "2015-06-30": "0.15920", "2015-03-31": "0.23070", "2014-12-31": "0.22060", "2014-09-30": "0.18520", "2014-06-30": "0.14610", "2014-03-31": "0.18970", "2013-12-31": "0.21000", "2013-09-30": "0.00050", "2013-06-30": "0.00050", "2013-03-31": "0.00040", "2012-12-31": "0.14660", "2012-09-30": "0.13530", "2012-06-30": "0.13490", "2012-03-31": "0.12740", "2011-12-31": "0.12600", "2011-09-30": "0.07740", "2011-06-30": "0.05460", "2011-03-31": "0.04590", "2010-12-31": "", "2010-09-30": "", "2010-06-30": "", "2010-03-31": "0.02160", "2009-12-31": "0.07000", "2009-09-30": "0.07330", "2009-06-30": "0.07790", "2009-03-31": "0.08730", "2008-12-31": "0.08140", "2008-09-30": "0.10020", "2008-06-30": "0.07980", "2008-03-31": "0.09780", "2007-12-31": "0.09500", "2007-09-30": "0.08440", "2007-06-30": "0.08600", "2007-03-31": "0.09900", "2006-12-31": "0.10060", "2006-09-30": "0.13020", "2006-06-30": "0.13600", "2006-03-31": "0.12270", "2005-12-31": "0.09980", "2005-09-30": "0.10390", "2005-06-30": "0.11060", "2005-03-31": "0.19620"}, "Debt/Equity Ratio": {"2020-12-31": "0.28820", "2020-09-30": "0.39440", "2020-06-30": "0.47100", "2020-03-31": "0.61020", "2019-12-31": "0.57550", "2019-09-30": "0.57630", "2019-06-30": "0.61330", "2019-03-31": "0.66080", "2018-12-31": "0.61220", "2018-09-30": "0.27870", "2018-06-30": "0.13670", "2018-03-31": "0.39190", "2017-12-31": "0.50460", "2017-09-30": "0.49710", "2017-06-30": "0.55020", "2017-03-31": "0.62990", "2016-12-31": "0.68330", "2016-09-30": "0.66180", "2016-06-30": "0.69200", "2016-03-31": "0.26030", "2015-12-31": "0.26350", "2015-09-30": "0.34270", "2015-06-30": "0.18940", "2015-03-31": "0.29980", "2014-12-31": "0.28310", "2014-09-30": "0.22730", "2014-06-30": "0.17110", "2014-03-31": "0.23410", "2013-12-31": "0.26590", "2013-09-30": "0.21320", "2013-06-30": "0.18680", "2013-03-31": "0.19280", "2012-12-31": "0.17180", "2012-09-30": "0.15650", "2012-06-30": "0.15600", "2012-03-31": "0.14670", "2011-12-31": "0.14510", "2011-09-30": "0.08660", "2011-06-30": "0.05790", "2011-03-31": "0.04820", "2010-12-31": "0.04000", "2010-09-30": "0.06350", "2010-06-30": "0.09450", "2010-03-31": "0.10790", "2009-12-31": "0.11540", "2009-09-30": "0.13580", "2009-06-30": "0.14500", "2009-03-31": "0.16410", "2008-12-31": "0.15870", "2008-09-30": "0.14900", "2008-06-30": "0.12720", "2008-03-31": "0.12360", "2007-12-31": "0.13070", "2007-09-30": "0.11800", "2007-06-30": "0.12460", "2007-03-31": "0.13130", "2006-12-31": "0.15700", "2006-09-30": "0.15590", "2006-06-30": "0.16400", "2006-03-31": "0.14310", "2005-12-31": "0.38770", "2005-09-30": "0.36510", "2005-06-30": "0.36780", "2005-03-31": "0.24500"}, "Gross Margin": {"2020-12-31": "57.80960", "2020-09-30": "58.33690", "2020-06-30": "58.33430", "2020-03-31": "58.43900", "2019-12-31": "58.02160", "2019-09-30": "57.50170", "2019-06-30": "56.09870", "2019-03-31": "57.52850", "2018-12-31": "57.52300", "2018-09-30": "58.32150", "2018-06-30": "53.75080", "2018-03-31": "58.19390", "2017-12-31": "58.17520", "2017-09-30": "58.35960", "2017-06-30": "58.16130", "2017-03-31": "58.28700", "2016-12-31": "58.27160", "2016-09-30": "57.83310", "2016-06-30": "58.12990", "2016-03-31": "57.25760", "2015-12-31": "58.63270", "2015-09-30": "57.96690", "2015-06-30": "57.26120", "2015-03-31": "59.51070", "2014-12-31": "62.23450", "2014-09-30": "62.38530", "2014-06-30": "62.92140", "2014-03-31": "63.30180", "2013-12-31": "64.72350", "2013-09-30": "63.74230", "2013-06-30": "62.67320", "2013-03-31": "62.42460", "2012-12-31": "61.80320", "2012-09-30": "61.41570", "2012-06-30": "60.89050", "2012-03-31": "60.30140", "2011-12-31": "59.72120", "2011-09-30": "58.78950", "2011-06-30": "58.16750", "2011-03-31": "58.25970", "2010-12-31": "60.78680", "2010-09-30": "61.68320", "2010-06-30": "59.85380", "2010-03-31": "59.78020", "2009-12-31": "59.68180", "2009-09-30": "60.80280", "2009-06-30": "62.19540", "2009-03-31": "60.97600", "2008-12-31": "58.76090", "2008-09-30": "58.33360", "2008-06-30": "57.02040", "2008-03-31": "59.74590", "2007-12-31": "59.86360", "2007-09-30": "60.17930", "2007-06-30": "61.26530", "2007-03-31": "29.63660", "2006-12-31": "62.63480", "2006-09-30": "61.91500", "2006-06-30": "60.86470", "2006-03-31": "62.15550", "2005-12-31": "62.64750", "2005-09-30": "63.02280", "2005-06-30": "63.60450", "2005-03-31": "64.81550"}, "Operating Margin": {"2020-12-31": "27.71410", "2020-09-30": "28.84470", "2020-06-30": "28.98030", "2020-03-31": "28.26680", "2019-12-31": "26.87050", "2019-09-30": "25.12300", "2019-06-30": "17.17480", "2019-03-31": "23.70440", "2018-12-31": "24.12500", "2018-09-30": "24.50060", "2018-06-30": "23.55310", "2018-03-31": "23.05020", "2017-12-31": "24.28450", "2017-09-30": "21.49450", "2017-06-30": "22.87820", "2017-03-31": "20.88610", "2016-12-31": "18.26840", "2016-09-30": "20.22690", "2016-06-30": "22.87450", "2016-03-31": "22.98230", "2015-12-31": "23.75520", "2015-09-30": "23.81290", "2015-06-30": "21.97200", "2015-03-31": "25.05770", "2014-12-31": "25.80580", "2014-09-30": "24.88830", "2014-06-30": "23.71920", "2014-03-31": "26.32200", "2013-12-31": "27.32470", "2013-09-30": "27.08810", "2013-06-30": "20.78250", "2013-03-31": "25.05310", "2012-12-31": "24.45180", "2012-09-30": "23.69200", "2012-06-30": "24.12580", "2012-03-31": "21.92890", "2011-12-31": "20.21230", "2011-09-30": "19.33900", "2011-06-30": "19.50760", "2011-03-31": "20.41830", "2010-12-31": "22.83540", "2010-09-30": "23.54300", "2010-06-30": "23.53380", "2010-03-31": "21.95480", "2009-12-31": "21.05230", "2009-09-30": "21.32170", "2009-06-30": "22.97950", "2009-03-31": "23.04790", "2008-12-31": "19.43220", "2008-09-30": "16.77780", "2008-06-30": "15.72820", "2008-03-31": "17.65030", "2007-12-31": "18.17310", "2007-09-30": "17.10130", "2007-06-30": "18.84230", "2007-03-31": "-11.96350", "2006-12-31": "22.80580", "2006-09-30": "21.58610", "2006-06-30": "22.06310", "2006-03-31": "22.64300", "2005-12-31": "22.04400", "2005-09-30": "19.28230", "2005-06-30": "18.94120", "2005-03-31": "24.92020"}, "EBIT Margin": {"2020-12-31": "27.71410", "2020-09-30": "28.84470", "2020-06-30": "28.98030", "2020-03-31": "28.26680", "2019-12-31": "26.87050", "2019-09-30": "25.12300", "2019-06-30": "17.17480", "2019-03-31": "23.70440", "2018-12-31": "24.12500", "2018-09-30": "24.50060", "2018-06-30": "23.55310", "2018-03-31": "23.05020", "2017-12-31": "24.28450", "2017-09-30": "21.49450", "2017-06-30": "22.87830", "2017-03-31": "20.88610", "2016-12-31": "18.26840", "2016-09-30": "20.22690", "2016-06-30": "22.87460", "2016-03-31": "22.98230", "2015-12-31": "23.75520", "2015-09-30": "23.81290", "2015-06-30": "21.97190", "2015-03-31": "25.05770", "2014-12-31": "25.80580", "2014-09-30": "24.88830", "2014-06-30": "23.71920", "2014-03-31": "26.32200", "2013-12-31": "27.32470", "2013-09-30": "27.08810", "2013-06-30": "20.78250", "2013-03-31": "25.05310", "2012-12-31": "24.45180", "2012-09-30": "23.69200", "2012-06-30": "24.12580", "2012-03-31": "21.92890", "2011-12-31": "20.21230", "2011-09-30": "19.33900", "2011-06-30": "19.50760", "2011-03-31": "20.41830", "2010-12-31": "22.83540", "2010-09-30": "23.54300", "2010-06-30": "23.53380", "2010-03-31": "21.95480", "2009-12-31": "21.05230", "2009-09-30": "21.32170", "2009-06-30": "22.97950", "2009-03-31": "23.04790", "2008-12-31": "19.43220", "2008-09-30": "16.77780", "2008-06-30": "15.72820", "2008-03-31": "17.65030", "2007-12-31": "18.17310", "2007-09-30": "17.10130", "2007-06-30": "18.84230", "2007-03-31": "-11.96350", "2006-12-31": "22.80580", "2006-09-30": "21.58610", "2006-06-30": "22.06310", "2006-03-31": "22.64300", "2005-12-31": "22.04400", "2005-09-30": "19.28230", "2005-06-30": "18.94120", "2005-03-31": "24.92020"}, "EBITDA Margin": {"2020-12-31": "", "2020-09-30": "", "2020-06-30": "", "2020-03-31": "", "2019-12-31": "", "2019-09-30": "", "2019-06-30": "", "2019-03-31": "", "2018-12-31": "", "2018-09-30": "", "2018-06-30": "", "2018-03-31": "", "2017-12-31": "", "2017-09-30": "", "2017-06-30": "", "2017-03-31": "", "2016-12-31": "", "2016-09-30": "", "2016-06-30": "", "2016-03-31": "", "2015-12-31": "", "2015-09-30": "", "2015-06-30": "", "2015-03-31": "", "2014-12-31": "", "2014-09-30": "", "2014-06-30": "", "2014-03-31": "", "2013-12-31": "", "2013-09-30": "", "2013-06-30": "", "2013-03-31": "", "2012-12-31": "", "2012-09-30": "", "2012-06-30": "", "2012-03-31": "", "2011-12-31": "", "2011-09-30": "", "2011-06-30": "", "2011-03-31": "", "2010-12-31": "", "2010-09-30": "", "2010-06-30": "", "2010-03-31": "", "2009-12-31": "", "2009-09-30": "", "2009-06-30": "", "2009-03-31": "", "2008-12-31": "", "2008-09-30": "", "2008-06-30": "", "2008-03-31": "", "2007-12-31": "", "2007-09-30": "", "2007-06-30": "", "2007-03-31": "", "2006-12-31": "", "2006-09-30": "", "2006-06-30": "", "2006-03-31": "", "2005-12-31": "", "2005-09-30": "", "2005-06-30": "", "2005-03-31": ""}, "Pre-Tax Profit Margin": {"2020-12-31": "26.32360", "2020-09-30": "28.70610", "2020-06-30": "27.53230", "2020-03-31": "24.90790", "2019-12-31": "24.28180", "2019-09-30": "22.11080", "2019-06-30": "13.58420", "2019-03-31": "20.82800", "2018-12-31": "22.46550", "2018-09-30": "23.60800", "2018-06-30": "22.59660", "2018-03-31": "21.99720", "2017-12-31": "23.57750", "2017-09-30": "20.71670", "2017-06-30": "21.84730", "2017-03-31": "21.00140", "2016-12-31": "18.13870", "2016-09-30": "19.96460", "2016-06-30": "22.64180", "2016-03-31": "24.01430", "2015-12-31": "25.01320", "2015-09-30": "24.15760", "2015-06-30": "22.98060", "2015-03-31": "27.06720", "2014-12-31": "27.31070", "2014-09-30": "26.79560", "2014-06-30": "25.68210", "2014-03-31": "28.38710", "2013-12-31": "28.48020", "2013-09-30": "28.53810", "2013-06-30": "21.18290", "2013-03-31": "28.15360", "2012-12-31": "26.13290", "2012-09-30": "26.75680", "2012-06-30": "26.48620", "2012-03-31": "24.06570", "2011-12-31": "24.92380", "2011-09-30": "21.12530", "2011-06-30": "22.58290", "2011-03-31": "22.67240", "2010-12-31": "25.79240", "2010-09-30": "27.14570", "2010-06-30": "24.66900", "2010-03-31": "24.27990", "2009-12-31": "22.93320", "2009-09-30": "23.44450", "2009-06-30": "24.75880", "2009-03-31": "23.52010", "2008-12-31": "21.06960", "2008-09-30": "17.77030", "2008-06-30": "17.70480", "2008-03-31": "20.56540", "2007-12-31": "19.16680", "2007-09-30": "18.20390", "2007-06-30": "21.13960", "2007-03-31": "-11.45040", "2006-12-31": "23.67620", "2006-09-30": "22.15030", "2006-06-30": "22.70340", "2006-03-31": "23.48900", "2005-12-31": "22.22910", "2005-09-30": "18.77410", "2005-06-30": "18.44210", "2005-03-31": "24.61500"}, "Net Profit Margin": {"2020-12-31": "22.43890", "2020-09-30": "23.72150", "2020-06-30": "23.08510", "2020-03-31": "21.20160", "2019-12-31": "21.80980", "2019-09-30": "17.64140", "2019-06-30": "9.75940", "2019-03-31": "15.91840", "2018-12-31": "19.14280", "2018-09-30": "17.97400", "2018-06-30": "17.60840", "2018-03-31": "18.61370", "2017-12-31": "1.58450", "2017-09-30": "16.44680", "2017-06-30": "18.25280", "2017-03-31": "17.07940", "2016-12-31": "14.46900", "2016-09-30": "16.35130", "2016-06-30": "16.02730", "2016-03-31": "20.00340", "2015-12-31": "21.02700", "2015-09-30": "20.14270", "2015-06-30": "19.30460", "2015-03-31": "21.53460", "2014-12-31": "21.55820", "2014-09-30": "21.88750", "2014-06-30": "21.13090", "2014-03-31": "22.61900", "2013-12-31": "22.54140", "2013-09-30": "22.62750", "2013-06-30": "17.61010", "2013-03-31": "22.13690", "2012-12-31": "20.69970", "2012-09-30": "20.97690", "2012-06-30": "20.66170", "2012-03-31": "18.50990", "2011-12-31": "18.89540", "2011-09-30": "16.04900", "2011-06-30": "17.10250", "2011-03-31": "17.03070", "2010-12-31": "19.10410", "2010-09-30": "20.10840", "2010-06-30": "18.23430", "2010-03-31": "17.52460", "2009-12-31": "16.71300", "2009-09-30": "17.04590", "2009-06-30": "18.00730", "2009-03-31": "17.20230", "2008-12-31": "15.18210", "2008-09-30": "12.86000", "2008-06-30": "12.60170", "2008-03-31": "14.01330", "2007-12-31": "13.25300", "2007-09-30": "12.98860", "2007-06-30": "14.46510", "2007-03-31": "-8.39660", "2006-12-31": "16.25030", "2006-09-30": "15.28010", "2006-06-30": "13.49100", "2006-03-31": "16.24480", "2005-12-31": "15.24010", "2005-09-30": "12.93350", "2005-06-30": "12.42020", "2005-03-31": "16.48350"}, "Asset Turnover": {"2020-12-31": "0.17490", "2020-09-30": "0.16270", "2020-06-30": "0.16790", "2020-03-31": "0.17060", "2019-12-31": "0.16910", "2019-09-30": "0.16390", "2019-06-30": "0.17160", "2019-03-31": "0.16160", "2018-12-31": "0.16870", "2018-09-30": "0.19180", "2018-06-30": "0.20350", "2018-03-31": "0.16740", "2017-12-31": "0.16870", "2017-09-30": "0.15010", "2017-06-30": "0.16050", "2017-03-31": "0.15020", "2016-12-31": "0.15960", "2016-09-30": "0.14010", "2016-06-30": "0.15930", "2016-03-31": "0.18570", "2015-12-31": "0.20300", "2015-09-30": "0.18260", "2015-06-30": "0.20770", "2015-03-31": "0.18550", "2014-12-31": "0.18180", "2014-09-30": "0.16470", "2014-06-30": "0.17590", "2014-03-31": "0.16820", "2013-12-31": "0.16390", "2013-09-30": "0.15320", "2013-06-30": "0.18750", "2013-03-31": "0.16150", "2012-12-31": "0.16160", "2012-09-30": "0.15140", "2012-06-30": "0.17400", "2012-03-31": "0.16400", "2011-12-31": "0.16300", "2011-09-30": "0.16260", "2011-06-30": "0.16530", "2011-03-31": "0.15960", "2010-12-31": "0.16240", "2010-09-30": "0.15740", "2010-06-30": "0.17930", "2010-03-31": "0.16260", "2009-12-31": "0.16970", "2009-09-30": "0.15250", "2009-06-30": "0.16710", "2009-03-31": "0.17190", "2008-12-31": "0.17060", "2008-09-30": "0.16860", "2008-06-30": "0.16720", "2008-03-31": "0.15510", "2007-12-31": "0.15360", "2007-09-30": "0.14420", "2007-06-30": "0.15280", "2007-03-31": "0.15350", "2006-12-31": "0.15760", "2006-09-30": "0.15870", "2006-06-30": "0.16900", "2006-03-31": "0.18050", "2005-12-31": "0.17020", "2005-09-30": "0.15570", "2005-06-30": "0.16200", "2005-03-31": "0.16080"}, "Inventory Turnover Ratio": {"2020-12-31": "0.71090", "2020-09-30": "0.65540", "2020-06-30": "0.76990", "2020-03-31": "0.89140", "2019-12-31": "0.81800", "2019-09-30": "0.81070", "2019-06-30": "0.88520", "2019-03-31": "0.87910", "2018-12-31": "0.93270", "2018-09-30": "0.86770", "2018-06-30": "1.07340", "2018-03-31": "0.85670", "2017-12-31": "0.84940", "2017-09-30": "0.72570", "2017-06-30": "0.86800", "2017-03-31": "0.82540", "2016-12-31": "0.87440", "2016-09-30": "0.77320", "2016-06-30": "0.96750", "2016-03-31": "0.83290", "2015-12-31": "0.79180", "2015-09-30": "0.66910", "2015-06-30": "0.78440", "2015-03-31": "0.75960", "2014-12-31": "0.73250", "2014-09-30": "0.72550", "2014-06-30": "0.93070", "2014-03-31": "0.88530", "2013-12-31": "0.76140", "2013-09-30": "0.73950", "2013-06-30": "1.06110", "2013-03-31": "0.86570", "2012-12-31": "0.73830", "2012-09-30": "0.67860", "2012-06-30": "0.83430", "2012-03-31": "0.75520", "2011-12-31": "0.72670", "2011-09-30": "0.69020", "2011-06-30": "0.71230", "2011-03-31": "0.63780", "2010-12-31": "0.55840", "2010-09-30": "0.50450", "2010-06-30": "0.63050", "2010-03-31": "0.56660", "2009-12-31": "0.60660", "2009-09-30": "0.55290", "2009-06-30": "0.60500", "2009-03-31": "0.60220", "2008-12-31": "0.64280", "2008-09-30": "0.62370", "2008-06-30": "0.63870", "2008-03-31": "0.50310", "2007-12-31": "0.48890", "2007-09-30": "0.44270", "2007-06-30": "0.47140", "2007-03-31": "0.82060", "2006-12-31": "0.46990", "2006-09-30": "0.50670", "2006-06-30": "0.57650", "2006-03-31": "0.56480", "2005-12-31": "0.50860", "2005-09-30": "0.46600", "2005-06-30": "0.51230", "2005-03-31": "0.50570"}, "Receiveable Turnover": {"2020-12-31": "1.57060", "2020-09-30": "1.61750", "2020-06-30": "1.62300", "2020-03-31": "1.38680", "2019-12-31": "1.39410", "2019-09-30": "1.37910", "2019-06-30": "1.33390", "2019-03-31": "1.29490", "2018-12-31": "1.36440", "2018-09-30": "1.26850", "2018-06-30": "1.28930", "2018-03-31": "1.18700", "2017-12-31": "1.24500", "2017-09-30": "1.21400", "2017-06-30": "1.23560", "2017-03-31": "1.24320", "2016-12-31": "1.38130", "2016-09-30": "1.34080", "2016-06-30": "1.35740", "2016-03-31": "1.26720", "2015-12-31": "1.37010", "2015-09-30": "1.25820", "2015-06-30": "1.24960", "2015-03-31": "1.19230", "2014-12-31": "1.21410", "2014-09-30": "1.14870", "2014-06-30": "1.15470", "2014-03-31": "1.15190", "2013-12-31": "1.25770", "2013-09-30": "1.25310", "2013-06-30": "1.26690", "2013-03-31": "1.28050", "2012-12-31": "1.32300", "2012-09-30": "1.26000", "2012-06-30": "1.30300", "2012-03-31": "1.28760", "2011-12-31": "1.38150", "2011-09-30": "1.24150", "2011-06-30": "1.20530", "2011-03-31": "1.20840", "2010-12-31": "1.27140", "2010-09-30": "1.18490", "2010-06-30": "1.25550", "2010-03-31": "1.20580", "2009-12-31": "1.27550", "2009-09-30": "1.15510", "2009-06-30": "1.17650", "2009-03-31": "1.14450", "2008-12-31": "1.18710", "2008-09-30": "1.16050", "2008-06-30": "1.12340", "2008-03-31": "1.17770", "2007-12-31": "1.18680", "2007-09-30": "1.11610", "2007-06-30": "1.08840", "2007-03-31": "1.19550", "2006-12-31": "1.24260", "2006-09-30": "1.25940", "2006-06-30": "1.23910", "2006-03-31": "1.27600", "2005-12-31": "1.26910", "2005-09-30": "1.23440", "2005-06-30": "1.20660", "2005-03-31": "1.21710"}, "Days Sales In Receivables": {"2020-12-31": "57.30270", "2020-09-30": "55.64280", "2020-06-30": "55.45290", "2020-03-31": "64.89960", "2019-12-31": "64.55620", "2019-09-30": "65.25930", "2019-06-30": "67.46940", "2019-03-31": "69.50210", "2018-12-31": "65.96100", "2018-09-30": "70.94740", "2018-06-30": "69.80310", "2018-03-31": "75.82100", "2017-12-31": "72.28670", "2017-09-30": "74.13580", "2017-06-30": "72.83760", "2017-03-31": "72.39360", "2016-12-31": "65.15740", "2016-09-30": "67.12280", "2016-06-30": "66.30280", "2016-03-31": "71.02200", "2015-12-31": "65.68670", "2015-09-30": "71.53000", "2015-06-30": "72.02320", "2015-03-31": "75.48640", "2014-12-31": "74.12630", "2014-09-30": "78.35230", "2014-06-30": "77.94420", "2014-03-31": "78.13090", "2013-12-31": "71.55720", "2013-09-30": "71.81970", "2013-06-30": "71.03890", "2013-03-31": "70.28470", "2012-12-31": "68.02570", "2012-09-30": "71.42860", "2012-06-30": "69.07160", "2012-03-31": "69.89970", "2011-12-31": "65.14880", "2011-09-30": "72.49350", "2011-06-30": "74.66730", "2011-03-31": "74.48080", "2010-12-31": "70.78560", "2010-09-30": "75.95450", "2010-06-30": "71.68220", "2010-03-31": "74.63930", "2009-12-31": "70.56130", "2009-09-30": "77.91370", "2009-06-30": "76.49920", "2009-03-31": "78.63710", "2008-12-31": "75.81300", "2008-09-30": "77.55250", "2008-06-30": "80.11170", "2008-03-31": "76.42180", "2007-12-31": "75.83210", "2007-09-30": "80.63660", "2007-06-30": "82.69120", "2007-03-31": "75.28100", "2006-12-31": "72.43060", "2006-09-30": "71.46530", "2006-06-30": "72.63550", "2006-03-31": "70.53310", "2005-12-31": "70.91460", "2005-09-30": "72.91280", "2005-06-30": "74.59110", "2005-03-31": "73.94670"}, "ROE - Return On Equity": {"2020-12-31": "6.26580", "2020-09-30": "6.65850", "2020-06-30": "7.12190", "2020-03-31": "7.22990", "2019-12-31": "7.11010", "2019-09-30": "5.67470", "2019-06-30": "3.32020", "2019-03-31": "5.21520", "2018-12-31": "6.37200", "2018-09-30": "5.56440", "2018-06-30": "5.33330", "2018-03-31": "5.32790", "2017-12-31": "0.47170", "2017-09-30": "4.20220", "2017-06-30": "5.18350", "2017-03-31": "4.73450", "2016-12-31": "4.48750", "2016-09-30": "4.29360", "2016-06-30": "4.90460", "2016-03-31": "5.42550", "2015-12-31": "6.27030", "2015-09-30": "5.67610", "2015-06-30": "5.51010", "2015-03-31": "5.92230", "2014-12-31": "5.74030", "2014-09-30": "5.03630", "2014-06-30": "4.99010", "2014-03-31": "5.32080", "2013-12-31": "5.28610", "2013-09-30": "4.78160", "2013-06-30": "4.53350", "2013-03-31": "4.80230", "2012-12-31": "4.45000", "2012-09-30": "4.19470", "2012-06-30": "4.78020", "2012-03-31": "4.01580", "2011-12-31": "4.02750", "2011-09-30": "3.26130", "2011-06-30": "3.37840", "2011-03-31": "3.20730", "2010-12-31": "3.62900", "2010-09-30": "3.83980", "2010-06-30": "4.12930", "2010-03-31": "3.66560", "2009-12-31": "3.65660", "2009-09-30": "3.50000", "2009-06-30": "4.06840", "2009-03-31": "4.03140", "2008-12-31": "3.51330", "2008-09-30": "2.87670", "2008-06-30": "2.73930", "2008-03-31": "2.77600", "2007-12-31": "2.64710", "2007-09-30": "2.45680", "2007-06-30": "2.97170", "2007-03-31": "-1.76100", "2006-12-31": "3.40790", "2006-09-30": "3.24050", "2006-06-30": "3.12850", "2006-03-31": "3.90930", "2005-12-31": "4.24950", "2005-09-30": "3.25320", "2005-06-30": "3.28600", "2005-03-31": "3.85280"}, "Return On Tangible Equity": {"2020-12-31": "33.15160", "2020-09-30": "51.51930", "2020-06-30": "112.17400", "2020-03-31": "-175.43500", "2019-12-31": "-171.89550", "2019-09-30": "-50.90520", "2019-06-30": "-22.46850", "2019-03-31": "-24.27500", "2018-12-31": "-43.28840", "2018-09-30": "22.68870", "2018-06-30": "14.17190", "2018-03-31": "14.53230", "2017-12-31": "1.35290", "2017-09-30": "11.85960", "2017-06-30": "16.03730", "2017-03-31": "16.34010", "2016-12-31": "19.75750", "2016-09-30": "18.11480", "2016-06-30": "24.75590", "2016-03-31": "8.24990", "2015-12-31": "9.03490", "2015-09-30": "7.17650", "2015-06-30": "6.85490", "2015-03-31": "7.37340", "2014-12-31": "7.19390", "2014-09-30": "6.26270", "2014-06-30": "6.16250", "2014-03-31": "6.64480", "2013-12-31": "6.65300", "2013-09-30": "5.94890", "2013-06-30": "5.67730", "2013-03-31": "5.89490", "2012-12-31": "5.51240", "2012-09-30": "5.21710", "2012-06-30": "5.92690", "2012-03-31": "5.04110", "2011-12-31": "5.07720", "2011-09-30": "4.14970", "2011-06-30": "4.04000", "2011-03-31": "3.85670", "2010-12-31": "4.35930", "2010-09-30": "4.70790", "2010-06-30": "5.02520", "2010-03-31": "4.51860", "2009-12-31": "4.63100", "2009-09-30": "4.44910", "2009-06-30": "5.23310", "2009-03-31": "5.32460", "2008-12-31": "4.72970", "2008-09-30": "3.88360", "2008-06-30": "3.70250", "2008-03-31": "3.78250", "2007-12-31": "3.59710", "2007-09-30": "3.35960", "2007-06-30": "4.08240", "2007-03-31": "-2.47360", "2006-12-31": "4.82840", "2006-09-30": "4.71190", "2006-06-30": "4.67810", "2006-03-31": "6.02310", "2005-12-31": "7.65030", "2005-09-30": "5.98770", "2005-06-30": "6.39520", "2005-03-31": "5.37150"}, "ROA - Return On Assets": {"2020-12-31": "3.92560", "2020-09-30": "3.86020", "2020-06-30": "3.87660", "2020-03-31": "3.61680", "2019-12-31": "3.68760", "2019-09-30": "2.89200", "2019-06-30": "1.67490", "2019-03-31": "2.57200", "2018-12-31": "3.22910", "2018-09-30": "3.44700", "2018-06-30": "3.58400", "2018-03-31": "3.11600", "2017-12-31": "0.26730", "2017-09-30": "2.46800", "2017-06-30": "2.92950", "2017-03-31": "2.56600", "2016-12-31": "2.30970", "2016-09-30": "2.29080", "2016-06-30": "2.55240", "2016-03-31": "3.71390", "2015-12-31": "4.26870", "2015-09-30": "3.67760", "2015-06-30": "4.00880", "2015-03-31": "3.99390", "2014-12-31": "3.91910", "2014-09-30": "3.60520", "2014-06-30": "3.71620", "2014-03-31": "3.80490", "2013-12-31": "3.69360", "2013-09-30": "3.46650", "2013-06-30": "3.30270", "2013-03-31": "3.57540", "2012-12-31": "3.34460", "2012-09-30": "3.17490", "2012-06-30": "3.59460", "2012-03-31": "3.03510", "2011-12-31": "3.07970", "2011-09-30": "2.61040", "2011-06-30": "2.82620", "2011-03-31": "2.71890", "2010-12-31": "3.10240", "2010-09-30": "3.16410", "2010-06-30": "3.26890", "2010-03-31": "2.85000", "2009-12-31": "2.83630", "2009-09-30": "2.59870", "2009-06-30": "3.00880", "2009-03-31": "2.95670", "2008-12-31": "2.58990", "2008-09-30": "2.16800", "2008-06-30": "2.10760", "2008-03-31": "2.17340", "2007-12-31": "2.03590", "2007-09-30": "1.87330", "2007-06-30": "2.21020", "2007-03-31": "-1.28920", "2006-12-31": "2.56060", "2006-09-30": "2.42470", "2006-06-30": "2.27980", "2006-03-31": "2.93200", "2005-12-31": "2.59450", "2005-09-30": "2.01370", "2005-06-30": "2.01230", "2005-03-31": "2.65120"}, "ROI - Return On Investment": {"2020-12-31": "4.87980", "2020-09-30": "4.79070", "2020-06-30": "4.85730", "2020-03-31": "4.50500", "2019-12-31": "4.52820", "2019-09-30": "3.61300", "2019-06-30": "2.06540", "2019-03-31": "3.15180", "2018-12-31": "3.96740", "2018-09-30": "4.37310", "2018-06-30": "4.71500", "2018-03-31": "3.82780", "2017-12-31": "0.47170", "2017-09-30": "2.80680", "2017-06-30": "3.34370", "2017-03-31": "2.90490", "2016-12-31": "2.97590", "2016-09-30": "2.87620", "2016-06-30": "3.23670", "2016-03-31": "4.30490", "2015-12-31": "4.96530", "2015-09-30": "4.22740", "2015-06-30": "4.63280", "2015-03-31": "4.55630", "2014-12-31": "4.47380", "2014-09-30": "4.10370", "2014-06-30": "4.26120", "2014-03-31": "4.31160", "2013-12-31": "4.17570", "2013-09-30": "4.77940", "2013-06-30": "4.53140", "2013-03-31": "4.80030", "2012-12-31": "3.79780", "2012-09-30": "3.62730", "2012-06-30": "4.13510", "2012-03-31": "3.50400", "2011-12-31": "3.52010", "2011-09-30": "3.00880", "2011-06-30": "3.19390", "2011-03-31": "3.06010", "2010-12-31": "3.62900", "2010-09-30": "3.83980", "2010-06-30": "4.12930", "2010-03-31": "3.58630", "2009-12-31": "3.40080", "2009-09-30": "3.24360", "2009-06-30": "3.75160", "2009-03-31": "3.67940", "2008-12-31": "3.22740", "2008-09-30": "2.58850", "2008-06-30": "2.52070", "2008-03-31": "2.50440", "2007-12-31": "2.39560", "2007-09-30": "2.24940", "2007-06-30": "2.71600", "2007-03-31": "-1.58670", "2006-12-31": "3.06520", "2006-09-30": "2.81860", "2006-06-30": "2.70300", "2006-03-31": "3.42980", "2005-12-31": "3.82560", "2005-09-30": "2.91520", "2005-06-30": "2.92270", "2005-03-31": "3.09690"}, "Book Value Per Share": {"2020-12-31": "19.69010", "2020-09-30": "18.48660", "2020-06-30": "17.23430", "2020-03-31": "15.59800", "2019-12-31": "15.61630", "2019-09-30": "14.72680", "2019-06-30": "14.42480", "2019-03-31": "14.10110", "2018-12-31": "13.65200", "2018-09-30": "13.33570", "2018-06-30": "14.43080", "2018-03-31": "14.48230", "2017-12-31": "14.13330", "2017-09-30": "14.40650", "2017-06-30": "13.78770", "2017-03-31": "13.08300", "2016-12-31": "12.07640", "2016-09-30": "12.58140", "2016-06-30": "12.04910", "2016-03-31": "11.92160", "2015-12-31": "10.88810", "2015-09-30": "10.46880", "2015-06-30": "11.29960", "2015-03-31": "10.90670", "2014-12-31": "11.31500", "2014-09-30": "11.82960", "2014-06-30": "12.53160", "2014-03-31": "12.05280", "2013-12-31": "11.57510", "2013-09-30": "11.92170", "2013-06-30": "11.34050", "2013-03-31": "12.39490", "2012-12-31": "12.21550", "2012-09-30": "11.87580", "2012-06-30": "11.31960", "2012-03-31": "11.22510", "2011-12-31": "10.78990", "2011-09-30": "10.48250", "2011-06-30": "11.41130", "2011-03-31": "10.89550", "2010-12-31": "10.49600", "2010-09-30": "9.72880", "2010-06-30": "8.50730", "2010-03-31": "8.79050", "2009-12-31": "8.36070", "2009-09-30": "8.02330", "2009-06-30": "7.40980", "2009-03-31": "6.45210", "2008-12-31": "6.35760", "2008-09-30": "6.43660", "2008-06-30": "7.11930", "2008-03-31": "6.92840", "2007-12-31": "6.53670", "2007-09-30": "6.33650", "2007-06-30": "5.99880", "2007-03-31": "5.63350", "2006-12-31": "5.54650", "2006-09-30": "5.07620", "2006-06-30": "5.02030", "2006-03-31": "4.47410", "2005-12-31": "3.69260", "2005-09-30": "3.57730", "2005-06-30": "3.38610", "2005-03-31": "3.33600"}, "Operating Cash Flow Per Share": {"2020-12-31": 1.1583, "2020-09-30": "0.98560", "2020-06-30": 2.2681, "2020-03-31": 1.6442, "2019-12-31": 0.4767, "2019-09-30": "1.11900", "2019-06-30": 0.9793, "2019-03-31": 0.9676, "2018-12-31": 0.8962, "2018-09-30": "0.33410", "2018-06-30": 0.8987, "2018-03-31": 1.034, "2017-12-31": 0.9197, "2017-09-30": "0.65500", "2017-06-30": 0.9886, "2017-03-31": 0.4673, "2016-12-31": 0.8437, "2016-09-30": "0.60700", "2016-06-30": 1.0003, "2016-03-31": 0.886, "2015-12-31": 1.1056, "2015-09-30": "0.87580", "2015-06-30": 0.7005, "2015-03-31": 0.631, "2014-12-31": 0.7475, "2014-09-30": "0.60650", "2014-06-30": 0.7876, "2014-03-31": 0.7215, "2013-12-31": 0.5796, "2013-09-30": "0.62170", "2013-06-30": 0.8494, "2013-03-31": 0.73, "2012-12-31": 0.6361, "2012-09-30": "0.53580", "2012-06-30": 0.6214, "2012-03-31": 0.606, "2011-12-31": 0.7576, "2011-09-30": "0.58110", "2011-06-30": 0.4764, "2011-03-31": 0.5163, "2010-12-31": 0.4315, "2010-09-30": "0.37730", "2010-06-30": 0.3832, "2010-03-31": 0.3389, "2009-12-31": 0.0736, "2009-09-30": "0.41780", "2009-06-30": 0.4574, "2009-03-31": 0.2875, "2008-12-31": 0.3641, "2008-09-30": "0.43990", "2008-06-30": 0.3605, "2008-03-31": 0.2158, "2007-12-31": 0.1211, "2007-09-30": "0.17820", "2007-06-30": 0.1667, "2007-03-31": 0.1358, "2006-12-31": 0.1122, "2006-09-30": "0.16740", "2006-06-30": 0.2301, "2006-03-31": 0.2115, "2005-12-31": 0.0956, "2005-09-30": "0.10450", "2005-06-30": 0.1444, "2005-03-31": 0.3298}, "Free Cash Flow Per Share": {"2020-12-31": 0.9199, "2020-09-30": "0.89320", "2020-06-30": 2.1446, "2020-03-31": 1.4413, "2019-12-31": 0.3049, "2019-09-30": "0.96270", "2019-06-30": 0.8259, "2019-03-31": 0.8631, "2018-12-31": 0.7687, "2018-09-30": "0.24390", "2018-06-30": 0.7764, "2018-03-31": 0.9441, "2017-12-31": 0.809, "2017-09-30": "0.54330", "2017-06-30": 0.8591, "2017-03-31": 0.3658, "2016-12-31": 0.7404, "2016-09-30": "0.50450", "2016-06-30": 0.8996, "2016-03-31": 0.7922, "2015-12-31": 1.0022, "2015-09-30": "0.76050", "2015-06-30": 0.6144, "2015-03-31": 0.558, "2014-12-31": 0.6135, "2014-09-30": "0.46150", "2014-06-30": 0.6619, "2014-03-31": 0.594, "2013-12-31": 0.4442, "2013-09-30": "0.50650", "2013-06-30": 0.7396, "2013-03-31": 0.594, "2012-12-31": 0.5424, "2012-09-30": "0.44110", "2012-06-30": 0.544, "2012-03-31": 0.5362, "2011-12-31": 0.6727, "2011-09-30": "0.49750", "2011-06-30": 0.3646, "2011-03-31": 0.4146, "2010-12-31": 0.3191, "2010-09-30": "0.27950", "2010-06-30": 0.277, "2010-03-31": 0.2641, "2009-12-31": -0.0203, "2009-09-30": "0.32610", "2009-06-30": 0.2934, "2009-03-31": 0.1515, "2008-12-31": 0.1875, "2008-09-30": "0.21670", "2008-06-30": 0.2452, "2008-03-31": 0.263, "2007-12-31": -0.0188, "2007-09-30": "0.06180", "2007-06-30": 0.0615, "2007-03-31": 0.0341, "2006-12-31": 0.0039, "2006-09-30": "-0.01290", "2006-06-30": 0.0755, "2006-03-31": 0.1095, "2005-12-31": -0.0542, "2005-09-30": "-0.15490", "2005-06-30": 0.0528, "2005-03-31": 0.1566}}, "revenue": {"ResMed Annual Revenue (Millions of US $)": {"2020": "$2,957", "2019": "$2,607", "2018": "$2,340", "2017": "$2,067", "2016": "$1,839", "2015": "$1,679", "2014": "$1,555", "2013": "$1,514", "2012": "$1,369", "2011": "$1,243", "2010": "$1,092", "2009": "$921", "2008": "$835", "2007": "$716", "2006": "$607", "2005": "$426"}, "ResMed Quarterly Revenue (Millions of US $)": {"2020-12-31": "$800", "2020-09-30": "$752", "2020-06-30": "$770", "2020-03-31": "$769", "2019-12-31": "$736", "2019-09-30": "$681", "2019-06-30": "$705", "2019-03-31": "$662", "2018-12-31": "$651", "2018-09-30": "$588", "2018-06-30": "$624", "2018-03-31": "$592", "2017-12-31": "$601", "2017-09-30": "$524", "2017-06-30": "$557", "2017-03-31": "$514", "2016-12-31": "$530", "2016-09-30": "$465", "2016-06-30": "$519", "2016-03-31": "$454", "2015-12-31": "$455", "2015-09-30": "$412", "2015-06-30": "$453", "2015-03-31": "$422", "2014-12-31": "$423", "2014-09-30": "$380", "2014-06-30": "$415", "2014-03-31": "$398", "2013-12-31": "$384", "2013-09-30": "$358", "2013-06-30": "$415", "2013-03-31": "$384", "2012-12-31": "$377", "2012-09-30": "$340", "2012-06-30": "$372", "2012-03-31": "$349", "2011-12-31": "$333", "2011-09-30": "$315", "2011-06-30": "$342", "2011-03-31": "$313", "2010-12-31": "$306", "2010-09-30": "$282", "2010-06-30": "$292", "2010-03-31": "$279", "2009-12-31": "$275", "2009-09-30": "$247", "2009-06-30": "$252", "2009-03-31": "$228", "2008-12-31": "$223", "2008-09-30": "$218", "2008-06-30": "$235", "2008-03-31": "$212", "2007-12-31": "$203", "2007-09-30": "$186", "2007-06-30": "$191", "2007-03-31": "$183", "2006-12-31": "$178", "2006-09-30": "$164", "2006-06-30": "$171", "2006-03-31": "$162", "2005-12-31": "$146", "2005-09-30": "$127", "2005-06-30": "$125", "2005-03-31": "$108"}}, "gross-profit": {"ResMed Annual Gross Profit (Millions of US $)": {"2020": "$1,718", "2019": "$1,494", "2018": "$1,335", "2017": "$1,202", "2016": "$1,066", "2015": "$1,011", "2014": "$990", "2013": "$941", "2012": "$821", "2011": "$741", "2010": "$655", "2009": "$554", "2008": "$494", "2007": "$384", "2006": "$377", "2005": "$275"}, "ResMed Quarterly Gross Profit (Millions of US $)": {"2020-12-31": "$462", "2020-09-30": "$439", "2020-06-30": "$449", "2020-03-31": "$450", "2019-12-31": "$427", "2019-09-30": "$392", "2019-06-30": "$395", "2019-03-31": "$381", "2018-12-31": "$375", "2018-09-30": "$343", "2018-06-30": "$335", "2018-03-31": "$344", "2017-12-31": "$350", "2017-09-30": "$306", "2017-06-30": "$324", "2017-03-31": "$300", "2016-12-31": "$309", "2016-09-30": "$269", "2016-06-30": "$301", "2016-03-31": "$260", "2015-12-31": "$267", "2015-09-30": "$239", "2015-06-30": "$259", "2015-03-31": "$251", "2014-12-31": "$263", "2014-09-30": "$237", "2014-06-30": "$261", "2014-03-31": "$252", "2013-12-31": "$249", "2013-09-30": "$228", "2013-06-30": "$260", "2013-03-31": "$239", "2012-12-31": "$233", "2012-09-30": "$209", "2012-06-30": "$226", "2012-03-31": "$210", "2011-12-31": "$199", "2011-09-30": "$185", "2011-06-30": "$199", "2011-03-31": "$183", "2010-12-31": "$186", "2010-09-30": "$174", "2010-06-30": "$175", "2010-03-31": "$167", "2009-12-31": "$164", "2009-09-30": "$150", "2009-06-30": "$157", "2009-03-31": "$139", "2008-12-31": "$131", "2008-09-30": "$127", "2008-06-30": "$134", "2008-03-31": "$127", "2007-12-31": "$121", "2007-09-30": "$112", "2007-06-30": "$117", "2007-03-31": "$54", "2006-12-31": "$112", "2006-09-30": "$101", "2006-06-30": "$104", "2006-03-31": "$101", "2005-12-31": "$92", "2005-09-30": "$80", "2005-06-30": "$80", "2005-03-31": "$70"}}, "operating-income": {"ResMed Annual Operating Income (Millions of US $)": {"2020": "$810", "2019": "$579", "2018": "$542", "2017": "$426", "2016": "$429", "2015": "$409", "2014": "$405", "2013": "$355", "2012": "$294", "2011": "$267", "2010": "$240", "2009": "$190", "2008": "$143", "2007": "$90", "2006": "$131", "2005": "$97"}, "ResMed Quarterly Operating Income (Millions of US $)": {"2020-12-31": "$222", "2020-09-30": "$217", "2020-06-30": "$223", "2020-03-31": "$218", "2019-12-31": "$198", "2019-09-30": "$171", "2019-06-30": "$121", "2019-03-31": "$157", "2018-12-31": "$157", "2018-09-30": "$144", "2018-06-30": "$147", "2018-03-31": "$136", "2017-12-31": "$146", "2017-09-30": "$113", "2017-06-30": "$127", "2017-03-31": "$107", "2016-12-31": "$97", "2016-09-30": "$94", "2016-06-30": "$119", "2016-03-31": "$104", "2015-12-31": "$108", "2015-09-30": "$98", "2015-06-30": "$100", "2015-03-31": "$106", "2014-12-31": "$109", "2014-09-30": "$95", "2014-06-30": "$98", "2014-03-31": "$105", "2013-12-31": "$105", "2013-09-30": "$97", "2013-06-30": "$86", "2013-03-31": "$96", "2012-12-31": "$92", "2012-09-30": "$80", "2012-06-30": "$90", "2012-03-31": "$77", "2011-12-31": "$67", "2011-09-30": "$61", "2011-06-30": "$67", "2011-03-31": "$64", "2010-12-31": "$70", "2010-09-30": "$66", "2010-06-30": "$69", "2010-03-31": "$61", "2009-12-31": "$58", "2009-09-30": "$53", "2009-06-30": "$58", "2009-03-31": "$53", "2008-12-31": "$43", "2008-09-30": "$37", "2008-06-30": "$37", "2008-03-31": "$37", "2007-12-31": "$37", "2007-09-30": "$32", "2007-06-30": "$36", "2007-03-31": "$-22", "2006-12-31": "$41", "2006-09-30": "$35", "2006-06-30": "$38", "2006-03-31": "$37", "2005-12-31": "$32", "2005-09-30": "$25", "2005-06-30": "$24", "2005-03-31": "$27"}}, "ebitda": {"ResMed Annual EBITDA (Millions of US $)": {"2020": "$991", "2019": "$730", "2018": "$662", "2017": "$538", "2016": "$516", "2015": "$482", "2014": "$479", "2013": "$433", "2012": "$380", "2011": "$338", "2010": "$302", "2009": "$244", "2008": "$202", "2007": "$138", "2006": "$173", "2005": "$126"}, "ResMed Quarterly EBITDA (Millions of US $)": {"2020-12-31": "$270", "2020-09-30": "$267", "2020-06-30": "$269", "2020-03-31": "$264", "2019-12-31": "$243", "2019-09-30": "$215", "2019-06-30": "$164", "2019-03-31": "$199", "2018-12-31": "$193", "2018-09-30": "$175", "2018-06-30": "$179", "2018-03-31": "$166", "2017-12-31": "$175", "2017-09-30": "$142", "2017-06-30": "$156", "2017-03-31": "$136", "2016-12-31": "$125", "2016-09-30": "$122", "2016-06-30": "$146", "2016-03-31": "$124", "2015-12-31": "$129", "2015-09-30": "$116", "2015-06-30": "$117", "2015-03-31": "$124", "2014-12-31": "$128", "2014-09-30": "$113", "2014-06-30": "$118", "2014-03-31": "$122", "2013-12-31": "$124", "2013-09-30": "$115", "2013-06-30": "$106", "2013-03-31": "$117", "2012-12-31": "$111", "2012-09-30": "$99", "2012-06-30": "$112", "2012-03-31": "$97", "2011-12-31": "$90", "2011-09-30": "$81", "2011-06-30": "$86", "2011-03-31": "$82", "2010-12-31": "$87", "2010-09-30": "$82", "2010-06-30": "$84", "2010-03-31": "$77", "2009-12-31": "$74", "2009-09-30": "$67", "2009-06-30": "$73", "2009-03-31": "$65", "2008-12-31": "$55", "2008-09-30": "$51", "2008-06-30": "$53", "2008-03-31": "$52", "2007-12-31": "$51", "2007-09-30": "$46", "2007-06-30": "$49", "2007-03-31": "$-10", "2006-12-31": "$53", "2006-09-30": "$46", "2006-06-30": "$49", "2006-03-31": "$48", "2005-12-31": "$42", "2005-09-30": "$34", "2005-06-30": "$33", "2005-03-31": "$35"}}, "net-income": {"ResMed Annual Net Income (Millions of US $)": {"2020": "$622", "2019": "$405", "2018": "$316", "2017": "$342", "2016": "$352", "2015": "$353", "2014": "$345", "2013": "$307", "2012": "$255", "2011": "$227", "2010": "$190", "2009": "$146", "2008": "$110", "2007": "$66", "2006": "$88", "2005": "$65"}, "ResMed Quarterly Net Income (Millions of US $)": {"2020-12-31": "$180", "2020-09-30": "$178", "2020-06-30": "$178", "2020-03-31": "$163", "2019-12-31": "$161", "2019-09-30": "$120", "2019-06-30": "$69", "2019-03-31": "$105", "2018-12-31": "$125", "2018-09-30": "$106", "2018-06-30": "$110", "2018-03-31": "$110", "2017-12-31": "$10", "2017-09-30": "$86", "2017-06-30": "$102", "2017-03-31": "$88", "2016-12-31": "$77", "2016-09-30": "$76", "2016-06-30": "$83", "2016-03-31": "$91", "2015-12-31": "$96", "2015-09-30": "$83", "2015-06-30": "$87", "2015-03-31": "$91", "2014-12-31": "$91", "2014-09-30": "$83", "2014-06-30": "$88", "2014-03-31": "$90", "2013-12-31": "$87", "2013-09-30": "$81", "2013-06-30": "$73", "2013-03-31": "$85", "2012-12-31": "$78", "2012-09-30": "$71", "2012-06-30": "$77", "2012-03-31": "$65", "2011-12-31": "$63", "2011-09-30": "$51", "2011-06-30": "$58", "2011-03-31": "$53", "2010-12-31": "$58", "2010-09-30": "$57", "2010-06-30": "$53", "2010-03-31": "$49", "2009-12-31": "$46", "2009-09-30": "$42", "2009-06-30": "$45", "2009-03-31": "$39", "2008-12-31": "$34", "2008-09-30": "$28", "2008-06-30": "$30", "2008-03-31": "$30", "2007-12-31": "$27", "2007-09-30": "$24", "2007-06-30": "$28", "2007-03-31": "$-15", "2006-12-31": "$29", "2006-09-30": "$25", "2006-06-30": "$23", "2006-03-31": "$26", "2005-12-31": "$22", "2005-09-30": "$16", "2005-06-30": "$16", "2005-03-31": "$18"}}, "eps-earnings-per-share-diluted": {"ResMed Annual EPS": {"2020": "$4.27", "2019": "$2.80", "2018": "$2.19", "2017": "$2.40", "2016": "$2.49", "2015": "$2.47", "2014": "$2.39", "2013": "$2.10", "2012": "$1.71", "2011": "$1.44", "2010": "$1.23", "2009": "$0.95", "2008": "$0.70", "2007": "$0.43", "2006": "$0.58", "2005": "$0.46"}, "ResMed Quarterly EPS": {"2020-12-31": "$1.23", "2020-09-30": "$1.22", "2020-06-30": "$1.22", "2020-03-31": "$1.12", "2019-12-31": "$1.10", "2019-09-30": "$0.83", "2019-06-30": "$0.48", "2019-03-31": "$0.73", "2018-12-31": "$0.86", "2018-09-30": "$0.73", "2018-06-30": "$0.76", "2018-03-31": "$0.76", "2017-12-31": "$0.07", "2017-09-30": "$0.60", "2017-06-30": "$0.70", "2017-03-31": "$0.62", "2016-12-31": "$0.54", "2016-09-30": "$0.54", "2016-06-30": "$0.59", "2016-03-31": "$0.64", "2015-12-31": "$0.68", "2015-09-30": "$0.58", "2015-06-30": "$0.61", "2015-03-31": "$0.64", "2014-12-31": "$0.64", "2014-09-30": "$0.58", "2014-06-30": "$0.60", "2014-03-31": "$0.63", "2013-12-31": "$0.60", "2013-09-30": "$0.56", "2013-06-30": "$0.50", "2013-03-31": "$0.58", "2012-12-31": "$0.53", "2012-09-30": "$0.49", "2012-06-30": "$0.52", "2012-03-31": "$0.44", "2011-12-31": "$0.42", "2011-09-30": "$0.33", "2011-06-30": "$0.37", "2011-03-31": "$0.34", "2010-12-31": "$0.37", "2010-09-30": "$0.36", "2010-06-30": "$0.35", "2010-03-31": "$0.31", "2009-12-31": "$0.30", "2009-09-30": "$0.27", "2009-06-30": "$0.30", "2009-03-31": "$0.26", "2008-12-31": "$0.22", "2008-09-30": "$0.18", "2008-06-30": "$0.19", "2008-03-31": "$0.19", "2007-12-31": "$0.17", "2007-09-30": "$0.16", "2007-06-30": "$0.18", "2007-03-31": "$-0.10", "2006-12-31": "$0.19", "2006-09-30": "$0.16", "2006-06-30": "$0.15", "2006-03-31": "$0.17", "2005-12-31": "$0.15", "2005-09-30": "$0.12", "2005-06-30": "$0.11", "2005-03-31": "$0.13"}}, "shares-outstanding": {"ResMed Annual Shares Outstanding (Millions of Shares)": {"2020": "146", "2019": "144", "2018": "144", "2017": "142", "2016": "142", "2015": "143", "2014": "144", "2013": "146", "2012": "149", "2011": "157", "2010": "155", "2009": "154", "2008": "157", "2007": "157", "2006": "154", "2005": "150"}, "ResMed Quarterly Shares Outstanding (Millions of Shares)": {"2020-12-31": "146", "2020-09-30": "146", "2020-06-30": "146", "2020-03-31": "146", "2019-12-31": "146", "2019-09-30": "145", "2019-06-30": "144", "2019-03-31": "144", "2018-12-31": "144", "2018-09-30": "144", "2018-06-30": "144", "2018-03-31": "144", "2017-12-31": "144", "2017-09-30": "143", "2017-06-30": "142", "2017-03-31": "143", "2016-12-31": "142", "2016-09-30": "142", "2016-06-30": "142", "2016-03-31": "141", "2015-12-31": "141", "2015-09-30": "142", "2015-06-30": "143", "2015-03-31": "143", "2014-12-31": "142", "2014-09-30": "143", "2014-06-30": "144", "2014-03-31": "143", "2013-12-31": "145", "2013-09-30": "145", "2013-06-30": "146", "2013-03-31": "147", "2012-12-31": "147", "2012-09-30": "146", "2012-06-30": "149", "2012-03-31": "147", "2011-12-31": "150", "2011-09-30": "154", "2011-06-30": "157", "2011-03-31": "158", "2010-12-31": "158", "2010-09-30": "157", "2010-06-30": "155", "2010-03-31": "156", "2009-12-31": "154", "2009-09-30": "154", "2009-06-30": "154", "2009-03-31": "155", "2008-12-31": "155", "2008-09-30": "154", "2008-06-30": "157", "2008-03-31": "157", "2007-12-31": "157", "2007-09-30": "158", "2007-06-30": "157", "2007-03-31": "154", "2006-12-31": "156", "2006-09-30": "156", "2006-06-30": "154", "2006-03-31": "155", "2005-12-31": "154", "2005-09-30": "153", "2005-06-30": "150", "2005-03-31": "151"}}, "total-assets": {"ResMed Annual Total Assets (Millions of US $)": {"2020": "$4,587", "2019": "$4,108", "2018": "$3,064", "2017": "$3,468", "2016": "$3,257", "2015": "$2,182", "2014": "$2,361", "2013": "$2,211", "2012": "$2,138", "2011": "$2,069", "2010": "$1,626", "2009": "$1,508", "2008": "$1,406", "2007": "$1,252", "2006": "$1,013", "2005": "$774"}, "ResMed Quarterly Total Assets (Millions of US $)": {"2020-12-31": "$4,573", "2020-09-30": "$4,621", "2020-06-30": "$4,587", "2020-03-31": "$4,511", "2019-12-31": "$4,354", "2019-09-30": "$4,155", "2019-06-30": "$4,108", "2019-03-31": "$4,099", "2018-12-31": "$3,860", "2018-09-30": "$3,068", "2018-06-30": "$3,064", "2018-03-31": "$3,534", "2017-12-31": "$3,564", "2017-09-30": "$3,490", "2017-06-30": "$3,468", "2017-03-31": "$3,423", "2016-12-31": "$3,323", "2016-09-30": "$3,322", "2016-06-30": "$3,257", "2016-03-31": "$2,445", "2015-12-31": "$2,239", "2015-09-30": "$2,255", "2015-06-30": "$2,182", "2015-03-31": "$2,278", "2014-12-31": "$2,327", "2014-09-30": "$2,309", "2014-06-30": "$2,361", "2014-03-31": "$2,365", "2013-12-31": "$2,346", "2013-09-30": "$2,335", "2013-06-30": "$2,211", "2013-03-31": "$2,375", "2012-12-31": "$2,330", "2012-09-30": "$2,245", "2012-06-30": "$2,138", "2012-03-31": "$2,129", "2011-12-31": "$2,041", "2011-09-30": "$1,935", "2011-06-30": "$2,069", "2011-03-31": "$1,962", "2010-12-31": "$1,884", "2010-09-30": "$1,792", "2010-06-30": "$1,626", "2010-03-31": "$1,713", "2009-12-31": "$1,621", "2009-09-30": "$1,620", "2009-06-30": "$1,508", "2009-03-31": "$1,326", "2008-12-31": "$1,307", "2008-09-30": "$1,293", "2008-06-30": "$1,406", "2008-03-31": "$1,366", "2007-12-31": "$1,319", "2007-09-30": "$1,288", "2007-06-30": "$1,252", "2007-03-31": "$1,192", "2006-12-31": "$1,132", "2006-09-30": "$1,031", "2006-06-30": "$1,013", "2006-03-31": "$899", "2005-12-31": "$860", "2005-09-30": "$816", "2005-06-30": "$774", "2005-03-31": "$674"}}, "cash-on-hand": {"ResMed Annual Cash on Hand (Millions of US $)": {"2020": "$463", "2019": "$147", "2018": "$189", "2017": "$822", "2016": "$731", "2015": "$717", "2014": "$906", "2013": "$876", "2012": "$810", "2011": "$735", "2010": "$489", "2009": "$416", "2008": "$321", "2007": "$278", "2006": "$220", "2005": "$142"}, "ResMed Quarterly Cash on Hand (Millions of US $)": {"2020-12-31": "$256", "2020-09-30": "$421", "2020-06-30": "$463", "2020-03-31": "$353", "2019-12-31": "$204", "2019-09-30": "$172", "2019-06-30": "$147", "2019-03-31": "$147", "2018-12-31": "$149", "2018-09-30": "$230", "2018-06-30": "$189", "2018-03-31": "$704", "2017-12-31": "$859", "2017-09-30": "$811", "2017-06-30": "$822", "2017-03-31": "$827", "2016-12-31": "$788", "2016-09-30": "$782", "2016-06-30": "$731", "2016-03-31": "$718", "2015-12-31": "$659", "2015-09-30": "$822", "2015-06-30": "$717", "2015-03-31": "$866", "2014-12-31": "$881", "2014-09-30": "$882", "2014-06-30": "$906", "2014-03-31": "$939", "2013-12-31": "$973", "2013-09-30": "$977", "2013-06-30": "$876", "2013-03-31": "$1,013", "2012-12-31": "$958", "2012-09-30": "$891", "2012-06-30": "$810", "2012-03-31": "$776", "2011-12-31": "$723", "2011-09-30": "$610", "2011-06-30": "$735", "2011-03-31": "$672", "2010-12-31": "$616", "2010-09-30": "$540", "2010-06-30": "$489", "2010-03-31": "$525", "2009-12-31": "$455", "2009-09-30": "$482", "2009-06-30": "$416", "2009-03-31": "$327", "2008-12-31": "$320", "2008-09-30": "$302", "2008-06-30": "$321", "2008-03-31": "$307", "2007-12-31": "$289", "2007-09-30": "$278", "2007-06-30": "$278", "2007-03-31": "$260", "2006-12-31": "$255", "2006-09-30": "$221", "2006-06-30": "$220", "2006-03-31": "$168", "2005-12-31": "$143", "2005-09-30": "$134", "2005-06-30": "$142", "2005-03-31": "$175"}}, "long-term-debt": {"ResMed Annual Long Term Debt (Millions of US $)": {"2020": "$1,164", "2019": "$1,259", "2018": "$270", "2017": "$1,079", "2016": "$873", "2015": "$301", "2014": "$301", "2013": "$1", "2012": "$251", "2011": "$100", "2010": "$", "2009": "$94", "2008": "$94", "2007": "$88", "2006": "$116", "2005": "$59"}, "ResMed Quarterly Long Term Debt (Millions of US $)": {"2020-12-31": "$814", "2020-09-30": "$1,044", "2020-06-30": "$1,164", "2020-03-31": "$1,365", "2019-12-31": "$1,288", "2019-09-30": "$1,208", "2019-06-30": "$1,259", "2019-03-31": "$1,323", "2018-12-31": "$1,186", "2018-09-30": "$518", "2018-06-30": "$270", "2018-03-31": "$810", "2017-12-31": "", "2017-09-30": "$1,019", "2017-06-30": "$1,079", "2017-03-31": "$1,168", "2016-12-31": "$869", "2016-09-30": "$874", "2016-06-30": "$873", "2016-03-31": "$436", "2015-12-31": "$401", "2015-09-30": "$501", "2015-06-30": "$301", "2015-03-31": "$461", "2014-12-31": "$450", "2014-09-30": "$376", "2014-06-30": "$301", "2014-03-31": "$396", "2013-12-31": "$436", "2013-09-30": "$1", "2013-06-30": "$1", "2013-03-31": "$1", "2012-12-31": "$301", "2012-09-30": "$266", "2012-06-30": "$251", "2012-03-31": "$235", "2011-12-31": "$225", "2011-09-30": "$130", "2011-06-30": "$100", "2011-03-31": "$80", "2010-12-31": "", "2010-09-30": "", "2010-06-30": "", "2010-03-31": "$29", "2009-12-31": "$95", "2009-09-30": "$95", "2009-06-30": "$94", "2009-03-31": "$93", "2008-12-31": "$85", "2008-09-30": "$108", "2008-06-30": "$94", "2008-03-31": "$116", "2007-12-31": "$107", "2007-09-30": "$91", "2007-06-30": "$88", "2007-03-31": "$96", "2006-12-31": "$95", "2006-09-30": "$115", "2006-06-30": "$116", "2006-03-31": "$94", "2005-12-31": "$58", "2005-09-30": "$59", "2005-06-30": "$59", "2005-03-31": "$113"}}, "total-liabilities": {"ResMed Annual Total Liabilities (Millions of US $)": {"2020": "$2,090", "2019": "$2,035", "2018": "$1,005", "2017": "$1,508", "2016": "$1,562", "2015": "$594", "2014": "$603", "2013": "$600", "2012": "$530", "2011": "$338", "2010": "$339", "2009": "$393", "2008": "$324", "2007": "$321", "2006": "$275", "2005": "$300"}, "ResMed Quarterly Total Liabilities (Millions of US $)": {"2020-12-31": "$1,708", "2020-09-30": "$1,942", "2020-06-30": "$2,090", "2020-03-31": "$2,254", "2019-12-31": "$2,096", "2019-09-30": "$2,037", "2019-06-30": "$2,035", "2019-03-31": "$2,077", "2018-12-31": "$1,904", "2018-09-30": "$1,167", "2018-06-30": "$1,005", "2018-03-31": "$1,467", "2017-12-31": "$1,544", "2017-09-30": "$1,440", "2017-06-30": "$1,508", "2017-03-31": "$1,568", "2016-12-31": "$1,612", "2016-09-30": "$1,550", "2016-06-30": "$1,562", "2016-03-31": "$771", "2015-12-31": "$715", "2015-09-30": "$794", "2015-06-30": "$594", "2015-03-31": "$742", "2014-12-31": "$738", "2014-09-30": "$656", "2014-06-30": "$603", "2014-03-31": "$674", "2013-12-31": "$707", "2013-09-30": "$642", "2013-06-30": "$600", "2013-03-31": "$607", "2012-12-31": "$579", "2012-09-30": "$546", "2012-06-30": "$530", "2012-03-31": "$520", "2011-12-31": "$480", "2011-09-30": "$386", "2011-06-30": "$338", "2011-03-31": "$299", "2010-12-31": "$273", "2010-09-30": "$315", "2010-06-30": "$339", "2010-03-31": "$381", "2009-12-31": "$364", "2009-09-30": "$417", "2009-06-30": "$393", "2009-03-31": "$353", "2008-12-31": "$344", "2008-09-30": "$318", "2008-06-30": "$324", "2008-03-31": "$296", "2007-12-31": "$305", "2007-09-30": "$306", "2007-06-30": "$321", "2007-03-31": "$319", "2006-12-31": "$282", "2006-09-30": "$260", "2006-06-30": "$275", "2006-03-31": "$225", "2005-12-31": "$335", "2005-09-30": "$311", "2005-06-30": "$300", "2005-03-31": "$210"}}, "total-share-holder-equity": {"ResMed Annual Share Holder Equity (Millions of US $)": {"2020": "$2,497", "2019": "$2,072", "2018": "$2,059", "2017": "$1,960", "2016": "$1,695", "2015": "$1,587", "2014": "$1,758", "2013": "$1,611", "2012": "$1,608", "2011": "$1,731", "2010": "$1,288", "2009": "$1,115", "2008": "$1,082", "2007": "$931", "2006": "$738", "2005": "$474"}, "ResMed Quarterly Share Holder Equity (Millions of US $)": {"2020-12-31": "$2,865", "2020-09-30": "$2,679", "2020-06-30": "$2,497", "2020-03-31": "$2,256", "2019-12-31": "$2,258", "2019-09-30": "$2,117", "2019-06-30": "$2,072", "2019-03-31": "$2,021", "2018-12-31": "$1,956", "2018-09-30": "$1,900", "2018-06-30": "$2,059", "2018-03-31": "$2,067", "2017-12-31": "$2,020", "2017-09-30": "$2,050", "2017-06-30": "$1,960", "2017-03-31": "$1,855", "2016-12-31": "$1,710", "2016-09-30": "$1,773", "2016-06-30": "$1,695", "2016-03-31": "$1,673", "2015-12-31": "$1,524", "2015-09-30": "$1,461", "2015-06-30": "$1,587", "2015-03-31": "$1,536", "2014-12-31": "$1,588", "2014-09-30": "$1,653", "2014-06-30": "$1,758", "2014-03-31": "$1,691", "2013-12-31": "$1,639", "2013-09-30": "$1,693", "2013-06-30": "$1,611", "2013-03-31": "$1,768", "2012-12-31": "$1,752", "2012-09-30": "$1,699", "2012-06-30": "$1,608", "2012-03-31": "$1,609", "2011-12-31": "$1,561", "2011-09-30": "$1,549", "2011-06-30": "$1,731", "2011-03-31": "$1,663", "2010-12-31": "$1,611", "2010-09-30": "$1,477", "2010-06-30": "$1,288", "2010-03-31": "$1,332", "2009-12-31": "$1,258", "2009-09-30": "$1,203", "2009-06-30": "$1,115", "2009-03-31": "$972", "2008-12-31": "$964", "2008-09-30": "$974", "2008-06-30": "$1,082", "2008-03-31": "$1,069", "2007-12-31": "$1,015", "2007-09-30": "$982", "2007-06-30": "$931", "2007-03-31": "$873", "2006-12-31": "$851", "2006-09-30": "$771", "2006-06-30": "$738", "2006-03-31": "$674", "2005-12-31": "$525", "2005-09-30": "$505", "2005-06-30": "$474", "2005-03-31": "$464"}}, "profit-margins": {"current": "22.6%"}, "gross margin": {"2020-12-31": "58.23%", "2020-09-30": "58.31%", "2020-06-30": "58.12%", "2020-03-31": "57.56%", "2019-12-31": "57.29%", "2019-09-30": "57.17%", "2019-06-30": "57.33%", "2019-03-31": "56.79%", "2018-12-31": "56.90%", "2018-09-30": "57.05%", "2018-06-30": "57.03%", "2018-03-31": "58.22%", "2017-12-31": "58.29%", "2017-09-30": "58.31%", "2017-06-30": "58.18%", "2017-03-31": "58.14%", "2016-12-31": "57.88%", "2016-09-30": "57.95%", "2016-06-30": "57.99%", "2016-03-31": "57.78%", "2015-12-31": "58.32%", "2015-09-30": "59.18%", "2015-06-30": "60.19%", "2015-03-31": "61.71%", "2014-12-31": "62.69%", "2014-09-30": "63.35%", "2014-06-30": "63.67%", "2014-03-31": "63.60%", "2013-12-31": "63.34%", "2013-09-30": "62.58%", "2013-06-30": "62.07%", "2013-03-31": "61.58%", "2012-12-31": "61.06%", "2012-09-30": "60.55%", "2012-06-30": "59.90%", "2012-03-31": "59.22%", "2011-12-31": "58.79%", "2011-09-30": "59.01%", "2011-06-30": "59.69%", "2011-03-31": "60.18%", "2010-12-31": "60.57%", "2010-09-30": "60.28%", "2010-06-30": "60.02%", "2010-03-31": "60.59%", "2009-12-31": "60.88%", "2009-09-30": "60.74%", "2009-06-30": "60.15%", "2009-03-31": "58.74%", "2008-12-31": "58.45%", "2008-09-30": "58.64%", "2008-06-30": "59.09%", "2008-03-31": "60.23%", "2007-12-31": "52.95%", "2007-09-30": "53.52%", "2007-06-30": "53.63%", "2007-03-31": "53.30%", "2006-12-31": "61.93%", "2006-09-30": "61.90%", "2006-06-30": "62.21%", "2006-03-31": "63.04%", "2005-12-31": "63.64%"}, "operating margin": {"2020-12-31": "28.47%", "2020-09-30": "28.28%", "2020-06-30": "27.40%", "2020-03-31": "24.49%", "2019-12-31": "23.24%", "2019-09-30": "22.45%", "2019-06-30": "22.22%", "2019-03-31": "23.96%", "2018-12-31": "23.79%", "2018-09-30": "23.83%", "2018-06-30": "23.15%", "2018-03-31": "22.96%", "2017-12-31": "22.45%", "2017-09-30": "20.89%", "2017-06-30": "20.57%", "2017-03-31": "20.56%", "2016-12-31": "21.04%", "2016-09-30": "22.45%", "2016-06-30": "23.32%", "2016-03-31": "23.11%", "2015-12-31": "23.65%", "2015-09-30": "24.15%", "2015-06-30": "24.43%", "2015-03-31": "24.88%", "2014-12-31": "25.19%", "2014-09-30": "25.55%", "2014-06-30": "26.05%", "2014-03-31": "25.27%", "2013-12-31": "24.92%", "2013-09-30": "24.19%", "2013-06-30": "23.35%", "2013-03-31": "24.30%", "2012-12-31": "23.57%", "2012-09-30": "22.53%", "2012-06-30": "21.55%", "2012-03-31": "20.31%", "2011-12-31": "19.88%", "2011-09-30": "20.53%", "2011-06-30": "21.48%", "2011-03-31": "22.55%", "2010-12-31": "22.95%", "2010-09-30": "22.52%", "2010-06-30": "22.05%", "2010-03-31": "21.84%", "2009-12-31": "22.16%", "2009-09-30": "21.79%", "2009-06-30": "20.74%", "2009-03-31": "18.81%", "2008-12-31": "17.34%", "2008-09-30": "17.05%", "2008-06-30": "17.11%", "2008-03-31": "17.93%", "2007-12-31": "10.88%", "2007-09-30": "11.79%", "2007-06-30": "12.57%", "2007-03-31": "13.22%", "2006-12-31": "22.37%", "2006-09-30": "22.08%", "2006-06-30": "21.78%", "2006-03-31": "21.07%", "2005-12-31": "21.34%"}, "ebitda margin": {"2020-12-31": "34.62%", "2020-09-30": "34.46%", "2020-06-30": "33.53%", "2020-03-31": "30.65%", "2019-12-31": "29.49%", "2019-09-30": "28.57%", "2019-06-30": "28.05%", "2019-03-31": "29.54%", "2018-12-31": "29.04%", "2018-09-30": "28.90%", "2018-06-30": "28.28%", "2018-03-31": "28.10%", "2017-12-31": "27.73%", "2017-09-30": "26.31%", "2017-06-30": "26.09%", "2017-03-31": "26.08%", "2016-12-31": "26.27%", "2016-09-30": "27.52%", "2016-06-30": "27.99%", "2016-03-31": "27.40%", "2015-12-31": "27.90%", "2015-09-30": "28.36%", "2015-06-30": "28.72%", "2015-03-31": "29.45%", "2014-12-31": "29.76%", "2014-09-30": "30.25%", "2014-06-30": "30.80%", "2014-03-31": "30.03%", "2013-12-31": "29.98%", "2013-09-30": "29.27%", "2013-06-30": "28.56%", "2013-03-31": "29.80%", "2012-12-31": "29.14%", "2012-09-30": "28.55%", "2012-06-30": "27.76%", "2012-03-31": "26.44%", "2011-12-31": "26.02%", "2011-09-30": "26.33%", "2011-06-30": "27.11%", "2011-03-31": "28.08%", "2010-12-31": "28.47%", "2010-09-30": "28.10%", "2010-06-30": "27.63%", "2010-03-31": "27.64%", "2009-12-31": "27.84%", "2009-09-30": "27.37%", "2009-06-30": "26.49%", "2009-03-31": "24.78%", "2008-12-31": "23.76%", "2008-09-30": "23.85%", "2008-06-30": "24.16%", "2008-03-31": "25.00%", "2007-12-31": "17.82%", "2007-09-30": "18.70%", "2007-06-30": "19.27%", "2007-03-31": "19.83%", "2006-12-31": "29.04%", "2006-09-30": "28.77%", "2006-06-30": "28.55%", "2006-03-31": "28.04%", "2005-12-31": "28.46%"}, "pre tax profit margin": {"2020-12-31": "26.88%", "2020-09-30": "26.40%", "2020-06-30": "24.83%", "2020-03-31": "21.38%", "2019-12-31": "20.26%", "2019-09-30": "19.67%", "2019-06-30": "19.92%", "2019-03-31": "22.34%", "2018-12-31": "22.65%", "2018-09-30": "22.95%", "2018-06-30": "22.26%", "2018-03-31": "22.08%", "2017-12-31": "21.86%", "2017-09-30": "20.42%", "2017-06-30": "20.28%", "2017-03-31": "20.41%", "2016-12-31": "21.09%", "2016-09-30": "22.87%", "2016-06-30": "23.86%", "2016-03-31": "24.01%", "2015-12-31": "24.74%", "2015-09-30": "25.32%", "2015-06-30": "25.98%", "2015-03-31": "26.77%", "2014-12-31": "27.10%", "2014-09-30": "27.33%", "2014-06-30": "27.72%", "2014-03-31": "26.50%", "2013-12-31": "26.41%", "2013-09-30": "25.81%", "2013-06-30": "25.40%", "2013-03-31": "26.88%", "2012-12-31": "25.87%", "2012-09-30": "25.61%", "2012-06-30": "24.25%", "2012-03-31": "23.15%", "2011-12-31": "22.79%", "2011-09-30": "22.96%", "2011-06-30": "24.46%", "2011-03-31": "25.06%", "2010-12-31": "25.54%", "2010-09-30": "24.82%", "2010-06-30": "23.88%", "2010-03-31": "23.84%", "2009-12-31": "23.65%", "2009-09-30": "23.26%", "2009-06-30": "21.93%", "2009-03-31": "20.13%", "2008-12-31": "19.37%", "2008-09-30": "18.89%", "2008-06-30": "19.02%", "2008-03-31": "19.82%", "2007-12-31": "12.06%", "2007-09-30": "12.87%", "2007-06-30": "13.55%", "2007-03-31": "13.79%", "2006-12-31": "22.96%", "2006-09-30": "22.71%", "2006-06-30": "22.11%", "2006-03-31": "21.07%", "2005-12-31": "21.15%"}, "net profit margin": {"2020-12-31": "22.61%", "2020-09-30": "22.46%", "2020-06-30": "21.04%", "2020-03-31": "17.74%", "2019-12-31": "16.34%", "2019-09-30": "15.52%", "2019-06-30": "15.54%", "2019-03-31": "17.66%", "2018-12-31": "18.37%", "2018-09-30": "13.97%", "2018-06-30": "13.50%", "2018-03-31": "13.54%", "2017-12-31": "13.02%", "2017-09-30": "16.61%", "2017-06-30": "16.60%", "2017-03-31": "15.98%", "2016-12-31": "16.62%", "2016-09-30": "18.28%", "2016-06-30": "19.18%", "2016-03-31": "20.12%", "2015-12-31": "20.49%", "2015-09-30": "20.58%", "2015-06-30": "20.98%", "2015-03-31": "21.52%", "2014-12-31": "21.78%", "2014-09-30": "22.07%", "2014-06-30": "22.25%", "2014-03-31": "21.29%", "2013-12-31": "21.16%", "2013-09-30": "20.66%", "2013-06-30": "20.25%", "2013-03-31": "21.11%", "2012-12-31": "20.24%", "2012-09-30": "19.80%", "2012-06-30": "18.70%", "2012-03-31": "17.70%", "2011-12-31": "17.27%", "2011-09-30": "17.24%", "2011-06-30": "18.18%", "2011-03-31": "18.52%", "2010-12-31": "18.72%", "2010-09-30": "18.17%", "2010-06-30": "17.38%", "2010-03-31": "17.28%", "2009-12-31": "17.17%", "2009-09-30": "16.84%", "2009-06-30": "15.85%", "2009-03-31": "14.49%", "2008-12-31": "13.74%", "2008-09-30": "13.25%", "2008-06-30": "13.28%", "2008-03-31": "13.76%", "2007-12-31": "8.39%", "2007-09-30": "8.94%", "2007-06-30": "9.36%", "2007-03-31": "8.91%", "2006-12-31": "15.26%", "2006-09-30": "14.93%", "2006-06-30": "14.36%", "2006-03-31": "14.29%", "2005-12-31": "14.23%"}, "pe ratio": {"current": "37.71", "2021-02-11": "41.86", "2020-12-31": "44.29", "2020-09-30": "36.65", "2020-06-30": "44.70", "2020-03-31": "41.38", "2019-12-31": "48.84", "2019-09-30": "45.98", "2019-06-30": "43.01", "2019-03-31": "33.31", "2018-12-31": "35.99", "2018-09-30": "48.70", "2018-06-30": "46.18", "2018-03-31": "44.76", "2017-12-31": "41.04", "2017-09-30": "30.07", "2017-06-30": "31.03", "2017-03-31": "30.04", "2016-12-31": "25.66", "2016-09-30": "25.53", "2016-06-30": "24.49", "2016-03-31": "22.10", "2015-12-31": "20.33", "2015-09-30": "19.20", "2015-06-30": "21.03", "2015-03-31": "26.65", "2014-12-31": "20.81", "2014-09-30": "18.49", "2014-06-30": "19.06", "2014-03-31": "17.54", "2013-12-31": "18.79", "2013-09-30": "21.65", "2013-06-30": "19.02", "2013-03-31": "19.20", "2012-12-31": "18.36", "2012-09-30": "18.83", "2012-06-30": "15.80", "2012-03-31": "17.26", "2011-12-31": "15.15", "2011-09-30": "17.79", "2011-06-30": "18.72", "2011-03-31": "18.53", "2010-12-31": "21.79", "2010-09-30": "21.73", "2010-06-30": "21.53", "2010-03-31": "23.39", "2009-12-31": "20.24", "2009-09-30": "18.84", "2009-06-30": "18.67", "2009-03-31": "18.21", "2008-12-31": "20.93", "2008-09-30": "25.65", "2008-06-30": "22.08", "2008-03-31": "26.62", "2007-12-31": "57.20", "2007-09-30": "44.99", "2007-06-30": "42.79", "2007-03-31": "55.54", "2006-12-31": "32.24"}, "price sales": {"2021-02-11": "9.47", "2020-12-31": "10.02", "2020-09-30": "8.22", "2020-06-30": "9.39", "2020-03-31": "7.34", "2019-12-31": "7.98", "2019-09-30": "7.14", "2019-06-30": "6.67", "2019-03-31": "5.86", "2018-12-31": "6.57", "2018-09-30": "6.76", "2018-06-30": "6.22", "2018-03-31": "6.05", "2017-12-31": "5.35", "2017-09-30": "4.99", "2017-06-30": "5.15", "2017-03-31": "4.82", "2016-12-31": "4.25", "2016-09-30": "4.58", "2016-06-30": "4.58", "2016-03-31": "4.33", "2015-12-31": "4.09", "2015-09-30": "3.93", "2015-06-30": "4.41", "2015-03-31": "5.74", "2014-12-31": "4.53", "2014-09-30": "4.08", "2014-06-30": "4.25", "2014-03-31": "3.75", "2013-12-31": "3.99", "2013-09-30": "4.49", "2013-06-30": "3.86", "2013-03-31": "4.09", "2012-12-31": "3.74", "2012-09-30": "3.76", "2012-06-30": "2.98", "2012-03-31": "3.05", "2011-12-31": "2.62", "2011-09-30": "3.08", "2011-06-30": "3.41", "2011-03-31": "3.43", "2010-12-31": "4.07", "2010-09-30": "3.94", "2010-06-30": "3.75", "2010-03-31": "4.07", "2009-12-31": "3.50", "2009-09-30": "3.20", "2009-06-30": "2.98", "2009-03-31": "2.64", "2008-12-31": "2.87", "2008-09-30": "3.38", "2008-06-30": "2.93", "2008-03-31": "3.65", "2007-12-31": "4.69", "2007-09-30": "3.95", "2007-06-30": "3.91", "2007-03-31": "4.89", "2006-12-31": "4.93"}, "price book": {"current": "10.15", "2021-02-11": "10.18", "2020-12-31": "10.77", "2020-09-30": "9.24", "2020-06-30": "11.07", "2020-03-31": "9.37", "2019-12-31": "9.82", "2019-09-30": "9.05", "2019-06-30": "8.35", "2019-03-31": "7.28", "2018-12-31": "8.20", "2018-09-30": "8.47", "2018-06-30": "7.01", "2018-03-31": "6.61", "2017-12-31": "5.81", "2017-09-30": "5.16", "2017-06-30": "5.42", "2017-03-31": "5.26", "2016-12-31": "4.89", "2016-09-30": "4.87", "2016-06-30": "4.94", "2016-03-31": "4.54", "2015-12-31": "4.59", "2015-09-30": "4.51", "2015-06-30": "4.60", "2015-03-31": "6.04", "2014-12-31": "4.52", "2014-09-30": "3.78", "2014-06-30": "3.65", "2014-03-31": "3.33", "2013-12-31": "3.64", "2013-09-30": "3.94", "2013-06-30": "3.52", "2013-03-31": "3.30", "2012-12-31": "2.99", "2012-09-30": "2.98", "2012-06-30": "2.40", "2012-03-31": "2.40", "2011-12-31": "2.05", "2011-09-30": "2.39", "2011-06-30": "2.36", "2011-03-31": "2.40", "2010-12-31": "2.87", "2010-09-30": "2.94", "2010-06-30": "3.11", "2010-03-31": "3.15", "2009-12-31": "2.72", "2009-09-30": "2.45", "2009-06-30": "2.39", "2009-03-31": "2.39", "2008-12-31": "2.57", "2008-09-30": "2.91", "2008-06-30": "2.19", "2008-03-31": "2.65", "2007-12-31": "3.50", "2007-09-30": "2.95", "2007-06-30": "3.00", "2007-03-31": "3.89", "2006-12-31": "3.86", "2006-09-30": "3.45", "2006-06-30": "4.07", "2006-03-31": "4.28"}, "price fcf": {"2021-02-11": "", "2020-12-31": "$5.40", "2020-09-30": "$4.78", "2020-06-30": "$4.85", "2020-03-31": "$3.53", "2019-12-31": "$2.96", "2019-09-30": "$3.42", "2019-06-30": "$2.70", "2019-03-31": "$2.65", "2018-12-31": "$2.73", "2018-09-30": "$2.77", "2018-06-30": "$3.07", "2018-03-31": "$3.16", "2017-12-31": "$2.58", "2017-09-30": "$2.51", "2017-06-30": "$2.47", "2017-03-31": "$2.51", "2016-12-31": "$2.94", "2016-09-30": "$3.20", "2016-06-30": "$3.45", "2016-03-31": "$3.17", "2015-12-31": "$2.94", "2015-09-30": "$2.55", "2015-06-30": "$2.25", "2015-03-31": "$2.29", "2014-12-31": "$2.33", "2014-09-30": "$2.16", "2014-06-30": "$2.21", "2014-03-31": "$2.28", "2013-12-31": "$2.28", "2013-09-30": "$2.38", "2013-06-30": "$2.32", "2013-03-31": "$2.12", "2012-12-31": "$2.06", "2012-09-30": "$2.19", "2012-06-30": "$2.25", "2012-03-31": "$2.07", "2011-12-31": "$1.95", "2011-09-30": "$1.60", "2011-06-30": "$1.38", "2011-03-31": "$1.29", "2010-12-31": "$1.14", "2010-09-30": "$0.80", "2010-06-30": "$0.85", "2010-03-31": "$0.86", "2009-12-31": "$0.75", "2009-09-30": "$0.96", "2009-06-30": "$0.85", "2009-03-31": "$0.80", "2008-12-31": "$0.91", "2008-09-30": "$0.71", "2008-06-30": "$0.55", "2008-03-31": "$0.37", "2007-12-31": "$0.14", "2007-09-30": "$0.16", "2007-06-30": "$0.09", "2007-03-31": "$0.10", "2006-12-31": "$-0.03"}, "net worth": {"value": "$29.08B"}, "current ratio": {"current": "2.51", "2020-12-31": "2.51", "2020-09-30": "2.61", "2020-06-30": "2.53", "2020-03-31": "2.67", "2019-12-31": "2.60", "2019-09-30": "2.11", "2019-06-30": "2.06", "2019-03-31": "2.38", "2018-12-31": "2.44", "2018-09-30": "2.58", "2018-06-30": "2.09", "2018-03-31": "3.48", "2017-12-31": "1.29", "2017-09-30": "4.72", "2017-06-30": "4.57", "2017-03-31": "4.77", "2016-12-31": "2.23", "2016-09-30": "2.38", "2016-06-30": "2.23", "2016-03-31": "4.89", "2015-12-31": "5.09", "2015-09-30": "5.96", "2015-06-30": "5.28", "2015-03-31": "6.06", "2014-12-31": "6.00", "2014-09-30": "6.04", "2014-06-30": "5.77", "2014-03-31": "6.33", "2013-12-31": "6.44", "2013-09-30": "2.55", "2013-06-30": "2.52", "2013-03-31": "2.72", "2012-12-31": "6.09", "2012-09-30": "5.73", "2012-06-30": "5.38", "2012-03-31": "5.15", "2011-12-31": "5.46", "2011-09-30": "5.06", "2011-06-30": "6.19", "2011-03-31": "6.28", "2010-12-31": "4.64", "2010-09-30": "3.73", "2010-06-30": "3.15", "2010-03-31": "3.17", "2009-12-31": "3.86", "2009-09-30": "3.22", "2009-06-30": "3.17", "2009-03-31": "3.19", "2008-12-31": "3.16", "2008-09-30": "3.90", "2008-06-30": "3.84", "2008-03-31": "5.06", "2007-12-31": "4.24", "2007-09-30": "3.71", "2007-06-30": "3.30", "2007-03-31": "3.18", "2006-12-31": "3.61", "2006-09-30": "4.27", "2006-06-30": "3.95", "2006-03-31": "3.91", "2005-12-31": "1.57", "2005-09-30": "1.61", "2005-06-30": "1.65", "2005-03-31": "4.22"}, "quick ratio": {"2020-12-31": "1.69", "2020-09-30": "1.80", "2020-06-30": "1.84", "2020-03-31": "2.01", "2019-12-31": "1.85", "2019-09-30": "1.46", "2019-06-30": "1.43", "2019-03-31": "1.69", "2018-12-31": "1.76", "2018-09-30": "1.91", "2018-06-30": "1.56", "2018-03-31": "2.85", "2017-12-31": "1.08", "2017-09-30": "3.86", "2017-06-30": "3.82", "2017-03-31": "4.00", "2016-12-31": "1.86", "2016-09-30": "1.97", "2016-06-30": "1.87", "2016-03-31": "4.07", "2015-12-31": "4.19", "2015-09-30": "4.95", "2015-06-30": "4.36", "2015-03-31": "5.18", "2014-12-31": "5.16", "2014-09-30": "5.26", "2014-06-30": "5.16", "2014-03-31": "5.67", "2013-12-31": "5.71", "2013-09-30": "2.26", "2013-06-30": "2.27", "2013-03-31": "2.44", "2012-12-31": "5.32", "2012-09-30": "4.97", "2012-06-30": "4.69", "2012-03-31": "4.44", "2011-12-31": "4.65", "2011-09-30": "4.23", "2011-06-30": "5.23", "2011-03-31": "5.21", "2010-12-31": "3.77", "2010-09-30": "2.98", "2010-06-30": "2.56", "2010-03-31": "2.56", "2009-12-31": "3.10", "2009-09-30": "2.62", "2009-06-30": "2.59", "2009-03-31": "2.54", "2008-12-31": "2.52", "2008-09-30": "3.08", "2008-06-30": "3.02", "2008-03-31": "3.87", "2007-12-31": "3.22", "2007-09-30": "2.79", "2007-06-30": "2.53", "2007-03-31": "2.40", "2006-12-31": "2.74", "2006-09-30": "3.26", "2006-06-30": "3.05", "2006-03-31": "2.93", "2005-12-31": "1.15", "2005-09-30": "1.17", "2005-06-30": "1.24", "2005-03-31": "3.34"}, "debt equity ratio": {"current": "0.28", "2020-12-31": "0.60", "2020-09-30": "0.73", "2020-06-30": "0.84", "2020-03-31": "1.00", "2019-12-31": "0.93", "2019-09-30": "0.96", "2019-06-30": "0.98", "2019-03-31": "1.03", "2018-12-31": "0.97", "2018-09-30": "0.61", "2018-06-30": "0.49", "2018-03-31": "0.71", "2017-12-31": "0.77", "2017-09-30": "0.70", "2017-06-30": "0.77", "2017-03-31": "0.85", "2016-12-31": "0.94", "2016-09-30": "0.87", "2016-06-30": "0.92", "2016-03-31": "0.46", "2015-12-31": "0.47", "2015-09-30": "0.54", "2015-06-30": "0.38", "2015-03-31": "0.48", "2014-12-31": "0.47", "2014-09-30": "0.40", "2014-06-30": "0.34", "2014-03-31": "0.40", "2013-12-31": "0.43", "2013-09-30": "0.38", "2013-06-30": "0.37", "2013-03-31": "0.34", "2012-12-31": "0.33", "2012-09-30": "0.32", "2012-06-30": "0.33", "2012-03-31": "0.32", "2011-12-31": "0.31", "2011-09-30": "0.25", "2011-06-30": "0.20", "2011-03-31": "0.18", "2010-12-31": "0.17", "2010-09-30": "0.21", "2010-06-30": "0.26", "2010-03-31": "0.29", "2009-12-31": "0.29", "2009-09-30": "0.35", "2009-06-30": "0.35", "2009-03-31": "0.36", "2008-12-31": "0.36", "2008-09-30": "0.33", "2008-06-30": "0.30", "2008-03-31": "0.28", "2007-12-31": "0.30", "2007-09-30": "0.31", "2007-06-30": "0.35", "2007-03-31": "0.37", "2006-12-31": "0.33", "2006-09-30": "0.34", "2006-06-30": "0.37", "2006-03-31": "0.33", "2005-12-31": "0.64", "2005-09-30": "0.62", "2005-06-30": "0.63", "2005-03-31": "0.45"}, "return on equity": {"2020-12-31": "27.15%", "2020-09-30": "28.07%", "2020-06-30": "27.26%", "2020-03-31": "23.58%", "2019-12-31": "21.49%", "2019-09-30": "20.52%", "2019-06-30": "20.38%", "2019-03-31": "22.48%", "2018-12-31": "22.60%", "2018-09-30": "16.70%", "2018-06-30": "15.42%", "2018-03-31": "15.22%", "2017-12-31": "14.51%", "2017-09-30": "18.64%", "2017-06-30": "18.80%", "2017-03-31": "18.43%", "2016-12-31": "19.09%", "2016-09-30": "20.77%", "2016-06-30": "22.23%", "2016-03-31": "22.87%", "2015-12-31": "23.38%", "2015-09-30": "22.81%", "2015-06-30": "22.12%", "2015-03-31": "21.61%", "2014-12-31": "21.05%", "2014-09-30": "20.65%", "2014-06-30": "20.41%", "2014-03-31": "19.96%", "2013-12-31": "19.43%", "2013-09-30": "18.58%", "2013-06-30": "17.98%", "2013-03-31": "18.22%", "2012-12-31": "17.46%", "2012-09-30": "17.04%", "2012-06-30": "16.18%", "2012-03-31": "14.70%", "2011-12-31": "13.84%", "2011-09-30": "13.43%", "2011-06-30": "13.95%", "2011-03-31": "14.64%", "2010-12-31": "15.21%", "2010-09-30": "15.31%", "2010-06-30": "14.96%", "2010-03-31": "14.83%", "2009-12-31": "15.13%", "2009-09-30": "15.04%", "2009-06-30": "14.51%", "2009-03-31": "13.13%", "2008-12-31": "11.93%", "2008-09-30": "11.11%", "2008-06-30": "10.70%", "2008-03-31": "10.91%", "2007-12-31": "6.74%", "2007-09-30": "7.26%", "2007-06-30": "7.82%", "2007-03-31": "7.67%", "2006-12-31": "13.58%", "2006-09-30": "14.18%", "2006-06-30": "14.25%", "2006-03-31": "14.69%", "2005-12-31": "14.63%"}, "return on assets": {"2020-12-31": "15.29%", "2020-09-30": "15.05%", "2020-06-30": "14.13%", "2020-03-31": "11.98%", "2019-12-31": "10.89%", "2019-09-30": "10.33%", "2019-06-30": "10.70%", "2019-03-31": "12.66%", "2018-12-31": "13.34%", "2018-09-30": "10.16%", "2018-06-30": "9.26%", "2018-03-31": "8.76%", "2017-12-31": "8.20%", "2017-09-30": "10.30%", "2017-06-30": "10.14%", "2017-03-31": "9.73%", "2016-12-31": "10.59%", "2016-09-30": "12.29%", "2016-06-30": "13.85%", "2016-03-31": "15.66%", "2015-12-31": "15.95%", "2015-09-30": "15.57%", "2015-06-30": "15.48%", "2015-03-31": "15.22%", "2014-12-31": "15.04%", "2014-09-30": "14.84%", "2014-06-30": "14.71%", "2014-03-31": "14.30%", "2013-12-31": "14.07%", "2013-09-30": "13.71%", "2013-06-30": "13.40%", "2013-03-31": "13.69%", "2012-12-31": "13.16%", "2012-09-30": "12.91%", "2012-06-30": "12.42%", "2012-03-31": "11.60%", "2011-12-31": "11.24%", "2011-09-30": "11.21%", "2011-06-30": "11.73%", "2011-03-31": "12.17%", "2010-12-31": "12.37%", "2010-09-30": "12.14%", "2010-06-30": "11.55%", "2010-03-31": "11.27%", "2009-12-31": "11.33%", "2009-09-30": "11.11%", "2009-06-30": "10.75%", "2009-03-31": "9.83%", "2008-12-31": "9.08%", "2008-09-30": "8.54%", "2008-06-30": "8.25%", "2008-03-31": "8.34%", "2007-12-31": "5.07%", "2007-09-30": "5.43%", "2007-06-30": "5.82%", "2007-03-31": "5.68%", "2006-12-31": "10.11%", "2006-09-30": "10.10%", "2006-06-30": "9.70%", "2006-03-31": "9.56%", "2005-12-31": "9.22%"}, "return on investments": {"2020-12-31": "23.97%", "2020-09-30": "23.53%", "2020-06-30": "22.89%", "2020-03-31": "20.49%", "2019-12-31": "19.10%", "2019-09-30": "18.44%", "2019-06-30": "18.93%", "2019-03-31": "21.54%", "2018-12-31": "21.70%", "2018-09-30": "30.06%", "2018-06-30": "26.20%", "2018-03-31": "23.24%", "2017-12-31": "21.60%", "2017-09-30": "15.17%", "2017-06-30": "15.06%", "2017-03-31": "15.42%", "2016-12-31": "16.72%", "2016-09-30": "18.38%", "2016-06-30": "20.04%", "2016-03-31": "20.80%", "2015-12-31": "21.21%", "2015-09-30": "20.95%", "2015-06-30": "20.62%", "2015-03-31": "20.09%", "2014-12-31": "19.82%", "2014-09-30": "19.54%", "2014-06-30": "20.47%", "2014-03-31": "21.06%", "2013-12-31": "21.49%", "2013-09-30": "20.83%", "2013-06-30": "19.14%", "2013-03-31": "18.73%", "2012-12-31": "17.57%", "2012-09-30": "16.85%", "2012-06-30": "16.46%", "2012-03-31": "15.24%", "2011-12-31": "14.72%", "2011-09-30": "19.95%", "2011-06-30": "29.88%", "2011-03-31": "61.73%", "2010-12-31": "78.12%", "2010-09-30": "37.44%", "2010-06-30": "24.03%", "2010-03-31": "17.62%", "2009-12-31": "18.03%", "2009-09-30": "17.92%", "2009-06-30": "17.34%", "2009-03-31": "15.55%", "2008-12-31": "13.71%", "2008-09-30": "12.97%", "2008-06-30": "12.56%", "2008-03-31": "12.91%", "2007-12-31": "7.94%", "2007-09-30": "8.69%", "2007-06-30": "9.42%", "2007-03-31": "10.07%", "2006-12-31": "17.48%", "2006-09-30": "18.36%", "2006-06-30": "19.06%", "2006-03-31": "19.27%", "2005-12-31": "19.14%"}, "return on tangible equity": {"2020-12-31": "293.39%", "2020-09-30": "852.66%", "2020-06-30": "-946.01%", "2020-03-31": "-281.87%", "2019-12-31": "-170.25%", "2019-09-30": "-132.59%", "2019-06-30": "-288.26%", "2019-03-31": "343.74%", "2018-12-31": "105.44%", "2018-09-30": "49.72%", "2018-06-30": "42.66%", "2018-03-31": "43.66%", "2017-12-31": "43.98%", "2017-09-30": "61.79%", "2017-06-30": "69.33%", "2017-03-31": "77.10%", "2016-12-31": "58.26%", "2016-09-30": "47.48%", "2016-06-30": "38.68%", "2016-03-31": "31.11%", "2015-12-31": "30.24%", "2015-09-30": "28.55%", "2015-06-30": "27.58%", "2015-03-31": "26.87%", "2014-12-31": "26.20%", "2014-09-30": "25.73%", "2014-06-30": "25.44%", "2014-03-31": "24.97%", "2013-12-31": "24.20%", "2013-09-30": "23.05%", "2013-06-30": "22.30%", "2013-03-31": "22.55%", "2012-12-31": "21.72%", "2012-09-30": "21.30%", "2012-06-30": "20.34%", "2012-03-31": "18.29%", "2011-12-31": "17.03%", "2011-09-30": "16.33%", "2011-06-30": "16.82%", "2011-03-31": "17.73%", "2010-12-31": "18.53%", "2010-09-30": "18.91%", "2010-06-30": "18.64%", "2010-03-31": "18.73%", "2009-12-31": "19.42%", "2009-09-30": "19.60%", "2009-06-30": "19.20%", "2009-03-31": "17.62%", "2008-12-31": "16.14%", "2008-09-30": "15.06%", "2008-06-30": "14.56%", "2008-03-31": "14.89%", "2007-12-31": "9.26%", "2007-09-30": "10.08%", "2007-06-30": "11.02%", "2007-03-31": "11.04%", "2006-12-31": "19.96%", "2006-09-30": "21.88%", "2006-06-30": "23.22%", "2006-03-31": "25.62%", "2005-12-31": "25.17%"}, "dividend yield history": {"last payout": "$1.56", "last yield": "0.78%"}}