{"ticker": "ROK", "price": {"title": "Rockwell Automation Historical Annual Stock Price Data", "value": 242.89, "historical": {"2021": {"Average Stock Price": "254.8646", "Year Open": "246.4700", "Year High": "267.7000", "Year Low": "241.0500", "Year Close": "242.8900", "Annual % Change": "-3.16%"}, "2020": {"Average Stock Price": "211.9756", "Year Open": "205.6400", "Year High": "256.8100", "Year Low": "120.6800", "Year Close": "250.8100", "Annual % Change": "23.75%"}, "2019": {"Average Stock Price": "170.5920", "Year Open": "150.8700", "Year High": "205.4700", "Year Low": "144.5500", "Year Close": "202.6700", "Annual % Change": "34.68%"}, "2018": {"Average Stock Price": "177.2150", "Year Open": "197.6600", "Year High": "207.9200", "Year Low": "141.7700", "Year Close": "150.4800", "Annual % Change": "-23.36%"}, "2017": {"Average Stock Price": "166.1184", "Year Open": "138.5400", "Year High": "200.8300", "Year Low": "137.7400", "Year Close": "196.3500", "Annual % Change": "46.09%"}, "2016": {"Average Stock Price": "115.2827", "Year Open": "101.5200", "Year High": "139.5600", "Year Low": "89.7100", "Year Close": "134.4000", "Annual % Change": "30.98%"}, "2015": {"Average Stock Price": "112.7261", "Year Open": "111.0400", "Year High": "126.8900", "Year Low": "99.6200", "Year Close": "102.6100", "Annual % Change": "-7.72%"}, "2014": {"Average Stock Price": "117.2288", "Year Open": "116.3800", "Year High": "127.8300", "Year Low": "98.6000", "Year Close": "111.2000", "Annual % Change": "-5.89%"}, "2013": {"Average Stock Price": "96.0356", "Year Open": "86.0900", "Year High": "118.1600", "Year Low": "81.8100", "Year Close": "118.1600", "Annual % Change": "40.68%"}, "2012": {"Average Stock Price": "74.8138", "Year Open": "75.6600", "Year High": "84.5500", "Year Low": "61.5200", "Year Close": "83.9900", "Annual % Change": "14.47%"}, "2011": {"Average Stock Price": "76.3760", "Year Open": "75.1100", "Year High": "97.8400", "Year Low": "51.5400", "Year Close": "73.3700", "Annual % Change": "2.31%"}, "2010": {"Average Stock Price": "57.4006", "Year Open": "47.7300", "Year High": "72.4500", "Year Low": "46.0200", "Year Close": "71.7100", "Annual % Change": "52.64%"}, "2009": {"Average Stock Price": "34.9287", "Year Open": "34.0400", "Year High": "48.1500", "Year Low": "17.7300", "Year Close": "46.9800", "Annual % Change": "45.72%"}, "2008": {"Average Stock Price": "45.9906", "Year Open": "66.6800", "Year High": "66.8000", "Year Low": "22.6300", "Year Close": "32.2400", "Annual % Change": "-53.25%"}, "2007": {"Average Stock Price": "66.2755", "Year Open": "60.9300", "Year High": "75.5200", "Year Low": "57.6900", "Year Close": "68.9600", "Annual % Change": "12.90%"}, "2006": {"Average Stock Price": "65.6245", "Year Open": "59.8100", "Year High": "78.5500", "Year Low": "53.9000", "Year Close": "61.0800", "Annual % Change": "3.25%"}, "2005": {"Average Stock Price": "54.0559", "Year Open": "48.7500", "Year High": "62.3000", "Year Low": "45.7000", "Year Close": "59.1600", "Annual % Change": "19.39%"}, "2004": {"Average Stock Price": "37.1866", "Year Open": "34.7000", "Year High": "49.5500", "Year Low": "28.5700", "Year Close": "49.5500", "Annual % Change": "39.19%"}, "2003": {"Average Stock Price": "25.7742", "Year Open": "21.3800", "Year High": "35.8500", "Year Low": "19.1700", "Year Close": "35.6000", "Annual % Change": "71.90%"}, "2002": {"Average Stock Price": "19.1865", "Year Open": "17.9300", "Year High": "22.6600", "Year Low": "15.0200", "Year Close": "20.7100", "Annual % Change": "15.96%"}, "2001": {"Average Stock Price": "17.6007", "Year Open": "20.4711", "Year High": "21.6089", "Year Low": "12.2000", "Year Close": "17.8600", "Annual % Change": "-15.63%"}, "2000": {"Average Stock Price": "17.7211", "Year Open": "21.9467", "Year High": "23.0844", "Year Low": "12.5022", "Year Close": "21.1689", "Annual % Change": "-0.52%"}, "1999": {"Average Stock Price": "23.0699", "Year Open": "18.2800", "Year High": "28.3911", "Year Low": "18.1956", "Year Close": "21.2800", "Annual % Change": "-1.40%"}, "1998": {"Average Stock Price": "21.6593", "Year Open": "23.8889", "Year High": "27.0000", "Year Low": "14.5022", "Year Close": "21.5822", "Annual % Change": "-7.06%"}, "1997": {"Average Stock Price": "26.8724", "Year Open": "26.3333", "Year High": "31.3333", "Year Low": "19.9733", "Year Close": "23.2222", "Annual % Change": "-14.18%"}, "1996": {"Average Stock Price": "25.3404", "Year Open": "23.8889", "Year High": "28.6667", "Year Low": "22.1111", "Year Close": "27.0578", "Annual % Change": "15.13%"}, "1995": {"Average Stock Price": "19.5745", "Year Open": "15.7778", "Year High": "23.5022", "Year Low": "15.6133", "Year Close": "23.5022", "Annual % Change": "47.92%"}, "1994": {"Average Stock Price": "16.5657", "Year Open": "15.8889", "Year High": "19.5022", "Year Low": "15.0578", "Year Close": "15.8889", "Annual % Change": "-3.72%"}, "1993": {"Average Stock Price": "14.6496", "Year Open": "13.0000", "Year High": "17.1111", "Year Low": "12.5022", "Year Close": "16.5022", "Annual % Change": "28.03%"}, "1992": {"Average Stock Price": "11.3504", "Year Open": "11.7778", "Year High": "13.0000", "Year Low": "9.8889", "Year Close": "12.8889", "Annual % Change": "5.92%"}, "1991": {"Average Stock Price": "11.8954", "Year Open": "12.1111", "Year High": "13.0000", "Year Low": "10.3333", "Year Close": "12.1689", "Annual % Change": "-1.33%"}, "1990": {"Average Stock Price": "10.9794", "Year Open": "10.7778", "Year High": "12.6133", "Year Low": "9.2800", "Year Close": "12.3333", "Annual % Change": "16.84%"}, "1989": {"Average Stock Price": "9.9998", "Year Open": "9.7244", "Year High": "12.0533", "Year Low": "8.9422", "Year Close": "10.5556", "Annual % Change": "9.20%"}, "1988": {"Average Stock Price": "8.8306", "Year Open": "8.4444", "Year High": "10.2222", "Year Low": "7.2800", "Year Close": "9.6667", "Annual % Change": "14.47%"}, "1987": {"Average Stock Price": "11.1233", "Year Open": "10.0925", "Year High": "13.2222", "Year Low": "6.6133", "Year Close": "8.4444", "Annual % Change": "-14.04%"}, "1986": {"Average Stock Price": "9.1934", "Year Open": "7.7675", "Year High": "10.5537", "Year Low": "7.4428", "Year Close": "9.8241", "Annual % Change": "26.94%"}, "1985": {"Average Stock Price": "7.8757", "Year Open": "6.6028", "Year High": "9.0101", "Year Low": "6.4686", "Year Close": "7.7394", "Annual % Change": "17.68%"}, "1984": {"Average Stock Price": "6.1163", "Year Open": "7.1180", "Year High": "7.2523", "Year Low": "4.9792", "Year Close": "6.5768", "Annual % Change": "-7.94%"}, "1983": {"Average Stock Price": "6.2006", "Year Open": "4.6274", "Year High": "7.6593", "Year Low": "4.6274", "Year Close": "7.1440", "Annual % Change": "55.29%"}, "1982": {"Average Stock Price": "3.7057", "Year Open": "3.5179", "Year High": "4.8709", "Year Low": "2.7191", "Year Close": "4.6003", "Annual % Change": "29.77%"}}}, "market cap": {"value": "$28.21B"}, "income statement": {"Revenue": {"2020-09-30": "6329.80000", "2019-09-30": "6694.80000", "2018-09-30": "6666.00000", "2017-09-30": "6311.30000", "2016-09-30": "5879.50000", "2015-09-30": "6307.90000", "2014-09-30": "6623.50000", "2013-09-30": "6351.90000", "2012-09-30": "6259.40000", "2011-09-30": "6000.40000", "2010-09-30": "4857.00000", "2009-09-30": "4332.50000", "2008-09-30": "5697.80000", "2007-09-30": "5003.90000", "2006-09-30": "4556.40000", "2005-09-30": "4111.50000"}, "Cost Of Goods Sold": {"2020-09-30": "3734.60000", "2019-09-30": "3794.70000", "2018-09-30": "3781.10000", "2017-09-30": "3643.40000", "2016-09-30": "3404.00000", "2015-09-30": "3604.80000", "2014-09-30": "3869.60000", "2013-09-30": "3778.10000", "2012-09-30": "3736.70000", "2011-09-30": "3610.00000", "2010-09-30": "2920.60000", "2009-09-30": "2763.00000", "2008-09-30": "3357.10000", "2007-09-30": "2906.60000", "2006-09-30": "2656.40000", "2005-09-30": "2448.00000"}, "Gross Profit": {"2020-09-30": "2595.20000", "2019-09-30": "2900.10000", "2018-09-30": "2884.90000", "2017-09-30": "2667.90000", "2016-09-30": "2475.50000", "2015-09-30": "2703.10000", "2014-09-30": "2753.90000", "2013-09-30": "2573.80000", "2012-09-30": "2522.70000", "2011-09-30": "2390.40000", "2010-09-30": "1936.40000", "2009-09-30": "1569.50000", "2008-09-30": "2340.70000", "2007-09-30": "2097.30000", "2006-09-30": "1900.00000", "2005-09-30": "1663.50000"}, "Research And Development Expenses": {"2020-09-30": "", "2019-09-30": "", "2018-09-30": "", "2017-09-30": "", "2016-09-30": "", "2015-09-30": "", "2014-09-30": "", "2013-09-30": "", "2012-09-30": "", "2011-09-30": "", "2010-09-30": "", "2009-09-30": "", "2008-09-30": "", "2007-09-30": "", "2006-09-30": "", "2005-09-30": ""}, "SG&A Expenses": {"2020-09-30": "1479.80000", "2019-09-30": "1538.50000", "2018-09-30": "1587.90000", "2017-09-30": "1557.60000", "2016-09-30": "1467.40000", "2015-09-30": "1506.40000", "2014-09-30": "1570.10000", "2013-09-30": "1537.70000", "2012-09-30": "1491.70000", "2011-09-30": "1461.20000", "2010-09-30": "1323.30000", "2009-09-30": "1228.00000", "2008-09-30": "1482.10000", "2007-09-30": "1278.60000", "2006-09-30": "1141.00000", "2005-09-30": "997.40000"}, "Other Operating Income Or Expenses": {"2020-09-30": "124.20000", "2019-09-30": "-362.40000", "2018-09-30": "106.80000", "2017-09-30": "3.30000", "2016-09-30": "6.30000", "2015-09-30": "-5.50000", "2014-09-30": "9.70000", "2013-09-30": "5.70000", "2012-09-30": "-5.00000", "2011-09-30": "-2.10000", "2010-09-30": "-8.40000", "2009-09-30": "-6.70000", "2008-09-30": "18.50000", "2007-09-30": "33.30000", "2006-09-30": "33.40000", "2005-09-30": "9.60000"}, "Operating Expenses": {"2020-09-30": "5193.70000", "2019-09-30": "5793.80000", "2018-09-30": "5335.20000", "2017-09-30": "5273.90000", "2016-09-30": "4936.40000", "2015-09-30": "5180.40000", "2014-09-30": "5489.30000", "2013-09-30": "5371.00000", "2012-09-30": "5293.50000", "2011-09-30": "5132.80000", "2010-09-30": "4312.80000", "2009-09-30": "4058.60000", "2008-09-30": "4888.90000", "2007-09-30": "4215.30000", "2006-09-30": "3820.60000", "2005-09-30": "3481.60000"}, "Operating Income": {"2020-09-30": "1136.10000", "2019-09-30": "901.00000", "2018-09-30": "1330.80000", "2017-09-30": "1037.40000", "2016-09-30": "943.09960", "2015-09-30": "1127.50000", "2014-09-30": "1134.20000", "2013-09-30": "980.89990", "2012-09-30": "965.89990", "2011-09-30": "867.59960", "2010-09-30": "544.19970", "2009-09-30": "273.90010", "2008-09-30": "808.89990", "2007-09-30": "788.59960", "2006-09-30": "735.79980", "2005-09-30": "629.89990"}, "Total Non-Operating Income/Expense": {"2020-09-30": "", "2019-09-30": "", "2018-09-30": "", "2017-09-30": "", "2016-09-30": "", "2015-09-30": "", "2014-09-30": "", "2013-09-30": "", "2012-09-30": "", "2011-09-30": "", "2010-09-30": "", "2009-09-30": "", "2008-09-30": "", "2007-09-30": "", "2006-09-30": "", "2005-09-30": ""}, "Pre-Tax Income": {"2020-09-30": "1136.10000", "2019-09-30": "901.00000", "2018-09-30": "1330.80000", "2017-09-30": "1037.40000", "2016-09-30": "943.10000", "2015-09-30": "1127.50000", "2014-09-30": "1134.20000", "2013-09-30": "980.90000", "2012-09-30": "965.90000", "2011-09-30": "867.60000", "2010-09-30": "544.20000", "2009-09-30": "273.90000", "2008-09-30": "808.90000", "2007-09-30": "788.60000", "2006-09-30": "735.80000", "2005-09-30": "629.90000"}, "Income Taxes": {"2020-09-30": "112.90000", "2019-09-30": "205.20000", "2018-09-30": "795.30000", "2017-09-30": "211.70000", "2016-09-30": "213.40000", "2015-09-30": "299.90000", "2014-09-30": "307.40000", "2013-09-30": "224.60000", "2012-09-30": "228.90000", "2011-09-30": "170.50000", "2010-09-30": "103.80000", "2009-09-30": "56.00000", "2008-09-30": "231.30000", "2007-09-30": "219.30000", "2006-09-30": "206.50000", "2005-09-30": "182.20000"}, "Income After Taxes": {"2020-09-30": "1023.20000", "2019-09-30": "695.80000", "2018-09-30": "535.50010", "2017-09-30": "825.70000", "2016-09-30": "729.70000", "2015-09-30": "827.60000", "2014-09-30": "826.79990", "2013-09-30": "756.30000", "2012-09-30": "737.00000", "2011-09-30": "697.10000", "2010-09-30": "440.40000", "2009-09-30": "217.90000", "2008-09-30": "577.60000", "2007-09-30": "569.30000", "2006-09-30": "529.30000", "2005-09-30": "447.70000"}, "Other Income": {"2020-09-30": "", "2019-09-30": "", "2018-09-30": "", "2017-09-30": "", "2016-09-30": "", "2015-09-30": "", "2014-09-30": "", "2013-09-30": "", "2012-09-30": "", "2011-09-30": "", "2010-09-30": "", "2009-09-30": "", "2008-09-30": "", "2007-09-30": "", "2006-09-30": "", "2005-09-30": ""}, "Income From Continuous Operations": {"2020-09-30": "1023.20000", "2019-09-30": "695.80000", "2018-09-30": "535.50010", "2017-09-30": "825.70000", "2016-09-30": "729.70000", "2015-09-30": "827.60000", "2014-09-30": "826.79990", "2013-09-30": "756.30000", "2012-09-30": "737.00000", "2011-09-30": "697.10000", "2010-09-30": "440.40000", "2009-09-30": "217.90000", "2008-09-30": "577.60000", "2007-09-30": "569.30000", "2006-09-30": "529.30000", "2005-09-30": "447.70000"}, "Income From Discontinued Operations": {"2020-09-30": "", "2019-09-30": "", "2018-09-30": "", "2017-09-30": "", "2016-09-30": "", "2015-09-30": "", "2014-09-30": "", "2013-09-30": "", "2012-09-30": "", "2011-09-30": "0.70000", "2010-09-30": "23.90000", "2009-09-30": "2.80000", "2008-09-30": "", "2007-09-30": "918.50000", "2006-09-30": "95.40000", "2005-09-30": "92.30000"}, "Net Income": {"2020-09-30": "1023.40000", "2019-09-30": "695.80000", "2018-09-30": "535.50000", "2017-09-30": "825.70000", "2016-09-30": "729.70000", "2015-09-30": "827.60000", "2014-09-30": "826.80000", "2013-09-30": "755.20000", "2012-09-30": "737.00000", "2011-09-30": "697.80000", "2010-09-30": "463.20000", "2009-09-30": "220.70000", "2008-09-30": "577.60000", "2007-09-30": "1487.80000", "2006-09-30": "607.00000", "2005-09-30": "540.00000"}, "EBITDA": {"2020-09-30": "1412.30000", "2019-09-30": "1151.40000", "2018-09-30": "1568.40000", "2017-09-30": "1282.50000", "2016-09-30": "1186.60000", "2015-09-30": "1353.70000", "2014-09-30": "1346.00000", "2013-09-30": "1187.00000", "2012-09-30": "1164.60000", "2011-09-30": "1058.40000", "2010-09-30": "731.99970", "2009-09-30": "468.90010", "2008-09-30": "1013.60000", "2007-09-30": "969.89970", "2006-09-30": "909.79980", "2005-09-30": "803.09990"}, "EBIT": {"2020-09-30": "1239.60000", "2019-09-30": "999.20000", "2018-09-30": "1403.80000", "2017-09-30": "1113.60000", "2016-09-30": "1014.40000", "2015-09-30": "1191.20000", "2014-09-30": "1193.50000", "2013-09-30": "1041.80000", "2012-09-30": "1026.00000", "2011-09-30": "927.09960", "2010-09-30": "604.69970", "2009-09-30": "334.80010", "2008-09-30": "877.09990", "2007-09-30": "851.99960", "2006-09-30": "792.39980", "2005-09-30": "675.69990"}, "Basic Shares Outstanding": {"2020-09-30": "115.80000", "2019-09-30": "118.30000", "2018-09-30": "125.40000", "2017-09-30": "128.40000", "2016-09-30": "130.20000", "2015-09-30": "134.50000", "2014-09-30": "138.00000", "2013-09-30": "139.20000", "2012-09-30": "141.50000", "2011-09-30": "142.70000", "2010-09-30": "142.00000", "2009-09-30": "141.60000", "2008-09-30": "146.50000", "2007-09-30": "158.70000", "2006-09-30": "176.60000", "2005-09-30": "183.10000"}, "Shares Outstanding": {"2020-09-30": "116.60000", "2019-09-30": "119.30000", "2018-09-30": "126.90000", "2017-09-30": "129.90000", "2016-09-30": "131.10000", "2015-09-30": "135.70000", "2014-09-30": "139.70000", "2013-09-30": "140.90000", "2012-09-30": "143.40000", "2011-09-30": "145.20000", "2010-09-30": "144.00000", "2009-09-30": "142.40000", "2008-09-30": "148.10000", "2007-09-30": "161.20000", "2006-09-30": "179.90000", "2005-09-30": "187.20000"}, "Basic EPS": {"2020-09-30": "8.83000", "2019-09-30": "5.88000", "2018-09-30": "4.27000", "2017-09-30": "6.42000", "2016-09-30": "5.60000", "2015-09-30": "6.15000", "2014-09-30": "5.98000", "2013-09-30": "5.43000", "2012-09-30": "5.20000", "2011-09-30": "4.88000", "2010-09-30": "3.26000", "2009-09-30": "1.56000", "2008-09-30": "3.94000", "2007-09-30": "9.37000", "2006-09-30": "3.44000", "2005-09-30": "2.95000"}, "EPS - Earnings Per Share": {"2020-09-30": "8.77000", "2019-09-30": "5.83000", "2018-09-30": "4.21000", "2017-09-30": "6.35000", "2016-09-30": "5.56000", "2015-09-30": "6.09000", "2014-09-30": "5.91000", "2013-09-30": "5.36000", "2012-09-30": "5.13000", "2011-09-30": "4.80000", "2010-09-30": "3.22000", "2009-09-30": "1.55000", "2008-09-30": "3.89000", "2007-09-30": "9.23000", "2006-09-30": "3.37000", "2005-09-30": "2.88000"}}, "income statement, quarterly": {"Revenue": {"2020-12-31": "1565.30000", "2020-09-30": "1570.00000", "2020-06-30": "1394.00000", "2020-03-31": "1681.30000", "2019-12-31": "1684.50000", "2019-09-30": "1730.20000", "2019-06-30": "1665.10000", "2019-03-31": "1657.20000", "2018-12-31": "1642.30000", "2018-09-30": "1729.50000", "2018-06-30": "1698.70000", "2018-03-31": "1651.20000", "2017-12-31": "1586.60000", "2017-09-30": "1667.50000", "2017-06-30": "1599.20000", "2017-03-31": "1554.30000", "2016-12-31": "1490.30000", "2016-09-30": "1538.60000", "2016-06-30": "1474.00000", "2016-03-31": "1440.30000", "2015-12-31": "1426.60000", "2015-09-30": "1607.50000", "2015-06-30": "1575.20000", "2015-03-31": "1550.80000", "2014-12-31": "1574.40000", "2014-09-30": "1781.80000", "2014-06-30": "1649.50000", "2014-03-31": "1600.50000", "2013-12-31": "1591.70000", "2013-09-30": "1715.70000", "2013-06-30": "1624.20000", "2013-03-31": "1522.80000", "2012-12-31": "1489.20000", "2012-09-30": "1664.00000", "2012-06-30": "1560.40000", "2012-03-31": "1561.10000", "2011-12-31": "1473.90000", "2011-09-30": "1654.30000", "2011-06-30": "1516.20000", "2011-03-31": "1464.10000", "2010-12-31": "1365.80000", "2010-09-30": "1356.90000", "2010-06-30": "1268.10000", "2010-03-31": "1164.50000", "2009-12-31": "1067.50000", "2009-09-30": "1074.40000", "2009-06-30": "1010.80000", "2009-03-31": "1058.10000", "2008-12-31": "1189.20000", "2008-09-30": "1484.30000", "2008-06-30": "1475.00000", "2008-03-31": "1406.60000", "2007-12-31": "1331.90000", "2007-09-30": "1370.50000", "2007-06-30": "1280.60000", "2007-03-31": "1206.50000", "2006-12-31": "1146.30000", "2006-09-30": "1194.00000", "2006-06-30": "1171.70000", "2006-03-31": "1121.00000", "2005-12-31": "1069.70000", "2005-09-30": "443.50000", "2005-06-30": "1264.70000", "2005-03-31": "1218.40000"}, "Cost Of Goods Sold": {"2020-12-31": "918.80000", "2020-09-30": "930.70010", "2020-06-30": "839.80000", "2020-03-31": "982.50000", "2019-12-31": "981.60000", "2019-09-30": "1007.30000", "2019-06-30": "934.80000", "2019-03-31": "949.00000", "2018-12-31": "903.60000", "2018-09-30": "993.40000", "2018-06-30": "954.00000", "2018-03-31": "947.30000", "2017-12-31": "886.40000", "2017-09-30": "976.09990", "2017-06-30": "921.50000", "2017-03-31": "897.80000", "2016-12-31": "848.00000", "2016-09-30": "886.70010", "2016-06-30": "857.20000", "2016-03-31": "846.20000", "2015-12-31": "813.90000", "2015-09-30": "943.30000", "2015-06-30": "897.00000", "2015-03-31": "877.60000", "2014-12-31": "886.90000", "2014-09-30": "1028.90000", "2014-06-30": "968.00000", "2014-03-31": "944.70000", "2013-12-31": "928.00000", "2013-09-30": "1018.50000", "2013-06-30": "971.30000", "2013-03-31": "906.40000", "2012-12-31": "881.90000", "2012-09-30": "1009.80000", "2012-06-30": "928.90000", "2012-03-31": "942.80000", "2011-12-31": "855.20000", "2011-09-30": "991.10010", "2011-06-30": "909.40000", "2011-03-31": "887.60000", "2010-12-31": "821.90000", "2010-09-30": "827.70000", "2010-06-30": "760.80000", "2010-03-31": "691.40000", "2009-12-31": "640.70000", "2009-09-30": "709.09990", "2009-06-30": "640.60000", "2009-03-31": "694.50000", "2008-12-31": "718.80000", "2008-09-30": "896.00010", "2008-06-30": "869.40000", "2008-03-31": "835.30000", "2007-12-31": "756.40000", "2007-09-30": "796.40010", "2007-06-30": "729.50000", "2007-03-31": "732.00000", "2006-12-31": "648.70000", "2006-09-30": "705.70000", "2006-06-30": "685.20000", "2006-03-31": "645.10000", "2005-12-31": "620.40000", "2005-09-30": "166.00010", "2005-06-30": "783.70000", "2005-03-31": "762.50000"}, "Gross Profit": {"2020-12-31": "646.50010", "2020-09-30": "639.29970", "2020-06-30": "554.20000", "2020-03-31": "698.80000", "2019-12-31": "702.90000", "2019-09-30": "722.89980", "2019-06-30": "730.30000", "2019-03-31": "708.20000", "2018-12-31": "738.70010", "2018-09-30": "736.09990", "2018-06-30": "744.70000", "2018-03-31": "703.90000", "2017-12-31": "700.20000", "2017-09-30": "691.39970", "2017-06-30": "677.70000", "2017-03-31": "656.50010", "2016-12-31": "642.30000", "2016-09-30": "651.89990", "2016-06-30": "616.80000", "2016-03-31": "594.10000", "2015-12-31": "612.70000", "2015-09-30": "664.20010", "2015-06-30": "678.20000", "2015-03-31": "673.20010", "2014-12-31": "687.50000", "2014-09-30": "752.89990", "2014-06-30": "681.50000", "2014-03-31": "655.80000", "2013-12-31": "663.70000", "2013-09-30": "697.20020", "2013-06-30": "652.90000", "2013-03-31": "616.40000", "2012-12-31": "607.29990", "2012-09-30": "654.20010", "2012-06-30": "631.50000", "2012-03-31": "618.30000", "2011-12-31": "618.70000", "2011-09-30": "663.20000", "2011-06-30": "606.79990", "2011-03-31": "576.50000", "2010-12-31": "543.90000", "2010-09-30": "529.19990", "2010-06-30": "507.30000", "2010-03-31": "473.10000", "2009-12-31": "426.80000", "2009-09-30": "365.30020", "2009-06-30": "370.20000", "2009-03-31": "363.60000", "2008-12-31": "470.40000", "2008-09-30": "588.29960", "2008-06-30": "605.60000", "2008-03-31": "571.30000", "2007-12-31": "575.50000", "2007-09-30": "574.09970", "2007-06-30": "551.10000", "2007-03-31": "474.50000", "2006-12-31": "497.60000", "2006-09-30": "488.30000", "2006-06-30": "486.49990", "2006-03-31": "475.90000", "2005-12-31": "449.29990", "2005-09-30": "277.49990", "2005-06-30": "480.99990", "2005-03-31": "455.90000"}, "Research And Development Expenses": {"2020-12-31": "", "2020-09-30": "", "2020-06-30": "", "2020-03-31": "", "2019-12-31": "", "2019-09-30": "", "2019-06-30": "", "2019-03-31": "", "2018-12-31": "", "2018-09-30": "", "2018-06-30": "", "2018-03-31": "", "2017-12-31": "", "2017-09-30": "", "2017-06-30": "", "2017-03-31": "", "2016-12-31": "", "2016-09-30": "", "2016-06-30": "", "2016-03-31": "", "2015-12-31": "", "2015-09-30": "", "2015-06-30": "", "2015-03-31": "", "2014-12-31": "", "2014-09-30": "", "2014-06-30": "", "2014-03-31": "", "2013-12-31": "", "2013-09-30": "", "2013-06-30": "", "2013-03-31": "", "2012-12-31": "", "2012-09-30": "", "2012-06-30": "", "2012-03-31": "", "2011-12-31": "", "2011-09-30": "", "2011-06-30": "", "2011-03-31": "", "2010-12-31": "", "2010-09-30": "", "2010-06-30": "", "2010-03-31": "", "2009-12-31": "", "2009-09-30": "", "2009-06-30": "", "2009-03-31": "", "2008-12-31": "", "2008-09-30": "", "2008-06-30": "", "2008-03-31": "", "2007-12-31": "", "2007-09-30": "", "2007-06-30": "", "2007-03-31": "", "2006-12-31": "", "2006-09-30": "", "2006-06-30": "", "2006-03-31": "", "2005-12-31": "", "2005-09-30": "", "2005-06-30": "", "2005-03-31": ""}, "SG&A Expenses": {"2020-12-31": "374.60000", "2020-09-30": "354.40010", "2020-06-30": "370.20000", "2020-03-31": "352.00000", "2019-12-31": "403.20000", "2019-09-30": "405.10000", "2019-06-30": "361.70000", "2019-03-31": "385.00000", "2018-12-31": "386.70000", "2018-09-30": "415.10010", "2018-06-30": "399.60000", "2018-03-31": "386.60000", "2017-12-31": "386.60000", "2017-09-30": "391.60000", "2017-06-30": "386.80000", "2017-03-31": "409.20000", "2016-12-31": "370.00000", "2016-09-30": "402.09990", "2016-06-30": "346.70000", "2016-03-31": "358.70000", "2015-12-31": "359.90000", "2015-09-30": "360.70000", "2015-06-30": "376.40000", "2015-03-31": "382.40000", "2014-12-31": "386.90000", "2014-09-30": "397.80000", "2014-06-30": "394.40000", "2014-03-31": "392.50000", "2013-12-31": "385.40000", "2013-09-30": "403.70000", "2013-06-30": "383.70000", "2013-03-31": "376.80000", "2012-12-31": "373.50000", "2012-09-30": "386.39990", "2012-06-30": "369.80000", "2012-03-31": "373.10000", "2011-12-31": "362.40000", "2011-09-30": "388.10000", "2011-06-30": "370.00000", "2011-03-31": "356.10000", "2010-12-31": "347.00000", "2010-09-30": "354.30000", "2010-06-30": "333.30000", "2010-03-31": "323.20000", "2009-12-31": "312.50000", "2009-09-30": "316.80000", "2009-06-30": "305.00000", "2009-03-31": "292.80000", "2008-12-31": "313.40000", "2008-09-30": "397.60000", "2008-06-30": "377.60000", "2008-03-31": "358.30000", "2007-12-31": "348.60000", "2007-09-30": "340.19990", "2007-06-30": "319.70000", "2007-03-31": "325.60000", "2006-12-31": "293.10000", "2006-09-30": "290.70000", "2006-06-30": "295.10000", "2006-03-31": "290.30000", "2005-12-31": "264.90000", "2005-09-30": "184.50010", "2005-06-30": "286.60000", "2005-03-31": "263.30000"}, "Other Operating Income Or Expenses": {"2020-12-31": "451.40000", "2020-09-30": "40.90000", "2020-06-30": "175.90000", "2020-03-31": "-153.90000", "2019-12-31": "61.30000", "2019-09-30": "-234.40000", "2019-06-30": "-20.40000", "2019-03-31": "102.90000", "2018-12-31": "-210.50000", "2018-09-30": "179.90000", "2018-06-30": "-76.90000", "2018-03-31": "-0.40000", "2017-12-31": "4.20000", "2017-09-30": "-6.80000", "2017-06-30": "4.20000", "2017-03-31": "1.90000", "2016-12-31": "4.00000", "2016-09-30": "5.30000", "2016-06-30": "0.30000", "2016-03-31": "-0.80000", "2015-12-31": "1.50000", "2015-09-30": "-7.90000", "2015-06-30": "-0.80000", "2015-03-31": "1.40000", "2014-12-31": "1.80000", "2014-09-30": "-1.10000", "2014-06-30": "1.30000", "2014-03-31": "0.10000", "2013-12-31": "9.40000", "2013-09-30": "0.60000", "2013-06-30": "3.50000", "2013-03-31": "2.80000", "2012-12-31": "-1.20000", "2012-09-30": "2.00000", "2012-06-30": "-1.70000", "2012-03-31": "-6.90000", "2011-12-31": "1.60000", "2011-09-30": "-4.40000", "2011-06-30": "-0.90000", "2011-03-31": "-1.40000", "2010-12-31": "4.60000", "2010-09-30": "-1.90000", "2010-06-30": "-3.70000", "2010-03-31": "-1.20000", "2009-12-31": "-1.60000", "2009-09-30": "-4.50000", "2009-06-30": "0.40000", "2009-03-31": "-0.10000", "2008-12-31": "-2.50000", "2008-09-30": "2.10000", "2008-06-30": "2.10000", "2008-03-31": "4.20000", "2007-12-31": "10.10000", "2007-09-30": "12.20000", "2007-06-30": "9.50000", "2007-03-31": "10.80000", "2006-12-31": "0.80000", "2006-09-30": "25.20000", "2006-06-30": "0.50000", "2006-03-31": "4.60000", "2005-12-31": "3.10000", "2005-09-30": "-3.00000", "2005-06-30": "8.50000", "2005-03-31": "-0.50000"}, "Operating Expenses": {"2020-12-31": "864.60000", "2020-09-30": "1270.40000", "2020-06-30": "1059.50000", "2020-03-31": "1513.90000", "2019-12-31": "1349.90000", "2019-09-30": "1673.80000", "2019-06-30": "1343.70000", "2019-03-31": "1254.80000", "2018-12-31": "1521.50000", "2018-09-30": "1247.80000", "2018-06-30": "1447.00000", "2018-03-31": "1351.60000", "2017-12-31": "1288.80000", "2017-09-30": "1394.00000", "2017-06-30": "1323.20000", "2017-03-31": "1324.00000", "2016-12-31": "1232.70000", "2016-09-30": "1301.70000", "2016-06-30": "1221.70000", "2016-03-31": "1223.30000", "2015-12-31": "1189.70000", "2015-09-30": "1328.60000", "2015-06-30": "1290.60000", "2015-03-31": "1274.30000", "2014-12-31": "1286.90000", "2014-09-30": "1442.80000", "2014-06-30": "1375.50000", "2014-03-31": "1352.10000", "2013-12-31": "1318.90000", "2013-09-30": "1436.50000", "2013-06-30": "1366.80000", "2013-03-31": "1295.70000", "2012-12-31": "1272.00000", "2012-09-30": "1409.10000", "2012-06-30": "1315.60000", "2012-03-31": "1337.80000", "2011-12-31": "1231.00000", "2011-09-30": "1398.20000", "2011-06-30": "1295.00000", "2011-03-31": "1260.50000", "2010-12-31": "1179.10000", "2010-09-30": "1199.10100", "2010-06-30": "1112.60000", "2010-03-31": "1030.90000", "2009-12-31": "970.20000", "2009-09-30": "1045.60000", "2009-06-30": "960.60000", "2009-03-31": "1002.70000", "2008-12-31": "1049.70000", "2008-09-30": "1307.60000", "2008-06-30": "1261.50000", "2008-03-31": "1206.90000", "2007-12-31": "1112.90000", "2007-09-30": "1139.30000", "2007-06-30": "1053.50000", "2007-03-31": "1063.10000", "2006-12-31": "959.40010", "2006-09-30": "986.89990", "2006-06-30": "993.60000", "2006-03-31": "944.80000", "2005-12-31": "895.30000", "2005-09-30": "365.00010", "2005-06-30": "1073.50000", "2005-03-31": "1037.80000"}, "Operating Income": {"2020-12-31": "700.70010", "2020-09-30": "299.59940", "2020-06-30": "334.50000", "2020-03-31": "167.40000", "2019-12-31": "334.60010", "2019-09-30": "56.39990", "2019-06-30": "321.39990", "2019-03-31": "402.40000", "2018-12-31": "120.80000", "2018-09-30": "481.69980", "2018-06-30": "251.70000", "2018-03-31": "299.60000", "2017-12-31": "297.79990", "2017-09-30": "273.49950", "2017-06-30": "276.00000", "2017-03-31": "230.30000", "2016-12-31": "257.60010", "2016-09-30": "236.89970", "2016-06-30": "252.30000", "2016-03-31": "217.00000", "2015-12-31": "236.89990", "2015-09-30": "278.90010", "2015-06-30": "284.59990", "2015-03-31": "276.50010", "2014-12-31": "287.50000", "2014-09-30": "339.00040", "2014-06-30": "274.00000", "2014-03-31": "248.40000", "2013-12-31": "272.79990", "2013-09-30": "279.20020", "2013-06-30": "257.39990", "2013-03-31": "227.10010", "2012-12-31": "217.20000", "2012-09-30": "254.90000", "2012-06-30": "244.80000", "2012-03-31": "223.29990", "2011-12-31": "242.90000", "2011-09-30": "256.09970", "2011-06-30": "221.19980", "2011-03-31": "203.60000", "2010-12-31": "186.70010", "2010-09-30": "157.79930", "2010-06-30": "155.50010", "2010-03-31": "133.60010", "2009-12-31": "97.30000", "2009-09-30": "28.80010", "2009-06-30": "50.20000", "2009-03-31": "55.40000", "2008-12-31": "139.50000", "2008-09-30": "176.69970", "2008-06-30": "213.50000", "2008-03-31": "199.70000", "2007-12-31": "219.00000", "2007-09-30": "231.19970", "2007-06-30": "227.10000", "2007-03-31": "143.40000", "2006-12-31": "186.90000", "2006-09-30": "207.10010", "2006-06-30": "178.10000", "2006-03-31": "176.20000", "2005-12-31": "174.39990", "2005-09-30": "78.49990", "2005-06-30": "191.20000", "2005-03-31": "180.60000"}, "Total Non-Operating Income/Expense": {"2020-12-31": "", "2020-09-30": "", "2020-06-30": "", "2020-03-31": "", "2019-12-31": "", "2019-09-30": "", "2019-06-30": "", "2019-03-31": "", "2018-12-31": "", "2018-09-30": "", "2018-06-30": "", "2018-03-31": "", "2017-12-31": "", "2017-09-30": "", "2017-06-30": "", "2017-03-31": "", "2016-12-31": "", "2016-09-30": "", "2016-06-30": "", "2016-03-31": "", "2015-12-31": "", "2015-09-30": "", "2015-06-30": "", "2015-03-31": "", "2014-12-31": "", "2014-09-30": "", "2014-06-30": "", "2014-03-31": "", "2013-12-31": "", "2013-09-30": "", "2013-06-30": "", "2013-03-31": "", "2012-12-31": "", "2012-09-30": "", "2012-06-30": "", "2012-03-31": "", "2011-12-31": "", "2011-09-30": "", "2011-06-30": "", "2011-03-31": "", "2010-12-31": "", "2010-09-30": "", "2010-06-30": "", "2010-03-31": "", "2009-12-31": "", "2009-09-30": "", "2009-06-30": "", "2009-03-31": "", "2008-12-31": "", "2008-09-30": "", "2008-06-30": "", "2008-03-31": "", "2007-12-31": "", "2007-09-30": "", "2007-06-30": "", "2007-03-31": "", "2006-12-31": "", "2006-09-30": "", "2006-06-30": "", "2006-03-31": "", "2005-12-31": "", "2005-09-30": "", "2005-06-30": "", "2005-03-31": ""}, "Pre-Tax Income": {"2020-12-31": "700.70000", "2020-09-30": "299.59990", "2020-06-30": "334.50000", "2020-03-31": "167.40000", "2019-12-31": "334.60000", "2019-09-30": "56.40000", "2019-06-30": "321.40000", "2019-03-31": "402.40000", "2018-12-31": "120.80000", "2018-09-30": "481.70010", "2018-06-30": "251.70000", "2018-03-31": "299.60000", "2017-12-31": "297.80000", "2017-09-30": "273.50000", "2017-06-30": "276.00000", "2017-03-31": "230.30000", "2016-12-31": "257.60000", "2016-09-30": "236.90000", "2016-06-30": "252.30000", "2016-03-31": "217.00000", "2015-12-31": "236.90000", "2015-09-30": "278.90000", "2015-06-30": "284.60000", "2015-03-31": "276.50000", "2014-12-31": "287.50000", "2014-09-30": "338.99990", "2014-06-30": "274.00000", "2014-03-31": "248.40000", "2013-12-31": "272.80000", "2013-09-30": "279.20000", "2013-06-30": "257.40000", "2013-03-31": "227.10000", "2012-12-31": "217.20000", "2012-09-30": "254.90010", "2012-06-30": "244.80000", "2012-03-31": "223.30000", "2011-12-31": "242.90000", "2011-09-30": "256.10000", "2011-06-30": "221.20000", "2011-03-31": "203.60000", "2010-12-31": "186.70000", "2010-09-30": "157.80000", "2010-06-30": "155.50000", "2010-03-31": "133.60000", "2009-12-31": "97.30000", "2009-09-30": "28.80000", "2009-06-30": "50.20000", "2009-03-31": "55.40000", "2008-12-31": "139.50000", "2008-09-30": "176.70000", "2008-06-30": "213.50000", "2008-03-31": "199.70000", "2007-12-31": "219.00000", "2007-09-30": "231.20000", "2007-06-30": "227.10000", "2007-03-31": "143.40000", "2006-12-31": "186.90000", "2006-09-30": "207.09990", "2006-06-30": "178.10000", "2006-03-31": "176.20000", "2005-12-31": "174.40000", "2005-09-30": "78.50000", "2005-06-30": "191.20000", "2005-03-31": "180.60000"}, "Income Taxes": {"2020-12-31": "110.30000", "2020-09-30": "35.90000", "2020-06-30": "20.30000", "2020-03-31": "37.50000", "2019-12-31": "19.20000", "2019-09-30": "48.30000", "2019-06-30": "60.00000", "2019-03-31": "56.40000", "2018-12-31": "40.50000", "2018-09-30": "135.80000", "2018-06-30": "53.10000", "2018-03-31": "72.20000", "2017-12-31": "534.20000", "2017-09-30": "68.90000", "2017-06-30": "59.10000", "2017-03-31": "40.80000", "2016-12-31": "42.90000", "2016-09-30": "51.70000", "2016-06-30": "61.30000", "2016-03-31": "49.00000", "2015-12-31": "51.40000", "2015-09-30": "77.60000", "2015-06-30": "78.50000", "2015-03-31": "70.50000", "2014-12-31": "73.30000", "2014-09-30": "90.30000", "2014-06-30": "74.30000", "2014-03-31": "68.10000", "2013-12-31": "74.70000", "2013-09-30": "63.90000", "2013-06-30": "53.70000", "2013-03-31": "51.20000", "2012-12-31": "55.80000", "2012-09-30": "59.70000", "2012-06-30": "54.10000", "2012-03-31": "55.50000", "2011-12-31": "59.60000", "2011-09-30": "54.30000", "2011-06-30": "42.40000", "2011-03-31": "37.20000", "2010-12-31": "36.60000", "2010-09-30": "26.50000", "2010-06-30": "36.10000", "2010-03-31": "21.70000", "2009-12-31": "19.50000", "2009-09-30": "-0.10000", "2009-06-30": "17.40000", "2009-03-31": "14.80000", "2008-12-31": "23.90000", "2008-09-30": "51.10000", "2008-06-30": "60.90000", "2008-03-31": "56.90000", "2007-12-31": "62.40000", "2007-09-30": "67.40000", "2007-06-30": "59.60000", "2007-03-31": "36.30000", "2006-12-31": "56.00000", "2006-09-30": "50.30000", "2006-06-30": "54.70000", "2006-03-31": "51.00000", "2005-12-31": "50.50000", "2005-09-30": "22.70000", "2005-06-30": "63.90000", "2005-03-31": "38.10000"}, "Income After Taxes": {"2020-12-31": "590.40000", "2020-09-30": "263.70000", "2020-06-30": "314.20000", "2020-03-31": "129.90000", "2019-12-31": "315.40000", "2019-09-30": "8.10000", "2019-06-30": "261.40000", "2019-03-31": "346.00000", "2018-12-31": "80.30000", "2018-09-30": "345.90010", "2018-06-30": "198.60000", "2018-03-31": "227.40000", "2017-12-31": "-236.40000", "2017-09-30": "204.60000", "2017-06-30": "216.90000", "2017-03-31": "189.50000", "2016-12-31": "214.70000", "2016-09-30": "185.20000", "2016-06-30": "191.00000", "2016-03-31": "168.00000", "2015-12-31": "185.50000", "2015-09-30": "201.30000", "2015-06-30": "206.10000", "2015-03-31": "206.00000", "2014-12-31": "214.20000", "2014-09-30": "248.69990", "2014-06-30": "199.70000", "2014-03-31": "180.30000", "2013-12-31": "198.10000", "2013-09-30": "215.30000", "2013-06-30": "203.70000", "2013-03-31": "175.90000", "2012-12-31": "161.40000", "2012-09-30": "195.20000", "2012-06-30": "190.70000", "2012-03-31": "167.80000", "2011-12-31": "183.30000", "2011-09-30": "201.80000", "2011-06-30": "178.80000", "2011-03-31": "166.40000", "2010-12-31": "150.10000", "2010-09-30": "131.30000", "2010-06-30": "119.40000", "2010-03-31": "111.90000", "2009-12-31": "77.80000", "2009-09-30": "28.90000", "2009-06-30": "32.80000", "2009-03-31": "40.60000", "2008-12-31": "115.60000", "2008-09-30": "125.60000", "2008-06-30": "152.60000", "2008-03-31": "142.80000", "2007-12-31": "156.60000", "2007-09-30": "163.80000", "2007-06-30": "167.50000", "2007-03-31": "107.10000", "2006-12-31": "130.90000", "2006-09-30": "156.80000", "2006-06-30": "123.40000", "2006-03-31": "125.20000", "2005-12-31": "123.90000", "2005-09-30": "55.80000", "2005-06-30": "127.30000", "2005-03-31": "142.50000"}, "Other Income": {"2020-12-31": "", "2020-09-30": "", "2020-06-30": "", "2020-03-31": "", "2019-12-31": "", "2019-09-30": "", "2019-06-30": "", "2019-03-31": "", "2018-12-31": "", "2018-09-30": "", "2018-06-30": "", "2018-03-31": "", "2017-12-31": "", "2017-09-30": "", "2017-06-30": "", "2017-03-31": "", "2016-12-31": "", "2016-09-30": "", "2016-06-30": "", "2016-03-31": "", "2015-12-31": "", "2015-09-30": "", "2015-06-30": "", "2015-03-31": "", "2014-12-31": "", "2014-09-30": "", "2014-06-30": "", "2014-03-31": "", "2013-12-31": "", "2013-09-30": "", "2013-06-30": "", "2013-03-31": "", "2012-12-31": "", "2012-09-30": "", "2012-06-30": "", "2012-03-31": "", "2011-12-31": "", "2011-09-30": "", "2011-06-30": "", "2011-03-31": "", "2010-12-31": "", "2010-09-30": "", "2010-06-30": "", "2010-03-31": "", "2009-12-31": "", "2009-09-30": "", "2009-06-30": "", "2009-03-31": "", "2008-12-31": "", "2008-09-30": "", "2008-06-30": "", "2008-03-31": "", "2007-12-31": "", "2007-09-30": "", "2007-06-30": "", "2007-03-31": "", "2006-12-31": "", "2006-09-30": "", "2006-06-30": "", "2006-03-31": "", "2005-12-31": "", "2005-09-30": "", "2005-06-30": "", "2005-03-31": ""}, "Income From Continuous Operations": {"2020-12-31": "590.40000", "2020-09-30": "263.70000", "2020-06-30": "314.20000", "2020-03-31": "129.90000", "2019-12-31": "315.40000", "2019-09-30": "8.10000", "2019-06-30": "261.40000", "2019-03-31": "346.00000", "2018-12-31": "80.30000", "2018-09-30": "345.90010", "2018-06-30": "198.60000", "2018-03-31": "227.40000", "2017-12-31": "-236.40000", "2017-09-30": "204.60000", "2017-06-30": "216.90000", "2017-03-31": "189.50000", "2016-12-31": "214.70000", "2016-09-30": "185.20000", "2016-06-30": "191.00000", "2016-03-31": "168.00000", "2015-12-31": "185.50000", "2015-09-30": "201.30000", "2015-06-30": "206.10000", "2015-03-31": "206.00000", "2014-12-31": "214.20000", "2014-09-30": "248.69990", "2014-06-30": "199.70000", "2014-03-31": "180.30000", "2013-12-31": "198.10000", "2013-09-30": "215.30000", "2013-06-30": "203.70000", "2013-03-31": "175.90000", "2012-12-31": "161.40000", "2012-09-30": "195.20000", "2012-06-30": "190.70000", "2012-03-31": "167.80000", "2011-12-31": "183.30000", "2011-09-30": "201.80000", "2011-06-30": "178.80000", "2011-03-31": "166.40000", "2010-12-31": "150.10000", "2010-09-30": "131.30000", "2010-06-30": "119.40000", "2010-03-31": "111.90000", "2009-12-31": "77.80000", "2009-09-30": "28.90000", "2009-06-30": "32.80000", "2009-03-31": "40.60000", "2008-12-31": "115.60000", "2008-09-30": "125.60000", "2008-06-30": "152.60000", "2008-03-31": "142.80000", "2007-12-31": "156.60000", "2007-09-30": "163.80000", "2007-06-30": "167.50000", "2007-03-31": "107.10000", "2006-12-31": "130.90000", "2006-09-30": "156.80000", "2006-06-30": "123.40000", "2006-03-31": "125.20000", "2005-12-31": "123.90000", "2005-09-30": "55.80000", "2005-06-30": "127.30000", "2005-03-31": "142.50000"}, "Income From Discontinued Operations": {"2020-12-31": "", "2020-09-30": "", "2020-06-30": "", "2020-03-31": "", "2019-12-31": "", "2019-09-30": "", "2019-06-30": "", "2019-03-31": "", "2018-12-31": "", "2018-09-30": "", "2018-06-30": "", "2018-03-31": "", "2017-12-31": "", "2017-09-30": "", "2017-06-30": "", "2017-03-31": "", "2016-12-31": "", "2016-09-30": "", "2016-06-30": "", "2016-03-31": "", "2015-12-31": "", "2015-09-30": "", "2015-06-30": "", "2015-03-31": "", "2014-12-31": "", "2014-09-30": "", "2014-06-30": "", "2014-03-31": "", "2013-12-31": "", "2013-09-30": "", "2013-06-30": "", "2013-03-31": "", "2012-12-31": "", "2012-09-30": "", "2012-06-30": "", "2012-03-31": "", "2011-12-31": "", "2011-09-30": "", "2011-06-30": "0.70000", "2011-03-31": "", "2010-12-31": "", "2010-09-30": "0.00000", "2010-06-30": "", "2010-03-31": "25.10000", "2009-12-31": "-1.20000", "2009-09-30": "", "2009-06-30": "", "2009-03-31": "", "2008-12-31": "2.80000", "2008-09-30": "", "2008-06-30": "", "2008-03-31": "", "2007-12-31": "", "2007-09-30": "1.40000", "2007-06-30": "-3.30000", "2007-03-31": "622.20000", "2006-12-31": "298.20000", "2006-09-30": "26.70000", "2006-06-30": "25.60000", "2006-03-31": "21.30000", "2005-12-31": "21.80000", "2005-09-30": "73.50000", "2005-06-30": "", "2005-03-31": "7.50000"}, "Net Income": {"2020-12-31": "593.30000", "2020-09-30": "262.70000", "2020-06-30": "317.80000", "2020-03-31": "132.20000", "2019-12-31": "310.70000", "2019-09-30": "8.10000", "2019-06-30": "261.40000", "2019-03-31": "346.00000", "2018-12-31": "80.30000", "2018-09-30": "345.70000", "2018-06-30": "198.60000", "2018-03-31": "227.40000", "2017-12-31": "-236.20000", "2017-09-30": "205.00010", "2017-06-30": "216.90000", "2017-03-31": "189.30000", "2016-12-31": "214.50000", "2016-09-30": "185.80000", "2016-06-30": "190.80000", "2016-03-31": "167.80000", "2015-12-31": "185.30000", "2015-09-30": "202.10000", "2015-06-30": "205.80000", "2015-03-31": "205.80000", "2014-12-31": "213.90000", "2014-09-30": "249.20000", "2014-06-30": "199.40000", "2014-03-31": "180.10000", "2013-12-31": "198.10000", "2013-09-30": "214.70000", "2013-06-30": "203.70000", "2013-03-31": "175.60000", "2012-12-31": "161.20000", "2012-09-30": "196.20000", "2012-06-30": "190.40000", "2012-03-31": "167.50000", "2011-12-31": "182.90000", "2011-09-30": "202.10000", "2011-06-30": "179.20000", "2011-03-31": "166.40000", "2010-12-31": "150.10000", "2010-09-30": "130.20000", "2010-06-30": "119.40000", "2010-03-31": "137.00000", "2009-12-31": "76.60000", "2009-09-30": "28.90000", "2009-06-30": "32.80000", "2009-03-31": "40.60000", "2008-12-31": "118.40000", "2008-09-30": "125.59990", "2008-06-30": "152.60000", "2008-03-31": "142.80000", "2007-12-31": "156.60000", "2007-09-30": "165.20010", "2007-06-30": "164.20000", "2007-03-31": "729.30000", "2006-12-31": "429.10000", "2006-09-30": "165.80000", "2006-06-30": "149.00000", "2006-03-31": "146.50000", "2005-12-31": "145.70000", "2005-09-30": "129.30000", "2005-06-30": "127.30000", "2005-03-31": "150.00000"}, "EBITDA": {"2020-12-31": "767.30000", "2020-09-30": "370.79940", "2020-06-30": "403.40000", "2020-03-31": "235.20000", "2019-12-31": "402.90010", "2019-09-30": "123.39990", "2019-06-30": "385.09990", "2019-03-31": "465.50000", "2018-12-31": "177.40000", "2018-09-30": "540.59990", "2018-06-30": "310.30000", "2018-03-31": "360.10000", "2017-12-31": "357.39990", "2017-09-30": "337.89950", "2017-06-30": "338.10000", "2017-03-31": "289.80000", "2016-12-31": "316.70010", "2016-09-30": "298.09970", "2016-06-30": "313.20010", "2016-03-31": "279.70000", "2015-12-31": "295.59990", "2015-09-30": "337.20020", "2015-06-30": "342.19980", "2015-03-31": "331.30010", "2014-12-31": "343.00000", "2014-09-30": "392.10040", "2014-06-30": "328.50000", "2014-03-31": "301.80000", "2013-12-31": "323.59990", "2013-09-30": "330.20020", "2013-06-30": "310.39990", "2013-03-31": "278.60010", "2012-12-31": "267.80000", "2012-09-30": "305.50000", "2012-06-30": "295.10000", "2012-03-31": "273.49990", "2011-12-31": "290.50000", "2011-09-30": "305.39970", "2011-06-30": "268.79980", "2011-03-31": "250.80000", "2010-12-31": "233.40010", "2010-09-30": "206.09930", "2010-06-30": "200.90010", "2010-03-31": "180.60010", "2009-12-31": "144.40000", "2009-09-30": "79.30010", "2009-06-30": "100.00000", "2009-03-31": "102.80000", "2008-12-31": "186.80000", "2008-09-30": "228.39970", "2008-06-30": "265.40000", "2008-03-31": "251.50000", "2007-12-31": "268.30000", "2007-09-30": "277.89970", "2007-06-30": "269.30000", "2007-03-31": "188.90000", "2006-12-31": "233.80000", "2006-09-30": "251.30010", "2006-06-30": "220.50000", "2006-03-31": "224.10000", "2005-12-31": "213.89990", "2005-09-30": "90.19990", "2005-06-30": "242.99990", "2005-03-31": "233.00000"}, "EBIT": {"2020-12-31": "723.30000", "2020-09-30": "325.79950", "2020-06-30": "359.90000", "2020-03-31": "192.90000", "2019-12-31": "361.00010", "2019-09-30": "83.40000", "2019-06-30": "348.19990", "2019-03-31": "426.10000", "2018-12-31": "141.50000", "2018-09-30": "500.90000", "2018-06-30": "268.20000", "2018-03-31": "316.90000", "2017-12-31": "317.79990", "2017-09-30": "292.99970", "2017-06-30": "295.10000", "2017-03-31": "249.20000", "2016-12-31": "276.30010", "2016-09-30": "255.09960", "2016-06-30": "270.40010", "2016-03-31": "234.60000", "2015-12-31": "254.29990", "2015-09-30": "295.59990", "2015-06-30": "300.99980", "2015-03-31": "292.20010", "2014-12-31": "302.40000", "2014-09-30": "354.00030", "2014-06-30": "288.40000", "2014-03-31": "263.40000", "2013-12-31": "287.69990", "2013-09-30": "294.10000", "2013-06-30": "272.69990", "2013-03-31": "242.40010", "2012-12-31": "232.59990", "2012-09-30": "269.79990", "2012-06-30": "260.00010", "2012-03-31": "238.29990", "2011-12-31": "257.90000", "2011-09-30": "270.69970", "2011-06-30": "235.89980", "2011-03-31": "219.00000", "2010-12-31": "201.50010", "2010-09-30": "172.99950", "2010-06-30": "170.30010", "2010-03-31": "148.70010", "2009-12-31": "112.70000", "2009-09-30": "44.00010", "2009-06-30": "65.60000", "2009-03-31": "70.70000", "2008-12-31": "154.50000", "2008-09-30": "192.79990", "2008-06-30": "230.10000", "2008-03-31": "217.20000", "2007-12-31": "237.00000", "2007-09-30": "246.09970", "2007-06-30": "240.90000", "2007-03-31": "159.70000", "2006-12-31": "205.30000", "2006-09-30": "222.79990", "2006-06-30": "191.90000", "2006-03-31": "190.20000", "2005-12-31": "187.49990", "2005-09-30": "89.99990", "2005-06-30": "202.89990", "2005-03-31": "192.10000"}, "Basic Shares Outstanding": {"2020-12-31": "116.10000", "2020-09-30": "115.80000", "2020-06-30": "115.70000", "2020-03-31": "116.00000", "2019-12-31": "115.70000", "2019-09-30": "118.30000", "2019-06-30": "117.60000", "2019-03-31": "118.90000", "2018-12-31": "120.30000", "2018-09-30": "125.40000", "2018-06-30": "124.40000", "2018-03-31": "126.90000", "2017-12-31": "128.20000", "2017-09-30": "128.40000", "2017-06-30": "128.40000", "2017-03-31": "128.70000", "2016-12-31": "128.30000", "2016-09-30": "130.20000", "2016-06-30": "129.80000", "2016-03-31": "130.50000", "2015-12-31": "131.80000", "2015-09-30": "134.50000", "2015-06-30": "134.30000", "2015-03-31": "134.90000", "2014-12-31": "135.60000", "2014-09-30": "138.00000", "2014-06-30": "138.00000", "2014-03-31": "138.50000", "2013-12-31": "138.60000", "2013-09-30": "139.20000", "2013-06-30": "138.90000", "2013-03-31": "140.00000", "2012-12-31": "139.30000", "2012-09-30": "141.50000", "2012-06-30": "141.70000", "2012-03-31": "142.50000", "2011-12-31": "141.80000", "2011-09-30": "142.70000", "2011-06-30": "143.40000", "2011-03-31": "143.40000", "2010-12-31": "141.80000", "2010-09-30": "142.00000", "2010-06-30": "142.00000", "2010-03-31": "142.40000", "2009-12-31": "142.00000", "2009-09-30": "141.60000", "2009-06-30": "141.70000", "2009-03-31": "141.50000", "2008-12-31": "141.60000", "2008-09-30": "146.50000", "2008-06-30": "146.30000", "2008-03-31": "146.90000", "2007-12-31": "148.70000", "2007-09-30": "158.70000", "2007-06-30": "154.00000", "2007-03-31": "161.20000", "2006-12-31": "168.60000", "2006-09-30": "176.60000", "2006-06-30": "176.60000", "2006-03-31": "177.20000", "2005-12-31": "178.70000", "2005-09-30": "183.10000", "2005-06-30": "182.70000", "2005-03-31": "184.50000"}, "Shares Outstanding": {"2020-12-31": "117.10000", "2020-09-30": "116.60000", "2020-06-30": "116.40000", "2020-03-31": "116.60000", "2019-12-31": "116.60000", "2019-09-30": "119.30000", "2019-06-30": "118.60000", "2019-03-31": "120.00000", "2018-12-31": "121.50000", "2018-09-30": "126.90000", "2018-06-30": "125.80000", "2018-03-31": "128.50000", "2017-12-31": "128.20000", "2017-09-30": "129.90000", "2017-06-30": "129.90000", "2017-03-31": "130.30000", "2016-12-31": "129.70000", "2016-09-30": "131.10000", "2016-06-30": "130.80000", "2016-03-31": "131.30000", "2015-12-31": "132.60000", "2015-09-30": "135.70000", "2015-06-30": "135.50000", "2015-03-31": "136.00000", "2014-12-31": "136.90000", "2014-09-30": "139.70000", "2014-06-30": "139.60000", "2014-03-31": "140.20000", "2013-12-31": "140.40000", "2013-09-30": "140.90000", "2013-06-30": "140.40000", "2013-03-31": "141.80000", "2012-12-31": "141.20000", "2012-09-30": "143.40000", "2012-06-30": "143.50000", "2012-03-31": "144.70000", "2011-12-31": "143.90000", "2011-09-30": "145.20000", "2011-06-30": "145.90000", "2011-03-31": "146.30000", "2010-12-31": "144.50000", "2010-09-30": "144.00000", "2010-06-30": "144.30000", "2010-03-31": "144.40000", "2009-12-31": "143.70000", "2009-09-30": "142.40000", "2009-06-30": "142.30000", "2009-03-31": "142.00000", "2008-12-31": "142.10000", "2008-09-30": "148.10000", "2008-06-30": "148.10000", "2008-03-31": "148.70000", "2007-12-31": "151.00000", "2007-09-30": "161.20000", "2007-06-30": "156.50000", "2007-03-31": "163.80000", "2006-12-31": "171.40000", "2006-09-30": "179.90000", "2006-06-30": "179.80000", "2006-03-31": "180.70000", "2005-12-31": "182.30000", "2005-09-30": "187.20000", "2005-06-30": "186.40000", "2005-03-31": "189.00000"}, "Basic EPS": {"2020-12-31": "5.11000", "2020-09-30": "2.27000", "2020-06-30": "2.74000", "2020-03-31": "1.14000", "2019-12-31": "2.68000", "2019-09-30": "0.08000", "2019-06-30": "2.22000", "2019-03-31": "2.91000", "2018-12-31": "0.67000", "2018-09-30": "2.72000", "2018-06-30": "1.60000", "2018-03-31": "1.79000", "2017-12-31": "-1.84000", "2017-09-30": "1.59000", "2017-06-30": "1.69000", "2017-03-31": "1.47000", "2016-12-31": "1.67000", "2016-09-30": "1.43000", "2016-06-30": "1.47000", "2016-03-31": "1.29000", "2015-12-31": "1.41000", "2015-09-30": "1.51000", "2015-06-30": "1.53000", "2015-03-31": "1.53000", "2014-12-31": "1.58000", "2014-09-30": "1.81000", "2014-06-30": "1.44000", "2014-03-31": "1.30000", "2013-12-31": "1.43000", "2013-09-30": "1.56000", "2013-06-30": "1.46000", "2013-03-31": "1.25000", "2012-12-31": "1.16000", "2012-09-30": "1.39000", "2012-06-30": "1.34000", "2012-03-31": "1.18000", "2011-12-31": "1.29000", "2011-09-30": "1.41000", "2011-06-30": "1.25000", "2011-03-31": "1.16000", "2010-12-31": "1.06000", "2010-09-30": "0.92000", "2010-06-30": "0.84000", "2010-03-31": "0.96000", "2009-12-31": "0.54000", "2009-09-30": "0.21000", "2009-06-30": "0.23000", "2009-03-31": "0.29000", "2008-12-31": "0.83000", "2008-09-30": "0.88000", "2008-06-30": "1.04000", "2008-03-31": "0.97000", "2007-12-31": "1.05000", "2007-09-30": "1.23000", "2007-06-30": "1.07000", "2007-03-31": "4.52000", "2006-12-31": "2.55000", "2006-09-30": "0.95000", "2006-06-30": "0.84000", "2006-03-31": "0.83000", "2005-12-31": "0.82000", "2005-09-30": "0.72000", "2005-06-30": "0.70000", "2005-03-31": "0.81000"}, "EPS - Earnings Per Share": {"2020-12-31": "5.06000", "2020-09-30": "2.25000", "2020-06-30": "2.73000", "2020-03-31": "1.13000", "2019-12-31": "2.66000", "2019-09-30": "0.09000", "2019-06-30": "2.20000", "2019-03-31": "2.88000", "2018-12-31": "0.66000", "2018-09-30": "2.70000", "2018-06-30": "1.58000", "2018-03-31": "1.77000", "2017-12-31": "-1.84000", "2017-09-30": "1.58000", "2017-06-30": "1.67000", "2017-03-31": "1.45000", "2016-12-31": "1.65000", "2016-09-30": "1.42000", "2016-06-30": "1.46000", "2016-03-31": "1.28000", "2015-12-31": "1.40000", "2015-09-30": "1.50000", "2015-06-30": "1.52000", "2015-03-31": "1.51000", "2014-12-31": "1.56000", "2014-09-30": "1.79000", "2014-06-30": "1.43000", "2014-03-31": "1.28000", "2013-12-31": "1.41000", "2013-09-30": "1.53000", "2013-06-30": "1.45000", "2013-03-31": "1.24000", "2012-12-31": "1.14000", "2012-09-30": "1.37000", "2012-06-30": "1.33000", "2012-03-31": "1.16000", "2011-12-31": "1.27000", "2011-09-30": "1.39000", "2011-06-30": "1.23000", "2011-03-31": "1.14000", "2010-12-31": "1.04000", "2010-09-30": "0.91000", "2010-06-30": "0.83000", "2010-03-31": "0.95000", "2009-12-31": "0.53000", "2009-09-30": "0.20000", "2009-06-30": "0.23000", "2009-03-31": "0.29000", "2008-12-31": "0.83000", "2008-09-30": "0.86000", "2008-06-30": "1.03000", "2008-03-31": "0.96000", "2007-12-31": "1.04000", "2007-09-30": "1.23000", "2007-06-30": "1.05000", "2007-03-31": "4.45000", "2006-12-31": "2.50000", "2006-09-30": "0.93000", "2006-06-30": "0.83000", "2006-03-31": "0.81000", "2005-12-31": "0.80000", "2005-09-30": "0.70000", "2005-06-30": "0.68000", "2005-03-31": "0.79000"}}, "balance sheet": {"Cash On Hand": {"2020-09-30": "704.60000", "2019-09-30": "1018.40000", "2018-09-30": "909.70000", "2017-09-30": "2535.50000", "2016-09-30": "2429.20000", "2015-09-30": "2149.20000", "2014-09-30": "1819.80000", "2013-09-30": "1573.60000", "2012-09-30": "1253.90000", "2011-09-30": "988.90000", "2010-09-30": "813.40000", "2009-09-30": "643.80000", "2008-09-30": "582.20000", "2007-09-30": "624.20000", "2006-09-30": "408.10000", "2005-09-30": "463.60000"}, "Receivables": {"2020-09-30": "1249.10000", "2019-09-30": "1178.70000", "2018-09-30": "1190.10000", "2017-09-30": "1135.50000", "2016-09-30": "1079.00000", "2015-09-30": "1041.00000", "2014-09-30": "1215.80000", "2013-09-30": "1186.10000", "2012-09-30": "1187.30000", "2011-09-30": "1063.40000", "2010-09-30": "859.00000", "2009-09-30": "726.30000", "2008-09-30": "959.90000", "2007-09-30": "927.70000", "2006-09-30": "743.60000", "2005-09-30": "799.60000"}, "Inventory": {"2020-09-30": "584.00000", "2019-09-30": "575.70000", "2018-09-30": "581.60000", "2017-09-30": "558.70000", "2016-09-30": "526.60000", "2015-09-30": "535.60000", "2014-09-30": "588.40000", "2013-09-30": "615.40000", "2012-09-30": "619.00000", "2011-09-30": "641.70000", "2010-09-30": "603.30000", "2009-09-30": "436.40000", "2008-09-30": "575.50000", "2007-09-30": "504.70000", "2006-09-30": "411.50000", "2005-09-30": "569.90000"}, "Pre-Paid Expenses": {"2020-09-30": "", "2019-09-30": "", "2018-09-30": "", "2017-09-30": "", "2016-09-30": "", "2015-09-30": "", "2014-09-30": "", "2013-09-30": "", "2012-09-30": "", "2011-09-30": "", "2010-09-30": "", "2009-09-30": "", "2008-09-30": "", "2007-09-30": "", "2006-09-30": "", "2005-09-30": ""}, "Other Current Assets": {"2020-09-30": "148.10000", "2019-09-30": "212.90000", "2018-09-30": "149.30000", "2017-09-30": "191.00000", "2016-09-30": "150.20000", "2015-09-30": "171.00000", "2014-09-30": "146.70000", "2013-09-30": "115.30000", "2012-09-30": "118.70000", "2011-09-30": "181.50000", "2010-09-30": "140.70000", "2009-09-30": "153.90000", "2008-09-30": "129.00000", "2007-09-30": "155.20000", "2006-09-30": "464.40000", "2005-09-30": "184.00000"}, "Total Current Assets": {"2020-09-30": "2685.80000", "2019-09-30": "2985.70000", "2018-09-30": "2830.70000", "2017-09-30": "4420.70000", "2016-09-30": "4185.00000", "2015-09-30": "3896.80000", "2014-09-30": "3934.20000", "2013-09-30": "3679.90000", "2012-09-30": "3387.50000", "2011-09-30": "3075.10000", "2010-09-30": "2586.60000", "2009-09-30": "2134.80000", "2008-09-30": "2436.60000", "2007-09-30": "2382.00000", "2006-09-30": "2188.00000", "2005-09-30": "2186.50000"}, "Property, Plant, And Equipment": {"2020-09-30": "574.40000", "2019-09-30": "571.90000", "2018-09-30": "576.80000", "2017-09-30": "583.90000", "2016-09-30": "578.30000", "2015-09-30": "605.60000", "2014-09-30": "632.90000", "2013-09-30": "616.00000", "2012-09-30": "587.10000", "2011-09-30": "561.40000", "2010-09-30": "536.90000", "2009-09-30": "532.50000", "2008-09-30": "553.80000", "2007-09-30": "510.30000", "2006-09-30": "468.50000", "2005-09-30": "774.50000"}, "Long-Term Investments": {"2020-09-30": "953.50000", "2019-09-30": "793.90000", "2018-09-30": "1288.00000", "2017-09-30": "325.70000", "2016-09-30": "", "2015-09-30": "", "2014-09-30": "", "2013-09-30": "", "2012-09-30": "", "2011-09-30": "", "2010-09-30": "", "2009-09-30": "", "2008-09-30": "", "2007-09-30": "", "2006-09-30": "", "2005-09-30": ""}, "Goodwill And Intangible Assets": {"2020-09-30": "2129.60000", "2019-09-30": "1265.20000", "2018-09-30": "1290.70000", "2017-09-30": "1315.70000", "2016-09-30": "1329.20000", "2015-09-30": "1258.30000", "2014-09-30": "1296.80000", "2013-09-30": "1235.80000", "2012-09-30": "1158.30000", "2011-09-30": "1170.60000", "2010-09-30": "1129.80000", "2009-09-30": "1144.10000", "2008-09-30": "1165.80000", "2007-09-30": "1101.90000", "2006-09-30": "819.90000", "2005-09-30": "1118.90000"}, "Other Long-Term Assets": {"2020-09-30": "162.90000", "2019-09-30": "132.20000", "2018-09-30": "96.20000", "2017-09-30": "72.10000", "2016-09-30": "374.80000", "2015-09-30": "149.20000", "2014-09-30": "154.70000", "2013-09-30": "165.60000", "2012-09-30": "152.50000", "2011-09-30": "141.60000", "2010-09-30": "142.20000", "2009-09-30": "156.00000", "2008-09-30": "178.90000", "2007-09-30": "142.00000", "2006-09-30": "662.40000", "2005-09-30": "178.40000"}, "Total Long-Term Assets": {"2020-09-30": "4578.90000", "2019-09-30": "3127.30000", "2018-09-30": "3431.30000", "2017-09-30": "2741.00000", "2016-09-30": "2916.20000", "2015-09-30": "2507.90000", "2014-09-30": "2290.10000", "2013-09-30": "2164.70000", "2012-09-30": "2249.00000", "2011-09-30": "2209.80000", "2010-09-30": "2161.70000", "2009-09-30": "2170.90000", "2008-09-30": "2157.00000", "2007-09-30": "2163.80000", "2006-09-30": "2547.40000", "2005-09-30": "2338.60000"}, "Total Assets": {"2020-09-30": "7264.70000", "2019-09-30": "6113.00000", "2018-09-30": "6262.00000", "2017-09-30": "7161.70000", "2016-09-30": "7101.20000", "2015-09-30": "6404.70000", "2014-09-30": "6224.30000", "2013-09-30": "5844.60000", "2012-09-30": "5636.50000", "2011-09-30": "5284.90000", "2010-09-30": "4748.30000", "2009-09-30": "4305.70000", "2008-09-30": "4593.60000", "2007-09-30": "4545.80000", "2006-09-30": "4735.40000", "2005-09-30": "4525.10000"}, "Total Current Liabilities": {"2020-09-30": "1810.80000", "2019-09-30": "1936.80000", "2018-09-30": "2236.90000", "2017-09-30": "2145.80000", "2016-09-30": "1975.90000", "2015-09-30": "1327.70000", "2014-09-30": "1692.10000", "2013-09-30": "1544.70000", "2012-09-30": "1531.60000", "2011-09-30": "1329.90000", "2010-09-30": "1222.30000", "2009-09-30": "947.20000", "2008-09-30": "1303.10000", "2007-09-30": "1744.50000", "2006-09-30": "1293.30000", "2005-09-30": "940.80000"}, "Long Term Debt": {"2020-09-30": "1974.70000", "2019-09-30": "1956.40000", "2018-09-30": "1225.20000", "2017-09-30": "1243.40000", "2016-09-30": "1516.30000", "2015-09-30": "1500.90000", "2014-09-30": "900.40000", "2013-09-30": "905.10000", "2012-09-30": "905.00000", "2011-09-30": "905.00000", "2010-09-30": "904.90000", "2009-09-30": "904.70000", "2008-09-30": "904.40000", "2007-09-30": "405.70000", "2006-09-30": "748.20000", "2005-09-30": "748.20000"}, "Other Non-Current Liabilities": {"2020-09-30": "573.70000", "2019-09-30": "583.70000", "2018-09-30": "577.30000", "2017-09-30": "216.40000", "2016-09-30": "188.70000", "2015-09-30": "202.70000", "2014-09-30": "205.80000", "2013-09-30": "213.40000", "2012-09-30": "242.40000", "2011-09-30": "242.70000", "2010-09-30": "237.30000", "2009-09-30": "288.50000", "2008-09-30": "310.50000", "2007-09-30": "251.40000", "2006-09-30": "377.60000", "2005-09-30": "209.50000"}, "Total Long Term Liabilities": {"2020-09-30": "4107.10000", "2019-09-30": "3772.00000", "2018-09-30": "2407.60000", "2017-09-30": "2352.30000", "2016-09-30": "3135.20000", "2015-09-30": "2820.20000", "2014-09-30": "1874.10000", "2013-09-30": "1714.40000", "2012-09-30": "2253.20000", "2011-09-30": "2207.00000", "2010-09-30": "2065.60000", "2009-09-30": "2042.10000", "2008-09-30": "1601.70000", "2007-09-30": "1058.50000", "2006-09-30": "1523.90000", "2005-09-30": "1935.20000"}, "Total Liabilities": {"2020-09-30": "5917.90000", "2019-09-30": "5708.80000", "2018-09-30": "4644.50000", "2017-09-30": "4498.10000", "2016-09-30": "5111.10000", "2015-09-30": "4147.90000", "2014-09-30": "3566.20000", "2013-09-30": "3259.10000", "2012-09-30": "3784.80000", "2011-09-30": "3536.90000", "2010-09-30": "3287.90000", "2009-09-30": "2989.30000", "2008-09-30": "2904.80000", "2007-09-30": "2803.00000", "2006-09-30": "2817.20000", "2005-09-30": "2876.00000"}, "Common Stock Net": {"2020-09-30": "181.40000", "2019-09-30": "181.40000", "2018-09-30": "181.40000", "2017-09-30": "181.40000", "2016-09-30": "181.40000", "2015-09-30": "181.40000", "2014-09-30": "181.40000", "2013-09-30": "181.40000", "2012-09-30": "181.40000", "2011-09-30": "181.40000", "2010-09-30": "181.40000", "2009-09-30": "181.40000", "2008-09-30": "216.40000", "2007-09-30": "216.40000", "2006-09-30": "216.40000", "2005-09-30": "216.40000"}, "Retained Earnings (Accumulated Deficit)": {"2020-09-30": "7139.80000", "2019-09-30": "6440.20000", "2018-09-30": "6198.10000", "2017-09-30": "6103.40000", "2016-09-30": "5668.40000", "2015-09-30": "5316.90000", "2014-09-30": "4839.60000", "2013-09-30": "4333.40000", "2012-09-30": "3858.80000", "2011-09-30": "3382.80000", "2010-09-30": "2912.40000", "2009-09-30": "2667.20000", "2008-09-30": "4486.10000", "2007-09-30": "4098.10000", "2006-09-30": "2856.20000", "2005-09-30": "2493.50000"}, "Comprehensive Income": {"2020-09-30": "-1614.20000", "2019-09-30": "-1488.00000", "2018-09-30": "-941.90000", "2017-09-30": "-1179.20000", "2016-09-30": "-1538.80000", "2015-09-30": "-1334.60000", "2014-09-30": "-948.00000", "2013-09-30": "-817.70000", "2012-09-30": "-1225.30000", "2011-09-30": "-992.90000", "2010-09-30": "-841.20000", "2009-09-30": "-727.50000", "2008-09-30": "-319.00000", "2007-09-30": "-169.70000", "2006-09-30": "-75.30000", "2005-09-30": "-501.50000"}, "Other Share Holders Equity": {"2020-09-30": "", "2019-09-30": "", "2018-09-30": "", "2017-09-30": "", "2016-09-30": "", "2015-09-30": "", "2014-09-30": "", "2013-09-30": "", "2012-09-30": "", "2011-09-30": "", "2010-09-30": "", "2009-09-30": "", "2008-09-30": "", "2007-09-30": "", "2006-09-30": "", "2005-09-30": ""}, "Share Holder Equity": {"2020-09-30": "1346.80000", "2019-09-30": "404.20000", "2018-09-30": "1617.50000", "2017-09-30": "2663.60000", "2016-09-30": "1990.10000", "2015-09-30": "2256.80000", "2014-09-30": "2658.10000", "2013-09-30": "2585.50000", "2012-09-30": "1851.70000", "2011-09-30": "1748.00000", "2010-09-30": "1460.40000", "2009-09-30": "1316.40000", "2008-09-30": "1688.80000", "2007-09-30": "1742.80000", "2006-09-30": "1918.20000", "2005-09-30": "1649.10000"}, "Total Liabilities And Share Holders Equity": {"2020-09-30": "7264.70000", "2019-09-30": "6113.00000", "2018-09-30": "6262.00000", "2017-09-30": "7161.70000", "2016-09-30": "7101.20000", "2015-09-30": "6404.70000", "2014-09-30": "6224.30000", "2013-09-30": "5844.60000", "2012-09-30": "5636.50000", "2011-09-30": "5284.90000", "2010-09-30": "4748.30000", "2009-09-30": "4305.70000", "2008-09-30": "4593.60000", "2007-09-30": "4545.80000", "2006-09-30": "4735.40000", "2005-09-30": "4525.10000"}}, "balance sheet, quarterly": {"Cash On Hand": {"2020-12-31": "730.40000", "2020-09-30": "704.60000", "2020-06-30": "909.80000", "2020-03-31": "641.80000", "2019-12-31": "926.20000", "2019-09-30": "1018.40000", "2019-06-30": "913.40000", "2019-03-31": "902.20000", "2018-12-31": "753.50000", "2018-09-30": "909.70000", "2018-06-30": "1488.70000", "2018-03-31": "2047.30000", "2017-12-31": "2647.50000", "2017-09-30": "2535.50000", "2017-06-30": "2614.60000", "2017-03-31": "2533.50000", "2016-12-31": "2482.60000", "2016-09-30": "2429.20000", "2016-06-30": "2432.70000", "2016-03-31": "2309.90000", "2015-12-31": "2219.80000", "2015-09-30": "2149.20000", "2015-06-30": "2157.80000", "2015-03-31": "2037.60000", "2014-12-31": "1912.70000", "2014-09-30": "1819.80000", "2014-06-30": "1749.50000", "2014-03-31": "1725.60000", "2013-12-31": "1610.60000", "2013-09-30": "1573.60000", "2013-06-30": "1397.00000", "2013-03-31": "1330.70000", "2012-12-31": "1304.30000", "2012-09-30": "1253.90000", "2012-06-30": "1155.60000", "2012-03-31": "1124.30000", "2011-12-31": "1034.00000", "2011-09-30": "988.90000", "2011-06-30": "1021.80000", "2011-03-31": "1020.30000", "2010-12-31": "769.30000", "2010-09-30": "813.40000", "2010-06-30": "826.00000", "2010-03-31": "817.20000", "2009-12-31": "716.30000", "2009-09-30": "643.80000", "2009-06-30": "580.50000", "2009-03-31": "519.50000", "2008-12-31": "554.00000", "2008-09-30": "582.20000", "2008-06-30": "805.90000", "2008-03-31": "760.70000", "2007-12-31": "867.00000", "2007-09-30": "624.20000", "2007-06-30": "794.30000", "2007-03-31": "1119.60000", "2006-12-31": "433.50000", "2006-09-30": "408.10000", "2006-06-30": "338.90000", "2006-03-31": "302.30000", "2005-12-31": "246.70000", "2005-09-30": "463.60000", "2005-06-30": "468.80000", "2005-03-31": "484.70000"}, "Receivables": {"2020-12-31": "1379.00000", "2020-09-30": "1249.10000", "2020-06-30": "1202.10000", "2020-03-31": "1301.10000", "2019-12-31": "1298.10000", "2019-09-30": "1178.70000", "2019-06-30": "1222.60000", "2019-03-31": "1244.40000", "2018-12-31": "1188.70000", "2018-09-30": "1190.10000", "2018-06-30": "1149.30000", "2018-03-31": "1163.10000", "2017-12-31": "1149.90000", "2017-09-30": "1135.50000", "2017-06-30": "1111.90000", "2017-03-31": "1082.60000", "2016-12-31": "1036.50000", "2016-09-30": "1079.00000", "2016-06-30": "1022.50000", "2016-03-31": "1028.00000", "2015-12-31": "1015.80000", "2015-09-30": "1041.00000", "2015-06-30": "1084.30000", "2015-03-31": "1060.30000", "2014-12-31": "1106.70000", "2014-09-30": "1215.80000", "2014-06-30": "1177.80000", "2014-03-31": "1204.40000", "2013-12-31": "1169.40000", "2013-09-30": "1186.10000", "2013-06-30": "1155.10000", "2013-03-31": "1139.10000", "2012-12-31": "1125.70000", "2012-09-30": "1187.30000", "2012-06-30": "1139.10000", "2012-03-31": "1150.00000", "2011-12-31": "1044.80000", "2011-09-30": "1063.40000", "2011-06-30": "1045.40000", "2011-03-31": "1005.70000", "2010-12-31": "950.90000", "2010-09-30": "859.00000", "2010-06-30": "826.40000", "2010-03-31": "791.80000", "2009-12-31": "769.30000", "2009-09-30": "726.30000", "2009-06-30": "740.70000", "2009-03-31": "748.10000", "2008-12-31": "824.00000", "2008-09-30": "959.90000", "2008-06-30": "990.30000", "2008-03-31": "980.40000", "2007-12-31": "937.50000", "2007-09-30": "927.70000", "2007-06-30": "882.90000", "2007-03-31": "847.70000", "2006-12-31": "788.30000", "2006-09-30": "743.60000", "2006-06-30": "867.90000", "2006-03-31": "849.50000", "2005-12-31": "793.70000", "2005-09-30": "799.60000", "2005-06-30": "756.10000", "2005-03-31": "767.60000"}, "Inventory": {"2020-12-31": "640.60000", "2020-09-30": "584.00000", "2020-06-30": "674.80000", "2020-03-31": "629.00000", "2019-12-31": "625.30000", "2019-09-30": "575.70000", "2019-06-30": "656.30000", "2019-03-31": "665.40000", "2018-12-31": "627.20000", "2018-09-30": "581.60000", "2018-06-30": "570.30000", "2018-03-31": "570.40000", "2017-12-31": "570.80000", "2017-09-30": "558.70000", "2017-06-30": "585.50000", "2017-03-31": "543.20000", "2016-12-31": "541.70000", "2016-09-30": "526.60000", "2016-06-30": "556.30000", "2016-03-31": "569.70000", "2015-12-31": "562.20000", "2015-09-30": "535.60000", "2015-06-30": "599.40000", "2015-03-31": "595.60000", "2014-12-31": "593.50000", "2014-09-30": "588.40000", "2014-06-30": "655.40000", "2014-03-31": "667.50000", "2013-12-31": "645.60000", "2013-09-30": "615.40000", "2013-06-30": "619.00000", "2013-03-31": "640.00000", "2012-12-31": "646.60000", "2012-09-30": "619.00000", "2012-06-30": "634.80000", "2012-03-31": "664.10000", "2011-12-31": "677.30000", "2011-09-30": "641.70000", "2011-06-30": "690.50000", "2011-03-31": "621.90000", "2010-12-31": "612.60000", "2010-09-30": "603.30000", "2010-06-30": "576.50000", "2010-03-31": "524.50000", "2009-12-31": "468.70000", "2009-09-30": "436.40000", "2009-06-30": "460.30000", "2009-03-31": "528.30000", "2008-12-31": "600.50000", "2008-09-30": "575.50000", "2008-06-30": "602.20000", "2008-03-31": "592.70000", "2007-12-31": "554.60000", "2007-09-30": "504.70000", "2007-06-30": "472.30000", "2007-03-31": "454.00000", "2006-12-31": "450.90000", "2006-09-30": "411.50000", "2006-06-30": "614.20000", "2006-03-31": "606.20000", "2005-12-31": "595.70000", "2005-09-30": "569.90000", "2005-06-30": "595.00000", "2005-03-31": "619.70000"}, "Pre-Paid Expenses": {"2020-12-31": "", "2020-09-30": "", "2020-06-30": "", "2020-03-31": "", "2019-12-31": "", "2019-09-30": "", "2019-06-30": "", "2019-03-31": "", "2018-12-31": "", "2018-09-30": "", "2018-06-30": "", "2018-03-31": "", "2017-12-31": "", "2017-09-30": "", "2017-06-30": "", "2017-03-31": "", "2016-12-31": "", "2016-09-30": "", "2016-06-30": "", "2016-03-31": "", "2015-12-31": "", "2015-09-30": "", "2015-06-30": "", "2015-03-31": "", "2014-12-31": "", "2014-09-30": "", "2014-06-30": "", "2014-03-31": "", "2013-12-31": "", "2013-09-30": "", "2013-06-30": "", "2013-03-31": "", "2012-12-31": "", "2012-09-30": "", "2012-06-30": "", "2012-03-31": "", "2011-12-31": "", "2011-09-30": "", "2011-06-30": "", "2011-03-31": "", "2010-12-31": "", "2010-09-30": "", "2010-06-30": "", "2010-03-31": "", "2009-12-31": "", "2009-09-30": "", "2009-06-30": "", "2009-03-31": "", "2008-12-31": "", "2008-09-30": "", "2008-06-30": "", "2008-03-31": "", "2007-12-31": "", "2007-09-30": "", "2007-06-30": "", "2007-03-31": "", "2006-12-31": "", "2006-09-30": "", "2006-06-30": "", "2006-03-31": "", "2005-12-31": "", "2005-09-30": "", "2005-06-30": "", "2005-03-31": ""}, "Other Current Assets": {"2020-12-31": "182.10000", "2020-09-30": "148.10000", "2020-06-30": "155.80000", "2020-03-31": "186.30000", "2019-12-31": "157.90000", "2019-09-30": "212.90000", "2019-06-30": "153.50000", "2019-03-31": "164.80000", "2018-12-31": "168.50000", "2018-09-30": "149.30000", "2018-06-30": "167.50000", "2018-03-31": "160.10000", "2017-12-31": "165.70000", "2017-09-30": "191.00000", "2017-06-30": "144.50000", "2017-03-31": "158.10000", "2016-12-31": "426.40000", "2016-09-30": "150.20000", "2016-06-30": "142.40000", "2016-03-31": "155.40000", "2015-12-31": "159.40000", "2015-09-30": "171.00000", "2015-06-30": "181.60000", "2015-03-31": "199.70000", "2014-12-31": "161.30000", "2014-09-30": "146.70000", "2014-06-30": "167.20000", "2014-03-31": "170.60000", "2013-12-31": "136.50000", "2013-09-30": "115.30000", "2013-06-30": "121.90000", "2013-03-31": "122.30000", "2012-12-31": "115.50000", "2012-09-30": "118.70000", "2012-06-30": "135.80000", "2012-03-31": "123.80000", "2011-12-31": "155.60000", "2011-09-30": "181.50000", "2011-06-30": "152.30000", "2011-03-31": "117.40000", "2010-12-31": "125.60000", "2010-09-30": "140.70000", "2010-06-30": "125.70000", "2010-03-31": "108.60000", "2009-12-31": "109.40000", "2009-09-30": "153.90000", "2009-06-30": "147.10000", "2009-03-31": "167.30000", "2008-12-31": "213.20000", "2008-09-30": "129.00000", "2008-06-30": "145.00000", "2008-03-31": "141.40000", "2007-12-31": "131.70000", "2007-09-30": "155.20000", "2007-06-30": "195.40000", "2007-03-31": "176.50000", "2006-12-31": "458.50000", "2006-09-30": "464.40000", "2006-06-30": "176.80000", "2006-03-31": "139.90000", "2005-12-31": "144.00000", "2005-09-30": "184.00000", "2005-06-30": "122.50000", "2005-03-31": "101.10000"}, "Total Current Assets": {"2020-12-31": "2932.10000", "2020-09-30": "2685.80000", "2020-06-30": "2942.50000", "2020-03-31": "2758.20000", "2019-12-31": "3007.50000", "2019-09-30": "2985.70000", "2019-06-30": "2945.80000", "2019-03-31": "2976.80000", "2018-12-31": "2737.90000", "2018-09-30": "2830.70000", "2018-06-30": "3375.80000", "2018-03-31": "3940.90000", "2017-12-31": "4533.90000", "2017-09-30": "4420.70000", "2017-06-30": "4456.50000", "2017-03-31": "4317.40000", "2016-12-31": "4487.20000", "2016-09-30": "4185.00000", "2016-06-30": "4153.90000", "2016-03-31": "4063.00000", "2015-12-31": "3957.20000", "2015-09-30": "3896.80000", "2015-06-30": "4174.90000", "2015-03-31": "4046.00000", "2014-12-31": "3932.50000", "2014-09-30": "3934.20000", "2014-06-30": "3907.70000", "2014-03-31": "3929.40000", "2013-12-31": "3719.80000", "2013-09-30": "3679.90000", "2013-06-30": "3485.10000", "2013-03-31": "3436.90000", "2012-12-31": "3392.60000", "2012-09-30": "3387.50000", "2012-06-30": "3261.60000", "2012-03-31": "3270.60000", "2011-12-31": "3114.00000", "2011-09-30": "3075.10000", "2011-06-30": "3095.70000", "2011-03-31": "2947.80000", "2010-12-31": "2631.70000", "2010-09-30": "2586.60000", "2010-06-30": "2518.60000", "2010-03-31": "2436.50000", "2009-12-31": "2257.10000", "2009-09-30": "2134.80000", "2009-06-30": "2106.20000", "2009-03-31": "2137.80000", "2008-12-31": "2361.00000", "2008-09-30": "2436.60000", "2008-06-30": "2740.90000", "2008-03-31": "2664.70000", "2007-12-31": "2667.10000", "2007-09-30": "2382.00000", "2007-06-30": "2512.10000", "2007-03-31": "2769.00000", "2006-12-31": "2504.00000", "2006-09-30": "2188.00000", "2006-06-30": "2186.80000", "2006-03-31": "2098.20000", "2005-12-31": "1964.30000", "2005-09-30": "2186.50000", "2005-06-30": "2078.40000", "2005-03-31": "2107.40000"}, "Property, Plant, And Equipment": {"2020-12-31": "567.70000", "2020-09-30": "574.40000", "2020-06-30": "564.50000", "2020-03-31": "560.80000", "2019-12-31": "574.00000", "2019-09-30": "571.90000", "2019-06-30": "556.50000", "2019-03-31": "557.80000", "2018-12-31": "559.70000", "2018-09-30": "576.80000", "2018-06-30": "537.30000", "2018-03-31": "557.20000", "2017-12-31": "565.80000", "2017-09-30": "583.90000", "2017-06-30": "568.80000", "2017-03-31": "567.20000", "2016-12-31": "562.60000", "2016-09-30": "578.30000", "2016-06-30": "567.00000", "2016-03-31": "571.60000", "2015-12-31": "586.30000", "2015-09-30": "605.60000", "2015-06-30": "590.70000", "2015-03-31": "598.00000", "2014-12-31": "612.40000", "2014-09-30": "632.90000", "2014-06-30": "610.40000", "2014-03-31": "610.30000", "2013-12-31": "610.30000", "2013-09-30": "616.00000", "2013-06-30": "581.40000", "2013-03-31": "585.00000", "2012-12-31": "579.50000", "2012-09-30": "587.10000", "2012-06-30": "563.90000", "2012-03-31": "565.70000", "2011-12-31": "559.10000", "2011-09-30": "561.40000", "2011-06-30": "544.20000", "2011-03-31": "531.30000", "2010-12-31": "530.70000", "2010-09-30": "536.90000", "2010-06-30": "513.00000", "2010-03-31": "510.00000", "2009-12-31": "519.10000", "2009-09-30": "532.50000", "2009-06-30": "525.80000", "2009-03-31": "532.70000", "2008-12-31": "539.30000", "2008-09-30": "553.80000", "2008-06-30": "535.60000", "2008-03-31": "521.60000", "2007-12-31": "510.20000", "2007-09-30": "510.30000", "2007-06-30": "480.70000", "2007-03-31": "474.30000", "2006-12-31": "468.10000", "2006-09-30": "468.50000", "2006-06-30": "650.30000", "2006-03-31": "651.50000", "2005-12-31": "663.50000", "2005-09-30": "774.50000", "2005-06-30": "771.10000", "2005-03-31": "792.20000"}, "Long-Term Investments": {"2020-12-31": "1345.90000", "2020-09-30": "953.50000", "2020-06-30": "900.10000", "2020-03-31": "716.30000", "2019-12-31": "860.70000", "2019-09-30": "793.90000", "2019-06-30": "1057.90000", "2019-03-31": "1111.90000", "2018-12-31": "1060.00000", "2018-09-30": "1288.00000", "2018-06-30": "", "2018-03-31": "", "2017-12-31": "", "2017-09-30": "325.70000", "2017-06-30": "", "2017-03-31": "", "2016-12-31": "", "2016-09-30": "", "2016-06-30": "", "2016-03-31": "", "2015-12-31": "", "2015-09-30": "", "2015-06-30": "", "2015-03-31": "", "2014-12-31": "", "2014-09-30": "", "2014-06-30": "", "2014-03-31": "", "2013-12-31": "", "2013-09-30": "", "2013-06-30": "", "2013-03-31": "", "2012-12-31": "", "2012-09-30": "", "2012-06-30": "", "2012-03-31": "", "2011-12-31": "", "2011-09-30": "", "2011-06-30": "", "2011-03-31": "", "2010-12-31": "", "2010-09-30": "", "2010-06-30": "", "2010-03-31": "", "2009-12-31": "", "2009-09-30": "", "2009-06-30": "", "2009-03-31": "", "2008-12-31": "", "2008-09-30": "", "2008-06-30": "", "2008-03-31": "", "2007-12-31": "", "2007-09-30": "", "2007-06-30": "", "2007-03-31": "", "2006-12-31": "", "2006-09-30": "", "2006-06-30": "", "2006-03-31": "", "2005-12-31": "", "2005-09-30": "", "2005-06-30": "", "2005-03-31": ""}, "Goodwill And Intangible Assets": {"2020-12-31": "2442.50000", "2020-09-30": "2129.60000", "2020-06-30": "2121.70000", "2020-03-31": "1795.30000", "2019-12-31": "1837.60000", "2019-09-30": "1265.20000", "2019-06-30": "1282.20000", "2019-03-31": "1294.10000", "2018-12-31": "1272.30000", "2018-09-30": "1290.70000", "2018-06-30": "1301.00000", "2018-03-31": "1335.20000", "2017-12-31": "1316.30000", "2017-09-30": "1315.70000", "2017-06-30": "1301.60000", "2017-03-31": "1302.50000", "2016-12-31": "1298.40000", "2016-09-30": "1329.20000", "2016-06-30": "1229.50000", "2016-03-31": "1241.50000", "2015-12-31": "1240.90000", "2015-09-30": "1258.30000", "2015-06-30": "1284.50000", "2015-03-31": "1275.50000", "2014-12-31": "1297.00000", "2014-09-30": "1296.80000", "2014-06-30": "1318.10000", "2014-03-31": "1312.30000", "2013-12-31": "1293.60000", "2013-09-30": "1235.80000", "2013-06-30": "1219.40000", "2013-03-31": "1215.70000", "2012-12-31": "1242.10000", "2012-09-30": "1158.30000", "2012-06-30": "1143.70000", "2012-03-31": "1168.70000", "2011-12-31": "1154.90000", "2011-09-30": "1170.60000", "2011-06-30": "1193.40000", "2011-03-31": "1136.30000", "2010-12-31": "1118.50000", "2010-09-30": "1129.80000", "2010-06-30": "1096.30000", "2010-03-31": "1107.40000", "2009-12-31": "1138.80000", "2009-09-30": "1144.10000", "2009-06-30": "1137.20000", "2009-03-31": "1108.40000", "2008-12-31": "1098.10000", "2008-09-30": "1165.80000", "2008-06-30": "1209.80000", "2008-03-31": "1173.70000", "2007-12-31": "1156.20000", "2007-09-30": "1101.90000", "2007-06-30": "867.90000", "2007-03-31": "869.90000", "2006-12-31": "824.80000", "2006-09-30": "819.90000", "2006-06-30": "1162.60000", "2006-03-31": "1150.50000", "2005-12-31": "1141.20000", "2005-09-30": "1118.90000", "2005-06-30": "1126.90000", "2005-03-31": "1139.10000"}, "Other Long-Term Assets": {"2020-12-31": "189.90000", "2020-09-30": "162.90000", "2020-06-30": "127.10000", "2020-03-31": "147.50000", "2019-12-31": "128.50000", "2019-09-30": "132.20000", "2019-06-30": "118.30000", "2019-03-31": "113.60000", "2018-12-31": "109.10000", "2018-09-30": "96.20000", "2018-06-30": "326.80000", "2018-03-31": "347.80000", "2017-12-31": "407.90000", "2017-09-30": "72.10000", "2017-06-30": "248.10000", "2017-03-31": "243.90000", "2016-12-31": "128.80000", "2016-09-30": "374.80000", "2016-06-30": "392.60000", "2016-03-31": "153.90000", "2015-12-31": "139.20000", "2015-09-30": "149.20000", "2015-06-30": "162.80000", "2015-03-31": "169.20000", "2014-12-31": "161.80000", "2014-09-30": "154.70000", "2014-06-30": "166.70000", "2014-03-31": "166.30000", "2013-12-31": "171.20000", "2013-09-30": "165.60000", "2013-06-30": "160.70000", "2013-03-31": "150.70000", "2012-12-31": "151.60000", "2012-09-30": "152.50000", "2012-06-30": "148.10000", "2012-03-31": "138.90000", "2011-12-31": "136.40000", "2011-09-30": "141.60000", "2011-06-30": "133.80000", "2011-03-31": "145.50000", "2010-12-31": "143.60000", "2010-09-30": "142.20000", "2010-06-30": "152.20000", "2010-03-31": "160.40000", "2009-12-31": "154.30000", "2009-09-30": "156.00000", "2009-06-30": "139.20000", "2009-03-31": "141.70000", "2008-12-31": "143.40000", "2008-09-30": "178.90000", "2008-06-30": "179.20000", "2008-03-31": "178.70000", "2007-12-31": "177.00000", "2007-09-30": "142.00000", "2007-06-30": "134.40000", "2007-03-31": "107.20000", "2006-12-31": "665.60000", "2006-09-30": "662.40000", "2006-06-30": "133.90000", "2006-03-31": "188.50000", "2005-12-31": "185.40000", "2005-09-30": "178.40000", "2005-06-30": "260.70000", "2005-03-31": "264.60000"}, "Total Long-Term Assets": {"2020-12-31": "5238.90000", "2020-09-30": "4578.90000", "2020-06-30": "4387.00000", "2020-03-31": "3907.70000", "2019-12-31": "4100.40000", "2019-09-30": "3127.30000", "2019-06-30": "3213.00000", "2019-03-31": "3277.40000", "2018-12-31": "3197.50000", "2018-09-30": "3431.30000", "2018-06-30": "2461.80000", "2018-03-31": "2572.70000", "2017-12-31": "2624.80000", "2017-09-30": "2741.00000", "2017-06-30": "2759.00000", "2017-03-31": "2747.60000", "2016-12-31": "2607.10000", "2016-09-30": "2916.20000", "2016-06-30": "2701.80000", "2016-03-31": "2476.60000", "2015-12-31": "2462.50000", "2015-09-30": "2507.90000", "2015-06-30": "2231.60000", "2015-03-31": "2234.20000", "2014-12-31": "2269.50000", "2014-09-30": "2290.10000", "2014-06-30": "2237.40000", "2014-03-31": "2228.70000", "2013-12-31": "2221.00000", "2013-09-30": "2164.70000", "2013-06-30": "2286.20000", "2013-03-31": "2283.00000", "2012-12-31": "2318.50000", "2012-09-30": "2249.00000", "2012-06-30": "2120.80000", "2012-03-31": "2164.00000", "2011-12-31": "2165.10000", "2011-09-30": "2209.80000", "2011-06-30": "2232.00000", "2011-03-31": "2163.30000", "2010-12-31": "2147.20000", "2010-09-30": "2161.70000", "2010-06-30": "2095.90000", "2010-03-31": "2105.70000", "2009-12-31": "2141.70000", "2009-09-30": "2170.90000", "2009-06-30": "2057.80000", "2009-03-31": "2037.90000", "2008-12-31": "2038.30000", "2008-09-30": "2157.00000", "2008-06-30": "2370.40000", "2008-03-31": "2314.80000", "2007-12-31": "2273.90000", "2007-09-30": "2163.80000", "2007-06-30": "2074.80000", "2007-03-31": "2047.90000", "2006-12-31": "2557.50000", "2006-09-30": "2547.40000", "2006-06-30": "2627.50000", "2006-03-31": "2668.80000", "2005-12-31": "2654.90000", "2005-09-30": "2338.60000", "2005-06-30": "2158.70000", "2005-03-31": "2195.90000"}, "Total Assets": {"2020-12-31": "8171.00000", "2020-09-30": "7264.70000", "2020-06-30": "7329.50000", "2020-03-31": "6665.90000", "2019-12-31": "7107.90000", "2019-09-30": "6113.00000", "2019-06-30": "6158.80000", "2019-03-31": "6254.20000", "2018-12-31": "5935.40000", "2018-09-30": "6262.00000", "2018-06-30": "5837.60000", "2018-03-31": "6513.60000", "2017-12-31": "7158.70000", "2017-09-30": "7161.70000", "2017-06-30": "7215.50000", "2017-03-31": "7065.00000", "2016-12-31": "7094.30000", "2016-09-30": "7101.20000", "2016-06-30": "6855.70000", "2016-03-31": "6539.60000", "2015-12-31": "6419.70000", "2015-09-30": "6404.70000", "2015-06-30": "6406.50000", "2015-03-31": "6280.20000", "2014-12-31": "6202.00000", "2014-09-30": "6224.30000", "2014-06-30": "6145.10000", "2014-03-31": "6158.10000", "2013-12-31": "5940.80000", "2013-09-30": "5844.60000", "2013-06-30": "5771.30000", "2013-03-31": "5719.90000", "2012-12-31": "5711.10000", "2012-09-30": "5636.50000", "2012-06-30": "5382.40000", "2012-03-31": "5434.60000", "2011-12-31": "5279.10000", "2011-09-30": "5284.90000", "2011-06-30": "5327.70000", "2011-03-31": "5111.10000", "2010-12-31": "4778.90000", "2010-09-30": "4748.30000", "2010-06-30": "4614.50000", "2010-03-31": "4542.20000", "2009-12-31": "4398.80000", "2009-09-30": "4305.70000", "2009-06-30": "4164.00000", "2009-03-31": "4175.70000", "2008-12-31": "4399.30000", "2008-09-30": "4593.60000", "2008-06-30": "5111.30000", "2008-03-31": "4979.50000", "2007-12-31": "4941.00000", "2007-09-30": "4545.80000", "2007-06-30": "4586.90000", "2007-03-31": "4816.90000", "2006-12-31": "5061.50000", "2006-09-30": "4735.40000", "2006-06-30": "4814.30000", "2006-03-31": "4767.00000", "2005-12-31": "4619.20000", "2005-09-30": "4525.10000", "2005-06-30": "4237.10000", "2005-03-31": "4303.30000"}, "Total Current Liabilities": {"2020-12-31": "2188.60000", "2020-09-30": "1810.80000", "2020-06-30": "2242.10000", "2020-03-31": "1762.00000", "2019-12-31": "2067.50000", "2019-09-30": "1936.80000", "2019-06-30": "1952.50000", "2019-03-31": "1871.90000", "2018-12-31": "2265.50000", "2018-09-30": "2236.90000", "2018-06-30": "1753.60000", "2018-03-31": "1877.80000", "2017-12-31": "2286.60000", "2017-09-30": "2145.80000", "2017-06-30": "2196.20000", "2017-03-31": "2025.40000", "2016-12-31": "2203.90000", "2016-09-30": "1975.90000", "2016-06-30": "1699.30000", "2016-03-31": "1504.90000", "2015-12-31": "1383.40000", "2015-09-30": "1327.70000", "2015-06-30": "1416.00000", "2015-03-31": "1279.30000", "2014-12-31": "1770.80000", "2014-09-30": "1692.10000", "2014-06-30": "1712.70000", "2014-03-31": "1696.70000", "2013-12-31": "1538.70000", "2013-09-30": "1544.70000", "2013-06-30": "1552.30000", "2013-03-31": "1469.90000", "2012-12-31": "1487.90000", "2012-09-30": "1531.60000", "2012-06-30": "1556.40000", "2012-03-31": "1481.70000", "2011-12-31": "1512.80000", "2011-09-30": "1329.90000", "2011-06-30": "1339.30000", "2011-03-31": "1177.10000", "2010-12-31": "1120.10000", "2010-09-30": "1222.30000", "2010-06-30": "1226.70000", "2010-03-31": "1115.70000", "2009-12-31": "995.00000", "2009-09-30": "947.20000", "2009-06-30": "956.40000", "2009-03-31": "999.80000", "2008-12-31": "1192.30000", "2008-09-30": "1303.10000", "2008-06-30": "1581.60000", "2008-03-31": "1478.80000", "2007-12-31": "1541.50000", "2007-09-30": "1744.50000", "2007-06-30": "1586.00000", "2007-03-31": "1563.60000", "2006-12-31": "1624.10000", "2006-09-30": "1293.30000", "2006-06-30": "1181.80000", "2006-03-31": "1105.40000", "2005-12-31": "1047.30000", "2005-09-30": "940.80000", "2005-06-30": "924.40000", "2005-03-31": "883.10000"}, "Long Term Debt": {"2020-12-31": "1980.30000", "2020-09-30": "1974.70000", "2020-06-30": "1974.40000", "2020-03-31": "1970.20000", "2019-12-31": "1953.00000", "2019-09-30": "1956.40000", "2019-06-30": "1941.10000", "2019-03-31": "1932.40000", "2018-12-31": "1235.40000", "2018-09-30": "1225.20000", "2018-06-30": "1227.10000", "2018-03-31": "1229.80000", "2017-12-31": "1239.30000", "2017-09-30": "1243.40000", "2017-06-30": "1243.80000", "2017-03-31": "1240.00000", "2016-12-31": "1240.90000", "2016-09-30": "1516.30000", "2016-06-30": "1521.80000", "2016-03-31": "1513.20000", "2015-12-31": "1492.90000", "2015-09-30": "1500.90000", "2015-06-30": "1492.20000", "2015-03-31": "1505.40000", "2014-12-31": "905.60000", "2014-09-30": "900.40000", "2014-06-30": "905.40000", "2014-03-31": "905.40000", "2013-12-31": "905.10000", "2013-09-30": "905.10000", "2013-06-30": "905.10000", "2013-03-31": "905.00000", "2012-12-31": "905.00000", "2012-09-30": "905.00000", "2012-06-30": "905.00000", "2012-03-31": "905.00000", "2011-12-31": "905.00000", "2011-09-30": "905.00000", "2011-06-30": "905.00000", "2011-03-31": "904.90000", "2010-12-31": "904.90000", "2010-09-30": "904.90000", "2010-06-30": "904.80000", "2010-03-31": "904.80000", "2009-12-31": "904.80000", "2009-09-30": "904.70000", "2009-06-30": "904.80000", "2009-03-31": "904.70000", "2008-12-31": "904.50000", "2008-09-30": "904.40000", "2008-06-30": "904.20000", "2008-03-31": "904.10000", "2007-12-31": "903.90000", "2007-09-30": "405.70000", "2007-06-30": "409.00000", "2007-03-31": "408.90000", "2006-12-31": "749.50000", "2006-09-30": "748.20000", "2006-06-30": "745.10000", "2006-03-31": "745.80000", "2005-12-31": "747.20000", "2005-09-30": "748.20000", "2005-06-30": "751.80000", "2005-03-31": "748.70000"}, "Other Non-Current Liabilities": {"2020-12-31": "572.90000", "2020-09-30": "573.70000", "2020-06-30": "571.90000", "2020-03-31": "543.50000", "2019-12-31": "565.20000", "2019-09-30": "583.70000", "2019-06-30": "524.70000", "2019-03-31": "526.60000", "2018-12-31": "567.10000", "2018-09-30": "577.30000", "2018-06-30": "568.20000", "2018-03-31": "585.20000", "2017-12-31": "596.00000", "2017-09-30": "216.40000", "2017-06-30": "196.10000", "2017-03-31": "199.20000", "2016-12-31": "195.50000", "2016-09-30": "188.70000", "2016-06-30": "408.90000", "2016-03-31": "198.60000", "2015-12-31": "197.00000", "2015-09-30": "202.70000", "2015-06-30": "215.10000", "2015-03-31": "202.70000", "2014-12-31": "203.50000", "2014-09-30": "205.80000", "2014-06-30": "210.90000", "2014-03-31": "214.00000", "2013-12-31": "212.20000", "2013-09-30": "213.40000", "2013-06-30": "219.50000", "2013-03-31": "233.50000", "2012-12-31": "240.50000", "2012-09-30": "242.40000", "2012-06-30": "247.00000", "2012-03-31": "255.30000", "2011-12-31": "242.90000", "2011-09-30": "242.70000", "2011-06-30": "239.90000", "2011-03-31": "233.40000", "2010-12-31": "236.80000", "2010-09-30": "237.30000", "2010-06-30": "256.40000", "2010-03-31": "255.40000", "2009-12-31": "282.60000", "2009-09-30": "288.50000", "2009-06-30": "306.20000", "2009-03-31": "305.90000", "2008-12-31": "304.60000", "2008-09-30": "310.50000", "2008-06-30": "312.30000", "2008-03-31": "305.10000", "2007-12-31": "303.60000", "2007-09-30": "251.40000", "2007-06-30": "243.50000", "2007-03-31": "277.00000", "2006-12-31": "293.80000", "2006-09-30": "377.60000", "2006-06-30": "251.20000", "2006-03-31": "253.90000", "2005-12-31": "260.00000", "2005-09-30": "209.50000", "2005-06-30": "120.40000", "2005-03-31": "130.80000"}, "Total Long Term Liabilities": {"2020-12-31": "4108.60000", "2020-09-30": "4107.10000", "2020-06-30": "3998.30000", "2020-03-31": "3966.00000", "2019-12-31": "4003.90000", "2019-09-30": "3772.00000", "2019-06-30": "3049.80000", "2019-03-31": "3046.00000", "2018-12-31": "2395.60000", "2018-09-30": "2407.60000", "2018-06-30": "2639.80000", "2018-03-31": "2688.60000", "2017-12-31": "2715.90000", "2017-09-30": "2352.30000", "2017-06-30": "2841.30000", "2017-03-31": "2841.80000", "2016-12-31": "2840.70000", "2016-09-30": "3135.20000", "2016-06-30": "3035.10000", "2016-03-31": "2819.10000", "2015-12-31": "2799.80000", "2015-09-30": "2820.20000", "2015-06-30": "2434.50000", "2015-03-31": "2434.40000", "2014-12-31": "1862.10000", "2014-09-30": "1874.10000", "2014-06-30": "1710.50000", "2014-03-31": "1711.20000", "2013-12-31": "1714.30000", "2013-09-30": "1714.40000", "2013-06-30": "2211.20000", "2013-03-31": "2229.50000", "2012-12-31": "2255.40000", "2012-09-30": "2253.20000", "2012-06-30": "1903.50000", "2012-03-31": "1922.30000", "2011-12-31": "1911.50000", "2011-09-30": "2207.00000", "2011-06-30": "2091.30000", "2011-03-31": "2077.10000", "2010-12-31": "2072.70000", "2010-09-30": "2065.60000", "2010-06-30": "2011.80000", "2010-03-31": "2007.20000", "2009-12-31": "2036.40000", "2009-09-30": "2042.10000", "2009-06-30": "1600.10000", "2009-03-31": "1589.80000", "2008-12-31": "1588.20000", "2008-09-30": "1601.70000", "2008-06-30": "1633.10000", "2008-03-31": "1620.10000", "2007-12-31": "1615.70000", "2007-09-30": "1058.50000", "2007-06-30": "1035.50000", "2007-03-31": "1068.40000", "2006-12-31": "1449.10000", "2006-09-30": "1523.90000", "2006-06-30": "1996.30000", "2006-03-31": "1988.70000", "2005-12-31": "1988.60000", "2005-09-30": "1935.20000", "2005-06-30": "1421.00000", "2005-03-31": "1431.20000"}, "Total Liabilities": {"2020-12-31": "6297.20000", "2020-09-30": "5917.90000", "2020-06-30": "6240.40000", "2020-03-31": "5728.00000", "2019-12-31": "6071.40000", "2019-09-30": "5708.80000", "2019-06-30": "5002.30000", "2019-03-31": "4917.90000", "2018-12-31": "4661.10000", "2018-09-30": "4644.50000", "2018-06-30": "4393.40000", "2018-03-31": "4566.40000", "2017-12-31": "5002.50000", "2017-09-30": "4498.10000", "2017-06-30": "5037.50000", "2017-03-31": "4867.20000", "2016-12-31": "5044.60000", "2016-09-30": "5111.10000", "2016-06-30": "4734.40000", "2016-03-31": "4324.00000", "2015-12-31": "4183.20000", "2015-09-30": "4147.90000", "2015-06-30": "3850.50000", "2015-03-31": "3713.70000", "2014-12-31": "3632.90000", "2014-09-30": "3566.20000", "2014-06-30": "3423.20000", "2014-03-31": "3407.90000", "2013-12-31": "3253.00000", "2013-09-30": "3259.10000", "2013-06-30": "3763.50000", "2013-03-31": "3699.40000", "2012-12-31": "3743.30000", "2012-09-30": "3784.80000", "2012-06-30": "3459.90000", "2012-03-31": "3404.00000", "2011-12-31": "3424.30000", "2011-09-30": "3536.90000", "2011-06-30": "3430.60000", "2011-03-31": "3254.20000", "2010-12-31": "3192.80000", "2010-09-30": "3287.90000", "2010-06-30": "3238.50000", "2010-03-31": "3122.90000", "2009-12-31": "3031.40000", "2009-09-30": "2989.30000", "2009-06-30": "2556.50000", "2009-03-31": "2589.60000", "2008-12-31": "2780.50000", "2008-09-30": "2904.80000", "2008-06-30": "3214.70000", "2008-03-31": "3098.90000", "2007-12-31": "3157.20000", "2007-09-30": "2803.00000", "2007-06-30": "2621.50000", "2007-03-31": "2632.00000", "2006-12-31": "3073.20000", "2006-09-30": "2817.20000", "2006-06-30": "3178.10000", "2006-03-31": "3094.10000", "2005-12-31": "3035.90000", "2005-09-30": "2876.00000", "2005-06-30": "2345.40000", "2005-03-31": "2314.30000"}, "Common Stock Net": {"2020-12-31": "181.40000", "2020-09-30": "181.40000", "2020-06-30": "181.40000", "2020-03-31": "181.40000", "2019-12-31": "181.40000", "2019-09-30": "181.40000", "2019-06-30": "181.40000", "2019-03-31": "181.40000", "2018-12-31": "181.40000", "2018-09-30": "181.40000", "2018-06-30": "181.40000", "2018-03-31": "181.40000", "2017-12-31": "181.40000", "2017-09-30": "181.40000", "2017-06-30": "181.40000", "2017-03-31": "181.40000", "2016-12-31": "181.40000", "2016-09-30": "181.40000", "2016-06-30": "181.40000", "2016-03-31": "181.40000", "2015-12-31": "181.40000", "2015-09-30": "181.40000", "2015-06-30": "181.40000", "2015-03-31": "181.40000", "2014-12-31": "181.40000", "2014-09-30": "181.40000", "2014-06-30": "181.40000", "2014-03-31": "181.40000", "2013-12-31": "181.40000", "2013-09-30": "181.40000", "2013-06-30": "181.40000", "2013-03-31": "181.40000", "2012-12-31": "181.40000", "2012-09-30": "181.40000", "2012-06-30": "181.40000", "2012-03-31": "181.40000", "2011-12-31": "181.40000", "2011-09-30": "181.40000", "2011-06-30": "181.40000", "2011-03-31": "181.40000", "2010-12-31": "181.40000", "2010-09-30": "181.40000", "2010-06-30": "181.40000", "2010-03-31": "181.40000", "2009-12-31": "181.40000", "2009-09-30": "181.40000", "2009-06-30": "216.40000", "2009-03-31": "216.40000", "2008-12-31": "216.40000", "2008-09-30": "216.40000", "2008-06-30": "216.40000", "2008-03-31": "216.40000", "2007-12-31": "216.40000", "2007-09-30": "216.40000", "2007-06-30": "216.40000", "2007-03-31": "216.40000", "2006-12-31": "216.40000", "2006-09-30": "216.40000", "2006-06-30": "216.40000", "2006-03-31": "216.40000", "2005-12-31": "216.40000", "2005-09-30": "216.40000", "2005-06-30": "216.40000", "2005-03-31": "216.40000"}, "Retained Earnings (Accumulated Deficit)": {"2020-12-31": "7608.80000", "2020-09-30": "7139.80000", "2020-06-30": "6877.20000", "2020-03-31": "6795.80000", "2019-12-31": "6782.00000", "2019-09-30": "6440.20000", "2019-06-30": "6431.60000", "2019-03-31": "6398.00000", "2018-12-31": "6167.60000", "2018-09-30": "6198.10000", "2018-06-30": "5851.50000", "2018-03-31": "5880.90000", "2017-12-31": "5759.70000", "2017-09-30": "6103.40000", "2017-06-30": "5898.70000", "2017-03-31": "5877.10000", "2016-12-31": "5785.60000", "2016-09-30": "5668.40000", "2016-06-30": "5482.80000", "2016-03-31": "5480.10000", "2015-12-31": "5406.70000", "2015-09-30": "5316.90000", "2015-06-30": "5115.30000", "2015-03-31": "5083.80000", "2014-12-31": "4965.70000", "2014-09-30": "4839.60000", "2014-06-30": "4590.50000", "2014-03-31": "4550.90000", "2013-12-31": "4451.00000", "2013-09-30": "4333.40000", "2013-06-30": "4118.50000", "2013-03-31": "4059.20000", "2012-12-31": "3949.50000", "2012-09-30": "3858.80000", "2012-06-30": "3665.20000", "2012-03-31": "3602.10000", "2011-12-31": "3495.50000", "2011-09-30": "3382.80000", "2011-06-30": "3180.80000", "2011-03-31": "3112.40000", "2010-12-31": "2996.50000", "2010-09-30": "2912.40000", "2010-06-30": "2791.20000", "2010-03-31": "2774.00000", "2009-12-31": "2692.70000", "2009-09-30": "2667.20000", "2009-06-30": "4498.10000", "2009-03-31": "4551.90000", "2008-12-31": "4554.40000", "2008-09-30": "4486.10000", "2008-06-30": "4363.00000", "2008-03-31": "4296.60000", "2007-12-31": "4197.90000", "2007-09-30": "4098.10000", "2007-06-30": "3949.50000", "2007-03-31": "3898.90000", "2006-12-31": "3226.90000", "2006-09-30": "2856.20000", "2006-06-30": "2693.40000", "2006-03-31": "2634.90000", "2005-12-31": "2574.70000", "2005-09-30": "2493.50000", "2005-06-30": "2371.10000", "2005-03-31": "2330.40000"}, "Comprehensive Income": {"2020-12-31": "-1527.30000", "2020-09-30": "-1614.20000", "2020-06-30": "-1569.90000", "2020-03-31": "-1625.80000", "2019-12-31": "-1584.30000", "2019-09-30": "-1488.00000", "2019-06-30": "-930.20000", "2019-03-31": "-940.30000", "2018-12-31": "-976.90000", "2018-09-30": "-941.90000", "2018-06-30": "-1140.50000", "2018-03-31": "-1081.50000", "2017-12-31": "-1175.70000", "2017-09-30": "-1179.20000", "2017-06-30": "-1463.70000", "2017-03-31": "-1508.00000", "2016-12-31": "-1588.90000", "2016-09-30": "-1538.80000", "2016-06-30": "-1328.30000", "2016-03-31": "-1325.70000", "2015-12-31": "-1339.00000", "2015-09-30": "-1334.60000", "2015-06-30": "-1015.40000", "2015-03-31": "-1040.70000", "2014-12-31": "-1015.90000", "2014-09-30": "-948.00000", "2014-06-30": "-760.60000", "2014-03-31": "-775.60000", "2013-12-31": "-793.20000", "2013-09-30": "-817.70000", "2013-06-30": "-1187.70000", "2013-03-31": "-1197.10000", "2012-12-31": "-1180.10000", "2012-09-30": "-1225.30000", "2012-06-30": "-1038.10000", "2012-03-31": "-973.50000", "2011-12-31": "-1027.90000", "2011-09-30": "-992.90000", "2011-06-30": "-708.10000", "2011-03-31": "-770.30000", "2010-12-31": "-830.00000", "2010-09-30": "-841.20000", "2010-06-30": "-800.40000", "2010-03-31": "-769.60000", "2009-12-31": "-726.80000", "2009-09-30": "-727.50000", "2009-06-30": "-403.50000", "2009-03-31": "-463.70000", "2008-12-31": "-425.40000", "2008-09-30": "-319.00000", "2008-06-30": "-79.40000", "2008-03-31": "-74.40000", "2007-12-31": "-158.40000", "2007-09-30": "-169.70000", "2007-06-30": "-14.00000", "2007-03-31": "-53.30000", "2006-12-31": "-58.80000", "2006-09-30": "-75.30000", "2006-06-30": "-490.20000", "2006-03-31": "-500.50000", "2005-12-31": "-507.30000", "2005-09-30": "-501.50000", "2005-06-30": "-221.30000", "2005-03-31": "-201.50000"}, "Other Share Holders Equity": {"2020-12-31": "", "2020-09-30": "", "2020-06-30": "", "2020-03-31": "", "2019-12-31": "", "2019-09-30": "", "2019-06-30": "", "2019-03-31": "", "2018-12-31": "", "2018-09-30": "", "2018-06-30": "", "2018-03-31": "", "2017-12-31": "", "2017-09-30": "", "2017-06-30": "", "2017-03-31": "", "2016-12-31": "", "2016-09-30": "", "2016-06-30": "", "2016-03-31": "", "2015-12-31": "", "2015-09-30": "", "2015-06-30": "", "2015-03-31": "", "2014-12-31": "", "2014-09-30": "", "2014-06-30": "", "2014-03-31": "", "2013-12-31": "", "2013-09-30": "", "2013-06-30": "", "2013-03-31": "", "2012-12-31": "", "2012-09-30": "", "2012-06-30": "", "2012-03-31": "", "2011-12-31": "", "2011-09-30": "", "2011-06-30": "", "2011-03-31": "", "2010-12-31": "", "2010-09-30": "", "2010-06-30": "", "2010-03-31": "", "2009-12-31": "", "2009-09-30": "", "2009-06-30": "", "2009-03-31": "", "2008-12-31": "", "2008-09-30": "", "2008-06-30": "", "2008-03-31": "", "2007-12-31": "", "2007-09-30": "", "2007-06-30": "", "2007-03-31": "", "2006-12-31": "", "2006-09-30": "", "2006-06-30": "", "2006-03-31": "", "2005-12-31": "", "2005-09-30": "", "2005-06-30": "", "2005-03-31": ""}, "Share Holder Equity": {"2020-12-31": "1873.80000", "2020-09-30": "1346.80000", "2020-06-30": "1089.10000", "2020-03-31": "937.90000", "2019-12-31": "1036.50000", "2019-09-30": "404.20000", "2019-06-30": "1156.50000", "2019-03-31": "1336.30000", "2018-12-31": "1274.30000", "2018-09-30": "1617.50000", "2018-06-30": "1444.20000", "2018-03-31": "1947.20000", "2017-12-31": "2156.20000", "2017-09-30": "2663.60000", "2017-06-30": "2178.00000", "2017-03-31": "2197.80000", "2016-12-31": "2049.70000", "2016-09-30": "1990.10000", "2016-06-30": "2121.30000", "2016-03-31": "2215.60000", "2015-12-31": "2236.50000", "2015-09-30": "2256.80000", "2015-06-30": "2556.00000", "2015-03-31": "2566.50000", "2014-12-31": "2569.10000", "2014-09-30": "2658.10000", "2014-06-30": "2721.90000", "2014-03-31": "2750.20000", "2013-12-31": "2687.80000", "2013-09-30": "2585.50000", "2013-06-30": "2007.80000", "2013-03-31": "2020.50000", "2012-12-31": "1967.80000", "2012-09-30": "1851.70000", "2012-06-30": "1922.50000", "2012-03-31": "2030.60000", "2011-12-31": "1854.80000", "2011-09-30": "1748.00000", "2011-06-30": "1897.10000", "2011-03-31": "1856.90000", "2010-12-31": "1586.10000", "2010-09-30": "1460.40000", "2010-06-30": "1376.00000", "2010-03-31": "1419.30000", "2009-12-31": "1367.40000", "2009-09-30": "1316.40000", "2009-06-30": "1607.50000", "2009-03-31": "1586.10000", "2008-12-31": "1618.80000", "2008-09-30": "1688.80000", "2008-06-30": "1896.60000", "2008-03-31": "1880.60000", "2007-12-31": "1783.80000", "2007-09-30": "1742.80000", "2007-06-30": "1965.40000", "2007-03-31": "2184.90000", "2006-12-31": "1988.30000", "2006-09-30": "1918.20000", "2006-06-30": "1636.20000", "2006-03-31": "1672.90000", "2005-12-31": "1583.30000", "2005-09-30": "1649.10000", "2005-06-30": "1891.70000", "2005-03-31": "1989.00000"}, "Total Liabilities And Share Holders Equity": {"2020-12-31": "8171.00000", "2020-09-30": "7264.70000", "2020-06-30": "7329.50000", "2020-03-31": "6665.90000", "2019-12-31": "7107.90000", "2019-09-30": "6113.00000", "2019-06-30": "6158.80000", "2019-03-31": "6254.20000", "2018-12-31": "5935.40000", "2018-09-30": "6262.00000", "2018-06-30": "5837.60000", "2018-03-31": "6513.60000", "2017-12-31": "7158.70000", "2017-09-30": "7161.70000", "2017-06-30": "7215.50000", "2017-03-31": "7065.00000", "2016-12-31": "7094.30000", "2016-09-30": "7101.20000", "2016-06-30": "6855.70000", "2016-03-31": "6539.60000", "2015-12-31": "6419.70000", "2015-09-30": "6404.70000", "2015-06-30": "6406.50000", "2015-03-31": "6280.20000", "2014-12-31": "6202.00000", "2014-09-30": "6224.30000", "2014-06-30": "6145.10000", "2014-03-31": "6158.10000", "2013-12-31": "5940.80000", "2013-09-30": "5844.60000", "2013-06-30": "5771.30000", "2013-03-31": "5719.90000", "2012-12-31": "5711.10000", "2012-09-30": "5636.50000", "2012-06-30": "5382.40000", "2012-03-31": "5434.60000", "2011-12-31": "5279.10000", "2011-09-30": "5284.90000", "2011-06-30": "5327.70000", "2011-03-31": "5111.10000", "2010-12-31": "4778.90000", "2010-09-30": "4748.30000", "2010-06-30": "4614.50000", "2010-03-31": "4542.20000", "2009-12-31": "4398.80000", "2009-09-30": "4305.70000", "2009-06-30": "4164.00000", "2009-03-31": "4175.70000", "2008-12-31": "4399.30000", "2008-09-30": "4593.60000", "2008-06-30": "5111.30000", "2008-03-31": "4979.50000", "2007-12-31": "4941.00000", "2007-09-30": "4545.80000", "2007-06-30": "4586.90000", "2007-03-31": "4816.90000", "2006-12-31": "5061.50000", "2006-09-30": "4735.40000", "2006-06-30": "4814.30000", "2006-03-31": "4767.00000", "2005-12-31": "4619.20000", "2005-09-30": "4525.10000", "2005-06-30": "4237.10000", "2005-03-31": "4303.30000"}}, "cash flow statement": {"Net Income/Loss": {"2020-09-30": "1023.20000", "2019-09-30": "695.80000", "2018-09-30": "535.50000", "2017-09-30": "825.70000", "2016-09-30": "729.70000", "2015-09-30": "827.60000", "2014-09-30": "826.80000", "2013-09-30": "756.30000", "2012-09-30": "737.00000", "2011-09-30": "697.80000", "2010-09-30": "464.30000", "2009-09-30": "220.70000", "2008-09-30": "577.60000", "2007-09-30": "1487.80000", "2006-09-30": "607.00000", "2005-09-30": "540.00000"}, "Total Depreciation And Amortization - Cash Flow": {"2020-09-30": "172.70000", "2019-09-30": "152.20000", "2018-09-30": "164.60000", "2017-09-30": "168.90000", "2016-09-30": "172.20000", "2015-09-30": "162.50000", "2014-09-30": "152.50000", "2013-09-30": "145.20000", "2012-09-30": "138.60000", "2011-09-30": "131.30000", "2010-09-30": "127.30000", "2009-09-30": "134.10000", "2008-09-30": "136.50000", "2007-09-30": "117.90000", "2006-09-30": "117.40000", "2005-09-30": "127.40000"}, "Other Non-Cash Items": {"2020-09-30": "-118.50000", "2019-09-30": "388.50000", "2018-09-30": "185.20000", "2017-09-30": "-67.30000", "2016-09-30": "81.20000", "2015-09-30": "100.00000", "2014-09-30": "96.90000", "2013-09-30": "134.40000", "2012-09-30": "-126.30000", "2011-09-30": "-34.40000", "2010-09-30": "-32.20000", "2009-09-30": "61.50000", "2008-09-30": "11.80000", "2007-09-30": "-954.20000", "2006-09-30": "-497.40000", "2005-09-30": "-15.40000"}, "Total Non-Cash Items": {"2020-09-30": "54.20000", "2019-09-30": "540.70000", "2018-09-30": "349.80000", "2017-09-30": "101.60000", "2016-09-30": "253.40000", "2015-09-30": "262.50000", "2014-09-30": "249.40000", "2013-09-30": "279.60000", "2012-09-30": "12.30000", "2011-09-30": "96.90000", "2010-09-30": "95.10000", "2009-09-30": "195.60000", "2008-09-30": "148.30000", "2007-09-30": "-836.30000", "2006-09-30": "-380.00000", "2005-09-30": "112.00000"}, "Change In Accounts Receivable": {"2020-09-30": "-9.00000", "2019-09-30": "-10.40000", "2018-09-30": "-91.70000", "2017-09-30": "-53.00000", "2016-09-30": "-18.90000", "2015-09-30": "73.40000", "2014-09-30": "-53.70000", "2013-09-30": "-12.30000", "2012-09-30": "-135.70000", "2011-09-30": "-207.20000", "2010-09-30": "-131.70000", "2009-09-30": "228.20000", "2008-09-30": "-16.00000", "2007-09-30": "-95.10000", "2006-09-30": "-60.40000", "2005-09-30": "-34.60000"}, "Change In Inventories": {"2020-09-30": "30.40000", "2019-09-30": "-4.90000", "2018-09-30": "-37.40000", "2017-09-30": "-30.40000", "2016-09-30": "4.60000", "2015-09-30": "-2.50000", "2014-09-30": "12.90000", "2013-09-30": "0.80000", "2012-09-30": "21.40000", "2011-09-30": "-41.90000", "2010-09-30": "-166.40000", "2009-09-30": "127.50000", "2008-09-30": "-76.20000", "2007-09-30": "-67.70000", "2006-09-30": "-6.20000", "2005-09-30": "9.30000"}, "Change In Accounts Payable": {"2020-09-30": "-5.00000", "2019-09-30": "14.50000", "2018-09-30": "67.20000", "2017-09-30": "81.10000", "2016-09-30": "32.30000", "2015-09-30": "17.30000", "2014-09-30": "-20.70000", "2013-09-30": "3.30000", "2012-09-30": "90.20000", "2011-09-30": "15.00000", "2010-09-30": "117.20000", "2009-09-30": "-101.10000", "2008-09-30": "-49.00000", "2007-09-30": "68.40000", "2006-09-30": "41.80000", "2005-09-30": "13.40000"}, "Change In Assets/Liabilities": {"2020-09-30": "38.50000", "2019-09-30": "-34.90000", "2018-09-30": "49.90000", "2017-09-30": "131.20000", "2016-09-30": "-44.90000", "2015-09-30": "-17.90000", "2014-09-30": "16.80000", "2013-09-30": "-46.70000", "2012-09-30": "-42.20000", "2011-09-30": "33.90000", "2010-09-30": "138.20000", "2009-09-30": "-89.00000", "2008-09-30": "29.60000", "2007-09-30": "48.80000", "2006-09-30": "-22.50000", "2005-09-30": "-27.40000"}, "Total Change In Assets/Liabilities": {"2020-09-30": "43.10000", "2019-09-30": "-54.50000", "2018-09-30": "414.70000", "2017-09-30": "106.70000", "2016-09-30": "-35.80000", "2015-09-30": "97.60000", "2014-09-30": "-42.90000", "2013-09-30": "-21.10000", "2012-09-30": "-30.60000", "2011-09-30": "-151.00000", "2010-09-30": "-65.40000", "2009-09-30": "110.10000", "2008-09-30": "-129.10000", "2007-09-30": "-206.60000", "2006-09-30": "86.30000", "2005-09-30": "-103.70000"}, "Cash Flow From Operating Activities": {"2020-09-30": "1120.50000", "2019-09-30": "1182.00000", "2018-09-30": "1300.00000", "2017-09-30": "1034.00000", "2016-09-30": "947.30000", "2015-09-30": "1187.70000", "2014-09-30": "1033.30000", "2013-09-30": "1014.80000", "2012-09-30": "718.70000", "2011-09-30": "643.70000", "2010-09-30": "494.00000", "2009-09-30": "526.40000", "2008-09-30": "596.80000", "2007-09-30": "444.90000", "2006-09-30": "313.30000", "2005-09-30": "548.30000"}, "Net Change In Property, Plant, And Equipment": {"2020-09-30": "-99.00000", "2019-09-30": "-128.30000", "2018-09-30": "-125.00000", "2017-09-30": "-140.60000", "2016-09-30": "-116.50000", "2015-09-30": "-120.80000", "2014-09-30": "-140.60000", "2013-09-30": "-145.70000", "2012-09-30": "-137.00000", "2011-09-30": "-115.00000", "2010-09-30": "-89.00000", "2009-09-30": "-89.20000", "2008-09-30": "-143.30000", "2007-09-30": "1619.50000", "2006-09-30": "74.50000", "2005-09-30": "-95.60000"}, "Net Change In Intangible Assets": {"2020-09-30": "", "2019-09-30": "", "2018-09-30": "", "2017-09-30": "", "2016-09-30": "", "2015-09-30": "", "2014-09-30": "", "2013-09-30": "", "2012-09-30": "", "2011-09-30": "", "2010-09-30": "", "2009-09-30": "", "2008-09-30": "", "2007-09-30": "", "2006-09-30": "", "2005-09-30": ""}, "Net Acquisitions/Divestitures": {"2020-09-30": "-550.90000", "2019-09-30": "-20.70000", "2018-09-30": "-9.90000", "2017-09-30": "92.90000", "2016-09-30": "-139.10000", "2015-09-30": "-21.20000", "2014-09-30": "-81.50000", "2013-09-30": "-84.80000", "2012-09-30": "-16.20000", "2011-09-30": "-45.90000", "2010-09-30": "", "2009-09-30": "-30.70000", "2008-09-30": "-110.80000", "2007-09-30": "-249.50000", "2006-09-30": "-39.50000", "2005-09-30": ""}, "Net Change In Short-term Investments": {"2020-09-30": "27.20000", "2019-09-30": "61.20000", "2018-09-30": "-1141.60000", "2017-09-30": "-1381.60000", "2016-09-30": "-1070.70000", "2015-09-30": "-867.60000", "2014-09-30": "-257.90000", "2013-09-30": "-22.20000", "2012-09-30": "-350.00000", "2011-09-30": "0.00000", "2010-09-30": "0.00000", "2009-09-30": "-8.40000", "2008-09-30": "36.30000", "2007-09-30": "32.10000", "2006-09-30": "24.10000", "2005-09-30": ""}, "Net Change In Long-Term Investments": {"2020-09-30": "6.00000", "2019-09-30": "312.80000", "2018-09-30": "1106.10000", "2017-09-30": "912.60000", "2016-09-30": "886.30000", "2015-09-30": "762.70000", "2014-09-30": "", "2013-09-30": "", "2012-09-30": "", "2011-09-30": "", "2010-09-30": "", "2009-09-30": "", "2008-09-30": "", "2007-09-30": "", "2006-09-30": "", "2005-09-30": ""}, "Net Change In Investments - Total": {"2020-09-30": "33.20000", "2019-09-30": "374.00000", "2018-09-30": "-35.50000", "2017-09-30": "-469.00000", "2016-09-30": "-184.40000", "2015-09-30": "-104.90000", "2014-09-30": "-257.90000", "2013-09-30": "-22.20000", "2012-09-30": "-350.00000", "2011-09-30": "", "2010-09-30": "", "2009-09-30": "-8.40000", "2008-09-30": "36.30000", "2007-09-30": "32.10000", "2006-09-30": "24.10000", "2005-09-30": ""}, "Investing Activities - Other": {"2020-09-30": "-1.30000", "2019-09-30": "", "2018-09-30": "", "2017-09-30": "", "2016-09-30": "", "2015-09-30": "", "2014-09-30": "-3.40000", "2013-09-30": "-4.10000", "2012-09-30": "", "2011-09-30": "", "2010-09-30": "", "2009-09-30": "-4.10000", "2008-09-30": "-2.90000", "2007-09-30": "-3.20000", "2006-09-30": "-6.40000", "2005-09-30": "-0.70000"}, "Cash Flow From Investing Activities": {"2020-09-30": "-618.00000", "2019-09-30": "225.00000", "2018-09-30": "-170.40000", "2017-09-30": "-516.70000", "2016-09-30": "-440.00000", "2015-09-30": "-246.90000", "2014-09-30": "-483.40000", "2013-09-30": "-256.80000", "2012-09-30": "-503.20000", "2011-09-30": "-160.90000", "2010-09-30": "-89.00000", "2009-09-30": "-132.40000", "2008-09-30": "-220.70000", "2007-09-30": "1398.90000", "2006-09-30": "52.70000", "2005-09-30": "-96.30000"}, "Net Long-Term Debt": {"2020-09-30": "-300.70000", "2019-09-30": "987.60000", "2018-09-30": "-250.00000", "2017-09-30": "", "2016-09-30": "", "2015-09-30": "594.30000", "2014-09-30": "", "2013-09-30": "", "2012-09-30": "", "2011-09-30": "", "2010-09-30": "", "2009-09-30": "", "2008-09-30": "142.20000", "2007-09-30": "-14.70000", "2006-09-30": "", "2005-09-30": ""}, "Net Current Debt": {"2020-09-30": "23.60000", "2019-09-30": "-551.00000", "2018-09-30": "200.60000", "2017-09-30": "-98.20000", "2016-09-30": "448.60000", "2015-09-30": "-325.00000", "2014-09-30": "146.00000", "2013-09-30": "22.00000", "2012-09-30": "157.00000", "2011-09-30": "", "2010-09-30": "", "2009-09-30": "-100.00000", "2008-09-30": "-73.10000", "2007-09-30": "-46.00000", "2006-09-30": "218.90000", "2005-09-30": "-0.10000"}, "Debt Issuance/Retirement Net - Total": {"2020-09-30": "-277.10000", "2019-09-30": "436.60000", "2018-09-30": "-49.40000", "2017-09-30": "-98.20000", "2016-09-30": "448.60000", "2015-09-30": "269.30000", "2014-09-30": "146.00000", "2013-09-30": "22.00000", "2012-09-30": "157.00000", "2011-09-30": "", "2010-09-30": "", "2009-09-30": "-100.00000", "2008-09-30": "69.10000", "2007-09-30": "-60.70000", "2006-09-30": "218.90000", "2005-09-30": "-0.10000"}, "Net Common Equity Issued/Repurchased": {"2020-09-30": "-49.80000", "2019-09-30": "-961.60000", "2018-09-30": "-1400.50000", "2017-09-30": "-160.70000", "2016-09-30": "-471.40000", "2015-09-30": "-538.10000", "2014-09-30": "-377.20000", "2013-09-30": "-230.40000", "2012-09-30": "-210.40000", "2011-09-30": "-124.70000", "2010-09-30": "-83.60000", "2009-09-30": "-42.20000", "2008-09-30": "-345.90000", "2007-09-30": "-1454.40000", "2006-09-30": "-662.40000", "2005-09-30": "-407.60000"}, "Net Total Equity Issued/Repurchased": {"2020-09-30": "-49.80000", "2019-09-30": "-961.60000", "2018-09-30": "-1400.50000", "2017-09-30": "-160.70000", "2016-09-30": "-471.40000", "2015-09-30": "-538.10000", "2014-09-30": "-377.20000", "2013-09-30": "-230.40000", "2012-09-30": "-210.40000", "2011-09-30": "-124.70000", "2010-09-30": "-83.60000", "2009-09-30": "-42.20000", "2008-09-30": "-345.90000", "2007-09-30": "-1454.40000", "2006-09-30": "-662.40000", "2005-09-30": "-407.60000"}, "Total Common And Preferred Stock Dividends Paid": {"2020-09-30": "-472.80000", "2019-09-30": "-459.80000", "2018-09-30": "-440.80000", "2017-09-30": "-390.70000", "2016-09-30": "-378.20000", "2015-09-30": "-350.10000", "2014-09-30": "-320.50000", "2013-09-30": "-276.30000", "2012-09-30": "-247.40000", "2011-09-30": "-211.00000", "2010-09-30": "-173.60000", "2009-09-30": "-164.50000", "2008-09-30": "-170.20000", "2007-09-30": "-184.70000", "2006-09-30": "-159.30000", "2005-09-30": "-142.70000"}, "Financial Activities - Other": {"2020-09-30": "0.80000", "2019-09-30": "-1.10000", "2018-09-30": "1.80000", "2017-09-30": "", "2016-09-30": "3.30000", "2015-09-30": "10.80000", "2014-09-30": "29.90000", "2013-09-30": "30.10000", "2012-09-30": "18.10000", "2011-09-30": "37.80000", "2010-09-30": "15.80000", "2009-09-30": "-0.70000", "2008-09-30": "4.20000", "2007-09-30": "26.70000", "2006-09-30": "46.70000", "2005-09-30": "-1.30000"}, "Cash Flow From Financial Activities": {"2020-09-30": "-798.90000", "2019-09-30": "-985.90000", "2018-09-30": "-1888.90000", "2017-09-30": "-649.60000", "2016-09-30": "-397.70000", "2015-09-30": "-608.10000", "2014-09-30": "-521.80000", "2013-09-30": "-454.60000", "2012-09-30": "-282.70000", "2011-09-30": "-297.90000", "2010-09-30": "-241.40000", "2009-09-30": "-307.40000", "2008-09-30": "-442.80000", "2007-09-30": "-1673.10000", "2006-09-30": "-556.10000", "2005-09-30": "-551.70000"}, "Net Cash Flow": {"2020-09-30": "-288.00000", "2019-09-30": "399.60000", "2018-09-30": "-792.10000", "2017-09-30": "-115.50000", "2016-09-30": "99.10000", "2015-09-30": "236.00000", "2014-09-30": "-9.60000", "2013-09-30": "297.00000", "2012-09-30": "-85.00000", "2011-09-30": "175.50000", "2010-09-30": "169.60000", "2009-09-30": "61.60000", "2008-09-30": "-42.00000", "2007-09-30": "216.10000", "2006-09-30": "-50.90000", "2005-09-30": "-11.60000"}, "Stock-Based Compensation": {"2020-09-30": "46.10000", "2019-09-30": "43.10000", "2018-09-30": "38.50000", "2017-09-30": "38.50000", "2016-09-30": "40.50000", "2015-09-30": "41.50000", "2014-09-30": "42.50000", "2013-09-30": "41.10000", "2012-09-30": "43.50000", "2011-09-30": "39.50000", "2010-09-30": "36.30000", "2009-09-30": "27.80000", "2008-09-30": "32.50000", "2007-09-30": "29.00000", "2006-09-30": "25.60000", "2005-09-30": ""}, "Common Stock Dividends Paid": {"2020-09-30": "-472.80000", "2019-09-30": "-459.80000", "2018-09-30": "-440.80000", "2017-09-30": "-390.70000", "2016-09-30": "-378.20000", "2015-09-30": "-350.10000", "2014-09-30": "-320.50000", "2013-09-30": "-276.30000", "2012-09-30": "-247.40000", "2011-09-30": "-211.00000", "2010-09-30": "-173.60000", "2009-09-30": "-164.50000", "2008-09-30": "-170.20000", "2007-09-30": "-184.70000", "2006-09-30": "-159.30000", "2005-09-30": "-142.70000"}}, "cash flow statement, quarterly": {"Net Income/Loss": {"2020-12-31": "590.40000", "2020-09-30": 263.7, "2020-06-30": 314.2, "2020-03-31": 129.9, "2019-12-31": "315.40000", "2019-09-30": 8.1, "2019-06-30": 261.4, "2019-03-31": 346, "2018-12-31": "80.30000", "2018-09-30": 345.9, "2018-06-30": 198.6, "2018-03-31": 227.4, "2017-12-31": "-236.40000", "2017-09-30": 204.6, "2017-06-30": 216.9, "2017-03-31": 189.5, "2016-12-31": "214.70000", "2016-09-30": 185.2, "2016-06-30": 191, "2016-03-31": 168, "2015-12-31": "185.50000", "2015-09-30": 201.3, "2015-06-30": 206.1, "2015-03-31": 206, "2014-12-31": "214.20000", "2014-09-30": 248.7, "2014-06-30": 199.7, "2014-03-31": 180.3, "2013-12-31": "198.10000", "2013-09-30": 215.3, "2013-06-30": 203.7, "2013-03-31": 175.9, "2012-12-31": "161.40000", "2012-09-30": 195.2, "2012-06-30": 190.7, "2012-03-31": 167.8, "2011-12-31": "183.30000", "2011-09-30": 201.8, "2011-06-30": 179.5, "2011-03-31": 166.4, "2010-12-31": "150.10000", "2010-09-30": 131.3, "2010-06-30": 119.4, "2010-03-31": 137, "2009-12-31": "76.60000", "2009-09-30": 28.9, "2009-06-30": 32.8, "2009-03-31": 40.6, "2008-12-31": "118.40000", "2008-09-30": 125.6, "2008-06-30": 152.6, "2008-03-31": 142.8, "2007-12-31": "156.60000", "2007-09-30": 165.2, "2007-06-30": 164.2, "2007-03-31": 729.3, "2006-12-31": "429.10000", "2006-09-30": 165.8, "2006-06-30": 149, "2006-03-31": 146.5, "2005-12-31": "145.70000", "2005-09-30": 129.3, "2005-06-30": 127.3, "2005-03-31": 283.4}, "Total Depreciation And Amortization - Cash Flow": {"2020-12-31": "44.00000", "2020-09-30": 45, "2020-06-30": 43.5, "2020-03-31": 42.3, "2019-12-31": "41.90000", "2019-09-30": 40, "2019-06-30": 36.9, "2019-03-31": 39.4, "2018-12-31": "35.90000", "2018-09-30": 39.7, "2018-06-30": 42.1, "2018-03-31": 43.2, "2017-12-31": "39.60000", "2017-09-30": 44.9, "2017-06-30": 43, "2017-03-31": 40.6, "2016-12-31": "40.40000", "2016-09-30": 43, "2016-06-30": 42.8, "2016-03-31": 45.1, "2015-12-31": "41.30000", "2015-09-30": 41.6, "2015-06-30": 41.2, "2015-03-31": 39.1, "2014-12-31": "40.60000", "2014-09-30": 38.1, "2014-06-30": 40.1, "2014-03-31": 38.4, "2013-12-31": "35.90000", "2013-09-30": 36.1, "2013-06-30": 37.7, "2013-03-31": 36.2, "2012-12-31": "35.20000", "2012-09-30": 35.7, "2012-06-30": 35.1, "2012-03-31": 35.2, "2011-12-31": "32.60000", "2011-09-30": 34.7, "2011-06-30": 32.9, "2011-03-31": 31.8, "2010-12-31": "31.90000", "2010-09-30": 33.1, "2010-06-30": 30.6, "2010-03-31": 31.9, "2009-12-31": "31.70000", "2009-09-30": 35.3, "2009-06-30": 34.4, "2009-03-31": 32.1, "2008-12-31": "32.30000", "2008-09-30": 35.6, "2008-06-30": 35.3, "2008-03-31": 34.3, "2007-12-31": "31.30000", "2007-09-30": 31.8, "2007-06-30": 28.4, "2007-03-31": 29.2, "2006-12-31": "28.50000", "2006-09-30": 28.5, "2006-06-30": 28.6, "2006-03-31": 33.9, "2005-12-31": "26.40000", "2005-09-30": 0.2, "2005-06-30": 40.1, "2005-03-31": 87.1}, "Other Non-Cash Items": {"2020-12-31": "-357.60000", "2020-09-30": -131.2, "2020-06-30": -128.4, "2020-03-31": 175.9, "2019-12-31": "-34.80000", "2019-09-30": 220.1, "2019-06-30": 46.8, "2019-03-31": -114.5, "2018-12-31": "236.10000", "2018-09-30": 36.7, "2018-06-30": 96.5, "2018-03-31": 26.7, "2017-12-31": "25.30000", "2017-09-30": -185, "2017-06-30": 39.8, "2017-03-31": 37.4, "2016-12-31": "40.50000", "2016-09-30": -33.3, "2016-06-30": 37.6, "2016-03-31": 38.2, "2015-12-31": "38.70000", "2015-09-30": 6.3, "2015-06-30": 28.9, "2015-03-31": 30.7, "2014-12-31": "34.10000", "2014-09-30": 26.4, "2014-06-30": 25.7, "2014-03-31": 21.9, "2013-12-31": "22.90000", "2013-09-30": 25.5, "2013-06-30": 41.5, "2013-03-31": 32.8, "2012-12-31": "34.60000", "2012-09-30": 106.9, "2012-06-30": 26.6, "2012-03-31": 21.5, "2011-12-31": "-281.30000", "2011-09-30": -78.6, "2011-06-30": 24.9, "2011-03-31": 7.8, "2010-12-31": "11.50000", "2010-09-30": -70, "2010-06-30": 22.2, "2010-03-31": -6.7, "2009-12-31": "22.30000", "2009-09-30": 30.4, "2009-06-30": 13.5, "2009-03-31": 11.5, "2008-12-31": "6.10000", "2008-09-30": -5.2, "2008-06-30": 5.9, "2008-03-31": 11.1, "2007-12-31": "", "2007-09-30": -58.5, "2007-06-30": 15.7, "2007-03-31": -612.8, "2006-12-31": "-298.60000", "2006-09-30": -2.2, "2006-06-30": -7.8, "2006-03-31": -28, "2005-12-31": "-459.40000", "2005-09-30": -61.7, "2005-06-30": 21.4, "2005-03-31": 24.9}, "Total Non-Cash Items": {"2020-12-31": "-313.60000", "2020-09-30": -86.2, "2020-06-30": -84.9, "2020-03-31": 218.2, "2019-12-31": "7.10000", "2019-09-30": 260.1, "2019-06-30": 83.7, "2019-03-31": -75.1, "2018-12-31": "272.00000", "2018-09-30": 76.4, "2018-06-30": 138.6, "2018-03-31": 69.9, "2017-12-31": "64.90000", "2017-09-30": -140.1, "2017-06-30": 82.8, "2017-03-31": 78, "2016-12-31": "80.90000", "2016-09-30": 9.7, "2016-06-30": 80.4, "2016-03-31": 83.3, "2015-12-31": "80.00000", "2015-09-30": 47.9, "2015-06-30": 70.1, "2015-03-31": 69.8, "2014-12-31": "74.70000", "2014-09-30": 64.5, "2014-06-30": 65.8, "2014-03-31": 60.3, "2013-12-31": "58.80000", "2013-09-30": 61.6, "2013-06-30": 79.2, "2013-03-31": 69, "2012-12-31": "69.80000", "2012-09-30": 142.6, "2012-06-30": 61.7, "2012-03-31": 56.7, "2011-12-31": "-248.70000", "2011-09-30": -43.9, "2011-06-30": 57.8, "2011-03-31": 39.6, "2010-12-31": "43.40000", "2010-09-30": -36.9, "2010-06-30": 52.8, "2010-03-31": 25.2, "2009-12-31": "54.00000", "2009-09-30": 65.7, "2009-06-30": 47.9, "2009-03-31": 43.6, "2008-12-31": "38.40000", "2008-09-30": 30.4, "2008-06-30": 41.2, "2008-03-31": 45.4, "2007-12-31": "31.30000", "2007-09-30": -26.7001, "2007-06-30": 44.1001, "2007-03-31": -583.6, "2006-12-31": "-270.10000", "2006-09-30": 26.3, "2006-06-30": 20.8, "2006-03-31": 5.9, "2005-12-31": "-433.00000", "2005-09-30": -61.5, "2005-06-30": 61.5, "2005-03-31": 112}, "Change In Accounts Receivable": {"2020-12-31": "-85.50000", "2020-09-30": -19.5, "2020-06-30": 144.7, "2020-03-31": -49.2, "2019-12-31": "-85.00000", "2019-09-30": 24, "2019-06-30": 7.1, "2019-03-31": -35.4, "2018-12-31": "-6.10000", "2018-09-30": -54, "2018-06-30": -27.9, "2018-03-31": 8.6, "2017-12-31": "-18.40000", "2017-09-30": -13.3, "2017-06-30": -23.3, "2017-03-31": -22.4, "2016-12-31": "6.00000", "2016-09-30": -35.9, "2016-06-30": 3.5, "2016-03-31": -1.6, "2015-12-31": "15.10000", "2015-09-30": 12.7, "2015-06-30": -20.5, "2015-03-31": 8, "2014-12-31": "73.20000", "2014-09-30": -68.8, "2014-06-30": 26, "2014-03-31": -38.3, "2013-12-31": "27.40000", "2013-09-30": -17.6, "2013-06-30": -34.4, "2013-03-31": -29.6, "2012-12-31": "69.30000", "2012-09-30": -21.6, "2012-06-30": -28.1, "2012-03-31": -87.5, "2011-12-31": "1.50000", "2011-09-30": -53.9, "2011-06-30": -29.6, "2011-03-31": -30.8, "2010-12-31": "-92.90000", "2010-09-30": 3, "2010-06-30": -56.7, "2010-03-31": -35.8, "2009-12-31": "-42.20000", "2009-09-30": 31.7, "2009-06-30": 30.5, "2009-03-31": 77.2, "2008-12-31": "88.80000", "2008-09-30": 5.7, "2008-06-30": -9.5, "2008-03-31": -13.2, "2007-12-31": "1.00000", "2007-09-30": -9.2, "2007-06-30": -25.4, "2007-03-31": -24.8, "2006-12-31": "-35.70000", "2006-09-30": -17.5, "2006-06-30": -4.7, "2006-03-31": -36.7, "2005-12-31": "-1.50000", "2005-09-30": -19.6, "2005-06-30": -0.2, "2005-03-31": -14.8}, "Change In Inventories": {"2020-12-31": "-40.30000", "2020-09-30": 71.8, "2020-06-30": -29.3, "2020-03-31": -13.8, "2019-12-31": "1.70000", "2019-09-30": 72.2, "2019-06-30": 8.9, "2019-03-31": -33.6, "2018-12-31": "-52.40000", "2018-09-30": -11.3, "2018-06-30": -18.2, "2018-03-31": 11.3, "2017-12-31": "-19.20000", "2017-09-30": 22.6, "2017-06-30": -36.4, "2017-03-31": 11.3, "2016-12-31": "-27.90000", "2016-09-30": 28.4, "2016-06-30": 10, "2016-03-31": -1.1, "2015-12-31": "-32.70000", "2015-09-30": 42.5, "2015-06-30": -10.4, "2015-03-31": -10.3, "2014-12-31": "-24.30000", "2014-09-30": 55.2, "2014-06-30": 14.8, "2014-03-31": -23.5, "2013-12-31": "-33.60000", "2013-09-30": 10.5, "2013-06-30": 10.1, "2013-03-31": 2.6, "2012-12-31": "-22.40000", "2012-09-30": 30.7, "2012-06-30": 5.8, "2012-03-31": 30, "2011-12-31": "-45.10000", "2011-09-30": 26.6, "2011-06-30": -62, "2011-03-31": 0.2, "2010-12-31": "-6.70000", "2010-09-30": -14.8, "2010-06-30": -57.5, "2010-03-31": -55.9, "2009-12-31": "-38.20000", "2009-09-30": 27.8, "2009-06-30": 76.2, "2009-03-31": 69.3, "2008-12-31": "-45.80000", "2008-09-30": 10.1, "2008-06-30": -11.2, "2008-03-31": -27, "2007-12-31": "-48.10000", "2007-09-30": -15.5, "2007-06-30": -13.5, "2007-03-31": -1.4, "2006-12-31": "-37.30000", "2006-09-30": 20.6, "2006-06-30": 3.2, "2006-03-31": -12.4, "2005-12-31": "-17.60000", "2005-09-30": 27, "2005-06-30": 19.7, "2005-03-31": -37.4}, "Change In Accounts Payable": {"2020-12-31": "20.90000", "2020-09-30": 25.8, "2020-06-30": -81.7, "2020-03-31": 51.3, "2019-12-31": "-0.40000", "2019-09-30": 52.6, "2019-06-30": -26, "2019-03-31": 19.1, "2018-12-31": "-31.20000", "2018-09-30": 48.5, "2018-06-30": 11.5, "2018-03-31": 44, "2017-12-31": "-36.80000", "2017-09-30": 14.4, "2017-06-30": 46.7, "2017-03-31": 30.4, "2016-12-31": "-10.40000", "2016-09-30": 3.4, "2016-06-30": 25.6, "2016-03-31": 22.3, "2015-12-31": "-19.00000", "2015-09-30": -36.1, "2015-06-30": 26.7, "2015-03-31": 37.1, "2014-12-31": "-10.40000", "2014-09-30": -52.1, "2014-06-30": 19.3, "2014-03-31": 30.4, "2013-12-31": "-18.30000", "2013-09-30": 42.2, "2013-06-30": 34.8, "2013-03-31": -13, "2012-12-31": "-60.70000", "2012-09-30": 45.5, "2012-06-30": 48.7, "2012-03-31": -7.1, "2011-12-31": "3.10000", "2011-09-30": -22, "2011-06-30": 6.2, "2011-03-31": 46.8, "2010-12-31": "-16.00000", "2010-09-30": 28.7, "2010-06-30": 22.8, "2010-03-31": 51.9, "2009-12-31": "13.80000", "2009-09-30": 22.7, "2009-06-30": -11.8, "2009-03-31": -57.1, "2008-12-31": "-54.90000", "2008-09-30": -7, "2008-06-30": -7.6, "2008-03-31": 9, "2007-12-31": "-43.40000", "2007-09-30": 63.4, "2007-06-30": 0.2, "2007-03-31": 19.4, "2006-12-31": "-14.60000", "2006-09-30": 47.1, "2006-06-30": -7.6, "2006-03-31": -10.6, "2005-12-31": "12.90000", "2005-09-30": 44.2, "2005-06-30": -19.8, "2005-03-31": -11}, "Change In Assets/Liabilities": {"2020-12-31": "101.80000", "2020-09-30": 0.2, "2020-06-30": 85.8, "2020-03-31": -57.1, "2019-12-31": "9.60000", "2019-09-30": 10.5, "2019-06-30": 15.7, "2019-03-31": 1.7, "2018-12-31": "-62.80000", "2018-09-30": 25.8, "2018-06-30": 53.9, "2018-03-31": 19.6, "2017-12-31": "-49.40000", "2017-09-30": 18.5, "2017-06-30": 43.3, "2017-03-31": 44.2, "2016-12-31": "25.20000", "2016-09-30": 35.3, "2016-06-30": -37.7, "2016-03-31": 12.9, "2015-12-31": "-55.40000", "2015-09-30": 39.7, "2015-06-30": 13, "2015-03-31": 35.5, "2014-12-31": "-106.10000", "2014-09-30": 47.5, "2014-06-30": -32.7, "2014-03-31": 58.5, "2013-12-31": "-56.50000", "2013-09-30": 25.2, "2013-06-30": -2.1, "2013-03-31": 13.9, "2012-12-31": "-83.70000", "2012-09-30": 41.6, "2012-06-30": -13.1, "2012-03-31": 69.4, "2011-12-31": "-140.10000", "2011-09-30": 90.9, "2011-06-30": 42.7, "2011-03-31": 15.1, "2010-12-31": "-114.80000", "2010-09-30": -5.8, "2010-06-30": 51.7, "2010-03-31": 64.2, "2009-12-31": "28.10000", "2009-09-30": -9.3, "2009-06-30": 14.9, "2009-03-31": 7.3, "2008-12-31": "-101.90000", "2008-09-30": 66.8, "2008-06-30": 19.3, "2008-03-31": -36.1, "2007-12-31": "-20.40000", "2007-09-30": 0.4, "2007-06-30": -4.5, "2007-03-31": 80.9, "2006-12-31": "-28.00000", "2006-09-30": -1.3, "2006-06-30": 14.8, "2006-03-31": 24.8, "2005-12-31": "-60.80000", "2005-09-30": 34.9, "2005-06-30": -17.4, "2005-03-31": -44.9}, "Total Change In Assets/Liabilities": {"2020-12-31": "69.70000", "2020-09-30": 148.3, "2020-06-30": 116.9, "2020-03-31": -130.7, "2019-12-31": "-91.40000", "2019-09-30": 206.8, "2019-06-30": 6.1, "2019-03-31": -127.1, "2018-12-31": "-140.30000", "2018-09-30": -59.5, "2018-06-30": 5.9, "2018-03-31": 84.1, "2017-12-31": "384.20000", "2017-09-30": 42.4, "2017-06-30": 15.6, "2017-03-31": 33.5, "2016-12-31": "15.20000", "2016-09-30": 77.1, "2016-06-30": 4.6, "2016-03-31": -36.8, "2015-12-31": "-80.70000", "2015-09-30": 98.8, "2015-06-30": 10.1, "2015-03-31": 9.4, "2014-12-31": "-20.70000", "2014-09-30": 12.7, "2014-06-30": 35.6, "2014-03-31": -37.8, "2013-12-31": "-53.40000", "2013-09-30": 74.1, "2013-06-30": 11, "2013-03-31": -42.3, "2012-12-31": "-63.90000", "2012-09-30": 52.3, "2012-06-30": 11.7, "2012-03-31": 29, "2011-12-31": "-123.60000", "2011-09-30": 23.3, "2011-06-30": -12.6, "2011-03-31": 19.2, "2010-12-31": "-180.90000", "2010-09-30": -33.8, "2010-06-30": -36.7, "2010-03-31": 16.3, "2009-12-31": "-11.20000", "2009-09-30": 23.2, "2009-06-30": 109.2, "2009-03-31": 85.7, "2008-12-31": "-108.00000", "2008-09-30": 88.5, "2008-06-30": -1.6, "2008-03-31": -129.6, "2007-12-31": "-86.40000", "2007-09-30": 42.2, "2007-06-30": -150.5, "2007-03-31": -37.5, "2006-12-31": "-60.80000", "2006-09-30": 56.3, "2006-06-30": -10.7, "2006-03-31": -24.8, "2005-12-31": "65.50000", "2005-09-30": 15, "2005-06-30": -7.8, "2005-03-31": -110.9}, "Cash Flow From Operating Activities": {"2020-12-31": "346.50000", "2020-09-30": 325.8, "2020-06-30": 346.2, "2020-03-31": 217.4, "2019-12-31": "231.10000", "2019-09-30": 475, "2019-06-30": 351.2, "2019-03-31": 143.8, "2018-12-31": "212.00000", "2018-09-30": 362.8, "2018-06-30": 343.1, "2018-03-31": 381.4, "2017-12-31": "212.70000", "2017-09-30": 106.9, "2017-06-30": 315.3, "2017-03-31": 301, "2016-12-31": "310.80000", "2016-09-30": 272, "2016-06-30": 276, "2016-03-31": 214.5, "2015-12-31": "184.80000", "2015-09-30": 348, "2015-06-30": 286.3, "2015-03-31": 285.2, "2014-12-31": "268.20000", "2014-09-30": 325.9, "2014-06-30": 301.1, "2014-03-31": 202.8, "2013-12-31": "203.50000", "2013-09-30": 351, "2013-06-30": 293.9, "2013-03-31": 202.6, "2012-12-31": "167.30000", "2012-09-30": 390.1, "2012-06-30": 264.1, "2012-03-31": 253.5, "2011-12-31": "-189.00000", "2011-09-30": 181.2, "2011-06-30": 224.7, "2011-03-31": 225.2, "2010-12-31": "12.60000", "2010-09-30": 60.6, "2010-06-30": 135.5, "2010-03-31": 178.5, "2009-12-31": "119.40000", "2009-09-30": 117.8, "2009-06-30": 189.9, "2009-03-31": 169.9, "2008-12-31": "48.80000", "2008-09-30": 244.5, "2008-06-30": 192.2, "2008-03-31": 58.6, "2007-12-31": "101.50000", "2007-09-30": 180.7, "2007-06-30": 57.8, "2007-03-31": 108.2, "2006-12-31": "98.20000", "2006-09-30": 248.4, "2006-06-30": 159.1, "2006-03-31": 127.6, "2005-12-31": "-221.80000", "2005-09-30": 82.8, "2005-06-30": 181, "2005-03-31": 284.5}, "Net Change In Property, Plant, And Equipment": {"2020-12-31": "-27.00000", "2020-09-30": -21.9, "2020-06-30": -22.1, "2020-03-31": -18.2, "2019-12-31": "-36.80000", "2019-09-30": -22.9, "2019-06-30": -27.8, "2019-03-31": -35.7, "2018-12-31": "-41.90000", "2018-09-30": -46.9, "2018-06-30": -22.3, "2018-03-31": -21.9, "2017-12-31": "-33.90000", "2017-09-30": -43.9, "2017-06-30": -29.7, "2017-03-31": -27.9, "2016-12-31": "-39.10000", "2016-09-30": -37.5, "2016-06-30": -26.6, "2016-03-31": -12.4, "2015-12-31": "-40.00000", "2015-09-30": -39.6, "2015-06-30": -23.4, "2015-03-31": -17.9, "2014-12-31": "-39.90000", "2014-09-30": -44.5, "2014-06-30": -38, "2014-03-31": -22.7, "2013-12-31": "-35.40000", "2013-09-30": -59.1, "2013-06-30": -31.8, "2013-03-31": -33.4, "2012-12-31": "-21.40000", "2012-09-30": -44.5, "2012-06-30": -32.3, "2012-03-31": -30.4, "2011-12-31": "-29.80000", "2011-09-30": -43.3, "2011-06-30": -32.9, "2011-03-31": -22.6, "2010-12-31": "-16.20000", "2010-09-30": -39.3, "2010-06-30": -23.7, "2010-03-31": -12.5, "2009-12-31": "-13.50000", "2009-09-30": -24.7, "2009-06-30": -21.7, "2009-03-31": -16.7, "2008-12-31": "-26.10000", "2008-09-30": -47.4, "2008-06-30": -42.6, "2008-03-31": -27, "2007-12-31": "-26.30000", "2007-09-30": -43, "2007-06-30": -29, "2007-03-31": 1718.6, "2006-12-31": "-27.10000", "2006-09-30": 39, "2006-06-30": -22.5, "2006-03-31": -9.2, "2005-12-31": "67.20000", "2005-09-30": -17.4, "2005-06-30": -22.9, "2005-03-31": -55.3}, "Net Change In Intangible Assets": {"2020-12-31": "", "2020-09-30": 0, "2020-06-30": 0, "2020-03-31": 0, "2019-12-31": "", "2019-09-30": 0, "2019-06-30": 0, "2019-03-31": 0, "2018-12-31": "", "2018-09-30": 0, "2018-06-30": 0, "2018-03-31": 0, "2017-12-31": "", "2017-09-30": 0, "2017-06-30": 0, "2017-03-31": 0, "2016-12-31": "", "2016-09-30": 0, "2016-06-30": 0, "2016-03-31": 0, "2015-12-31": "", "2015-09-30": 0, "2015-06-30": 0, "2015-03-31": 0, "2014-12-31": "", "2014-09-30": 0, "2014-06-30": 0, "2014-03-31": 0, "2013-12-31": "", "2013-09-30": 0, "2013-06-30": 0, "2013-03-31": 0, "2012-12-31": "", "2012-09-30": 0, "2012-06-30": 0, "2012-03-31": 0, "2011-12-31": "", "2011-09-30": 0, "2011-06-30": 0, "2011-03-31": 0, "2010-12-31": "", "2010-09-30": 0, "2010-06-30": 0, "2010-03-31": 0, "2009-12-31": "", "2009-09-30": 0, "2009-06-30": 0, "2009-03-31": 0, "2008-12-31": "", "2008-09-30": 0, "2008-06-30": 0, "2008-03-31": 0, "2007-12-31": "", "2007-09-30": 0, "2007-06-30": 0, "2007-03-31": 0, "2006-12-31": "", "2006-09-30": 0, "2006-06-30": 0, "2006-03-31": 0, "2005-12-31": "", "2005-09-30": 0, "2005-06-30": 0, "2005-03-31": 0}, "Net Acquisitions/Divestitures": {"2020-12-31": "-283.10000", "2020-09-30": -5, "2020-06-30": -286.6, "2020-03-31": -20.8, "2019-12-31": "-238.50000", "2019-09-30": 0, "2019-06-30": 0, "2019-03-31": -20.7, "2018-12-31": "", "2018-09-30": 0, "2018-06-30": 0, "2018-03-31": 0, "2017-12-31": "-9.90000", "2017-09-30": 94, "2017-06-30": 0, "2017-03-31": 0, "2016-12-31": "-1.10000", "2016-09-30": -117.9, "2016-06-30": -0.1, "2016-03-31": -21.1, "2015-12-31": "", "2015-09-30": 0, "2015-06-30": 0, "2015-03-31": 0, "2014-12-31": "-21.20000", "2014-09-30": 0, "2014-06-30": 0, "2014-03-31": -13.4, "2013-12-31": "-68.10000", "2013-09-30": 0, "2013-06-30": 0, "2013-03-31": -0.4, "2012-12-31": "-84.40000", "2012-09-30": 0, "2012-06-30": -0.3, "2012-03-31": -5, "2011-12-31": "-10.90000", "2011-09-30": 0, "2011-06-30": -45.9, "2011-03-31": 0, "2010-12-31": "", "2010-09-30": 0, "2010-06-30": 0, "2010-03-31": 0, "2009-12-31": "", "2009-09-30": -0.6, "2009-06-30": -0.6, "2009-03-31": -29.5, "2008-12-31": "", "2008-09-30": 1.6, "2008-06-30": -50.8, "2008-03-31": 0, "2007-12-31": "-61.60000", "2007-09-30": -204.9, "2007-06-30": 0, "2007-03-31": -44.6, "2006-12-31": "", "2006-09-30": 0, "2006-06-30": -6.6, "2006-03-31": -7.5, "2005-12-31": "-25.40000", "2005-09-30": 0, "2005-06-30": 0, "2005-03-31": 0}, "Net Change In Short-term Investments": {"2020-12-31": "", "2020-09-30": 37.9, "2020-06-30": -46, "2020-03-31": 36.3, "2019-12-31": "-1.00000", "2019-09-30": 64.5, "2019-06-30": -0.5, "2019-03-31": 0, "2018-12-31": "-2.80000", "2018-09-30": -1000, "2018-06-30": -20.3, "2018-03-31": 102.4, "2017-12-31": "-223.70000", "2017-09-30": -500.8, "2017-06-30": -165.3, "2017-03-31": -524.2, "2016-12-31": "-191.30000", "2016-09-30": -269.2, "2016-06-30": -608.5, "2016-03-31": -141.7, "2015-12-31": "-51.30000", "2015-09-30": -898.6, "2015-06-30": 45.2, "2015-03-31": -18.3, "2014-12-31": "4.10000", "2014-09-30": -56.2, "2014-06-30": -88.7, "2014-03-31": -121, "2013-12-31": "8.00000", "2013-09-30": -0.1, "2013-06-30": -8.5, "2013-03-31": -13.6, "2012-12-31": "0.00000", "2012-09-30": 0, "2012-06-30": -37.5, "2012-03-31": -162.5, "2011-12-31": "-150.00000", "2011-09-30": 0, "2011-06-30": 0, "2011-03-31": 0, "2010-12-31": "", "2010-09-30": 0, "2010-06-30": 0, "2010-03-31": 0, "2009-12-31": "", "2009-09-30": 0, "2009-06-30": -8.4, "2009-03-31": 0, "2008-12-31": "", "2008-09-30": 0, "2008-06-30": 0, "2008-03-31": 0, "2007-12-31": "36.30000", "2007-09-30": 32.1, "2007-06-30": 0, "2007-03-31": 0, "2006-12-31": "", "2006-09-30": 24.1, "2006-06-30": 0, "2006-03-31": 0, "2005-12-31": "", "2005-09-30": 0, "2005-06-30": 0, "2005-03-31": 0}, "Net Change In Long-Term Investments": {"2020-12-31": "", "2020-09-30": -37.9, "2020-06-30": 38.5, "2020-03-31": -37.9, "2019-12-31": "43.30000", "2019-09-30": 54.1, "2019-06-30": 39.5, "2019-03-31": 33.6, "2018-12-31": "185.60000", "2018-09-30": 314.6, "2018-06-30": 101.2, "2018-03-31": 455.8, "2017-12-31": "234.50000", "2017-09-30": 297.7, "2017-06-30": 192.8, "2017-03-31": 228.2, "2016-12-31": "193.90000", "2016-09-30": 290.1, "2016-06-30": 596.2, "2016-03-31": 0, "2015-12-31": "", "2015-09-30": 762.7, "2015-06-30": 0, "2015-03-31": 0, "2014-12-31": "", "2014-09-30": 0, "2014-06-30": 0, "2014-03-31": 0, "2013-12-31": "", "2013-09-30": 0, "2013-06-30": 0, "2013-03-31": 0, "2012-12-31": "", "2012-09-30": 0, "2012-06-30": 0, "2012-03-31": 0, "2011-12-31": "", "2011-09-30": 0, "2011-06-30": 0, "2011-03-31": 0, "2010-12-31": "", "2010-09-30": 0, "2010-06-30": 0, "2010-03-31": 0, "2009-12-31": "", "2009-09-30": 0, "2009-06-30": 0, "2009-03-31": 0, "2008-12-31": "", "2008-09-30": 0, "2008-06-30": 0, "2008-03-31": 0, "2007-12-31": "", "2007-09-30": 0, "2007-06-30": 0, "2007-03-31": 0, "2006-12-31": "", "2006-09-30": 0, "2006-06-30": 0, "2006-03-31": 0, "2005-12-31": "", "2005-09-30": 0, "2005-06-30": 0, "2005-03-31": 0}, "Net Change In Investments - Total": {"2020-12-31": "", "2020-09-30": 0, "2020-06-30": -7.5, "2020-03-31": -1.6, "2019-12-31": "42.30000", "2019-09-30": 118.6, "2019-06-30": 39, "2019-03-31": 33.6, "2018-12-31": "182.80000", "2018-09-30": -685.4, "2018-06-30": 80.9, "2018-03-31": 558.2, "2017-12-31": "10.80000", "2017-09-30": -203.1, "2017-06-30": 27.5, "2017-03-31": -296, "2016-12-31": "2.60000", "2016-09-30": 20.9, "2016-06-30": -12.3, "2016-03-31": -141.7, "2015-12-31": "-51.30000", "2015-09-30": -135.9, "2015-06-30": 45.2, "2015-03-31": -18.3, "2014-12-31": "4.10000", "2014-09-30": -56.2, "2014-06-30": -88.7, "2014-03-31": -121, "2013-12-31": "8.00000", "2013-09-30": -0.1, "2013-06-30": -8.5, "2013-03-31": -13.6, "2012-12-31": "", "2012-09-30": 0, "2012-06-30": -37.5, "2012-03-31": -162.5, "2011-12-31": "-150.00000", "2011-09-30": 0, "2011-06-30": 0, "2011-03-31": 0, "2010-12-31": "", "2010-09-30": 0, "2010-06-30": 0, "2010-03-31": 0, "2009-12-31": "", "2009-09-30": 0, "2009-06-30": -8.4, "2009-03-31": 0, "2008-12-31": "", "2008-09-30": 0, "2008-06-30": 0, "2008-03-31": 0, "2007-12-31": "36.30000", "2007-09-30": 32.1, "2007-06-30": 0, "2007-03-31": 0, "2006-12-31": "", "2006-09-30": 24.1, "2006-06-30": 0, "2006-03-31": 0, "2005-12-31": "", "2005-09-30": 0, "2005-06-30": 0, "2005-03-31": 0}, "Investing Activities - Other": {"2020-12-31": "", "2020-09-30": 0, "2020-06-30": -1.3, "2020-03-31": 0, "2019-12-31": "", "2019-09-30": 0, "2019-06-30": 0, "2019-03-31": 0, "2018-12-31": "", "2018-09-30": 0, "2018-06-30": 0, "2018-03-31": 0, "2017-12-31": "", "2017-09-30": 0, "2017-06-30": 0, "2017-03-31": 0, "2016-12-31": "", "2016-09-30": 0, "2016-06-30": 0, "2016-03-31": 0, "2015-12-31": "", "2015-09-30": 0, "2015-06-30": 0, "2015-03-31": 0, "2014-12-31": "", "2014-09-30": 0, "2014-06-30": 0, "2014-03-31": 0, "2013-12-31": "-3.40000", "2013-09-30": 0, "2013-06-30": -2.2, "2013-03-31": -1.9, "2012-12-31": "", "2012-09-30": 0, "2012-06-30": 0, "2012-03-31": 0, "2011-12-31": "", "2011-09-30": 0, "2011-06-30": 0, "2011-03-31": 0, "2010-12-31": "", "2010-09-30": 0, "2010-06-30": 0, "2010-03-31": 0, "2009-12-31": "", "2009-09-30": 0, "2009-06-30": 0, "2009-03-31": -4.9, "2008-12-31": "0.80000", "2008-09-30": 0, "2008-06-30": 0, "2008-03-31": -2.9, "2007-12-31": "", "2007-09-30": 0, "2007-06-30": -0.9, "2007-03-31": -2.3, "2006-12-31": "", "2006-09-30": 0, "2006-06-30": 0, "2006-03-31": -6.4, "2005-12-31": "", "2005-09-30": 0, "2005-06-30": 0, "2005-03-31": -0.7}, "Cash Flow From Investing Activities": {"2020-12-31": "-310.10000", "2020-09-30": -26.9, "2020-06-30": -317.5, "2020-03-31": -40.6, "2019-12-31": "-233.00000", "2019-09-30": 95.7, "2019-06-30": 11.2, "2019-03-31": -22.8, "2018-12-31": "140.90000", "2018-09-30": -732.3, "2018-06-30": 58.6, "2018-03-31": 536.3, "2017-12-31": "-33.00000", "2017-09-30": -153, "2017-06-30": -2.2, "2017-03-31": -323.9, "2016-12-31": "-37.60000", "2016-09-30": -134.5, "2016-06-30": -39, "2016-03-31": -175.2, "2015-12-31": "-91.30000", "2015-09-30": -175.5, "2015-06-30": 21.8, "2015-03-31": -36.2, "2014-12-31": "-57.00000", "2014-09-30": -100.7, "2014-06-30": -126.7, "2014-03-31": -157.1, "2013-12-31": "-98.90000", "2013-09-30": -59.2, "2013-06-30": -42.5, "2013-03-31": -49.3, "2012-12-31": "-105.80000", "2012-09-30": -44.5, "2012-06-30": -70.1, "2012-03-31": -197.9, "2011-12-31": "-190.70000", "2011-09-30": -43.3, "2011-06-30": -78.8, "2011-03-31": -22.6, "2010-12-31": "-16.20000", "2010-09-30": -39.3, "2010-06-30": -23.7, "2010-03-31": -12.5, "2009-12-31": "-13.50000", "2009-09-30": -25.3, "2009-06-30": -30.7, "2009-03-31": -51.1, "2008-12-31": "-25.30000", "2008-09-30": -45.8, "2008-06-30": -93.4, "2008-03-31": -29.9, "2007-12-31": "-51.60000", "2007-09-30": -215.8, "2007-06-30": -29.9, "2007-03-31": 1671.7, "2006-12-31": "-27.10000", "2006-09-30": 63.1, "2006-06-30": -29.1, "2006-03-31": -23.1, "2005-12-31": "41.80000", "2005-09-30": -17.4, "2005-06-30": -22.9, "2005-03-31": -56}, "Net Long-Term Debt": {"2020-12-31": "", "2020-09-30": 0, "2020-06-30": -0.7, "2020-03-31": -300, "2019-12-31": "", "2019-09-30": 0, "2019-06-30": 0, "2019-03-31": 987.6, "2018-12-31": "", "2018-09-30": 0, "2018-06-30": 0, "2018-03-31": 0, "2017-12-31": "-250.00000", "2017-09-30": 0, "2017-06-30": 0, "2017-03-31": 0, "2016-12-31": "", "2016-09-30": 0, "2016-06-30": 0, "2016-03-31": 0, "2015-12-31": "", "2015-09-30": 0, "2015-06-30": 0, "2015-03-31": 594.3, "2014-12-31": "", "2014-09-30": 0, "2014-06-30": 0, "2014-03-31": 0, "2013-12-31": "", "2013-09-30": 0, "2013-06-30": 0, "2013-03-31": 0, "2012-12-31": "", "2012-09-30": 0, "2012-06-30": 0, "2012-03-31": 0, "2011-12-31": "", "2011-09-30": 0, "2011-06-30": 0, "2011-03-31": 0, "2010-12-31": "", "2010-09-30": 0, "2010-06-30": 0, "2010-03-31": 0, "2009-12-31": "", "2009-09-30": 0, "2009-06-30": 0, "2009-03-31": 0, "2008-12-31": "", "2008-09-30": 0, "2008-06-30": -0.2, "2008-03-31": -350.6, "2007-12-31": "493.00000", "2007-09-30": -14.7, "2007-06-30": 0, "2007-03-31": 0, "2006-12-31": "", "2006-09-30": 0, "2006-06-30": 0, "2006-03-31": 0, "2005-12-31": "", "2005-09-30": 0, "2005-06-30": 0, "2005-03-31": 0}, "Net Current Debt": {"2020-12-31": "125.90000", "2020-09-30": -399.1, "2020-06-30": 341.2, "2020-03-31": 58, "2019-12-31": "23.50000", "2019-09-30": -0.6, "2019-06-30": -0.7, "2019-03-31": -630, "2018-12-31": "80.30000", "2018-09-30": 550.3, "2018-06-30": -307.8, "2018-03-31": -531.5, "2017-12-31": "489.60000", "2017-09-30": 2, "2017-06-30": -25.1, "2017-03-31": -35.1, "2016-12-31": "-40.00000", "2016-09-30": 94.6, "2016-06-30": 76.4, "2016-03-31": 116.6, "2015-12-31": "161.00000", "2015-09-30": 0, "2015-06-30": 0, "2015-03-31": -508, "2014-12-31": "183.00000", "2014-09-30": 45.1, "2014-06-30": -62.6, "2014-03-31": 91.5, "2013-12-31": "72.00000", "2013-09-30": -41, "2013-06-30": -16, "2013-03-31": -17, "2012-12-31": "96.00000", "2012-09-30": -113, "2012-06-30": 11, "2012-03-31": -91, "2011-12-31": "350.00000", "2011-09-30": 0, "2011-06-30": 0, "2011-03-31": 0, "2010-12-31": "", "2010-09-30": 0, "2010-06-30": 0, "2010-03-31": 0, "2009-12-31": "", "2009-09-30": 0, "2009-06-30": -75, "2009-03-31": -100, "2008-12-31": "75.00000", "2008-09-30": -234, "2008-06-30": 13.9, "2008-03-31": 320, "2007-12-31": "-173.00000", "2007-09-30": 124, "2007-06-30": 45.8, "2007-03-31": -530, "2006-12-31": "314.20000", "2006-09-30": 66.8, "2006-06-30": 51.1, "2006-03-31": -1, "2005-12-31": "102.00000", "2005-09-30": -0.1, "2005-06-30": 0, "2005-03-31": 0}, "Debt Issuance/Retirement Net - Total": {"2020-12-31": "125.90000", "2020-09-30": -399.1, "2020-06-30": 340.5, "2020-03-31": -242, "2019-12-31": "23.50000", "2019-09-30": -0.6, "2019-06-30": -0.7, "2019-03-31": 357.6, "2018-12-31": "80.30000", "2018-09-30": 550.3, "2018-06-30": -307.8, "2018-03-31": -531.5, "2017-12-31": "239.60000", "2017-09-30": 2, "2017-06-30": -25.1, "2017-03-31": -35.1, "2016-12-31": "-40.00000", "2016-09-30": 94.6, "2016-06-30": 76.4, "2016-03-31": 116.6, "2015-12-31": "161.00000", "2015-09-30": 0, "2015-06-30": 0, "2015-03-31": 86.3, "2014-12-31": "183.00000", "2014-09-30": 45.1, "2014-06-30": -62.6, "2014-03-31": 91.5, "2013-12-31": "72.00000", "2013-09-30": -41, "2013-06-30": -16, "2013-03-31": -17, "2012-12-31": "96.00000", "2012-09-30": -113, "2012-06-30": 11, "2012-03-31": -91, "2011-12-31": "350.00000", "2011-09-30": 0, "2011-06-30": 0, "2011-03-31": 0, "2010-12-31": "", "2010-09-30": 0, "2010-06-30": 0, "2010-03-31": 0, "2009-12-31": "", "2009-09-30": 0, "2009-06-30": -75, "2009-03-31": -100, "2008-12-31": "75.00000", "2008-09-30": -234, "2008-06-30": 13.7, "2008-03-31": -30.6, "2007-12-31": "320.00000", "2007-09-30": 109.3, "2007-06-30": 45.8, "2007-03-31": -530, "2006-12-31": "314.20000", "2006-09-30": 66.8, "2006-06-30": 51.1, "2006-03-31": -1, "2005-12-31": "102.00000", "2005-09-30": -0.1, "2005-06-30": 0, "2005-03-31": 0}, "Net Common Equity Issued/Repurchased": {"2020-12-31": "-34.60000", "2020-09-30": 27, "2020-06-30": 3.2, "2020-03-31": -78.8, "2019-12-31": "-1.20000", "2019-09-30": -210.7, "2019-06-30": -239.5, "2019-03-31": -220.3, "2018-12-31": "-291.10000", "2018-09-30": -386.2, "2018-06-30": -414.5, "2018-03-31": -439.1, "2017-12-31": "-160.70000", "2017-09-30": -16.4, "2017-06-30": -96.2, "2017-03-31": -33.7, "2016-12-31": "-14.40000", "2016-09-30": -125.3, "2016-06-30": -101.5, "2016-03-31": -121.2, "2015-12-31": "-123.40000", "2015-09-30": -188.8, "2015-06-30": -79, "2015-03-31": -106.6, "2014-12-31": "-163.70000", "2014-09-30": -136.7, "2014-06-30": -106.6, "2014-03-31": -72, "2013-12-31": "-61.90000", "2013-09-30": -26.9, "2013-06-30": -96.8, "2013-03-31": -51.9, "2012-12-31": "-54.80000", "2012-09-30": -86.5, "2012-06-30": -120.4, "2012-03-31": 1, "2011-12-31": "-4.50000", "2011-09-30": -72.8, "2011-06-30": -106.8, "2011-03-31": 54.9, "2010-12-31": "", "2010-09-30": -21.9, "2010-06-30": -55.3, "2010-03-31": -13.1, "2009-12-31": "6.70000", "2009-09-30": 3.9, "2009-06-30": 2.6, "2009-03-31": 0.9, "2008-12-31": "-49.60000", "2008-09-30": -131.2, "2008-06-30": -23.6, "2008-03-31": -103.2, "2007-12-31": "-87.90000", "2007-09-30": -242.4, "2007-06-30": -355.4, "2007-03-31": -517.8, "2006-12-31": "-338.80000", "2006-09-30": -294.7, "2006-06-30": -124.9, "2006-03-31": -59.1, "2005-12-31": "-183.70000", "2005-09-30": -105.1, "2005-06-30": -125.1, "2005-03-31": -177.4}, "Net Total Equity Issued/Repurchased": {"2020-12-31": "-34.60000", "2020-09-30": 27, "2020-06-30": 3.2, "2020-03-31": -78.8, "2019-12-31": "-1.20000", "2019-09-30": -210.7, "2019-06-30": -239.5, "2019-03-31": -220.3, "2018-12-31": "-291.10000", "2018-09-30": -386.2, "2018-06-30": -414.5, "2018-03-31": -439.1, "2017-12-31": "-160.70000", "2017-09-30": -16.4, "2017-06-30": -96.2, "2017-03-31": -33.7, "2016-12-31": "-14.40000", "2016-09-30": -125.3, "2016-06-30": -101.5, "2016-03-31": -121.2, "2015-12-31": "-123.40000", "2015-09-30": -188.8, "2015-06-30": -79, "2015-03-31": -106.6, "2014-12-31": "-163.70000", "2014-09-30": -136.7, "2014-06-30": -106.6, "2014-03-31": -72, "2013-12-31": "-61.90000", "2013-09-30": -26.9, "2013-06-30": -96.8, "2013-03-31": -51.9, "2012-12-31": "-54.80000", "2012-09-30": -86.5, "2012-06-30": -120.4, "2012-03-31": 1, "2011-12-31": "-4.50000", "2011-09-30": -72.8, "2011-06-30": -106.8, "2011-03-31": 54.9, "2010-12-31": "", "2010-09-30": -21.9, "2010-06-30": -55.3, "2010-03-31": -13.1, "2009-12-31": "6.70000", "2009-09-30": 3.9, "2009-06-30": 2.6, "2009-03-31": 0.9, "2008-12-31": "-49.60000", "2008-09-30": -131.2, "2008-06-30": -23.6, "2008-03-31": -103.2, "2007-12-31": "-87.90000", "2007-09-30": -242.4, "2007-06-30": -355.4, "2007-03-31": -517.8, "2006-12-31": "-338.80000", "2006-09-30": -294.7, "2006-06-30": -124.9, "2006-03-31": -59.1, "2005-12-31": "-183.70000", "2005-09-30": -105.1, "2005-06-30": -125.1, "2005-03-31": -177.4}, "Total Common And Preferred Stock Dividends Paid": {"2020-12-31": "-124.30000", "2020-09-30": -118.5, "2020-06-30": -118, "2020-03-31": -118.4, "2019-12-31": "-117.90000", "2019-09-30": -112.9, "2019-06-30": -114.4, "2019-03-31": -115.6, "2018-12-31": "-116.90000", "2018-09-30": -112.5, "2018-06-30": -114.8, "2018-03-31": -106.2, "2017-12-31": "-107.30000", "2017-09-30": -97.5, "2017-06-30": -97.7, "2017-03-31": -98, "2016-12-31": "-97.50000", "2016-09-30": -93.5, "2016-06-30": -94.3, "2016-03-31": -94.8, "2015-12-31": "-95.60000", "2015-09-30": -86.8, "2015-06-30": -87.4, "2015-03-31": -87.8, "2014-12-31": "-88.10000", "2014-09-30": -79.6, "2014-06-30": -80, "2014-03-31": -80.4, "2013-12-31": "-80.50000", "2013-09-30": -72.4, "2013-06-30": -72.3, "2013-03-31": -66.1, "2012-12-31": "-65.50000", "2012-09-30": -65.9, "2012-06-30": -60.5, "2012-03-31": -60.7, "2011-12-31": "-60.30000", "2011-09-30": -60.7, "2011-06-30": -50.3, "2011-03-31": -50.3, "2010-12-31": "-49.70000", "2010-09-30": -49.6, "2010-06-30": -41.3, "2010-03-31": -41.4, "2009-12-31": "-41.30000", "2009-09-30": -41.2, "2009-06-30": -41.1, "2009-03-31": -41.2, "2008-12-31": "-41.00000", "2008-09-30": -41.8, "2008-06-30": -42.5, "2008-03-31": -42.6, "2007-12-31": "-43.30000", "2007-09-30": -43.9, "2007-06-30": -44.7, "2007-03-31": -46.9, "2006-12-31": "-49.20000", "2006-09-30": -39.2, "2006-06-30": -39.9, "2006-03-31": -39.9, "2005-12-31": "-40.30000", "2005-09-30": -40.7, "2005-06-30": -41, "2005-03-31": -61}, "Financial Activities - Other": {"2020-12-31": "-4.20000", "2020-09-30": 0, "2020-06-30": 0, "2020-03-31": 0.8, "2019-12-31": "", "2019-09-30": -1.1, "2019-06-30": 0, "2019-03-31": 0, "2018-12-31": "", "2018-09-30": 0, "2018-06-30": 0, "2018-03-31": 0, "2017-12-31": "1.80000", "2017-09-30": 0, "2017-06-30": 0, "2017-03-31": 0, "2016-12-31": "", "2016-09-30": 0.9, "2016-06-30": 1.2, "2016-03-31": 0.5, "2015-12-31": "0.70000", "2015-09-30": 0.2, "2015-06-30": 5.6, "2015-03-31": 0.6, "2014-12-31": "4.40000", "2014-09-30": 0.8, "2014-06-30": 10.5, "2014-03-31": 7.9, "2013-12-31": "10.70000", "2013-09-30": 9.3, "2013-06-30": -0.2, "2013-03-31": 10.4, "2012-12-31": "10.60000", "2012-09-30": 1.1, "2012-06-30": 0.4, "2012-03-31": 6.9, "2011-12-31": "9.70000", "2011-09-30": 0.3, "2011-06-30": 2, "2011-03-31": 23.5, "2010-12-31": "12.00000", "2010-09-30": 3.8, "2010-06-30": 4.9, "2010-03-31": 5.2, "2009-12-31": "1.90000", "2009-09-30": 1, "2009-06-30": 0.3, "2009-03-31": -2.2, "2008-12-31": "0.20000", "2008-09-30": 0.6, "2008-06-30": 0.3, "2008-03-31": 0.5, "2007-12-31": "2.80000", "2007-09-30": 5.7, "2007-06-30": 12.3, "2007-03-31": 4.2, "2006-12-31": "4.50000", "2006-09-30": 1.3, "2006-06-30": 6.8, "2006-03-31": 27.2, "2005-12-31": "11.40000", "2005-09-30": -0.1, "2005-06-30": -0.1, "2005-03-31": -1.1}, "Cash Flow From Financial Activities": {"2020-12-31": "-37.20000", "2020-09-30": -490.6, "2020-06-30": 225.7, "2020-03-31": -438.4, "2019-12-31": "-95.60000", "2019-09-30": -325.3, "2019-06-30": -354.6, "2019-03-31": 21.7, "2018-12-31": "-327.70000", "2018-09-30": 51.6, "2018-06-30": -837.1, "2018-03-31": -1076.8, "2017-12-31": "-26.60000", "2017-09-30": -111.9, "2017-06-30": -219, "2017-03-31": -166.8, "2016-12-31": "-151.90000", "2016-09-30": -123.3, "2016-06-30": -118.2, "2016-03-31": -98.9, "2015-12-31": "-57.30000", "2015-09-30": -275.4, "2015-06-30": -160.8, "2015-03-31": -107.5, "2014-12-31": "-64.40000", "2014-09-30": -170.4, "2014-06-30": -238.7, "2014-03-31": -53, "2013-12-31": "-59.70000", "2013-09-30": -131, "2013-06-30": -185.3, "2013-03-31": -124.6, "2012-12-31": "-13.70000", "2012-09-30": -264.3, "2012-06-30": -169.5, "2012-03-31": -143.8, "2011-12-31": "294.90000", "2011-09-30": -133.2, "2011-06-30": -155.1, "2011-03-31": 28.1, "2010-12-31": "-37.70000", "2010-09-30": -67.7, "2010-06-30": -91.7, "2010-03-31": -49.3, "2009-12-31": "-32.70000", "2009-09-30": -36.3, "2009-06-30": -113.2, "2009-03-31": -142.5, "2008-12-31": "-15.40000", "2008-09-30": -406.4, "2008-06-30": -52.1, "2008-03-31": -175.9, "2007-12-31": "191.60000", "2007-09-30": -171.3, "2007-06-30": -342, "2007-03-31": -1090.5, "2006-12-31": "-69.30000", "2006-09-30": -265.8, "2006-06-30": -106.9, "2006-03-31": -72.8, "2005-12-31": "-110.60000", "2005-09-30": -146, "2005-06-30": -166.2, "2005-03-31": -239.5}, "Net Cash Flow": {"2020-12-31": "25.80000", "2020-09-30": -179.4, "2020-06-30": 268, "2020-03-31": -284.4, "2019-12-31": "-92.20000", "2019-09-30": 229.6, "2019-06-30": 8.8, "2019-03-31": 147.7, "2018-12-31": "13.50000", "2018-09-30": -321.3, "2018-06-30": -493.8, "2018-03-31": -113.1, "2017-12-31": "136.10000", "2017-09-30": -138.5, "2017-06-30": 108.6, "2017-03-31": -153.8, "2016-12-31": "68.20000", "2016-09-30": 17.1, "2016-06-30": 113, "2016-03-31": -52.9, "2015-12-31": "21.90000", "2015-09-30": -139.9, "2015-06-30": 164.3, "2015-03-31": 111, "2014-12-31": "100.60000", "2014-09-30": 16.2, "2014-06-30": -64.7, "2014-03-31": -6.2, "2013-12-31": "45.10000", "2013-09-30": 176.2, "2013-06-30": 57.6, "2013-03-31": 12.8, "2012-12-31": "50.40000", "2012-09-30": 98.3, "2012-06-30": -6.2, "2012-03-31": -72.2, "2011-12-31": "-104.90000", "2011-09-30": -32.9, "2011-06-30": 1.5, "2011-03-31": 251, "2010-12-31": "-44.10000", "2010-09-30": -12.6, "2010-06-30": 8.8, "2010-03-31": 100.9, "2009-12-31": "72.50000", "2009-09-30": 63.3, "2009-06-30": 61, "2009-03-31": -34.5, "2008-12-31": "-28.20000", "2008-09-30": -223.7, "2008-06-30": 45.2, "2008-03-31": -106.3, "2007-12-31": "242.80000", "2007-09-30": -170.1, "2007-06-30": -325.3, "2007-03-31": 686.1, "2006-12-31": "25.40000", "2006-09-30": 72.7, "2006-06-30": 38.4, "2006-03-31": 57.4, "2005-12-31": "-219.40000", "2005-09-30": -6.6, "2005-06-30": -15.9, "2005-03-31": 10.9}, "Stock-Based Compensation": {"2020-12-31": "11.50000", "2020-09-30": 11.4, "2020-06-30": 12.3, "2020-03-31": 10.9, "2019-12-31": "11.50000", "2019-09-30": 10.6, "2019-06-30": 10.7, "2019-03-31": 10.8, "2018-12-31": "11.00000", "2018-09-30": 9.9, "2018-06-30": 9.8, "2018-03-31": 10.2, "2017-12-31": "8.60000", "2017-09-30": 9.1, "2017-06-30": 9.2, "2017-03-31": 9.5, "2016-12-31": "10.70000", "2016-09-30": 10.1, "2016-06-30": 9.8, "2016-03-31": 9.8, "2015-12-31": "10.80000", "2015-09-30": 10.1, "2015-06-30": 10.2, "2015-03-31": 10.4, "2014-12-31": "10.80000", "2014-09-30": 10.4, "2014-06-30": 10.2, "2014-03-31": 10.4, "2013-12-31": "11.50000", "2013-09-30": 9.8, "2013-06-30": 10.1, "2013-03-31": 10, "2012-12-31": "11.20000", "2012-09-30": 10.7, "2012-06-30": 10.5, "2012-03-31": 10.9, "2011-12-31": "11.40000", "2011-09-30": 10.2, "2011-06-30": 10.1, "2011-03-31": 10.1, "2010-12-31": "9.10000", "2010-09-30": 9.2, "2010-06-30": 9.2, "2010-03-31": 9.2, "2009-12-31": "8.70000", "2009-09-30": 7.8, "2009-06-30": 7.7, "2009-03-31": 7.7, "2008-12-31": "4.60000", "2008-09-30": 7.9, "2008-06-30": 8.7, "2008-03-31": 9.1, "2007-12-31": "6.80000", "2007-09-30": 6.4, "2007-06-30": 7.9, "2007-03-31": 7.7, "2006-12-31": "7.00000", "2006-09-30": 6.6, "2006-06-30": 6.5, "2006-03-31": 6.7, "2005-12-31": "5.80000", "2005-09-30": 0, "2005-06-30": 0, "2005-03-31": 0}, "Common Stock Dividends Paid": {"2020-12-31": "-124.30000", "2020-09-30": -118.5, "2020-06-30": -118, "2020-03-31": -118.4, "2019-12-31": "-117.90000", "2019-09-30": -112.9, "2019-06-30": -114.4, "2019-03-31": -115.6, "2018-12-31": "-116.90000", "2018-09-30": -112.5, "2018-06-30": -114.8, "2018-03-31": -106.2, "2017-12-31": "-107.30000", "2017-09-30": -97.5, "2017-06-30": -97.7, "2017-03-31": -98, "2016-12-31": "-97.50000", "2016-09-30": -93.5, "2016-06-30": -94.3, "2016-03-31": -94.8, "2015-12-31": "-95.60000", "2015-09-30": -86.8, "2015-06-30": -87.4, "2015-03-31": -87.8, "2014-12-31": "-88.10000", "2014-09-30": -79.6, "2014-06-30": -80, "2014-03-31": -80.4, "2013-12-31": "-80.50000", "2013-09-30": -72.4, "2013-06-30": -72.3, "2013-03-31": -66.1, "2012-12-31": "-65.50000", "2012-09-30": -65.9, "2012-06-30": -60.5, "2012-03-31": -60.7, "2011-12-31": "-60.30000", "2011-09-30": -60.7, "2011-06-30": -50.3, "2011-03-31": -50.3, "2010-12-31": "-49.70000", "2010-09-30": -49.6, "2010-06-30": -41.3, "2010-03-31": -41.4, "2009-12-31": "-41.30000", "2009-09-30": -41.2, "2009-06-30": -41.1, "2009-03-31": -41.2, "2008-12-31": "-41.00000", "2008-09-30": -41.8, "2008-06-30": -42.5, "2008-03-31": -42.6, "2007-12-31": "-43.30000", "2007-09-30": -43.9, "2007-06-30": -44.7, "2007-03-31": -46.9, "2006-12-31": "-49.20000", "2006-09-30": -39.2, "2006-06-30": -39.9, "2006-03-31": -39.9, "2005-12-31": "-40.30000", "2005-09-30": -40.7, "2005-06-30": -41, "2005-03-31": -61}}, "financial ratios": {"Current Ratio": {"2020-09-30": "1.48320", "2019-09-30": "1.54160", "2018-09-30": "1.26550", "2017-09-30": "2.06020", "2016-09-30": "2.11800", "2015-09-30": "2.93500", "2014-09-30": "2.32500", "2013-09-30": "2.38230", "2012-09-30": "2.21170", "2011-09-30": "2.31230", "2010-09-30": "2.11620", "2009-09-30": "2.25380", "2008-09-30": "1.86980", "2007-09-30": "1.36540", "2006-09-30": "1.69180", "2005-09-30": "2.32410"}, "Long-term Debt / Capital": {"2020-09-30": "0.59450", "2019-09-30": "0.82880", "2018-09-30": "0.43100", "2017-09-30": "0.31820", "2016-09-30": "0.43240", "2015-09-30": "0.39940", "2014-09-30": "0.25300", "2013-09-30": "0.25930", "2012-09-30": "0.32830", "2011-09-30": "0.34110", "2010-09-30": "0.38260", "2009-09-30": "0.40730", "2008-09-30": "0.34880", "2007-09-30": "0.18880", "2006-09-30": "0.28060", "2005-09-30": "0.31210"}, "Debt/Equity Ratio": {"2020-09-30": "1.48450", "2019-09-30": "5.58360", "2018-09-30": "1.09810", "2017-09-30": "0.69220", "2016-09-30": "0.98730", "2015-09-30": "0.66510", "2014-09-30": "0.46100", "2013-09-30": "0.41930", "2012-09-30": "0.57350", "2011-09-30": "0.51770", "2010-09-30": "0.61960", "2009-09-30": "0.68730", "2008-09-30": "0.59480", "2007-09-30": "0.53200", "2006-09-30": "0.50420", "2005-09-30": "0.45440"}, "Gross Margin": {"2020-09-30": "40.99970", "2019-09-30": "43.31870", "2018-09-30": "43.27780", "2017-09-30": "42.27180", "2016-09-30": "42.10390", "2015-09-30": "42.85260", "2014-09-30": "41.57770", "2013-09-30": "40.52020", "2012-09-30": "40.30260", "2011-09-30": "39.83730", "2010-09-30": "39.86820", "2009-09-30": "36.22620", "2008-09-30": "41.08080", "2007-09-30": "41.91330", "2006-09-30": "41.69960", "2005-09-30": "40.45970"}, "Operating Margin": {"2020-09-30": "17.94840", "2019-09-30": "13.45820", "2018-09-30": "19.96400", "2017-09-30": "16.43720", "2016-09-30": "16.04050", "2015-09-30": "17.87440", "2014-09-30": "17.12390", "2013-09-30": "15.44260", "2012-09-30": "15.43120", "2011-09-30": "14.45900", "2010-09-30": "11.20440", "2009-09-30": "6.32200", "2008-09-30": "14.19670", "2007-09-30": "15.75970", "2006-09-30": "16.14870", "2005-09-30": "15.32040"}, "EBIT Margin": {"2020-09-30": "19.58360", "2019-09-30": "14.92500", "2018-09-30": "21.05910", "2017-09-30": "17.64450", "2016-09-30": "17.25320", "2015-09-30": "18.88430", "2014-09-30": "18.01920", "2013-09-30": "16.40140", "2012-09-30": "16.39140", "2011-09-30": "15.45060", "2010-09-30": "12.45010", "2009-09-30": "7.72760", "2008-09-30": "15.39370", "2007-09-30": "17.02670", "2006-09-30": "17.39090", "2005-09-30": "16.43440"}, "EBITDA Margin": {"2020-09-30": "22.31190", "2019-09-30": "17.19840", "2018-09-30": "23.52840", "2017-09-30": "20.32070", "2016-09-30": "20.18200", "2015-09-30": "21.46040", "2014-09-30": "20.32160", "2013-09-30": "18.68730", "2012-09-30": "18.60560", "2011-09-30": "17.63880", "2010-09-30": "15.07100", "2009-09-30": "10.82290", "2008-09-30": "17.78930", "2007-09-30": "19.38290", "2006-09-30": "19.96750", "2005-09-30": "19.53300"}, "Pre-Tax Profit Margin": {"2020-09-30": "17.94840", "2019-09-30": "13.45820", "2018-09-30": "19.96400", "2017-09-30": "16.43720", "2016-09-30": "16.04050", "2015-09-30": "17.87440", "2014-09-30": "17.12390", "2013-09-30": "15.44260", "2012-09-30": "15.43120", "2011-09-30": "14.45900", "2010-09-30": "11.20450", "2009-09-30": "6.32200", "2008-09-30": "14.19670", "2007-09-30": "15.75970", "2006-09-30": "16.14870", "2005-09-30": "15.32040"}, "Net Profit Margin": {"2020-09-30": "16.16800", "2019-09-30": "10.39310", "2018-09-30": "8.03330", "2017-09-30": "13.08290", "2016-09-30": "12.41090", "2015-09-30": "13.12010", "2014-09-30": "12.48280", "2013-09-30": "11.88940", "2012-09-30": "11.77430", "2011-09-30": "11.62920", "2010-09-30": "9.53680", "2009-09-30": "5.09410", "2008-09-30": "10.13730", "2007-09-30": "29.73280", "2006-09-30": "13.32190", "2005-09-30": "13.13390"}, "Asset Turnover": {"2020-09-30": "0.87130", "2019-09-30": "1.09520", "2018-09-30": "1.06450", "2017-09-30": "0.88130", "2016-09-30": "0.82800", "2015-09-30": "0.98490", "2014-09-30": "1.06410", "2013-09-30": "1.08680", "2012-09-30": "1.11050", "2011-09-30": "1.13540", "2010-09-30": "1.02290", "2009-09-30": "1.00620", "2008-09-30": "1.24040", "2007-09-30": "1.10080", "2006-09-30": "0.96220", "2005-09-30": "0.90860"}, "Inventory Turnover Ratio": {"2020-09-30": "6.39490", "2019-09-30": "6.59150", "2018-09-30": "6.50120", "2017-09-30": "6.52120", "2016-09-30": "6.46410", "2015-09-30": "6.73040", "2014-09-30": "6.57650", "2013-09-30": "6.13930", "2012-09-30": "6.03670", "2011-09-30": "5.62570", "2010-09-30": "4.84100", "2009-09-30": "6.33130", "2008-09-30": "5.83340", "2007-09-30": "5.75910", "2006-09-30": "6.45540", "2005-09-30": "4.29550"}, "Receiveable Turnover": {"2020-09-30": "5.06750", "2019-09-30": "5.67980", "2018-09-30": "5.60120", "2017-09-30": "5.55820", "2016-09-30": "5.44900", "2015-09-30": "6.05950", "2014-09-30": "5.44790", "2013-09-30": "5.35530", "2012-09-30": "5.27200", "2011-09-30": "5.64270", "2010-09-30": "5.65420", "2009-09-30": "5.96520", "2008-09-30": "5.93580", "2007-09-30": "5.39390", "2006-09-30": "6.12750", "2005-09-30": "5.14190"}, "Days Sales In Receivables": {"2020-09-30": "72.02780", "2019-09-30": "64.26260", "2018-09-30": "65.16450", "2017-09-30": "65.66910", "2016-09-30": "66.98440", "2015-09-30": "60.23640", "2014-09-30": "66.99890", "2013-09-30": "68.15700", "2012-09-30": "69.23420", "2011-09-30": "64.68590", "2010-09-30": "64.55320", "2009-09-30": "61.18860", "2008-09-30": "61.49100", "2007-09-30": "67.66930", "2006-09-30": "59.56760", "2005-09-30": "70.98480"}, "ROE - Return On Equity": {"2020-09-30": "75.97270", "2019-09-30": "172.14240", "2018-09-30": "33.10660", "2017-09-30": "30.99940", "2016-09-30": "36.66650", "2015-09-30": "36.67140", "2014-09-30": "31.10490", "2013-09-30": "29.25160", "2012-09-30": "39.80130", "2011-09-30": "39.87990", "2010-09-30": "30.15610", "2009-09-30": "16.55270", "2008-09-30": "34.20180", "2007-09-30": "32.66580", "2006-09-30": "27.59360", "2005-09-30": "27.14810"}, "Return On Tangible Equity": {"2020-09-30": "-130.71030", "2019-09-30": "-80.81300", "2018-09-30": "163.86170", "2017-09-30": "61.25830", "2016-09-30": "110.41000", "2015-09-30": "82.88430", "2014-09-30": "60.73610", "2013-09-30": "56.03470", "2012-09-30": "106.28790", "2011-09-30": "120.73090", "2010-09-30": "133.21240", "2009-09-30": "126.46530", "2008-09-30": "110.43980", "2007-09-30": "88.82820", "2006-09-30": "48.19270", "2005-09-30": "84.43980"}, "ROA - Return On Assets": {"2020-09-30": "14.08460", "2019-09-30": "11.38230", "2018-09-30": "8.55160", "2017-09-30": "11.52940", "2016-09-30": "10.27570", "2015-09-30": "12.92180", "2014-09-30": "13.28340", "2013-09-30": "12.94020", "2012-09-30": "13.07550", "2011-09-30": "13.19040", "2010-09-30": "9.27490", "2009-09-30": "5.06070", "2008-09-30": "12.57400", "2007-09-30": "12.52370", "2006-09-30": "11.17750", "2005-09-30": "9.89370"}, "ROI - Return On Investment": {"2020-09-30": "30.80540", "2019-09-30": "29.47560", "2018-09-30": "18.83770", "2017-09-30": "21.13390", "2016-09-30": "20.81050", "2015-09-30": "22.02410", "2014-09-30": "23.23450", "2013-09-30": "21.66680", "2012-09-30": "26.73490", "2011-09-30": "26.27590", "2010-09-30": "18.61920", "2009-09-30": "9.81050", "2008-09-30": "22.27360", "2007-09-30": "26.49760", "2006-09-30": "19.85070", "2005-09-30": "18.67520"}, "Book Value Per Share": {"2020-09-30": "11.59040", "2019-09-30": "3.49350", "2018-09-30": "13.35670", "2017-09-30": "20.74460", "2016-09-30": "15.48720", "2015-09-30": "17.04530", "2014-09-30": "19.44480", "2013-09-30": "18.61410", "2012-09-30": "13.24540", "2011-09-30": "12.31850", "2010-09-30": "10.30630", "2009-09-30": "9.26390", "2008-09-30": "11.79330", "2007-09-30": "11.66530", "2006-09-30": "11.23070", "2005-09-30": "9.17700"}, "Operating Cash Flow Per Share": {"2020-09-30": -0.298, "2019-09-30": -0.3365, "2018-09-30": 2.2843, "2017-09-30": 0.7342, "2016-09-30": -1.5266, "2015-09-30": 1.3558, "2014-09-30": 0.1943, "2013-09-30": 2.1904, "2012-09-30": 0.5787, "2011-09-30": 1.0026, "2010-09-30": -0.266, "2009-09-30": -0.3331, "2008-09-30": 1.2698, "2007-09-30": 1.0184, "2006-09-30": -1.1875, "2005-09-30": 2.929}, "Free Cash Flow Per Share": {"2020-09-30": -0.0717, "2019-09-30": -0.4269, "2018-09-30": 2.3817, "2017-09-30": 0.5405, "2016-09-30": -1.5251, "2015-09-30": 1.4721, "2014-09-30": 0.2219, "2013-09-30": 2.1117, "2012-09-30": 0.4153, "2011-09-30": 0.8287, "2010-09-30": -0.2577, "2009-09-30": 0.0081, "2008-09-30": -9.7444, "2007-09-30": 10.6509, "2006-09-30": -0.2627, "2005-09-30": 2.4183}}, "financial ratios, quarterly": {"Current Ratio": {"2020-12-31": "1.33970", "2020-09-30": "1.48320", "2020-06-30": "1.31240", "2020-03-31": "1.56540", "2019-12-31": "1.45470", "2019-09-30": "1.54160", "2019-06-30": "1.50870", "2019-03-31": "1.59030", "2018-12-31": "1.20850", "2018-09-30": "1.26550", "2018-06-30": "1.92510", "2018-03-31": "2.09870", "2017-12-31": "1.98280", "2017-09-30": "2.06020", "2017-06-30": "2.02920", "2017-03-31": "2.13160", "2016-12-31": "2.03600", "2016-09-30": "2.11800", "2016-06-30": "2.44450", "2016-03-31": "2.69980", "2015-12-31": "2.86050", "2015-09-30": "2.93500", "2015-06-30": "2.94840", "2015-03-31": "3.16270", "2014-12-31": "2.22070", "2014-09-30": "2.32500", "2014-06-30": "2.28160", "2014-03-31": "2.31590", "2013-12-31": "2.41750", "2013-09-30": "2.38230", "2013-06-30": "2.24510", "2013-03-31": "2.33820", "2012-12-31": "2.28010", "2012-09-30": "2.21170", "2012-06-30": "2.09560", "2012-03-31": "2.20730", "2011-12-31": "2.05840", "2011-09-30": "2.31230", "2011-06-30": "2.31140", "2011-03-31": "2.50430", "2010-12-31": "2.34950", "2010-09-30": "2.11620", "2010-06-30": "2.05320", "2010-03-31": "2.18380", "2009-12-31": "2.26840", "2009-09-30": "2.25380", "2009-06-30": "2.20220", "2009-03-31": "2.13820", "2008-12-31": "1.98020", "2008-09-30": "1.86980", "2008-06-30": "1.73300", "2008-03-31": "1.80190", "2007-12-31": "1.73020", "2007-09-30": "1.36540", "2007-06-30": "1.58390", "2007-03-31": "1.77090", "2006-12-31": "1.54180", "2006-09-30": "1.69180", "2006-06-30": "1.85040", "2006-03-31": "1.89810", "2005-12-31": "1.87560", "2005-09-30": "2.32410", "2005-06-30": "2.24840", "2005-03-31": "2.38640"}, "Long-term Debt / Capital": {"2020-12-31": "0.51380", "2020-09-30": "0.59450", "2020-06-30": "0.64450", "2020-03-31": "0.67750", "2019-12-31": "0.65330", "2019-09-30": "0.82880", "2019-06-30": "0.62660", "2019-03-31": "0.59120", "2018-12-31": "0.49230", "2018-09-30": "0.43100", "2018-06-30": "0.45940", "2018-03-31": "0.38710", "2017-12-31": "0.36500", "2017-09-30": "0.31820", "2017-06-30": "0.36350", "2017-03-31": "0.36070", "2016-12-31": "0.37710", "2016-09-30": "0.43240", "2016-06-30": "0.41770", "2016-03-31": "0.40580", "2015-12-31": "0.40030", "2015-09-30": "0.39940", "2015-06-30": "0.36860", "2015-03-31": "0.36970", "2014-12-31": "0.26060", "2014-09-30": "0.25300", "2014-06-30": "0.24960", "2014-03-31": "0.24770", "2013-12-31": "0.25190", "2013-09-30": "0.25930", "2013-06-30": "0.31070", "2013-03-31": "0.30930", "2012-12-31": "0.31500", "2012-09-30": "0.32830", "2012-06-30": "0.32010", "2012-03-31": "0.30830", "2011-12-31": "0.32790", "2011-09-30": "0.34110", "2011-06-30": "0.32300", "2011-03-31": "0.32760", "2010-12-31": "0.36330", "2010-09-30": "0.38260", "2010-06-30": "0.39670", "2010-03-31": "0.38930", "2009-12-31": "0.39820", "2009-09-30": "0.40730", "2009-06-30": "0.36010", "2009-03-31": "0.36320", "2008-12-31": "0.35850", "2008-09-30": "0.34880", "2008-06-30": "0.32280", "2008-03-31": "0.32470", "2007-12-31": "0.33630", "2007-09-30": "0.18880", "2007-06-30": "0.17230", "2007-03-31": "0.15760", "2006-12-31": "0.27380", "2006-09-30": "0.28060", "2006-06-30": "0.31290", "2006-03-31": "0.30830", "2005-12-31": "0.32060", "2005-09-30": "0.31210", "2005-06-30": "0.28440", "2005-03-31": "0.27350"}, "Debt/Equity Ratio": {"2020-12-31": "1.13720", "2020-09-30": "1.48450", "2020-06-30": "2.20110", "2020-03-31": "2.18750", "2019-12-31": "2.19730", "2019-09-30": "5.58360", "2019-06-30": "1.93730", "2019-03-31": "1.66960", "2018-12-31": "1.46490", "2018-09-30": "1.09810", "2018-06-30": "0.85020", "2018-03-31": "0.79000", "2017-12-31": "0.96430", "2017-09-30": "0.69220", "2017-06-30": "0.84580", "2017-03-31": "0.84780", "2016-12-31": "0.92670", "2016-09-30": "0.98730", "2016-06-30": "0.88430", "2016-03-31": "0.80830", "2015-12-31": "0.73950", "2015-09-30": "0.66510", "2015-06-30": "0.58380", "2015-03-31": "0.58660", "2014-12-31": "0.55020", "2014-09-30": "0.46100", "2014-06-30": "0.43550", "2014-03-31": "0.45370", "2013-12-31": "0.43010", "2013-09-30": "0.41930", "2013-06-30": "0.56040", "2013-03-31": "0.56470", "2012-12-31": "0.58850", "2012-09-30": "0.57350", "2012-06-30": "0.61120", "2012-03-31": "0.57320", "2011-12-31": "0.67660", "2011-09-30": "0.51770", "2011-06-30": "0.47700", "2011-03-31": "0.48730", "2010-12-31": "0.57050", "2010-09-30": "0.61960", "2010-06-30": "0.65760", "2010-03-31": "0.63750", "2009-12-31": "0.66170", "2009-09-30": "0.68730", "2009-06-30": "0.56290", "2009-03-31": "0.61770", "2008-12-31": "0.66690", "2008-09-30": "0.59480", "2008-06-30": "0.65290", "2008-03-31": "0.65100", "2007-12-31": "0.70290", "2007-09-30": "0.53200", "2007-06-30": "0.40970", "2007-03-31": "0.34700", "2006-12-31": "0.64510", "2006-09-30": "0.50420", "2006-06-30": "0.54840", "2006-03-31": "0.50650", "2005-12-31": "0.53710", "2005-09-30": "0.45440", "2005-06-30": "0.39750", "2005-03-31": "0.37650"}, "Gross Margin": {"2020-12-31": "41.30200", "2020-09-30": "40.71980", "2020-06-30": "39.75610", "2020-03-31": "41.56310", "2019-12-31": "41.72750", "2019-09-30": "41.78130", "2019-06-30": "43.85920", "2019-03-31": "42.73470", "2018-12-31": "44.97960", "2018-09-30": "42.56140", "2018-06-30": "43.83940", "2018-03-31": "42.62960", "2017-12-31": "44.13210", "2017-09-30": "41.46330", "2017-06-30": "42.37740", "2017-03-31": "42.23770", "2016-12-31": "43.09870", "2016-09-30": "42.36970", "2016-06-30": "41.84530", "2016-03-31": "41.24840", "2015-12-31": "42.94830", "2015-09-30": "41.31880", "2015-06-30": "43.05490", "2015-03-31": "43.40990", "2014-12-31": "43.66740", "2014-09-30": "42.25500", "2014-06-30": "41.31560", "2014-03-31": "40.97470", "2013-12-31": "41.69760", "2013-09-30": "40.63650", "2013-06-30": "40.19830", "2013-03-31": "40.47810", "2012-12-31": "40.78030", "2012-09-30": "39.31490", "2012-06-30": "40.47040", "2012-03-31": "39.60670", "2011-12-31": "41.97710", "2011-09-30": "40.08950", "2011-06-30": "40.02110", "2011-03-31": "39.37570", "2010-12-31": "39.82280", "2010-09-30": "39.00070", "2010-06-30": "40.00470", "2010-03-31": "40.62690", "2009-12-31": "39.98130", "2009-09-30": "34.00040", "2009-06-30": "36.62450", "2009-03-31": "34.36350", "2008-12-31": "39.55600", "2008-09-30": "39.63490", "2008-06-30": "41.05760", "2008-03-31": "40.61570", "2007-12-31": "43.20900", "2007-09-30": "41.88980", "2007-06-30": "43.03450", "2007-03-31": "39.32860", "2006-12-31": "43.40920", "2006-09-30": "40.89620", "2006-06-30": "41.52090", "2006-03-31": "42.45320", "2005-12-31": "42.00240", "2005-09-30": "62.57050", "2005-06-30": "38.03270", "2005-03-31": "37.41790"}, "Operating Margin": {"2020-12-31": "44.76460", "2020-09-30": "19.08280", "2020-06-30": "23.99570", "2020-03-31": "9.95660", "2019-12-31": "19.86350", "2019-09-30": "3.25970", "2019-06-30": "19.30210", "2019-03-31": "24.28190", "2018-12-31": "7.35550", "2018-09-30": "27.85200", "2018-06-30": "14.81720", "2018-03-31": "18.14440", "2017-12-31": "18.76970", "2017-09-30": "16.40180", "2017-06-30": "17.25860", "2017-03-31": "14.81700", "2016-12-31": "17.28510", "2016-09-30": "15.39710", "2016-06-30": "17.11670", "2016-03-31": "15.06630", "2015-12-31": "16.60590", "2015-09-30": "17.34990", "2015-06-30": "18.06750", "2015-03-31": "17.82950", "2014-12-31": "18.26090", "2014-09-30": "19.02570", "2014-06-30": "16.61110", "2014-03-31": "15.52020", "2013-12-31": "17.13890", "2013-09-30": "16.27330", "2013-06-30": "15.84780", "2013-03-31": "14.91330", "2012-12-31": "14.58500", "2012-09-30": "15.31850", "2012-06-30": "15.68830", "2012-03-31": "14.30400", "2011-12-31": "16.48010", "2011-09-30": "15.48090", "2011-06-30": "14.58910", "2011-03-31": "13.90620", "2010-12-31": "13.66970", "2010-09-30": "11.62940", "2010-06-30": "12.26250", "2010-03-31": "11.47270", "2009-12-31": "9.11480", "2009-09-30": "2.68060", "2009-06-30": "4.96640", "2009-03-31": "5.23580", "2008-12-31": "11.73060", "2008-09-30": "11.90460", "2008-06-30": "14.47460", "2008-03-31": "14.19740", "2007-12-31": "16.44270", "2007-09-30": "16.86970", "2007-06-30": "17.73390", "2007-03-31": "11.88560", "2006-12-31": "16.30460", "2006-09-30": "17.34510", "2006-06-30": "15.20010", "2006-03-31": "15.71810", "2005-12-31": "16.30360", "2005-09-30": "17.70010", "2005-06-30": "15.11820", "2005-03-31": "14.82270"}, "EBIT Margin": {"2020-12-31": "46.20840", "2020-09-30": "20.75160", "2020-06-30": "25.81780", "2020-03-31": "11.47330", "2019-12-31": "21.43070", "2019-09-30": "4.82030", "2019-06-30": "20.91170", "2019-03-31": "25.71210", "2018-12-31": "8.61600", "2018-09-30": "28.96210", "2018-06-30": "15.78850", "2018-03-31": "19.19210", "2017-12-31": "20.03030", "2017-09-30": "17.57120", "2017-06-30": "18.45300", "2017-03-31": "16.03290", "2016-12-31": "18.53990", "2016-09-30": "16.58000", "2016-06-30": "18.34460", "2016-03-31": "16.28830", "2015-12-31": "17.82560", "2015-09-30": "18.38880", "2015-06-30": "19.10870", "2015-03-31": "18.84190", "2014-12-31": "19.20730", "2014-09-30": "19.86760", "2014-06-30": "17.48410", "2014-03-31": "16.45740", "2013-12-31": "18.07500", "2013-09-30": "17.14170", "2013-06-30": "16.78980", "2013-03-31": "15.91810", "2012-12-31": "15.61910", "2012-09-30": "16.21390", "2012-06-30": "16.66240", "2012-03-31": "15.26490", "2011-12-31": "17.49780", "2011-09-30": "16.36340", "2011-06-30": "15.55860", "2011-03-31": "14.95800", "2010-12-31": "14.75330", "2010-09-30": "12.74960", "2010-06-30": "13.42960", "2010-03-31": "12.76940", "2009-12-31": "10.55740", "2009-09-30": "4.09530", "2009-06-30": "6.48990", "2009-03-31": "6.68180", "2008-12-31": "12.99190", "2008-09-30": "12.98930", "2008-06-30": "15.60000", "2008-03-31": "15.44150", "2007-12-31": "17.79410", "2007-09-30": "17.95690", "2007-06-30": "18.81150", "2007-03-31": "13.23660", "2006-12-31": "17.90980", "2006-09-30": "18.66000", "2006-06-30": "16.37790", "2006-03-31": "16.96700", "2005-12-31": "17.52830", "2005-09-30": "20.29310", "2005-06-30": "16.04330", "2005-03-31": "15.76660"}, "EBITDA Margin": {"2020-12-31": "", "2020-09-30": "", "2020-06-30": "", "2020-03-31": "", "2019-12-31": "", "2019-09-30": "", "2019-06-30": "", "2019-03-31": "", "2018-12-31": "", "2018-09-30": "", "2018-06-30": "", "2018-03-31": "", "2017-12-31": "", "2017-09-30": "", "2017-06-30": "", "2017-03-31": "", "2016-12-31": "", "2016-09-30": "", "2016-06-30": "", "2016-03-31": "", "2015-12-31": "", "2015-09-30": "", "2015-06-30": "", "2015-03-31": "", "2014-12-31": "", "2014-09-30": "", "2014-06-30": "", "2014-03-31": "", "2013-12-31": "", "2013-09-30": "", "2013-06-30": "", "2013-03-31": "", "2012-12-31": "", "2012-09-30": "", "2012-06-30": "", "2012-03-31": "", "2011-12-31": "", "2011-09-30": "", "2011-06-30": "", "2011-03-31": "", "2010-12-31": "", "2010-09-30": "", "2010-06-30": "", "2010-03-31": "", "2009-12-31": "", "2009-09-30": "", "2009-06-30": "", "2009-03-31": "", "2008-12-31": "", "2008-09-30": "", "2008-06-30": "", "2008-03-31": "", "2007-12-31": "", "2007-09-30": "", "2007-06-30": "", "2007-03-31": "", "2006-12-31": "", "2006-09-30": "", "2006-06-30": "", "2006-03-31": "", "2005-12-31": "", "2005-09-30": "", "2005-06-30": "", "2005-03-31": ""}, "Pre-Tax Profit Margin": {"2020-12-31": "44.76460", "2020-09-30": "19.08280", "2020-06-30": "23.99570", "2020-03-31": "9.95660", "2019-12-31": "19.86350", "2019-09-30": "3.25970", "2019-06-30": "19.30220", "2019-03-31": "24.28190", "2018-12-31": "7.35550", "2018-09-30": "27.85200", "2018-06-30": "14.81720", "2018-03-31": "18.14440", "2017-12-31": "18.76970", "2017-09-30": "16.40180", "2017-06-30": "17.25860", "2017-03-31": "14.81700", "2016-12-31": "17.28510", "2016-09-30": "15.39710", "2016-06-30": "17.11670", "2016-03-31": "15.06630", "2015-12-31": "16.60590", "2015-09-30": "17.34990", "2015-06-30": "18.06760", "2015-03-31": "17.82950", "2014-12-31": "18.26090", "2014-09-30": "19.02570", "2014-06-30": "16.61110", "2014-03-31": "15.52020", "2013-12-31": "17.13890", "2013-09-30": "16.27320", "2013-06-30": "15.84780", "2013-03-31": "14.91330", "2012-12-31": "14.58500", "2012-09-30": "15.31850", "2012-06-30": "15.68830", "2012-03-31": "14.30400", "2011-12-31": "16.48010", "2011-09-30": "15.48090", "2011-06-30": "14.58910", "2011-03-31": "13.90620", "2010-12-31": "13.66960", "2010-09-30": "11.62950", "2010-06-30": "12.26240", "2010-03-31": "11.47270", "2009-12-31": "9.11480", "2009-09-30": "2.68060", "2009-06-30": "4.96640", "2009-03-31": "5.23580", "2008-12-31": "11.73060", "2008-09-30": "11.90460", "2008-06-30": "14.47460", "2008-03-31": "14.19740", "2007-12-31": "16.44270", "2007-09-30": "16.86980", "2007-06-30": "17.73390", "2007-03-31": "11.88560", "2006-12-31": "16.30460", "2006-09-30": "17.34510", "2006-06-30": "15.20010", "2006-03-31": "15.71810", "2005-12-31": "16.30360", "2005-09-30": "17.70010", "2005-06-30": "15.11820", "2005-03-31": "14.82270"}, "Net Profit Margin": {"2020-12-31": "37.90330", "2020-09-30": "16.73250", "2020-06-30": "22.79770", "2020-03-31": "7.86300", "2019-12-31": "18.44460", "2019-09-30": "0.46820", "2019-06-30": "15.69880", "2019-03-31": "20.87860", "2018-12-31": "4.88950", "2018-09-30": "19.98840", "2018-06-30": "11.69130", "2018-03-31": "13.77180", "2017-12-31": "-14.88720", "2017-09-30": "12.29390", "2017-06-30": "13.56300", "2017-03-31": "12.17910", "2016-12-31": "14.39310", "2016-09-30": "12.07590", "2016-06-30": "12.94440", "2016-03-31": "11.65040", "2015-12-31": "12.98890", "2015-09-30": "12.57230", "2015-06-30": "13.06500", "2015-03-31": "13.27060", "2014-12-31": "13.58610", "2014-09-30": "13.98590", "2014-06-30": "12.08850", "2014-03-31": "11.25270", "2013-12-31": "12.44580", "2013-09-30": "12.51380", "2013-06-30": "12.54160", "2013-03-31": "11.53140", "2012-12-31": "10.82460", "2012-09-30": "11.79090", "2012-06-30": "12.20200", "2012-03-31": "10.72960", "2011-12-31": "12.40930", "2011-09-30": "12.21670", "2011-06-30": "11.81900", "2011-03-31": "11.36530", "2010-12-31": "10.98990", "2010-09-30": "9.59540", "2010-06-30": "9.41570", "2010-03-31": "11.76470", "2009-12-31": "7.17560", "2009-09-30": "2.68990", "2009-06-30": "3.24500", "2009-03-31": "3.83710", "2008-12-31": "9.95630", "2008-09-30": "8.46190", "2008-06-30": "10.34580", "2008-03-31": "10.15210", "2007-12-31": "11.75760", "2007-09-30": "12.05400", "2007-06-30": "12.82210", "2007-03-31": "60.44760", "2006-12-31": "37.43350", "2006-09-30": "13.88610", "2006-06-30": "12.71660", "2006-03-31": "13.06870", "2005-12-31": "13.62060", "2005-09-30": "29.15450", "2005-06-30": "10.06560", "2005-03-31": "12.31120"}, "Asset Turnover": {"2020-12-31": "0.19160", "2020-09-30": "0.21610", "2020-06-30": "0.19020", "2020-03-31": "0.25220", "2019-12-31": "0.23700", "2019-09-30": "0.28300", "2019-06-30": "0.27040", "2019-03-31": "0.26500", "2018-12-31": "0.27670", "2018-09-30": "0.27620", "2018-06-30": "0.29100", "2018-03-31": "0.25350", "2017-12-31": "0.22160", "2017-09-30": "0.23280", "2017-06-30": "0.22160", "2017-03-31": "0.22000", "2016-12-31": "0.21010", "2016-09-30": "0.21670", "2016-06-30": "0.21500", "2016-03-31": "0.22020", "2015-12-31": "0.22220", "2015-09-30": "0.25100", "2015-06-30": "0.24590", "2015-03-31": "0.24690", "2014-12-31": "0.25390", "2014-09-30": "0.28630", "2014-06-30": "0.26840", "2014-03-31": "0.25990", "2013-12-31": "0.26790", "2013-09-30": "0.29360", "2013-06-30": "0.28140", "2013-03-31": "0.26620", "2012-12-31": "0.26080", "2012-09-30": "0.29520", "2012-06-30": "0.28990", "2012-03-31": "0.28730", "2011-12-31": "0.27920", "2011-09-30": "0.31300", "2011-06-30": "0.28460", "2011-03-31": "0.28650", "2010-12-31": "0.28580", "2010-09-30": "0.28580", "2010-06-30": "0.27480", "2010-03-31": "0.25640", "2009-12-31": "0.24270", "2009-09-30": "0.24950", "2009-06-30": "0.24270", "2009-03-31": "0.25340", "2008-12-31": "0.27030", "2008-09-30": "0.32310", "2008-06-30": "0.28860", "2008-03-31": "0.28250", "2007-12-31": "0.26960", "2007-09-30": "0.30150", "2007-06-30": "0.27920", "2007-03-31": "0.25050", "2006-12-31": "0.22650", "2006-09-30": "0.25210", "2006-06-30": "0.24340", "2006-03-31": "0.23520", "2005-12-31": "0.23160", "2005-09-30": "0.09800", "2005-06-30": "0.29850", "2005-03-31": "0.28310"}, "Inventory Turnover Ratio": {"2020-12-31": "1.43430", "2020-09-30": "1.59370", "2020-06-30": "1.24450", "2020-03-31": "1.56200", "2019-12-31": "1.56980", "2019-09-30": "1.74970", "2019-06-30": "1.42430", "2019-03-31": "1.42620", "2018-12-31": "1.44070", "2018-09-30": "1.70800", "2018-06-30": "1.67280", "2018-03-31": "1.66080", "2017-12-31": "1.55290", "2017-09-30": "1.74710", "2017-06-30": "1.57390", "2017-03-31": "1.65280", "2016-12-31": "1.56540", "2016-09-30": "1.68380", "2016-06-30": "1.54090", "2016-03-31": "1.48530", "2015-12-31": "1.44770", "2015-09-30": "1.76120", "2015-06-30": "1.49650", "2015-03-31": "1.47350", "2014-12-31": "1.49440", "2014-09-30": "1.74860", "2014-06-30": "1.47700", "2014-03-31": "1.41530", "2013-12-31": "1.43740", "2013-09-30": "1.65500", "2013-06-30": "1.56910", "2013-03-31": "1.41630", "2012-12-31": "1.36390", "2012-09-30": "1.63130", "2012-06-30": "1.46330", "2012-03-31": "1.41970", "2011-12-31": "1.26270", "2011-09-30": "1.54450", "2011-06-30": "1.31700", "2011-03-31": "1.42720", "2010-12-31": "1.34170", "2010-09-30": "1.37200", "2010-06-30": "1.31970", "2010-03-31": "1.31820", "2009-12-31": "1.36700", "2009-09-30": "1.62490", "2009-06-30": "1.39170", "2009-03-31": "1.31460", "2008-12-31": "1.19700", "2008-09-30": "1.55690", "2008-06-30": "1.44370", "2008-03-31": "1.40930", "2007-12-31": "1.36390", "2007-09-30": "1.57800", "2007-06-30": "1.54460", "2007-03-31": "1.61230", "2006-12-31": "1.43870", "2006-09-30": "1.71490", "2006-06-30": "1.11560", "2006-03-31": "1.06420", "2005-12-31": "1.04150", "2005-09-30": "0.29130", "2005-06-30": "1.31710", "2005-03-31": "1.23040"}, "Receiveable Turnover": {"2020-12-31": "1.13510", "2020-09-30": "1.25690", "2020-06-30": "1.15960", "2020-03-31": "1.29220", "2019-12-31": "1.29770", "2019-09-30": "1.46790", "2019-06-30": "1.36190", "2019-03-31": "1.33170", "2018-12-31": "1.38160", "2018-09-30": "1.45320", "2018-06-30": "1.47800", "2018-03-31": "1.41970", "2017-12-31": "1.37980", "2017-09-30": "1.46850", "2017-06-30": "1.43830", "2017-03-31": "1.43570", "2016-12-31": "1.43780", "2016-09-30": "1.42600", "2016-06-30": "1.44160", "2016-03-31": "1.40110", "2015-12-31": "1.40440", "2015-09-30": "1.54420", "2015-06-30": "1.45270", "2015-03-31": "1.46260", "2014-12-31": "1.42260", "2014-09-30": "1.46550", "2014-06-30": "1.40050", "2014-03-31": "1.32890", "2013-12-31": "1.36110", "2013-09-30": "1.44650", "2013-06-30": "1.40610", "2013-03-31": "1.33680", "2012-12-31": "1.32290", "2012-09-30": "1.40150", "2012-06-30": "1.36990", "2012-03-31": "1.35750", "2011-12-31": "1.41070", "2011-09-30": "1.55570", "2011-06-30": "1.45040", "2011-03-31": "1.45580", "2010-12-31": "1.43630", "2010-09-30": "1.57960", "2010-06-30": "1.53450", "2010-03-31": "1.47070", "2009-12-31": "1.38760", "2009-09-30": "1.47930", "2009-06-30": "1.36470", "2009-03-31": "1.41440", "2008-12-31": "1.44320", "2008-09-30": "1.54630", "2008-06-30": "1.48940", "2008-03-31": "1.43470", "2007-12-31": "1.42070", "2007-09-30": "1.47730", "2007-06-30": "1.45040", "2007-03-31": "1.42330", "2006-12-31": "1.45410", "2006-09-30": "1.60570", "2006-06-30": "1.35000", "2006-03-31": "1.31960", "2005-12-31": "1.34770", "2005-09-30": "0.55470", "2005-06-30": "1.67270", "2005-03-31": "1.58730"}, "Days Sales In Receivables": {"2020-12-31": "79.28830", "2020-09-30": "71.60450", "2020-06-30": "77.61050", "2020-03-31": "69.64790", "2019-12-31": "69.35530", "2019-09-30": "61.31260", "2019-06-30": "66.08250", "2019-03-31": "67.58150", "2018-12-31": "65.14220", "2018-09-30": "61.93060", "2018-06-30": "60.89190", "2018-03-31": "63.39570", "2017-12-31": "65.22820", "2017-09-30": "61.28640", "2017-06-30": "62.57570", "2017-03-31": "62.68670", "2016-12-31": "62.59480", "2016-09-30": "63.11580", "2016-06-30": "62.43220", "2016-03-31": "64.23660", "2015-12-31": "64.08380", "2015-09-30": "58.28300", "2015-06-30": "61.95210", "2015-03-31": "61.53410", "2014-12-31": "63.26410", "2014-09-30": "61.41090", "2014-06-30": "64.26310", "2014-03-31": "67.72630", "2013-12-31": "66.12180", "2013-09-30": "62.21890", "2013-06-30": "64.00630", "2013-03-31": "67.32270", "2012-12-31": "68.03180", "2012-09-30": "64.21700", "2012-06-30": "65.70050", "2012-03-31": "66.29940", "2011-12-31": "63.79810", "2011-09-30": "57.85290", "2011-06-30": "62.05380", "2011-03-31": "61.82160", "2010-12-31": "62.66000", "2010-09-30": "56.97550", "2010-06-30": "58.65150", "2010-03-31": "61.19540", "2009-12-31": "64.85900", "2009-09-30": "60.84050", "2009-06-30": "65.95070", "2009-03-31": "63.63200", "2008-12-31": "62.36130", "2008-09-30": "58.20320", "2008-06-30": "60.42510", "2008-03-31": "62.73000", "2007-12-31": "63.34940", "2007-09-30": "60.92160", "2007-06-30": "62.04980", "2007-03-31": "63.23500", "2006-12-31": "61.89220", "2006-09-30": "56.05030", "2006-06-30": "66.66470", "2006-03-31": "68.20250", "2005-12-31": "66.77850", "2005-09-30": "162.26380", "2005-06-30": "53.80640", "2005-03-31": "56.70060"}, "ROE - Return On Equity": {"2020-12-31": "31.50820", "2020-09-30": "19.57980", "2020-06-30": "28.84950", "2020-03-31": "13.85010", "2019-12-31": "30.42930", "2019-09-30": "2.00400", "2019-06-30": "22.60270", "2019-03-31": "25.89240", "2018-12-31": "6.30150", "2018-09-30": "21.38490", "2018-06-30": "13.75160", "2018-03-31": "11.67830", "2017-12-31": "-10.96370", "2017-09-30": "7.68130", "2017-06-30": "9.95870", "2017-03-31": "8.62230", "2016-12-31": "10.47470", "2016-09-30": "9.30610", "2016-06-30": "9.00390", "2016-03-31": "7.58260", "2015-12-31": "8.29420", "2015-09-30": "8.91970", "2015-06-30": "8.06340", "2015-03-31": "8.02650", "2014-12-31": "8.33760", "2014-09-30": "9.35630", "2014-06-30": "7.33680", "2014-03-31": "6.55590", "2013-12-31": "7.37030", "2013-09-30": "8.32720", "2013-06-30": "10.14540", "2013-03-31": "8.70580", "2012-12-31": "8.20210", "2012-09-30": "10.54170", "2012-06-30": "9.91940", "2012-03-31": "8.26360", "2011-12-31": "9.88250", "2011-09-30": "11.54460", "2011-06-30": "9.42490", "2011-03-31": "8.96120", "2010-12-31": "9.46350", "2010-09-30": "8.99070", "2010-06-30": "8.67730", "2010-03-31": "7.88420", "2009-12-31": "5.68960", "2009-09-30": "2.19540", "2009-06-30": "2.04040", "2009-03-31": "2.55970", "2008-12-31": "7.14110", "2008-09-30": "7.43720", "2008-06-30": "8.04600", "2008-03-31": "7.59330", "2007-12-31": "8.77900", "2007-09-30": "9.39870", "2007-06-30": "8.52240", "2007-03-31": "4.90180", "2006-12-31": "6.58350", "2006-09-30": "8.17430", "2006-06-30": "7.54190", "2006-03-31": "7.48400", "2005-12-31": "7.82540", "2005-09-30": "3.38370", "2005-06-30": "6.72940", "2005-03-31": "7.16440"}, "Return On Tangible Equity": {"2020-12-31": "-103.81570", "2020-09-30": "-33.68680", "2020-06-30": "-30.42810", "2020-03-31": "-15.15050", "2019-12-31": "-39.37090", "2019-09-30": "-0.94080", "2019-06-30": "-207.95530", "2019-03-31": "819.89910", "2018-12-31": "4015.24500", "2018-09-30": "105.84460", "2018-06-30": "138.68700", "2018-03-31": "37.15690", "2017-12-31": "-28.14620", "2017-09-30": "15.17920", "2017-06-30": "24.74900", "2017-03-31": "21.16610", "2016-12-31": "28.57710", "2016-09-30": "28.02240", "2016-06-30": "21.41740", "2016-03-31": "17.24670", "2015-12-31": "18.63200", "2015-09-30": "20.16020", "2015-06-30": "16.20920", "2015-03-31": "15.95660", "2014-12-31": "16.83830", "2014-09-30": "18.26930", "2014-06-30": "14.22570", "2014-03-31": "12.53910", "2013-12-31": "14.20890", "2013-09-30": "15.95170", "2013-06-30": "25.83710", "2013-03-31": "21.85640", "2012-12-31": "22.24060", "2012-09-30": "28.15120", "2012-06-30": "24.48640", "2012-03-31": "19.46860", "2011-12-31": "26.18950", "2011-09-30": "34.94980", "2011-06-30": "25.40860", "2011-03-31": "23.09190", "2010-12-31": "32.10010", "2010-09-30": "39.71570", "2010-06-30": "42.68860", "2010-03-31": "35.87690", "2009-12-31": "34.03330", "2009-09-30": "16.77310", "2009-06-30": "6.97430", "2009-03-31": "8.49910", "2008-12-31": "22.20090", "2008-09-30": "24.01530", "2008-06-30": "22.21900", "2008-03-31": "20.20090", "2007-12-31": "24.95220", "2007-09-30": "25.55780", "2007-06-30": "15.26200", "2007-03-31": "8.14450", "2006-12-31": "11.25050", "2006-09-30": "14.27660", "2006-06-30": "26.05580", "2006-03-31": "23.96630", "2005-12-31": "28.02530", "2005-09-30": "10.52430", "2005-06-30": "16.64490", "2005-03-31": "16.76670"}, "ROA - Return On Assets": {"2020-12-31": "7.22560", "2020-09-30": "3.62990", "2020-06-30": "4.28680", "2020-03-31": "1.94870", "2019-12-31": "4.43730", "2019-09-30": "0.13250", "2019-06-30": "4.24430", "2019-03-31": "5.53230", "2018-12-31": "1.35290", "2018-09-30": "5.52380", "2018-06-30": "3.40210", "2018-03-31": "3.49120", "2017-12-31": "-3.30230", "2017-09-30": "2.85690", "2017-06-30": "3.00600", "2017-03-31": "2.68220", "2016-12-31": "3.02640", "2016-09-30": "2.60800", "2016-06-30": "2.78600", "2016-03-31": "2.56900", "2015-12-31": "2.88950", "2015-09-30": "3.14300", "2015-06-30": "3.21700", "2015-03-31": "3.28020", "2014-12-31": "3.45370", "2014-09-30": "3.99560", "2014-06-30": "3.24970", "2014-03-31": "2.92790", "2013-12-31": "3.33460", "2013-09-30": "3.68370", "2013-06-30": "3.52950", "2013-03-31": "3.07520", "2012-12-31": "2.82610", "2012-09-30": "3.46310", "2012-06-30": "3.54300", "2012-03-31": "3.08760", "2011-12-31": "3.47220", "2011-09-30": "3.81840", "2011-06-30": "3.35600", "2011-03-31": "3.25570", "2010-12-31": "3.14090", "2010-09-30": "2.76520", "2010-06-30": "2.58750", "2010-03-31": "2.46360", "2009-12-31": "1.76870", "2009-09-30": "0.67120", "2009-06-30": "0.78770", "2009-03-31": "0.97230", "2008-12-31": "2.62770", "2008-09-30": "2.73420", "2008-06-30": "2.98550", "2008-03-31": "2.86780", "2007-12-31": "3.16940", "2007-09-30": "3.60330", "2007-06-30": "3.65170", "2007-03-31": "2.22340", "2006-12-31": "2.58620", "2006-09-30": "3.31120", "2006-06-30": "2.56320", "2006-03-31": "2.62640", "2005-12-31": "2.68230", "2005-09-30": "1.23310", "2005-06-30": "3.00440", "2005-03-31": "3.31140"}, "ROI - Return On Investment": {"2020-12-31": "15.31880", "2020-09-30": "7.93920", "2020-06-30": "10.25620", "2020-03-31": "4.46680", "2019-12-31": "10.55030", "2019-09-30": "0.34310", "2019-06-30": "8.43880", "2019-03-31": "10.58530", "2018-12-31": "3.19960", "2018-09-30": "12.16800", "2018-06-30": "7.43460", "2018-03-31": "7.15770", "2017-12-31": "-6.96220", "2017-09-30": "5.23680", "2017-06-30": "6.33880", "2017-03-31": "5.51220", "2016-12-31": "6.52460", "2016-09-30": "5.28180", "2016-06-30": "5.24280", "2016-03-31": "4.50550", "2015-12-31": "4.97400", "2015-09-30": "5.35700", "2015-06-30": "5.09120", "2015-03-31": "5.05910", "2014-12-31": "6.16460", "2014-09-30": "6.98890", "2014-06-30": "5.50550", "2014-03-31": "4.93220", "2013-12-31": "5.51370", "2013-09-30": "6.16800", "2013-06-30": "6.99300", "2013-03-31": "6.01260", "2012-12-31": "5.61820", "2012-09-30": "7.08090", "2012-06-30": "6.74450", "2012-03-31": "5.71600", "2011-12-31": "6.64180", "2011-09-30": "7.60650", "2011-06-30": "6.38090", "2011-03-31": "6.02510", "2010-12-31": "6.02570", "2010-09-30": "5.55110", "2010-06-30": "5.23500", "2010-03-31": "4.81480", "2009-12-31": "3.42400", "2009-09-30": "1.30120", "2009-06-30": "1.30560", "2009-03-31": "1.63000", "2008-12-31": "4.58130", "2008-09-30": "4.84340", "2008-06-30": "5.44840", "2008-03-31": "5.12800", "2007-12-31": "5.82650", "2007-09-30": "7.62390", "2007-06-30": "7.05440", "2007-03-31": "4.12910", "2006-12-31": "4.78120", "2006-09-30": "5.88060", "2006-06-30": "5.18200", "2006-03-31": "5.17630", "2005-12-31": "5.31650", "2005-09-30": "2.32760", "2005-06-30": "4.81560", "2005-03-31": "5.20510"}, "Book Value Per Share": {"2020-12-31": "16.12570", "2020-09-30": "11.59040", "2020-06-30": "9.38880", "2020-03-31": "8.09930", "2019-12-31": "8.92000", "2019-09-30": "3.49350", "2019-06-30": "9.88460", "2019-03-31": "11.28630", "2018-12-31": "10.65470", "2018-09-30": "13.35670", "2018-06-30": "11.72240", "2018-03-31": "15.50320", "2017-12-31": "16.87170", "2017-09-30": "20.74460", "2017-06-30": "16.96260", "2017-03-31": "17.06370", "2016-12-31": "15.93860", "2016-09-30": "15.48720", "2016-06-30": "16.39340", "2016-03-31": "17.00380", "2015-12-31": "17.02060", "2015-09-30": "17.04530", "2015-06-30": "19.05960", "2015-03-31": "19.06760", "2014-12-31": "18.96020", "2014-09-30": "19.44480", "2014-06-30": "19.73820", "2014-03-31": "19.85700", "2013-12-31": "19.36460", "2013-09-30": "18.61410", "2013-06-30": "14.47590", "2013-03-31": "14.46310", "2012-12-31": "14.07580", "2012-09-30": "13.24540", "2012-06-30": "13.61540", "2012-03-31": "14.22990", "2011-12-31": "13.02530", "2011-09-30": "12.31850", "2011-06-30": "13.24790", "2011-03-31": "12.86830", "2010-12-31": "11.13830", "2010-09-30": "10.30630", "2010-06-30": "9.69700", "2010-03-31": "9.95300", "2009-12-31": "9.58910", "2009-09-30": "9.26390", "2009-06-30": "11.32040", "2009-03-31": "11.18550", "2008-12-31": "11.41610", "2008-09-30": "11.79330", "2008-06-30": "13.02610", "2008-03-31": "12.81060", "2007-12-31": "12.02020", "2007-09-30": "11.66530", "2007-06-30": "12.87940", "2007-03-31": "13.84600", "2006-12-31": "11.99940", "2006-09-30": "11.23070", "2006-06-30": "9.30190", "2006-03-31": "9.42480", "2005-12-31": "8.93510", "2005-09-30": "9.17700", "2005-06-30": "10.41690", "2005-03-31": "10.80980"}, "Operating Cash Flow Per Share": {"2020-12-31": "2.95900", "2020-09-30": 2.7825, "2020-06-30": 2.9808, "2020-03-31": 1.8645, "2019-12-31": "1.98200", "2019-09-30": 3.9466, "2019-06-30": 2.9962, "2019-03-31": 1.2201, "2018-12-31": "1.74490", "2018-09-30": 2.7944, "2018-06-30": 2.8266, "2018-03-31": 2.9642, "2017-12-31": "1.65910", "2017-09-30": 0.823, "2017-06-30": 2.4417, "2017-03-31": 2.299, "2016-12-31": "2.39630", "2016-09-30": 2.063, "2016-06-30": 2.1217, "2016-03-31": 1.6474, "2015-12-31": "1.39370", "2015-09-30": 2.5554, "2015-06-30": 2.1279, "2015-03-31": 2.11, "2014-12-31": "1.95910", "2014-09-30": 2.3293, "2014-06-30": 2.1693, "2014-03-31": 1.4486, "2013-12-31": "1.44940", "2013-09-30": 2.4744, "2013-06-30": 2.1193, "2013-03-31": 1.4238, "2012-12-31": "1.18480", "2012-09-30": 2.722, "2012-06-30": 1.8442, "2012-03-31": 1.7591, "2011-12-31": "-1.31340", "2011-09-30": 1.2632, "2011-06-30": 1.5446, "2011-03-31": 1.5382, "2010-12-31": "0.08720", "2010-09-30": 0.4271, "2010-06-30": 0.9405, "2010-03-31": 1.2321, "2009-12-31": "0.83090", "2009-09-30": 0.8252, "2009-06-30": 1.3313, "2009-03-31": 1.1967, "2008-12-31": "0.34340", "2008-09-30": 1.6509, "2008-06-30": 1.3021, "2008-03-31": 0.4045, "2007-12-31": "0.67220", "2007-09-30": 1.0717, "2007-06-30": 0.4281, "2007-03-31": 0.6872, "2006-12-31": "0.57290", "2006-09-30": 1.3805, "2006-06-30": 0.8823, "2006-03-31": 0.6954, "2005-12-31": "-1.21670", "2005-09-30": 0.4317, "2005-06-30": 0.992, "2005-03-31": 1.5053}, "Free Cash Flow Per Share": {"2020-12-31": "2.72840", "2020-09-30": 2.5958, "2020-06-30": 2.7901, "2020-03-31": 1.7084, "2019-12-31": "1.66640", "2019-09-30": 3.7599, "2019-06-30": 2.7542, "2019-03-31": 0.9183, "2018-12-31": "1.40000", "2018-09-30": 2.4302, "2018-06-30": 2.64, "2018-03-31": 2.7944, "2017-12-31": "1.39470", "2017-09-30": 0.485, "2017-06-30": 2.2115, "2017-03-31": 2.0863, "2016-12-31": "2.09480", "2016-09-30": 1.7782, "2016-06-30": 1.9169, "2016-03-31": 1.55, "2015-12-31": "1.09200", "2015-09-30": 2.2644, "2015-06-30": 1.9537, "2015-03-31": 1.9765, "2014-12-31": "1.66760", "2014-09-30": 2.0112, "2014-06-30": 1.8953, "2014-03-31": 1.2863, "2013-12-31": "1.19730", "2013-09-30": 2.0571, "2013-06-30": 1.889, "2013-03-31": 1.1888, "2012-12-31": "1.03330", "2012-09-30": 2.4112, "2012-06-30": 1.6156, "2012-03-31": 1.5502, "2011-12-31": "-1.52050", "2011-09-30": 0.9627, "2011-06-30": 1.3183, "2011-03-31": 1.3851, "2010-12-31": "-0.02490", "2010-09-30": 0.1535, "2010-06-30": 0.776, "2010-03-31": 1.146, "2009-12-31": "0.73700", "2009-09-30": 0.6521, "2009-06-30": 1.1794, "2009-03-31": 1.079, "2008-12-31": "0.15970", "2008-09-30": 1.3308, "2008-06-30": 1.0131, "2008-03-31": 0.2202, "2007-12-31": "0.49800", "2007-09-30": 0.4953, "2007-06-30": 0.7245, "2007-03-31": 11.1719, "2006-12-31": "0.41480", "2006-09-30": 1.5972, "2006-06-30": 0.7587, "2006-03-31": 0.6478, "2005-12-31": "-0.84810", "2005-09-30": 0.3405, "2005-06-30": 0.8651, "2005-03-31": 1.2127}}, "revenue": {"Rockwell Automation Annual Revenue (Millions of US $)": {"2020": "$6,330", "2019": "$6,695", "2018": "$6,666", "2017": "$6,311", "2016": "$5,880", "2015": "$6,308", "2014": "$6,624", "2013": "$6,352", "2012": "$6,259", "2011": "$6,000", "2010": "$4,857", "2009": "$4,333", "2008": "$5,698", "2007": "$5,004", "2006": "$4,556", "2005": "$4,112"}, "Rockwell Automation Quarterly Revenue (Millions of US $)": {"2020-12-31": "$1,565", "2020-09-30": "$1,570", "2020-06-30": "$1,394", "2020-03-31": "$1,681", "2019-12-31": "$1,685", "2019-09-30": "$1,730", "2019-06-30": "$1,665", "2019-03-31": "$1,657", "2018-12-31": "$1,642", "2018-09-30": "$1,730", "2018-06-30": "$1,699", "2018-03-31": "$1,651", "2017-12-31": "$1,587", "2017-09-30": "$1,668", "2017-06-30": "$1,599", "2017-03-31": "$1,554", "2016-12-31": "$1,490", "2016-09-30": "$1,539", "2016-06-30": "$1,474", "2016-03-31": "$1,440", "2015-12-31": "$1,427", "2015-09-30": "$1,608", "2015-06-30": "$1,575", "2015-03-31": "$1,551", "2014-12-31": "$1,574", "2014-09-30": "$1,782", "2014-06-30": "$1,650", "2014-03-31": "$1,601", "2013-12-31": "$1,592", "2013-09-30": "$1,716", "2013-06-30": "$1,624", "2013-03-31": "$1,523", "2012-12-31": "$1,489", "2012-09-30": "$1,664", "2012-06-30": "$1,560", "2012-03-31": "$1,561", "2011-12-31": "$1,474", "2011-09-30": "$1,654", "2011-06-30": "$1,516", "2011-03-31": "$1,464", "2010-12-31": "$1,366", "2010-09-30": "$1,357", "2010-06-30": "$1,268", "2010-03-31": "$1,165", "2009-12-31": "$1,068", "2009-09-30": "$1,074", "2009-06-30": "$1,011", "2009-03-31": "$1,058", "2008-12-31": "$1,189", "2008-09-30": "$1,484", "2008-06-30": "$1,475", "2008-03-31": "$1,407", "2007-12-31": "$1,332", "2007-09-30": "$1,371", "2007-06-30": "$1,281", "2007-03-31": "$1,207", "2006-12-31": "$1,146", "2006-09-30": "$1,194", "2006-06-30": "$1,172", "2006-03-31": "$1,121", "2005-12-31": "$1,070", "2005-09-30": "$444", "2005-06-30": "$1,265", "2005-03-31": "$1,218"}}, "gross-profit": {"Rockwell Automation Annual Gross Profit (Millions of US $)": {"2020": "$2,595", "2019": "$2,900", "2018": "$2,885", "2017": "$2,668", "2016": "$2,476", "2015": "$2,703", "2014": "$2,754", "2013": "$2,574", "2012": "$2,523", "2011": "$2,390", "2010": "$1,936", "2009": "$1,570", "2008": "$2,341", "2007": "$2,097", "2006": "$1,900", "2005": "$1,664"}, "Rockwell Automation Quarterly Gross Profit (Millions of US $)": {"2020-12-31": "$647", "2020-09-30": "$639", "2020-06-30": "$554", "2020-03-31": "$699", "2019-12-31": "$703", "2019-09-30": "$723", "2019-06-30": "$730", "2019-03-31": "$708", "2018-12-31": "$739", "2018-09-30": "$736", "2018-06-30": "$745", "2018-03-31": "$704", "2017-12-31": "$700", "2017-09-30": "$691", "2017-06-30": "$678", "2017-03-31": "$657", "2016-12-31": "$642", "2016-09-30": "$652", "2016-06-30": "$617", "2016-03-31": "$594", "2015-12-31": "$613", "2015-09-30": "$664", "2015-06-30": "$678", "2015-03-31": "$673", "2014-12-31": "$688", "2014-09-30": "$753", "2014-06-30": "$682", "2014-03-31": "$656", "2013-12-31": "$664", "2013-09-30": "$697", "2013-06-30": "$653", "2013-03-31": "$616", "2012-12-31": "$607", "2012-09-30": "$654", "2012-06-30": "$632", "2012-03-31": "$618", "2011-12-31": "$619", "2011-09-30": "$663", "2011-06-30": "$607", "2011-03-31": "$577", "2010-12-31": "$544", "2010-09-30": "$529", "2010-06-30": "$507", "2010-03-31": "$473", "2009-12-31": "$427", "2009-09-30": "$365", "2009-06-30": "$370", "2009-03-31": "$364", "2008-12-31": "$470", "2008-09-30": "$588", "2008-06-30": "$606", "2008-03-31": "$571", "2007-12-31": "$576", "2007-09-30": "$574", "2007-06-30": "$551", "2007-03-31": "$475", "2006-12-31": "$498", "2006-09-30": "$488", "2006-06-30": "$487", "2006-03-31": "$476", "2005-12-31": "$449", "2005-09-30": "$278", "2005-06-30": "$481", "2005-03-31": "$456"}}, "operating-income": {"Rockwell Automation Annual Operating Income (Millions of US $)": {"2020": "$1,136", "2019": "$901", "2018": "$1,331", "2017": "$1,037", "2016": "$943", "2015": "$1,128", "2014": "$1,134", "2013": "$981", "2012": "$966", "2011": "$868", "2010": "$544", "2009": "$274", "2008": "$809", "2007": "$789", "2006": "$736", "2005": "$630"}, "Rockwell Automation Quarterly Operating Income (Millions of US $)": {"2020-12-31": "$701", "2020-09-30": "$300", "2020-06-30": "$335", "2020-03-31": "$167", "2019-12-31": "$335", "2019-09-30": "$56", "2019-06-30": "$321", "2019-03-31": "$402", "2018-12-31": "$121", "2018-09-30": "$482", "2018-06-30": "$252", "2018-03-31": "$300", "2017-12-31": "$298", "2017-09-30": "$274", "2017-06-30": "$276", "2017-03-31": "$230", "2016-12-31": "$258", "2016-09-30": "$237", "2016-06-30": "$252", "2016-03-31": "$217", "2015-12-31": "$237", "2015-09-30": "$279", "2015-06-30": "$285", "2015-03-31": "$277", "2014-12-31": "$288", "2014-09-30": "$339", "2014-06-30": "$274", "2014-03-31": "$248", "2013-12-31": "$273", "2013-09-30": "$279", "2013-06-30": "$257", "2013-03-31": "$227", "2012-12-31": "$217", "2012-09-30": "$255", "2012-06-30": "$245", "2012-03-31": "$223", "2011-12-31": "$243", "2011-09-30": "$256", "2011-06-30": "$221", "2011-03-31": "$204", "2010-12-31": "$187", "2010-09-30": "$158", "2010-06-30": "$156", "2010-03-31": "$134", "2009-12-31": "$97", "2009-09-30": "$29", "2009-06-30": "$50", "2009-03-31": "$55", "2008-12-31": "$140", "2008-09-30": "$177", "2008-06-30": "$214", "2008-03-31": "$200", "2007-12-31": "$219", "2007-09-30": "$231", "2007-06-30": "$227", "2007-03-31": "$143", "2006-12-31": "$187", "2006-09-30": "$207", "2006-06-30": "$178", "2006-03-31": "$176", "2005-12-31": "$174", "2005-09-30": "$79", "2005-06-30": "$191", "2005-03-31": "$181"}}, "ebitda": {"Rockwell Automation Annual EBITDA (Millions of US $)": {"2020": "$1,412", "2019": "$1,151", "2018": "$1,568", "2017": "$1,283", "2016": "$1,187", "2015": "$1,354", "2014": "$1,346", "2013": "$1,187", "2012": "$1,165", "2011": "$1,058", "2010": "$732", "2009": "$469", "2008": "$1,014", "2007": "$970", "2006": "$910", "2005": "$803"}, "Rockwell Automation Quarterly EBITDA (Millions of US $)": {"2020-12-31": "$767", "2020-09-30": "$371", "2020-06-30": "$403", "2020-03-31": "$235", "2019-12-31": "$403", "2019-09-30": "$123", "2019-06-30": "$385", "2019-03-31": "$466", "2018-12-31": "$177", "2018-09-30": "$541", "2018-06-30": "$310", "2018-03-31": "$360", "2017-12-31": "$357", "2017-09-30": "$338", "2017-06-30": "$338", "2017-03-31": "$290", "2016-12-31": "$317", "2016-09-30": "$298", "2016-06-30": "$313", "2016-03-31": "$280", "2015-12-31": "$296", "2015-09-30": "$337", "2015-06-30": "$342", "2015-03-31": "$331", "2014-12-31": "$343", "2014-09-30": "$392", "2014-06-30": "$329", "2014-03-31": "$302", "2013-12-31": "$324", "2013-09-30": "$330", "2013-06-30": "$310", "2013-03-31": "$279", "2012-12-31": "$268", "2012-09-30": "$306", "2012-06-30": "$295", "2012-03-31": "$274", "2011-12-31": "$291", "2011-09-30": "$305", "2011-06-30": "$269", "2011-03-31": "$251", "2010-12-31": "$233", "2010-09-30": "$206", "2010-06-30": "$201", "2010-03-31": "$181", "2009-12-31": "$144", "2009-09-30": "$79", "2009-06-30": "$100", "2009-03-31": "$103", "2008-12-31": "$187", "2008-09-30": "$228", "2008-06-30": "$265", "2008-03-31": "$252", "2007-12-31": "$268", "2007-09-30": "$278", "2007-06-30": "$269", "2007-03-31": "$189", "2006-12-31": "$234", "2006-09-30": "$251", "2006-06-30": "$221", "2006-03-31": "$224", "2005-12-31": "$214", "2005-09-30": "$90", "2005-06-30": "$243", "2005-03-31": "$233"}}, "net-income": {"Rockwell Automation Annual Net Income (Millions of US $)": {"2020": "$1,023", "2019": "$696", "2018": "$536", "2017": "$826", "2016": "$730", "2015": "$828", "2014": "$827", "2013": "$755", "2012": "$737", "2011": "$698", "2010": "$463", "2009": "$221", "2008": "$578", "2007": "$1,488", "2006": "$607", "2005": "$540"}, "Rockwell Automation Quarterly Net Income (Millions of US $)": {"2020-12-31": "$593", "2020-09-30": "$263", "2020-06-30": "$318", "2020-03-31": "$132", "2019-12-31": "$311", "2019-09-30": "$8", "2019-06-30": "$261", "2019-03-31": "$346", "2018-12-31": "$80", "2018-09-30": "$346", "2018-06-30": "$199", "2018-03-31": "$227", "2017-12-31": "$-236", "2017-09-30": "$205", "2017-06-30": "$217", "2017-03-31": "$189", "2016-12-31": "$215", "2016-09-30": "$186", "2016-06-30": "$191", "2016-03-31": "$168", "2015-12-31": "$185", "2015-09-30": "$202", "2015-06-30": "$206", "2015-03-31": "$206", "2014-12-31": "$214", "2014-09-30": "$249", "2014-06-30": "$199", "2014-03-31": "$180", "2013-12-31": "$198", "2013-09-30": "$215", "2013-06-30": "$204", "2013-03-31": "$176", "2012-12-31": "$161", "2012-09-30": "$196", "2012-06-30": "$190", "2012-03-31": "$168", "2011-12-31": "$183", "2011-09-30": "$202", "2011-06-30": "$179", "2011-03-31": "$166", "2010-12-31": "$150", "2010-09-30": "$130", "2010-06-30": "$119", "2010-03-31": "$137", "2009-12-31": "$77", "2009-09-30": "$29", "2009-06-30": "$33", "2009-03-31": "$41", "2008-12-31": "$118", "2008-09-30": "$126", "2008-06-30": "$153", "2008-03-31": "$143", "2007-12-31": "$157", "2007-09-30": "$165", "2007-06-30": "$164", "2007-03-31": "$729", "2006-12-31": "$429", "2006-09-30": "$166", "2006-06-30": "$149", "2006-03-31": "$147", "2005-12-31": "$146", "2005-09-30": "$129", "2005-06-30": "$127", "2005-03-31": "$150"}}, "eps-earnings-per-share-diluted": {"Rockwell Automation Annual EPS": {"2020": "$8.77", "2019": "$5.83", "2018": "$4.21", "2017": "$6.35", "2016": "$5.56", "2015": "$6.09", "2014": "$5.91", "2013": "$5.36", "2012": "$5.13", "2011": "$4.80", "2010": "$3.22", "2009": "$1.55", "2008": "$3.89", "2007": "$9.23", "2006": "$3.37", "2005": "$2.88"}, "Rockwell Automation Quarterly EPS": {"2020-12-31": "$5.06", "2020-09-30": "$2.25", "2020-06-30": "$2.73", "2020-03-31": "$1.13", "2019-12-31": "$2.66", "2019-09-30": "$0.09", "2019-06-30": "$2.20", "2019-03-31": "$2.88", "2018-12-31": "$0.66", "2018-09-30": "$2.70", "2018-06-30": "$1.58", "2018-03-31": "$1.77", "2017-12-31": "$-1.84", "2017-09-30": "$1.58", "2017-06-30": "$1.67", "2017-03-31": "$1.45", "2016-12-31": "$1.65", "2016-09-30": "$1.42", "2016-06-30": "$1.46", "2016-03-31": "$1.28", "2015-12-31": "$1.40", "2015-09-30": "$1.50", "2015-06-30": "$1.52", "2015-03-31": "$1.51", "2014-12-31": "$1.56", "2014-09-30": "$1.79", "2014-06-30": "$1.43", "2014-03-31": "$1.28", "2013-12-31": "$1.41", "2013-09-30": "$1.53", "2013-06-30": "$1.45", "2013-03-31": "$1.24", "2012-12-31": "$1.14", "2012-09-30": "$1.37", "2012-06-30": "$1.33", "2012-03-31": "$1.16", "2011-12-31": "$1.27", "2011-09-30": "$1.39", "2011-06-30": "$1.23", "2011-03-31": "$1.14", "2010-12-31": "$1.04", "2010-09-30": "$0.91", "2010-06-30": "$0.83", "2010-03-31": "$0.95", "2009-12-31": "$0.53", "2009-09-30": "$0.20", "2009-06-30": "$0.23", "2009-03-31": "$0.29", "2008-12-31": "$0.83", "2008-09-30": "$0.86", "2008-06-30": "$1.03", "2008-03-31": "$0.96", "2007-12-31": "$1.04", "2007-09-30": "$1.23", "2007-06-30": "$1.05", "2007-03-31": "$4.45", "2006-12-31": "$2.50", "2006-09-30": "$0.93", "2006-06-30": "$0.83", "2006-03-31": "$0.81", "2005-12-31": "$0.80", "2005-09-30": "$0.70", "2005-06-30": "$0.68", "2005-03-31": "$0.79"}}, "shares-outstanding": {"Rockwell Automation Annual Shares Outstanding (Millions of Shares)": {"2020": "117", "2019": "119", "2018": "127", "2017": "130", "2016": "131", "2015": "136", "2014": "140", "2013": "141", "2012": "143", "2011": "145", "2010": "144", "2009": "142", "2008": "148", "2007": "161", "2006": "180", "2005": "187"}, "Rockwell Automation Quarterly Shares Outstanding (Millions of Shares)": {"2020-12-31": "117", "2020-09-30": "117", "2020-06-30": "116", "2020-03-31": "117", "2019-12-31": "117", "2019-09-30": "119", "2019-06-30": "119", "2019-03-31": "120", "2018-12-31": "122", "2018-09-30": "127", "2018-06-30": "126", "2018-03-31": "129", "2017-12-31": "128", "2017-09-30": "130", "2017-06-30": "130", "2017-03-31": "130", "2016-12-31": "130", "2016-09-30": "131", "2016-06-30": "131", "2016-03-31": "131", "2015-12-31": "133", "2015-09-30": "136", "2015-06-30": "136", "2015-03-31": "136", "2014-12-31": "137", "2014-09-30": "140", "2014-06-30": "140", "2014-03-31": "140", "2013-12-31": "140", "2013-09-30": "141", "2013-06-30": "140", "2013-03-31": "142", "2012-12-31": "141", "2012-09-30": "143", "2012-06-30": "144", "2012-03-31": "145", "2011-12-31": "144", "2011-09-30": "145", "2011-06-30": "146", "2011-03-31": "146", "2010-12-31": "145", "2010-09-30": "144", "2010-06-30": "144", "2010-03-31": "144", "2009-12-31": "144", "2009-09-30": "142", "2009-06-30": "142", "2009-03-31": "142", "2008-12-31": "142", "2008-09-30": "148", "2008-06-30": "148", "2008-03-31": "149", "2007-12-31": "151", "2007-09-30": "161", "2007-06-30": "157", "2007-03-31": "164", "2006-12-31": "171", "2006-09-30": "180", "2006-06-30": "180", "2006-03-31": "181", "2005-12-31": "182", "2005-09-30": "187", "2005-06-30": "186", "2005-03-31": "189"}}, "total-assets": {"Rockwell Automation Annual Total Assets (Millions of US $)": {"2020": "$7,265", "2019": "$6,113", "2018": "$6,262", "2017": "$7,162", "2016": "$7,101", "2015": "$6,405", "2014": "$6,224", "2013": "$5,845", "2012": "$5,637", "2011": "$5,285", "2010": "$4,748", "2009": "$4,306", "2008": "$4,594", "2007": "$4,546", "2006": "$4,735", "2005": "$4,525"}, "Rockwell Automation Quarterly Total Assets (Millions of US $)": {"2020-12-31": "$8,171", "2020-09-30": "$7,265", "2020-06-30": "$7,330", "2020-03-31": "$6,666", "2019-12-31": "$7,108", "2019-09-30": "$6,113", "2019-06-30": "$6,159", "2019-03-31": "$6,254", "2018-12-31": "$5,935", "2018-09-30": "$6,262", "2018-06-30": "$5,838", "2018-03-31": "$6,514", "2017-12-31": "$7,159", "2017-09-30": "$7,162", "2017-06-30": "$7,216", "2017-03-31": "$7,065", "2016-12-31": "$7,094", "2016-09-30": "$7,101", "2016-06-30": "$6,856", "2016-03-31": "$6,540", "2015-12-31": "$6,420", "2015-09-30": "$6,405", "2015-06-30": "$6,407", "2015-03-31": "$6,280", "2014-12-31": "$6,202", "2014-09-30": "$6,224", "2014-06-30": "$6,145", "2014-03-31": "$6,158", "2013-12-31": "$5,941", "2013-09-30": "$5,845", "2013-06-30": "$5,771", "2013-03-31": "$5,720", "2012-12-31": "$5,711", "2012-09-30": "$5,637", "2012-06-30": "$5,382", "2012-03-31": "$5,435", "2011-12-31": "$5,279", "2011-09-30": "$5,285", "2011-06-30": "$5,328", "2011-03-31": "$5,111", "2010-12-31": "$4,779", "2010-09-30": "$4,748", "2010-06-30": "$4,615", "2010-03-31": "$4,542", "2009-12-31": "$4,399", "2009-09-30": "$4,306", "2009-06-30": "$4,164", "2009-03-31": "$4,176", "2008-12-31": "$4,399", "2008-09-30": "$4,594", "2008-06-30": "$5,111", "2008-03-31": "$4,980", "2007-12-31": "$4,941", "2007-09-30": "$4,546", "2007-06-30": "$4,587", "2007-03-31": "$4,817", "2006-12-31": "$5,062", "2006-09-30": "$4,735", "2006-06-30": "$4,814", "2006-03-31": "$4,767", "2005-12-31": "$4,619", "2005-09-30": "$4,525", "2005-06-30": "$4,237", "2005-03-31": "$4,303"}}, "cash-on-hand": {"Rockwell Automation Annual Cash on Hand (Millions of US $)": {"2020": "$705", "2019": "$1,018", "2018": "$910", "2017": "$2,536", "2016": "$2,429", "2015": "$2,149", "2014": "$1,820", "2013": "$1,574", "2012": "$1,254", "2011": "$989", "2010": "$813", "2009": "$644", "2008": "$582", "2007": "$624", "2006": "$408", "2005": "$464"}, "Rockwell Automation Quarterly Cash on Hand (Millions of US $)": {"2020-12-31": "$730", "2020-09-30": "$705", "2020-06-30": "$910", "2020-03-31": "$642", "2019-12-31": "$926", "2019-09-30": "$1,018", "2019-06-30": "$913", "2019-03-31": "$902", "2018-12-31": "$754", "2018-09-30": "$910", "2018-06-30": "$1,489", "2018-03-31": "$2,047", "2017-12-31": "$2,648", "2017-09-30": "$2,536", "2017-06-30": "$2,615", "2017-03-31": "$2,534", "2016-12-31": "$2,483", "2016-09-30": "$2,429", "2016-06-30": "$2,433", "2016-03-31": "$2,310", "2015-12-31": "$2,220", "2015-09-30": "$2,149", "2015-06-30": "$2,158", "2015-03-31": "$2,038", "2014-12-31": "$1,913", "2014-09-30": "$1,820", "2014-06-30": "$1,750", "2014-03-31": "$1,726", "2013-12-31": "$1,611", "2013-09-30": "$1,574", "2013-06-30": "$1,397", "2013-03-31": "$1,331", "2012-12-31": "$1,304", "2012-09-30": "$1,254", "2012-06-30": "$1,156", "2012-03-31": "$1,124", "2011-12-31": "$1,034", "2011-09-30": "$989", "2011-06-30": "$1,022", "2011-03-31": "$1,020", "2010-12-31": "$769", "2010-09-30": "$813", "2010-06-30": "$826", "2010-03-31": "$817", "2009-12-31": "$716", "2009-09-30": "$644", "2009-06-30": "$581", "2009-03-31": "$520", "2008-12-31": "$554", "2008-09-30": "$582", "2008-06-30": "$806", "2008-03-31": "$761", "2007-12-31": "$867", "2007-09-30": "$624", "2007-06-30": "$794", "2007-03-31": "$1,120", "2006-12-31": "$434", "2006-09-30": "$408", "2006-06-30": "$339", "2006-03-31": "$302", "2005-12-31": "$247", "2005-09-30": "$464", "2005-06-30": "$469", "2005-03-31": "$485"}}, "long-term-debt": {"Rockwell Automation Annual Long Term Debt (Millions of US $)": {"2020": "$1,975", "2019": "$1,956", "2018": "$1,225", "2017": "$1,243", "2016": "$1,516", "2015": "$1,501", "2014": "$900", "2013": "$905", "2012": "$905", "2011": "$905", "2010": "$905", "2009": "$905", "2008": "$904", "2007": "$406", "2006": "$748", "2005": "$748"}, "Rockwell Automation Quarterly Long Term Debt (Millions of US $)": {"2020-12-31": "$1,980", "2020-09-30": "$1,975", "2020-06-30": "$1,974", "2020-03-31": "$1,970", "2019-12-31": "$1,953", "2019-09-30": "$1,956", "2019-06-30": "$1,941", "2019-03-31": "$1,932", "2018-12-31": "$1,235", "2018-09-30": "$1,225", "2018-06-30": "$1,227", "2018-03-31": "$1,230", "2017-12-31": "$1,239", "2017-09-30": "$1,243", "2017-06-30": "$1,244", "2017-03-31": "$1,240", "2016-12-31": "$1,241", "2016-09-30": "$1,516", "2016-06-30": "$1,522", "2016-03-31": "$1,513", "2015-12-31": "$1,493", "2015-09-30": "$1,501", "2015-06-30": "$1,492", "2015-03-31": "$1,505", "2014-12-31": "$906", "2014-09-30": "$900", "2014-06-30": "$905", "2014-03-31": "$905", "2013-12-31": "$905", "2013-09-30": "$905", "2013-06-30": "$905", "2013-03-31": "$905", "2012-12-31": "$905", "2012-09-30": "$905", "2012-06-30": "$905", "2012-03-31": "$905", "2011-12-31": "$905", "2011-09-30": "$905", "2011-06-30": "$905", "2011-03-31": "$905", "2010-12-31": "$905", "2010-09-30": "$905", "2010-06-30": "$905", "2010-03-31": "$905", "2009-12-31": "$905", "2009-09-30": "$905", "2009-06-30": "$905", "2009-03-31": "$905", "2008-12-31": "$905", "2008-09-30": "$904", "2008-06-30": "$904", "2008-03-31": "$904", "2007-12-31": "$904", "2007-09-30": "$406", "2007-06-30": "$409", "2007-03-31": "$409", "2006-12-31": "$750", "2006-09-30": "$748", "2006-06-30": "$745", "2006-03-31": "$746", "2005-12-31": "$747", "2005-09-30": "$748", "2005-06-30": "$752", "2005-03-31": "$749"}}, "total-liabilities": {"Rockwell Automation Annual Total Liabilities (Millions of US $)": {"2020": "$5,918", "2019": "$5,709", "2018": "$4,645", "2017": "$4,498", "2016": "$5,111", "2015": "$4,148", "2014": "$3,566", "2013": "$3,259", "2012": "$3,785", "2011": "$3,537", "2010": "$3,288", "2009": "$2,989", "2008": "$2,905", "2007": "$2,803", "2006": "$2,817", "2005": "$2,876"}, "Rockwell Automation Quarterly Total Liabilities (Millions of US $)": {"2020-12-31": "$6,297", "2020-09-30": "$5,918", "2020-06-30": "$6,240", "2020-03-31": "$5,728", "2019-12-31": "$6,071", "2019-09-30": "$5,709", "2019-06-30": "$5,002", "2019-03-31": "$4,918", "2018-12-31": "$4,661", "2018-09-30": "$4,645", "2018-06-30": "$4,393", "2018-03-31": "$4,566", "2017-12-31": "$5,003", "2017-09-30": "$4,498", "2017-06-30": "$5,038", "2017-03-31": "$4,867", "2016-12-31": "$5,045", "2016-09-30": "$5,111", "2016-06-30": "$4,734", "2016-03-31": "$4,324", "2015-12-31": "$4,183", "2015-09-30": "$4,148", "2015-06-30": "$3,851", "2015-03-31": "$3,714", "2014-12-31": "$3,633", "2014-09-30": "$3,566", "2014-06-30": "$3,423", "2014-03-31": "$3,408", "2013-12-31": "$3,253", "2013-09-30": "$3,259", "2013-06-30": "$3,764", "2013-03-31": "$3,699", "2012-12-31": "$3,743", "2012-09-30": "$3,785", "2012-06-30": "$3,460", "2012-03-31": "$3,404", "2011-12-31": "$3,424", "2011-09-30": "$3,537", "2011-06-30": "$3,431", "2011-03-31": "$3,254", "2010-12-31": "$3,193", "2010-09-30": "$3,288", "2010-06-30": "$3,239", "2010-03-31": "$3,123", "2009-12-31": "$3,031", "2009-09-30": "$2,989", "2009-06-30": "$2,557", "2009-03-31": "$2,590", "2008-12-31": "$2,781", "2008-09-30": "$2,905", "2008-06-30": "$3,215", "2008-03-31": "$3,099", "2007-12-31": "$3,157", "2007-09-30": "$2,803", "2007-06-30": "$2,622", "2007-03-31": "$2,632", "2006-12-31": "$3,073", "2006-09-30": "$2,817", "2006-06-30": "$3,178", "2006-03-31": "$3,094", "2005-12-31": "$3,036", "2005-09-30": "$2,876", "2005-06-30": "$2,345", "2005-03-31": "$2,314"}}, "total-share-holder-equity": {"Rockwell Automation Annual Share Holder Equity (Millions of US $)": {"2020": "$1,347", "2019": "$404", "2018": "$1,618", "2017": "$2,664", "2016": "$1,990", "2015": "$2,257", "2014": "$2,658", "2013": "$2,586", "2012": "$1,852", "2011": "$1,748", "2010": "$1,460", "2009": "$1,316", "2008": "$1,689", "2007": "$1,743", "2006": "$1,918", "2005": "$1,649"}, "Rockwell Automation Quarterly Share Holder Equity (Millions of US $)": {"2020-12-31": "$1,874", "2020-09-30": "$1,347", "2020-06-30": "$1,089", "2020-03-31": "$938", "2019-12-31": "$1,037", "2019-09-30": "$404", "2019-06-30": "$1,157", "2019-03-31": "$1,336", "2018-12-31": "$1,274", "2018-09-30": "$1,618", "2018-06-30": "$1,444", "2018-03-31": "$1,947", "2017-12-31": "$2,156", "2017-09-30": "$2,664", "2017-06-30": "$2,178", "2017-03-31": "$2,198", "2016-12-31": "$2,050", "2016-09-30": "$1,990", "2016-06-30": "$2,121", "2016-03-31": "$2,216", "2015-12-31": "$2,237", "2015-09-30": "$2,257", "2015-06-30": "$2,556", "2015-03-31": "$2,567", "2014-12-31": "$2,569", "2014-09-30": "$2,658", "2014-06-30": "$2,722", "2014-03-31": "$2,750", "2013-12-31": "$2,688", "2013-09-30": "$2,586", "2013-06-30": "$2,008", "2013-03-31": "$2,021", "2012-12-31": "$1,968", "2012-09-30": "$1,852", "2012-06-30": "$1,923", "2012-03-31": "$2,031", "2011-12-31": "$1,855", "2011-09-30": "$1,748", "2011-06-30": "$1,897", "2011-03-31": "$1,857", "2010-12-31": "$1,586", "2010-09-30": "$1,460", "2010-06-30": "$1,376", "2010-03-31": "$1,419", "2009-12-31": "$1,367", "2009-09-30": "$1,316", "2009-06-30": "$1,608", "2009-03-31": "$1,586", "2008-12-31": "$1,619", "2008-09-30": "$1,689", "2008-06-30": "$1,897", "2008-03-31": "$1,881", "2007-12-31": "$1,784", "2007-09-30": "$1,743", "2007-06-30": "$1,965", "2007-03-31": "$2,185", "2006-12-31": "$1,988", "2006-09-30": "$1,918", "2006-06-30": "$1,636", "2006-03-31": "$1,673", "2005-12-31": "$1,583", "2005-09-30": "$1,649", "2005-06-30": "$1,892", "2005-03-31": "$1,989"}}, "profit-margins": {"current": "21.03%"}, "gross margin": {"2020-12-31": "40.89%", "2020-09-30": "41.00%", "2020-06-30": "41.28%", "2020-03-31": "42.23%", "2019-12-31": "42.51%", "2019-09-30": "43.32%", "2019-06-30": "43.52%", "2019-03-31": "43.52%", "2018-12-31": "43.50%", "2018-09-30": "43.27%", "2018-06-30": "43.00%", "2018-03-31": "42.63%", "2017-12-31": "42.54%", "2017-09-30": "42.28%", "2017-06-30": "42.53%", "2017-03-31": "42.40%", "2016-12-31": "42.15%", "2016-09-30": "42.11%", "2016-06-30": "41.82%", "2016-03-31": "42.13%", "2015-12-31": "42.66%", "2015-09-30": "42.85%", "2015-06-30": "43.07%", "2015-03-31": "42.64%", "2014-12-31": "42.06%", "2014-09-30": "41.58%", "2014-06-30": "41.15%", "2014-03-31": "40.87%", "2013-12-31": "40.74%", "2013-09-30": "40.51%", "2013-06-30": "40.16%", "2013-03-31": "40.23%", "2012-12-31": "40.02%", "2012-09-30": "40.31%", "2012-06-30": "40.52%", "2012-03-31": "40.40%", "2011-12-31": "40.37%", "2011-09-30": "39.85%", "2011-06-30": "39.58%", "2011-03-31": "39.54%", "2010-12-31": "39.82%", "2010-09-30": "39.85%", "2010-06-30": "38.73%", "2010-03-31": "37.86%", "2009-12-31": "36.24%", "2009-09-30": "36.22%", "2009-06-30": "37.79%", "2009-03-31": "38.96%", "2008-12-31": "40.23%", "2008-09-30": "41.08%", "2008-06-30": "41.67%", "2008-03-31": "42.14%", "2007-12-31": "41.92%", "2007-09-30": "41.92%", "2007-06-30": "41.67%", "2007-03-31": "41.26%", "2006-12-31": "42.05%", "2006-09-30": "41.67%", "2006-06-30": "44.34%", "2006-03-31": "43.15%", "2005-12-31": "41.61%"}, "operating margin": {"2020-12-31": "24.20%", "2020-09-30": "17.96%", "2020-06-30": "13.76%", "2020-03-31": "13.00%", "2019-12-31": "16.54%", "2019-09-30": "13.44%", "2019-06-30": "19.81%", "2019-03-31": "18.68%", "2018-12-31": "17.18%", "2018-09-30": "19.98%", "2018-06-30": "17.00%", "2018-03-31": "17.63%", "2017-12-31": "16.81%", "2017-09-30": "16.43%", "2017-06-30": "16.19%", "2017-03-31": "16.13%", "2016-12-31": "16.22%", "2016-09-30": "16.04%", "2016-06-30": "16.56%", "2016-03-31": "16.83%", "2015-12-31": "17.50%", "2015-09-30": "17.90%", "2015-06-30": "18.34%", "2015-03-31": "17.97%", "2014-12-31": "17.39%", "2014-09-30": "17.12%", "2014-06-30": "16.37%", "2014-03-31": "16.18%", "2013-12-31": "16.05%", "2013-09-30": "15.43%", "2013-06-30": "15.17%", "2013-03-31": "15.14%", "2012-12-31": "14.98%", "2012-09-30": "15.43%", "2012-06-30": "15.47%", "2012-03-31": "15.20%", "2011-12-31": "15.13%", "2011-09-30": "14.47%", "2011-06-30": "13.50%", "2011-03-31": "12.92%", "2010-12-31": "12.32%", "2010-09-30": "11.22%", "2010-06-30": "9.09%", "2010-03-31": "7.18%", "2009-12-31": "5.49%", "2009-09-30": "6.33%", "2009-06-30": "8.90%", "2009-03-31": "11.26%", "2008-12-31": "13.16%", "2008-09-30": "14.22%", "2008-06-30": "15.47%", "2008-03-31": "16.27%", "2007-12-31": "15.80%", "2007-09-30": "15.74%", "2007-06-30": "15.82%", "2007-03-31": "15.15%", "2006-12-31": "16.15%", "2006-09-30": "16.13%", "2006-06-30": "15.92%", "2006-03-31": "15.87%", "2005-12-31": "15.61%"}, "ebitda margin": {"2020-12-31": "28.60%", "2020-09-30": "22.31%", "2020-06-30": "17.94%", "2020-03-31": "16.95%", "2019-12-31": "20.44%", "2019-09-30": "17.19%", "2019-06-30": "23.44%", "2019-03-31": "22.21%", "2018-12-31": "20.65%", "2018-09-30": "23.52%", "2018-06-30": "20.67%", "2018-03-31": "21.41%", "2017-12-31": "20.65%", "2017-09-30": "20.33%", "2017-06-30": "20.11%", "2017-03-31": "20.11%", "2016-12-31": "20.33%", "2016-09-30": "20.19%", "2016-06-30": "20.61%", "2016-03-31": "20.74%", "2015-12-31": "21.20%", "2015-09-30": "21.45%", "2015-06-30": "21.72%", "2015-03-31": "21.27%", "2014-12-31": "20.68%", "2014-09-30": "20.33%", "2014-06-30": "19.59%", "2014-03-31": "19.38%", "2013-12-31": "19.26%", "2013-09-30": "18.69%", "2013-06-30": "18.46%", "2013-03-31": "18.41%", "2012-12-31": "18.20%", "2012-09-30": "18.61%", "2012-06-30": "18.63%", "2012-03-31": "18.34%", "2011-12-31": "18.27%", "2011-09-30": "17.63%", "2011-06-30": "16.82%", "2011-03-31": "16.33%", "2010-12-31": "15.92%", "2010-09-30": "15.07%", "2010-06-30": "13.22%", "2010-03-31": "11.67%", "2009-12-31": "10.12%", "2009-09-30": "10.83%", "2009-06-30": "13.03%", "2009-03-31": "15.04%", "2008-12-31": "16.78%", "2008-09-30": "17.78%", "2008-06-30": "19.03%", "2008-03-31": "19.79%", "2007-12-31": "19.34%", "2007-09-30": "19.38%", "2007-06-30": "19.53%", "2007-03-31": "18.97%", "2006-12-31": "20.07%", "2006-09-30": "19.97%", "2006-06-30": "19.67%", "2006-03-31": "19.77%", "2005-12-31": "19.51%"}, "pre tax profit margin": {"2020-12-31": "24.20%", "2020-09-30": "17.96%", "2020-06-30": "13.76%", "2020-03-31": "13.00%", "2019-12-31": "16.54%", "2019-09-30": "13.44%", "2019-06-30": "19.81%", "2019-03-31": "18.68%", "2018-12-31": "17.18%", "2018-09-30": "19.98%", "2018-06-30": "17.02%", "2018-03-31": "17.65%", "2017-12-31": "16.82%", "2017-09-30": "16.45%", "2017-06-30": "16.19%", "2017-03-31": "16.13%", "2016-12-31": "16.22%", "2016-09-30": "16.04%", "2016-06-30": "16.56%", "2016-03-31": "16.83%", "2015-12-31": "17.50%", "2015-09-30": "17.90%", "2015-06-30": "18.34%", "2015-03-31": "17.97%", "2014-12-31": "17.39%", "2014-09-30": "17.12%", "2014-06-30": "16.37%", "2014-03-31": "16.18%", "2013-12-31": "16.05%", "2013-09-30": "15.43%", "2013-06-30": "15.17%", "2013-03-31": "15.14%", "2012-12-31": "14.98%", "2012-09-30": "15.43%", "2012-06-30": "15.47%", "2012-03-31": "15.20%", "2011-12-31": "15.13%", "2011-09-30": "14.47%", "2011-06-30": "13.50%", "2011-03-31": "12.92%", "2010-12-31": "12.32%", "2010-09-30": "11.22%", "2010-06-30": "9.09%", "2010-03-31": "7.18%", "2009-12-31": "5.49%", "2009-09-30": "6.33%", "2009-06-30": "8.90%", "2009-03-31": "11.26%", "2008-12-31": "13.16%", "2008-09-30": "14.22%", "2008-06-30": "15.47%", "2008-03-31": "16.27%", "2007-12-31": "15.80%", "2007-09-30": "15.74%", "2007-06-30": "15.82%", "2007-03-31": "15.15%", "2006-12-31": "16.15%", "2006-09-30": "16.13%", "2006-06-30": "15.94%", "2006-03-31": "15.90%", "2005-12-31": "15.64%"}, "net profit margin": {"2020-12-31": "21.03%", "2020-09-30": "16.18%", "2020-06-30": "11.85%", "2020-03-31": "10.53%", "2019-12-31": "13.74%", "2019-09-30": "10.38%", "2019-06-30": "15.43%", "2019-03-31": "14.43%", "2018-12-31": "12.67%", "2018-09-30": "8.04%", "2018-06-30": "5.98%", "2018-03-31": "6.35%", "2017-12-31": "5.85%", "2017-09-30": "13.09%", "2017-06-30": "13.05%", "2017-03-31": "12.89%", "2016-12-31": "12.79%", "2016-09-30": "12.41%", "2016-06-30": "12.54%", "2016-03-31": "12.58%", "2015-12-31": "12.97%", "2015-09-30": "13.13%", "2015-06-30": "13.50%", "2015-03-31": "13.24%", "2014-12-31": "12.74%", "2014-09-30": "12.47%", "2014-06-30": "12.08%", "2014-03-31": "12.20%", "2013-12-31": "12.29%", "2013-09-30": "11.90%", "2013-06-30": "11.70%", "2013-03-31": "11.59%", "2012-12-31": "11.40%", "2012-09-30": "11.78%", "2012-06-30": "11.89%", "2012-03-31": "11.80%", "2011-12-31": "11.95%", "2011-09-30": "11.62%", "2011-06-30": "10.96%", "2011-03-31": "10.36%", "2010-12-31": "10.40%", "2010-09-30": "9.53%", "2010-06-30": "7.91%", "2010-03-31": "6.39%", "2009-12-31": "4.27%", "2009-09-30": "5.10%", "2009-06-30": "6.71%", "2009-03-31": "8.41%", "2008-12-31": "9.72%", "2008-09-30": "10.16%", "2008-06-30": "11.07%", "2008-03-31": "11.67%", "2007-12-31": "23.41%", "2007-09-30": "29.71%", "2007-06-30": "30.82%", "2007-03-31": "31.21%", "2006-12-31": "19.23%", "2006-09-30": "13.34%", "2006-06-30": "15.00%", "2006-03-31": "14.08%", "2005-12-31": "13.81%"}, "pe ratio": {"current": "30.55", "2021-02-05": "39.75", "2020-12-31": "41.05", "2020-09-30": "25.05", "2020-06-30": "32.04", "2020-03-31": "24.56", "2019-12-31": "25.46", "2019-09-30": "27.67", "2019-06-30": "18.60", "2019-03-31": "21.35", "2018-12-31": "21.18", "2018-09-30": "41.47", "2018-06-30": "51.17", "2018-03-31": "51.84", "2017-12-31": "64.70", "2017-09-30": "26.28", "2017-06-30": "24.31", "2017-03-31": "24.08", "2016-12-31": "21.28", "2016-09-30": "20.12", "2016-06-30": "18.54", "2016-03-31": "18.06", "2015-12-31": "15.54", "2015-09-30": "14.86", "2015-06-30": "17.32", "2015-03-31": "16.27", "2014-12-31": "16.07", "2014-09-30": "16.18", "2014-06-30": "19.18", "2014-03-31": "18.93", "2013-12-31": "18.03", "2013-09-30": "17.05", "2013-06-30": "13.57", "2013-03-31": "14.34", "2012-12-31": "14.10", "2012-09-30": "11.31", "2012-06-30": "10.65", "2012-03-31": "13.03", "2011-12-31": "11.98", "2011-09-30": "9.52", "2011-06-30": "16.28", "2011-03-31": "19.50", "2010-12-31": "15.46", "2010-09-30": "15.34", "2010-06-30": "15.54", "2010-03-31": "23.33", "2009-12-31": "29.55", "2009-09-30": "21.47", "2009-06-30": "11.22", "2009-03-31": "5.56", "2008-12-31": "6.64", "2008-09-30": "7.20", "2008-06-30": "7.95", "2008-03-31": "10.33", "2007-12-31": "6.69", "2007-09-30": "5.63", "2007-06-30": "5.69", "2007-03-31": "5.01", "2006-12-31": "8.73"}, "price sales": {"2021-02-05": "4.56", "2020-12-31": "4.71", "2020-09-30": "4.05", "2020-06-30": "3.81", "2020-03-31": "2.59", "2019-12-31": "3.50", "2019-09-30": "2.88", "2019-06-30": "2.89", "2019-03-31": "3.11", "2018-12-31": "2.70", "2018-09-30": "3.41", "2018-06-30": "3.06", "2018-03-31": "3.26", "2017-12-31": "3.73", "2017-09-30": "3.43", "2017-06-30": "3.18", "2017-03-31": "3.11", "2016-12-31": "2.72", "2016-09-30": "2.51", "2016-06-30": "2.33", "2016-03-31": "2.28", "2015-12-31": "2.02", "2015-09-30": "1.95", "2015-06-30": "2.34", "2015-03-31": "2.16", "2014-12-31": "2.05", "2014-09-30": "2.02", "2014-06-30": "2.32", "2014-03-31": "2.31", "2013-12-31": "2.22", "2013-09-30": "2.03", "2013-06-30": "1.59", "2013-03-31": "1.67", "2012-12-31": "1.61", "2012-09-30": "1.34", "2012-06-30": "1.27", "2012-03-31": "1.54", "2011-12-31": "1.43", "2011-09-30": "1.11", "2011-06-30": "1.79", "2011-03-31": "2.03", "2010-12-31": "1.61", "2010-09-30": "1.47", "2010-06-30": "1.23", "2010-03-31": "1.48", "2009-12-31": "1.25", "2009-09-30": "1.09", "2009-06-30": "0.76", "2009-03-31": "0.47", "2008-12-31": "0.65", "2008-09-30": "0.73", "2008-06-30": "0.89", "2008-03-31": "1.22", "2007-12-31": "1.55", "2007-09-30": "1.66", "2007-06-30": "1.76", "2007-03-31": "1.61", "2006-12-31": "1.70"}, "price book": {"current": "15.06", "2021-02-05": "15.06", "2020-12-31": "15.55", "2020-09-30": "18.96", "2020-06-30": "22.49", "2020-03-31": "18.37", "2019-12-31": "22.29", "2019-09-30": "46.02", "2019-06-30": "16.07", "2019-03-31": "14.98", "2018-12-31": "13.54", "2018-09-30": "13.38", "2018-06-30": "13.45", "2018-03-31": "10.60", "2017-12-31": "10.93", "2017-09-30": "8.03", "2017-06-30": "8.89", "2017-03-31": "8.45", "2016-12-31": "7.77", "2016-09-30": "7.24", "2016-06-30": "6.38", "2016-03-31": "6.05", "2015-12-31": "5.41", "2015-09-30": "5.31", "2015-06-30": "5.80", "2015-03-31": "5.37", "2014-12-31": "5.14", "2014-09-30": "4.93", "2014-06-30": "5.50", "2014-03-31": "5.41", "2013-12-31": "5.24", "2013-09-30": "4.91", "2013-06-30": "4.88", "2013-03-31": "5.05", "2012-12-31": "5.02", "2012-09-30": "4.39", "2012-06-30": "4.03", "2012-03-31": "4.62", "2011-12-31": "4.63", "2011-09-30": "3.71", "2011-06-30": "5.31", "2011-03-31": "5.94", "2010-12-31": "5.18", "2010-09-30": "4.79", "2010-06-30": "4.02", "2010-03-31": "4.48", "2009-12-31": "3.85", "2009-09-30": "3.59", "2009-06-30": "2.20", "2009-03-31": "1.50", "2008-12-31": "2.14", "2008-09-30": "2.38", "2008-06-30": "2.51", "2008-03-31": "3.33", "2007-12-31": "4.24", "2007-09-30": "4.39", "2007-06-30": "3.95", "2007-03-31": "3.15", "2006-12-31": "3.70", "2006-09-30": "3.74", "2006-06-30": "5.58", "2006-03-31": "5.48"}, "price fcf": {"2021-02-05": "", "2020-12-31": "$9.82", "2020-09-30": "$8.76", "2020-06-30": "$9.92", "2020-03-31": "$9.89", "2019-12-31": "$9.10", "2019-09-30": "$8.83", "2019-06-30": "$7.50", "2019-03-31": "$7.39", "2018-12-31": "$9.26", "2018-09-30": "$9.26", "2018-06-30": "$7.31", "2018-03-31": "$6.89", "2017-12-31": "$6.18", "2017-09-30": "$6.88", "2017-06-30": "$8.17", "2017-03-31": "$7.88", "2016-12-31": "$7.34", "2016-09-30": "$6.34", "2016-06-30": "$6.82", "2016-03-31": "$6.86", "2015-12-31": "$7.29", "2015-09-30": "$7.86", "2015-06-30": "$7.61", "2015-03-31": "$7.55", "2014-12-31": "$6.86", "2014-09-30": "$6.39", "2014-06-30": "$6.44", "2014-03-31": "$6.43", "2013-12-31": "$6.33", "2013-09-30": "$6.17", "2013-06-30": "$6.52", "2013-03-31": "$6.25", "2012-12-31": "$6.61", "2012-09-30": "$4.06", "2012-06-30": "$2.61", "2012-03-31": "$2.31", "2011-12-31": "$2.15", "2011-09-30": "$3.64", "2011-06-30": "$2.83", "2011-03-31": "$2.29", "2010-12-31": "$2.05", "2010-09-30": "$2.81", "2010-06-30": "$3.31", "2010-03-31": "$3.71", "2009-12-31": "$3.65", "2009-09-30": "$3.07", "2009-06-30": "$3.75", "2009-03-31": "$3.58", "2008-12-31": "$2.72", "2008-09-30": "$3.06", "2008-06-30": "$2.23", "2008-03-31": "$1.94", "2007-12-31": "$12.89", "2007-09-30": "$12.81", "2007-06-30": "$13.91", "2007-03-31": "$13.94", "2006-12-31": "$2.57"}, "net worth": {"value": "$28.21B"}, "current ratio": {"current": "1.34", "2020-12-31": "1.34", "2020-09-30": "1.48", "2020-06-30": "1.31", "2020-03-31": "1.57", "2019-12-31": "1.46", "2019-09-30": "1.54", "2019-06-30": "1.51", "2019-03-31": "1.59", "2018-12-31": "1.21", "2018-09-30": "1.27", "2018-06-30": "1.93", "2018-03-31": "2.10", "2017-12-31": "1.98", "2017-09-30": "2.06", "2017-06-30": "2.03", "2017-03-31": "2.13", "2016-12-31": "2.04", "2016-09-30": "2.12", "2016-06-30": "2.44", "2016-03-31": "2.70", "2015-12-31": "2.86", "2015-09-30": "2.94", "2015-06-30": "2.95", "2015-03-31": "3.16", "2014-12-31": "2.22", "2014-09-30": "2.33", "2014-06-30": "2.28", "2014-03-31": "2.32", "2013-12-31": "2.42", "2013-09-30": "2.38", "2013-06-30": "2.25", "2013-03-31": "2.34", "2012-12-31": "2.28", "2012-09-30": "2.21", "2012-06-30": "2.10", "2012-03-31": "2.21", "2011-12-31": "2.06", "2011-09-30": "2.31", "2011-06-30": "2.31", "2011-03-31": "2.50", "2010-12-31": "2.35", "2010-09-30": "2.12", "2010-06-30": "2.05", "2010-03-31": "2.18", "2009-12-31": "2.27", "2009-09-30": "2.25", "2009-06-30": "2.20", "2009-03-31": "2.14", "2008-12-31": "1.98", "2008-09-30": "1.87", "2008-06-30": "1.73", "2008-03-31": "1.80", "2007-12-31": "1.73", "2007-09-30": "1.37", "2007-06-30": "1.58", "2007-03-31": "1.77", "2006-12-31": "1.54", "2006-09-30": "1.69", "2006-06-30": "1.85", "2006-03-31": "1.90", "2005-12-31": "1.88", "2005-09-30": "2.32", "2005-06-30": "2.25", "2005-03-31": "2.39"}, "quick ratio": {"2020-12-31": "1.05", "2020-09-30": "1.16", "2020-06-30": "1.01", "2020-03-31": "1.21", "2019-12-31": "1.15", "2019-09-30": "1.24", "2019-06-30": "1.17", "2019-03-31": "1.24", "2018-12-31": "0.93", "2018-09-30": "1.01", "2018-06-30": "1.60", "2018-03-31": "1.80", "2017-12-31": "1.73", "2017-09-30": "1.80", "2017-06-30": "1.76", "2017-03-31": "1.86", "2016-12-31": "1.79", "2016-09-30": "1.85", "2016-06-30": "2.12", "2016-03-31": "2.32", "2015-12-31": "2.45", "2015-09-30": "2.53", "2015-06-30": "2.53", "2015-03-31": "2.70", "2014-12-31": "1.89", "2014-09-30": "1.98", "2014-06-30": "1.90", "2014-03-31": "1.92", "2013-12-31": "2.00", "2013-09-30": "1.98", "2013-06-30": "1.85", "2013-03-31": "1.90", "2012-12-31": "1.85", "2012-09-30": "1.81", "2012-06-30": "1.69", "2012-03-31": "1.76", "2011-12-31": "1.61", "2011-09-30": "1.83", "2011-06-30": "1.80", "2011-03-31": "1.98", "2010-12-31": "1.80", "2010-09-30": "1.62", "2010-06-30": "1.58", "2010-03-31": "1.71", "2009-12-31": "1.80", "2009-09-30": "1.79", "2009-06-30": "1.72", "2009-03-31": "1.61", "2008-12-31": "1.48", "2008-09-30": "1.43", "2008-06-30": "1.35", "2008-03-31": "1.40", "2007-12-31": "1.37", "2007-09-30": "1.08", "2007-06-30": "1.29", "2007-03-31": "1.48", "2006-12-31": "1.26", "2006-09-30": "1.37", "2006-06-30": "1.33", "2006-03-31": "1.35", "2005-12-31": "1.31", "2005-09-30": "1.72", "2005-06-30": "1.61", "2005-03-31": "1.69"}, "debt equity ratio": {"current": "1.06", "2020-12-31": "3.36", "2020-09-30": "4.39", "2020-06-30": "5.73", "2020-03-31": "6.11", "2019-12-31": "5.86", "2019-09-30": "14.12", "2019-06-30": "4.33", "2019-03-31": "3.68", "2018-12-31": "3.66", "2018-09-30": "2.87", "2018-06-30": "3.04", "2018-03-31": "2.35", "2017-12-31": "2.32", "2017-09-30": "1.69", "2017-06-30": "2.31", "2017-03-31": "2.22", "2016-12-31": "2.46", "2016-09-30": "2.57", "2016-06-30": "2.23", "2016-03-31": "1.95", "2015-12-31": "1.87", "2015-09-30": "1.84", "2015-06-30": "1.51", "2015-03-31": "1.45", "2014-12-31": "1.41", "2014-09-30": "1.34", "2014-06-30": "1.26", "2014-03-31": "1.24", "2013-12-31": "1.21", "2013-09-30": "1.26", "2013-06-30": "1.87", "2013-03-31": "1.83", "2012-12-31": "1.90", "2012-09-30": "2.04", "2012-06-30": "1.80", "2012-03-31": "1.68", "2011-12-31": "1.85", "2011-09-30": "2.02", "2011-06-30": "1.81", "2011-03-31": "1.75", "2010-12-31": "2.01", "2010-09-30": "2.25", "2010-06-30": "2.35", "2010-03-31": "2.20", "2009-12-31": "2.22", "2009-09-30": "2.27", "2009-06-30": "1.59", "2009-03-31": "1.63", "2008-12-31": "1.72", "2008-09-30": "1.72", "2008-06-30": "1.70", "2008-03-31": "1.65", "2007-12-31": "1.77", "2007-09-30": "1.61", "2007-06-30": "1.33", "2007-03-31": "1.21", "2006-12-31": "1.55", "2006-09-30": "1.47", "2006-06-30": "1.94", "2006-03-31": "1.85", "2005-12-31": "1.92", "2005-09-30": "1.74", "2005-06-30": "1.24", "2005-03-31": "1.16"}, "return on equity": {"2020-12-31": "99.54%", "2020-09-30": "92.86%", "2020-06-30": "88.70%", "2020-03-31": "80.54%", "2019-12-31": "94.15%", "2019-09-30": "66.65%", "2019-06-30": "76.73%", "2019-03-31": "68.48%", "2018-12-31": "54.24%", "2018-09-30": "29.92%", "2018-06-30": "19.24%", "2018-03-31": "18.47%", "2017-12-31": "16.31%", "2017-09-30": "36.35%", "2017-06-30": "38.36%", "2017-03-31": "37.37%", "2016-12-31": "36.29%", "2016-09-30": "34.10%", "2016-06-30": "33.79%", "2016-03-31": "32.85%", "2015-12-31": "33.23%", "2015-09-30": "33.29%", "2015-06-30": "33.82%", "2015-03-31": "33.02%", "2014-12-31": "31.48%", "2014-09-30": "30.54%", "2014-06-30": "29.48%", "2014-03-31": "31.78%", "2013-12-31": "34.10%", "2013-09-30": "35.23%", "2013-06-30": "37.56%", "2013-03-31": "37.25%", "2012-12-31": "36.79%", "2012-09-30": "38.48%", "2012-06-30": "39.33%", "2012-03-31": "38.88%", "2011-12-31": "39.69%", "2011-09-30": "39.33%", "2011-06-30": "36.76%", "2011-03-31": "35.99%", "2010-12-31": "36.71%", "2010-09-30": "32.94%", "2010-06-30": "26.43%", "2010-03-31": "19.33%", "2009-12-31": "12.25%", "2009-09-30": "14.42%", "2009-06-30": "19.56%", "2009-03-31": "25.80%", "2008-12-31": "30.48%", "2008-09-30": "31.94%", "2008-06-30": "33.84%", "2008-03-31": "34.12%", "2007-12-31": "63.31%", "2007-09-30": "75.47%", "2007-06-30": "73.88%", "2007-03-31": "76.25%", "2006-12-31": "49.40%", "2006-09-30": "35.71%", "2006-06-30": "34.92%", "2006-03-31": "32.31%", "2005-12-31": "31.04%"}, "return on assets": {"2020-12-31": "17.75%", "2020-09-30": "14.44%", "2020-06-30": "11.30%", "2020-03-31": "10.93%", "2019-12-31": "14.45%", "2019-09-30": "11.37%", "2019-06-30": "16.79%", "2019-03-31": "15.99%", "2018-12-31": "13.88%", "2018-09-30": "8.32%", "2018-06-30": "5.92%", "2018-03-31": "5.89%", "2017-12-31": "5.24%", "2017-09-30": "11.58%", "2017-06-30": "11.34%", "2017-03-31": "11.11%", "2016-12-31": "11.02%", "2016-09-30": "10.85%", "2016-06-30": "11.38%", "2016-03-31": "11.81%", "2015-12-31": "12.53%", "2015-09-30": "13.09%", "2015-06-30": "13.94%", "2015-03-31": "13.97%", "2014-12-31": "13.62%", "2014-09-30": "13.50%", "2014-06-30": "13.15%", "2014-03-31": "13.44%", "2013-12-31": "13.63%", "2013-09-30": "13.12%", "2013-06-30": "12.91%", "2013-03-31": "12.88%", "2012-12-31": "12.90%", "2012-09-30": "13.56%", "2012-06-30": "13.90%", "2012-03-31": "13.73%", "2011-12-31": "13.90%", "2011-09-30": "13.60%", "2011-06-30": "12.52%", "2011-03-31": "11.74%", "2010-12-31": "11.48%", "2010-09-30": "10.12%", "2010-06-30": "8.11%", "2010-03-31": "6.34%", "2009-12-31": "4.22%", "2009-09-30": "5.19%", "2009-06-30": "7.34%", "2009-03-31": "9.58%", "2008-12-31": "11.32%", "2008-09-30": "11.80%", "2008-06-30": "12.63%", "2008-03-31": "13.20%", "2007-12-31": "25.73%", "2007-09-30": "31.29%", "2007-06-30": "31.00%", "2007-03-31": "30.33%", "2006-12-31": "18.39%", "2006-09-30": "12.84%", "2006-06-30": "12.20%", "2006-03-31": "12.10%", "2005-12-31": "12.49%"}, "return on investments": {"2020-12-31": "45.73%", "2020-09-30": "37.02%", "2020-06-30": "31.55%", "2020-03-31": "30.96%", "2019-12-31": "38.03%", "2019-09-30": "32.03%", "2019-06-30": "45.26%", "2019-03-31": "44.52%", "2018-12-31": "41.25%", "2018-09-30": "44.08%", "2018-06-30": "34.16%", "2018-03-31": "33.00%", "2017-12-31": "30.42%", "2017-09-30": "29.51%", "2017-06-30": "29.32%", "2017-03-31": "28.16%", "2016-12-31": "27.21%", "2016-09-30": "25.82%", "2016-06-30": "26.52%", "2016-03-31": "26.68%", "2015-12-31": "27.63%", "2015-09-30": "29.41%", "2015-06-30": "31.38%", "2015-03-31": "31.98%", "2014-12-31": "32.10%", "2014-09-30": "31.42%", "2014-06-30": "29.90%", "2014-03-31": "30.97%", "2013-12-31": "32.07%", "2013-09-30": "32.12%", "2013-06-30": "33.34%", "2013-03-31": "33.17%", "2012-12-31": "33.00%", "2012-09-30": "34.25%", "2012-06-30": "34.61%", "2012-03-31": "33.83%", "2011-12-31": "33.67%", "2011-09-30": "32.42%", "2011-06-30": "29.56%", "2011-03-31": "28.49%", "2010-12-31": "26.85%", "2010-09-30": "23.59%", "2010-06-30": "18.29%", "2010-03-31": "13.29%", "2009-12-31": "9.73%", "2009-09-30": "11.24%", "2009-06-30": "16.68%", "2009-03-31": "22.52%", "2008-12-31": "27.32%", "2008-09-30": "29.82%", "2008-06-30": "33.16%", "2008-03-31": "35.09%", "2007-12-31": "33.45%", "2007-09-30": "31.98%", "2007-06-30": "29.46%", "2007-03-31": "27.56%", "2006-12-31": "29.32%", "2006-09-30": "30.01%", "2006-06-30": "25.44%", "2006-03-31": "25.29%", "2005-12-31": "24.69%"}, "return on tangible equity": {"2020-12-31": "-161.14%", "2020-09-30": "-117.90%", "2020-06-30": "-86.60%", "2020-03-31": "-107.67%", "2019-12-31": "-212.14%", "2019-09-30": "-294.80%", "2019-06-30": "1686.53%", "2019-03-31": "755.64%", "2018-12-31": "314.39%", "2018-09-30": "111.55%", "2018-06-30": "53.69%", "2018-03-31": "44.94%", "2017-12-31": "37.89%", "2017-09-30": "85.37%", "2017-06-30": "101.41%", "2017-03-31": "97.66%", "2016-12-31": "92.74%", "2016-09-30": "82.88%", "2016-06-30": "77.29%", "2016-03-31": "71.78%", "2015-12-31": "70.12%", "2015-09-30": "68.51%", "2015-06-30": "67.36%", "2015-03-31": "65.17%", "2014-12-31": "61.52%", "2014-09-30": "59.03%", "2014-06-30": "56.71%", "2014-03-31": "64.14%", "2013-12-31": "73.14%", "2013-09-30": "82.42%", "2013-06-30": "97.88%", "2013-03-31": "96.30%", "2012-12-31": "93.46%", "2012-09-30": "97.17%", "2012-06-30": "101.85%", "2012-03-31": "102.99%", "2011-12-31": "108.07%", "2011-09-30": "112.87%", "2011-06-30": "112.41%", "2011-03-31": "125.56%", "2010-12-31": "154.13%", "2010-09-30": "160.76%", "2010-06-30": "145.82%", "2010-03-31": "93.32%", "2009-12-31": "53.37%", "2009-09-30": "53.87%", "2009-06-30": "63.86%", "2009-03-31": "79.31%", "2008-12-31": "88.60%", "2008-09-30": "91.00%", "2008-06-30": "92.83%", "2008-03-31": "81.85%", "2007-12-31": "131.99%", "2007-09-30": "141.01%", "2007-06-30": "127.32%", "2007-03-31": "145.45%", "2006-12-31": "109.39%", "2006-09-30": "95.90%", "2006-06-30": "116.06%", "2006-03-31": "97.21%", "2005-12-31": "85.35%"}, "dividend yield history": {"last payout": "$4.28", "last yield": "1.76%"}}