{"ticker": "ROL", "price": {"title": "Rollins Historical Annual Stock Price Data", "value": 37.65, "historical": {"2021": {"Average Stock Price": "37.8518", "Year Open": "38.2400", "Year High": "41.5100", "Year Low": "34.9500", "Year Close": "37.6500", "Annual % Change": "-3.63%"}, "2020": {"Average Stock Price": "31.2586", "Year Open": "22.2267", "Year High": "42.1933", "Year Low": "21.0467", "Year Close": "39.0700", "Annual % Change": "76.73%"}, "2019": {"Average Stock Price": "24.5908", "Year Open": "23.8467", "Year High": "29.1667", "Year Low": "21.0200", "Year Close": "22.1067", "Annual % Change": "-8.14%"}, "2018": {"Average Stock Price": "24.0863", "Year Open": "20.7333", "Year High": "28.5156", "Year Low": "20.2044", "Year Close": "24.0667", "Annual % Change": "16.38%"}, "2017": {"Average Stock Price": "18.3820", "Year Open": "14.8844", "Year High": "21.2489", "Year Low": "14.6267", "Year Close": "20.6800", "Annual % Change": "37.74%"}, "2016": {"Average Stock Price": "12.6904", "Year Open": "11.2444", "Year High": "15.1511", "Year Low": "10.7022", "Year Close": "15.0133", "Annual % Change": "30.42%"}, "2015": {"Average Stock Price": "11.4943", "Year Open": "9.6148", "Year High": "13.4889", "Year Low": "9.4548", "Year Close": "11.5111", "Annual % Change": "17.37%"}, "2014": {"Average Stock Price": "8.9527", "Year Open": "8.7496", "Year High": "10.0119", "Year Low": "8.0444", "Year Close": "9.8074", "Annual % Change": "9.28%"}, "2013": {"Average Stock Price": "7.6039", "Year Open": "6.7437", "Year High": "9.0044", "Year Low": "6.6756", "Year Close": "8.9748", "Annual % Change": "37.43%"}, "2012": {"Average Stock Price": "6.5550", "Year Open": "6.6074", "Year High": "7.1970", "Year Low": "5.7659", "Year Close": "6.5304", "Annual % Change": "-0.81%"}, "2011": {"Average Stock Price": "5.9220", "Year Open": "5.9200", "Year High": "6.9393", "Year Low": "4.9541", "Year Close": "6.5837", "Annual % Change": "12.51%"}, "2010": {"Average Stock Price": "4.4858", "Year Open": "3.8736", "Year High": "5.9496", "Year Low": "3.6306", "Year Close": "5.8519", "Annual % Change": "53.66%"}, "2009": {"Average Stock Price": "3.4860", "Year Open": "3.5338", "Year High": "3.8835", "Year Low": "2.8247", "Year Close": "3.8084", "Annual % Change": "6.64%"}, "2008": {"Average Stock Price": "3.3331", "Year Open": "3.7294", "Year High": "3.9862", "Year Low": "2.5165", "Year Close": "3.5714", "Annual % Change": "-5.83%"}, "2007": {"Average Stock Price": "3.2851", "Year Open": "2.9524", "Year High": "4.0632", "Year Low": "2.7615", "Year Close": "3.7926", "Annual % Change": "30.26%"}, "2006": {"Average Stock Price": "2.7319", "Year Open": "2.6719", "Year High": "2.9959", "Year Low": "2.4968", "Year Close": "2.9116", "Annual % Change": "12.17%"}, "2005": {"Average Stock Price": "2.5274", "Year Open": "2.2843", "Year High": "2.9011", "Year Low": "2.1052", "Year Close": "2.5956", "Annual % Change": "12.33%"}, "2004": {"Average Stock Price": "2.1511", "Year Open": "2.0060", "Year High": "2.3791", "Year Low": "1.8866", "Year Close": "2.3107", "Annual % Change": "16.72%"}, "2003": {"Average Stock Price": "1.7828", "Year Open": "1.5808", "Year High": "2.1500", "Year Low": "1.4670", "Year Close": "1.9797", "Annual % Change": "32.91%"}, "2002": {"Average Stock Price": "1.2200", "Year Open": "1.1618", "Year High": "1.6236", "Year Low": "1.0711", "Year Close": "1.4895", "Annual % Change": "27.24%"}, "2001": {"Average Stock Price": "1.0974", "Year Open": "1.1231", "Year High": "1.2320", "Year Low": "0.8785", "Year Close": "1.1706", "Annual % Change": "-0.30%"}, "2000": {"Average Stock Price": "0.9084", "Year Open": "0.8890", "Year High": "1.2806", "Year Low": "0.6655", "Year Close": "1.1741", "Annual % Change": "33.74%"}, "1999": {"Average Stock Price": "0.9477", "Year Open": "1.0313", "Year High": "1.0354", "Year Low": "0.8744", "Year Close": "0.8779", "Annual % Change": "-14.28%"}, "1998": {"Average Stock Price": "1.1266", "Year Open": "1.1963", "Year High": "1.2472", "Year Low": "0.9002", "Year Close": "1.0242", "Annual % Change": "-13.58%"}, "1997": {"Average Stock Price": "1.1868", "Year Open": "1.1483", "Year High": "1.4082", "Year Low": "1.0974", "Year Close": "1.1852", "Annual % Change": "1.25%"}, "1996": {"Average Stock Price": "1.2525", "Year Open": "1.3391", "Year High": "1.4486", "Year Low": "1.0757", "Year Close": "1.1706", "Annual % Change": "-9.58%"}, "1995": {"Average Stock Price": "1.4274", "Year Open": "1.3461", "Year High": "1.6680", "Year Low": "1.1120", "Year Close": "1.2946", "Annual % Change": "-4.33%"}, "1994": {"Average Stock Price": "1.5153", "Year Open": "1.5656", "Year High": "1.7921", "Year Low": "1.2946", "Year Close": "1.3532", "Annual % Change": "-15.15%"}, "1993": {"Average Stock Price": "1.4316", "Year Open": "1.3830", "Year High": "1.6165", "Year Low": "1.2507", "Year Close": "1.5949", "Annual % Change": "11.23%"}, "1992": {"Average Stock Price": "1.1885", "Year Open": "1.1073", "Year High": "1.4486", "Year Low": "1.0196", "Year Close": "1.4339", "Annual % Change": "28.36%"}, "1991": {"Average Stock Price": "0.9196", "Year Open": "0.8291", "Year High": "1.1171", "Year Low": "0.7265", "Year Close": "1.1171", "Annual % Change": "34.74%"}, "1990": {"Average Stock Price": "0.7057", "Year Open": "0.7070", "Year High": "0.8389", "Year Low": "0.6243", "Year Close": "0.8291", "Annual % Change": "15.67%"}, "1989": {"Average Stock Price": "0.7076", "Year Open": "0.6926", "Year High": "0.8096", "Year Low": "0.6582", "Year Close": "0.7168", "Annual % Change": "3.49%"}, "1988": {"Average Stock Price": "0.6434", "Year Open": "0.6294", "Year High": "0.7414", "Year Low": "0.5853", "Year Close": "0.6926", "Annual % Change": "16.40%"}}}, "market cap": {"value": "$18.64B"}, "income statement": {"Revenue": {"2020-12-31": "2161.22000", "2019-12-31": "2015.47700", "2018-12-31": "1821.56500", "2017-12-31": "1673.95700", "2016-12-31": "1573.47700", "2015-12-31": "1485.30500", "2014-12-31": "1411.56600", "2013-12-31": "1337.37400", "2012-12-31": "1270.90900", "2011-12-31": "1205.06400", "2010-12-31": "1136.89000", "2009-12-31": "1073.95800", "2008-12-31": "1020.56400", "2007-12-31": "894.92000", "2006-12-31": "858.87800", "2005-12-31": "802.41700"}, "Cost Of Goods Sold": {"2020-12-31": "1048.59200", "2019-12-31": "993.59300", "2018-12-31": "894.43700", "2017-12-31": "819.94300", "2016-12-31": "772.34800", "2015-12-31": "735.97600", "2014-12-31": "707.73900", "2013-12-31": "678.45900", "2012-12-31": "647.57800", "2011-12-31": "616.84200", "2010-12-31": "583.08900", "2009-12-31": "551.00200", "2008-12-31": "534.49400", "2007-12-31": "468.66500", "2006-12-31": "457.86900", "2005-12-31": "437.16000"}, "Gross Profit": {"2020-12-31": "1112.62800", "2019-12-31": "1021.88400", "2018-12-31": "927.12790", "2017-12-31": "854.01400", "2016-12-31": "801.12900", "2015-12-31": "749.32900", "2014-12-31": "703.82700", "2013-12-31": "658.91500", "2012-12-31": "623.33110", "2011-12-31": "588.22200", "2010-12-31": "553.80100", "2009-12-31": "522.95600", "2008-12-31": "486.07000", "2007-12-31": "426.25500", "2006-12-31": "401.00900", "2005-12-31": "365.25700"}, "Research And Development Expenses": {"2020-12-31": "", "2019-12-31": "", "2018-12-31": "", "2017-12-31": "", "2016-12-31": "", "2015-12-31": "", "2014-12-31": "", "2013-12-31": "", "2012-12-31": "", "2011-12-31": "", "2010-12-31": "", "2009-12-31": "", "2008-12-31": "", "2007-12-31": "", "2006-12-31": "", "2005-12-31": ""}, "SG&A Expenses": {"2020-12-31": "656.20700", "2019-12-31": "623.37900", "2018-12-31": "550.69800", "2017-12-31": "503.43300", "2016-12-31": "490.52800", "2015-12-31": "463.74200", "2014-12-31": "441.70600", "2013-12-31": "428.28800", "2012-12-31": "407.48800", "2011-12-31": "388.71000", "2010-12-31": "373.28800", "2009-12-31": "355.59000", "2008-12-31": "339.07800", "2007-12-31": "296.61500", "2006-12-31": "280.57800", "2005-12-31": "259.76300"}, "Other Operating Income Or Expenses": {"2020-12-31": "-6.69100", "2019-12-31": "", "2018-12-31": "", "2017-12-31": "", "2016-12-31": "", "2015-12-31": "", "2014-12-31": "", "2013-12-31": "", "2012-12-31": "", "2011-12-31": "", "2010-12-31": "", "2009-12-31": "", "2008-12-31": "", "2007-12-31": "", "2006-12-31": "", "2005-12-31": ""}, "Operating Expenses": {"2020-12-31": "1799.81900", "2019-12-31": "1747.98100", "2018-12-31": "1511.92700", "2017-12-31": "1379.95600", "2016-12-31": "1313.77800", "2015-12-31": "1244.24000", "2014-12-31": "1192.95400", "2013-12-31": "1146.31800", "2012-12-31": "1094.72100", "2011-12-31": "1043.05500", "2010-12-31": "992.78500", "2009-12-31": "943.76100", "2008-12-31": "907.01500", "2007-12-31": "792.34800", "2006-12-31": "765.30700", "2005-12-31": "717.02700"}, "Operating Income": {"2020-12-31": "361.40100", "2019-12-31": "267.49610", "2018-12-31": "309.63790", "2017-12-31": "294.00100", "2016-12-31": "259.69900", "2015-12-31": "241.06510", "2014-12-31": "218.61210", "2013-12-31": "191.05600", "2012-12-31": "176.18800", "2011-12-31": "162.00900", "2010-12-31": "144.10500", "2009-12-31": "130.19700", "2008-12-31": "113.54900", "2007-12-31": "102.57200", "2006-12-31": "93.57100", "2005-12-31": "85.39000"}, "Total Non-Operating Income/Expense": {"2020-12-31": "-6.68100", "2019-12-31": "-6.33600", "2018-12-31": "1.09500", "2017-12-31": "0.50100", "2016-12-31": "0.93700", "2015-12-31": "2.11300", "2014-12-31": "0.87200", "2013-12-31": "0.55000", "2012-12-31": "0.45400", "2011-12-31": "-0.91300", "2010-12-31": "-0.56000", "2009-12-31": "-3.90600", "2008-12-31": "-0.59500", "2007-12-31": "2.34100", "2006-12-31": "1.58800", "2005-12-31": "2.56500"}, "Pre-Tax Income": {"2020-12-31": "354.72000", "2019-12-31": "261.16000", "2018-12-31": "310.73300", "2017-12-31": "294.50200", "2016-12-31": "260.63600", "2015-12-31": "243.17800", "2014-12-31": "219.48400", "2013-12-31": "191.60600", "2012-12-31": "176.64200", "2011-12-31": "161.09600", "2010-12-31": "143.54500", "2009-12-31": "126.29100", "2008-12-31": "112.95400", "2007-12-31": "104.91300", "2006-12-31": "95.15900", "2005-12-31": "87.95500"}, "Income Taxes": {"2020-12-31": "93.89600", "2019-12-31": "57.81300", "2018-12-31": "79.07000", "2017-12-31": "115.37800", "2016-12-31": "93.26700", "2015-12-31": "91.02900", "2014-12-31": "81.82000", "2013-12-31": "68.27600", "2012-12-31": "65.31000", "2011-12-31": "60.38500", "2010-12-31": "53.54300", "2009-12-31": "42.30700", "2008-12-31": "44.02000", "2007-12-31": "40.18200", "2006-12-31": "37.35000", "2005-12-31": "35.18200"}, "Income After Taxes": {"2020-12-31": "260.82400", "2019-12-31": "203.34700", "2018-12-31": "231.66300", "2017-12-31": "179.12400", "2016-12-31": "167.36900", "2015-12-31": "152.14900", "2014-12-31": "137.66400", "2013-12-31": "123.33000", "2012-12-31": "111.33200", "2011-12-31": "100.71100", "2010-12-31": "90.00200", "2009-12-31": "83.98400", "2008-12-31": "68.93400", "2007-12-31": "64.73100", "2006-12-31": "57.80900", "2005-12-31": "52.77300"}, "Other Income": {"2020-12-31": "", "2019-12-31": "", "2018-12-31": "", "2017-12-31": "", "2016-12-31": "", "2015-12-31": "", "2014-12-31": "", "2013-12-31": "", "2012-12-31": "", "2011-12-31": "", "2010-12-31": "", "2009-12-31": "", "2008-12-31": "", "2007-12-31": "", "2006-12-31": "", "2005-12-31": ""}, "Income From Continuous Operations": {"2020-12-31": "260.82400", "2019-12-31": "203.34700", "2018-12-31": "231.66300", "2017-12-31": "179.12400", "2016-12-31": "167.36900", "2015-12-31": "152.14900", "2014-12-31": "137.66400", "2013-12-31": "123.33000", "2012-12-31": "111.33200", "2011-12-31": "100.71100", "2010-12-31": "90.00200", "2009-12-31": "83.98400", "2008-12-31": "68.93400", "2007-12-31": "64.73100", "2006-12-31": "57.80900", "2005-12-31": "52.77300"}, "Income From Discontinued Operations": {"2020-12-31": "", "2019-12-31": "", "2018-12-31": "", "2017-12-31": "", "2016-12-31": "", "2015-12-31": "", "2014-12-31": "", "2013-12-31": "", "2012-12-31": "", "2011-12-31": "", "2010-12-31": "", "2009-12-31": "", "2008-12-31": "", "2007-12-31": "", "2006-12-31": "", "2005-12-31": ""}, "Net Income": {"2020-12-31": "260.82400", "2019-12-31": "203.34700", "2018-12-31": "231.66300", "2017-12-31": "179.12400", "2016-12-31": "167.36900", "2015-12-31": "152.14900", "2014-12-31": "137.66400", "2013-12-31": "123.33000", "2012-12-31": "111.33200", "2011-12-31": "100.71100", "2010-12-31": "90.00200", "2009-12-31": "83.98400", "2008-12-31": "68.93400", "2007-12-31": "64.73100", "2006-12-31": "57.80900", "2005-12-31": "52.77300"}, "EBITDA": {"2020-12-31": "361.40100", "2019-12-31": "347.04010", "2018-12-31": "374.31290", "2017-12-31": "349.53400", "2016-12-31": "309.59300", "2015-12-31": "283.20410", "2014-12-31": "260.88910", "2013-12-31": "230.36000", "2012-12-31": "214.26200", "2011-12-31": "199.51200", "2010-12-31": "180.51300", "2009-12-31": "167.36600", "2008-12-31": "146.99200", "2007-12-31": "129.64000", "2006-12-31": "120.43100", "2005-12-31": "109.67000"}, "EBIT": {"2020-12-31": "361.40100", "2019-12-31": "267.49610", "2018-12-31": "309.63790", "2017-12-31": "294.00100", "2016-12-31": "259.69900", "2015-12-31": "241.06510", "2014-12-31": "218.61210", "2013-12-31": "191.05600", "2012-12-31": "176.18800", "2011-12-31": "162.00900", "2010-12-31": "144.10500", "2009-12-31": "130.19700", "2008-12-31": "113.54900", "2007-12-31": "102.57200", "2006-12-31": "93.57100", "2005-12-31": "85.39000"}, "Basic Shares Outstanding": {"2020-12-31": "491.60500", "2019-12-31": "491.21550", "2018-12-31": "490.93650", "2017-12-31": "490.47300", "2016-12-31": "491.04900", "2015-12-31": "491.81170", "2014-12-31": "492.06380", "2013-12-31": "493.02220", "2012-12-31": "493.75910", "2011-12-31": "495.72680", "2010-12-31": "499.60130", "2009-12-31": "503.47910", "2008-12-31": "510.31010", "2007-12-31": "513.98550", "2006-12-31": "510.03170", "2005-12-31": "515.60050"}, "Shares Outstanding": {"2020-12-31": "491.60500", "2019-12-31": "491.21550", "2018-12-31": "490.93650", "2017-12-31": "490.47300", "2016-12-31": "491.04900", "2015-12-31": "491.81170", "2014-12-31": "492.06380", "2013-12-31": "493.02220", "2012-12-31": "493.78270", "2011-12-31": "495.94270", "2010-12-31": "500.27960", "2009-12-31": "504.98100", "2008-12-31": "512.42630", "2007-12-31": "517.41280", "2006-12-31": "523.02720", "2005-12-31": "529.83110"}, "Basic EPS": {"2020-12-31": "0.53000", "2019-12-31": "0.41330", "2018-12-31": "0.47330", "2017-12-31": "0.36670", "2016-12-31": "0.34000", "2015-12-31": "0.31110", "2014-12-31": "0.28000", "2013-12-31": "0.24890", "2012-12-31": "0.22520", "2011-12-31": "0.20440", "2010-12-31": "0.18070", "2009-12-31": "0.16590", "2008-12-31": "0.13630", "2007-12-31": "0.12640", "2006-12-31": "0.11260", "2005-12-31": "0.10270"}, "EPS - Earnings Per Share": {"2020-12-31": "0.53000", "2019-12-31": "0.41330", "2018-12-31": "0.47330", "2017-12-31": "0.36670", "2016-12-31": "0.34000", "2015-12-31": "0.31110", "2014-12-31": "0.28000", "2013-12-31": "0.24890", "2012-12-31": "0.22520", "2011-12-31": "0.20440", "2010-12-31": "0.18070", "2009-12-31": "0.16590", "2008-12-31": "0.13330", "2007-12-31": "0.12640", "2006-12-31": "0.11060", "2005-12-31": "0.10070"}}, "income statement, quarterly": {"Revenue": {"2020-12-31": "536.29200", "2020-09-30": "583.69800", "2020-06-30": "553.32900", "2020-03-31": "487.90100", "2019-12-31": "505.98500", "2019-09-30": "556.46600", "2019-06-30": "523.95700", "2019-03-31": "429.06900", "2018-12-31": "444.62290", "2018-09-30": "487.73900", "2018-06-30": "480.46100", "2018-03-31": "408.74200", "2017-12-31": "414.71300", "2017-09-30": "450.44200", "2017-06-30": "433.55500", "2017-03-31": "375.24700", "2016-12-31": "385.61400", "2016-09-30": "423.99400", "2016-06-30": "411.13300", "2016-03-31": "352.73600", "2015-12-31": "362.50010", "2015-09-30": "399.74600", "2015-06-30": "392.15000", "2015-03-31": "330.90900", "2014-12-31": "343.95100", "2014-09-30": "384.87000", "2014-06-30": "369.35700", "2014-03-31": "313.38800", "2013-12-31": "324.70700", "2013-09-30": "362.15500", "2013-06-30": "350.79800", "2013-03-31": "299.71400", "2012-12-31": "306.39310", "2012-09-30": "340.17900", "2012-06-30": "334.87200", "2012-03-31": "289.46500", "2011-12-31": "289.05600", "2011-09-30": "323.92900", "2011-06-30": "320.43600", "2011-03-31": "271.64300", "2010-12-31": "279.92800", "2010-09-30": "305.11800", "2010-06-30": "298.80300", "2010-03-31": "253.04100", "2009-12-31": "259.56700", "2009-09-30": "286.85200", "2009-06-30": "284.56700", "2009-03-31": "242.97200", "2008-12-31": "248.07600", "2008-09-30": "277.91100", "2008-06-30": "284.49900", "2008-03-31": "210.07800", "2007-12-31": "215.95400", "2007-09-30": "238.11600", "2007-06-30": "239.61800", "2007-03-31": "201.23200", "2006-12-31": "204.65300", "2006-09-30": "227.81600", "2006-06-30": "232.22200", "2006-03-31": "194.18700", "2005-12-31": "194.83000", "2005-09-30": "209.34600", "2005-06-30": "214.32600", "2005-03-31": "183.91500"}, "Cost Of Goods Sold": {"2020-12-31": "266.34400", "2020-09-30": "275.47400", "2020-06-30": "255.62200", "2020-03-31": "251.15200", "2019-12-31": "254.28400", "2019-09-30": "268.71800", "2019-06-30": "253.33300", "2019-03-31": "217.25800", "2018-12-31": "221.23500", "2018-09-30": "236.28700", "2018-06-30": "230.77200", "2018-03-31": "206.14300", "2017-12-31": "207.51900", "2017-09-30": "218.78100", "2017-06-30": "204.48000", "2017-03-31": "189.16300", "2016-12-31": "192.99500", "2016-09-30": "205.60800", "2016-06-30": "195.94300", "2016-03-31": "177.80200", "2015-12-31": "182.23500", "2015-09-30": "195.48900", "2015-06-30": "190.20900", "2015-03-31": "168.04300", "2014-12-31": "174.97900", "2014-09-30": "188.81000", "2014-06-30": "182.64200", "2014-03-31": "161.30800", "2013-12-31": "167.35700", "2013-09-30": "181.13500", "2013-06-30": "174.36100", "2013-03-31": "155.60600", "2012-12-31": "163.02500", "2012-09-30": "170.47800", "2012-06-30": "165.99300", "2012-03-31": "148.08200", "2011-12-31": "151.20200", "2011-09-30": "165.09700", "2011-06-30": "159.64500", "2011-03-31": "140.89800", "2010-12-31": "147.62200", "2010-09-30": "156.06400", "2010-06-30": "148.42800", "2010-03-31": "130.97500", "2009-12-31": "136.56200", "2009-09-30": "147.43600", "2009-06-30": "141.63300", "2009-03-31": "125.37100", "2008-12-31": "133.05000", "2008-09-30": "145.41500", "2008-06-30": "146.07600", "2008-03-31": "109.95300", "2007-12-31": "117.19900", "2007-09-30": "123.02900", "2007-06-30": "121.60100", "2007-03-31": "106.83600", "2006-12-31": "112.61400", "2006-09-30": "119.20600", "2006-06-30": "119.03500", "2006-03-31": "107.01400", "2005-12-31": "112.53400", "2005-09-30": "110.08300", "2005-06-30": "114.29400", "2005-03-31": "100.24900"}, "Gross Profit": {"2020-12-31": "269.94800", "2020-09-30": "308.22400", "2020-06-30": "297.70700", "2020-03-31": "236.74900", "2019-12-31": "251.70100", "2019-09-30": "287.74800", "2019-06-30": "270.62400", "2019-03-31": "211.81100", "2018-12-31": "223.38790", "2018-09-30": "251.45200", "2018-06-30": "249.68900", "2018-03-31": "202.59900", "2017-12-31": "207.19400", "2017-09-30": "231.66100", "2017-06-30": "229.07500", "2017-03-31": "186.08400", "2016-12-31": "192.61900", "2016-09-30": "218.38600", "2016-06-30": "215.19000", "2016-03-31": "174.93400", "2015-12-31": "180.26500", "2015-09-30": "204.25700", "2015-06-30": "201.94100", "2015-03-31": "162.86600", "2014-12-31": "168.97200", "2014-09-30": "196.06000", "2014-06-30": "186.71500", "2014-03-31": "152.08000", "2013-12-31": "157.35010", "2013-09-30": "181.02000", "2013-06-30": "176.43700", "2013-03-31": "144.10800", "2012-12-31": "143.36810", "2012-09-30": "169.70100", "2012-06-30": "168.87900", "2012-03-31": "141.38300", "2011-12-31": "137.85400", "2011-09-30": "158.83200", "2011-06-30": "160.79100", "2011-03-31": "130.74500", "2010-12-31": "132.30600", "2010-09-30": "149.05400", "2010-06-30": "150.37500", "2010-03-31": "122.06600", "2009-12-31": "123.00500", "2009-09-30": "139.41600", "2009-06-30": "142.93400", "2009-03-31": "117.60100", "2008-12-31": "115.02600", "2008-09-30": "132.49600", "2008-06-30": "138.42300", "2008-03-31": "100.12500", "2007-12-31": "98.75500", "2007-09-30": "115.08700", "2007-06-30": "118.01700", "2007-03-31": "94.39600", "2006-12-31": "92.03900", "2006-09-30": "108.61000", "2006-06-30": "113.18700", "2006-03-31": "87.17300", "2005-12-31": "82.29600", "2005-09-30": "99.26300", "2005-06-30": "100.03200", "2005-03-31": "83.66600"}, "Research And Development Expenses": {"2020-12-31": "", "2020-09-30": "", "2020-06-30": "", "2020-03-31": "", "2019-12-31": "", "2019-09-30": "", "2019-06-30": "", "2019-03-31": "", "2018-12-31": "", "2018-09-30": "", "2018-06-30": "", "2018-03-31": "", "2017-12-31": "", "2017-09-30": "", "2017-06-30": "", "2017-03-31": "", "2016-12-31": "", "2016-09-30": "", "2016-06-30": "", "2016-03-31": "", "2015-12-31": "", "2015-09-30": "", "2015-06-30": "", "2015-03-31": "", "2014-12-31": "", "2014-09-30": "", "2014-06-30": "", "2014-03-31": "", "2013-12-31": "", "2013-09-30": "", "2013-06-30": "", "2013-03-31": "", "2012-12-31": "", "2012-09-30": "", "2012-06-30": "", "2012-03-31": "", "2011-12-31": "", "2011-09-30": "", "2011-06-30": "", "2011-03-31": "", "2010-12-31": "", "2010-09-30": "", "2010-06-30": "", "2010-03-31": "", "2009-12-31": "", "2009-09-30": "", "2009-06-30": "", "2009-03-31": "", "2008-12-31": "", "2008-09-30": "", "2008-06-30": "", "2008-03-31": "", "2007-12-31": "", "2007-09-30": "", "2007-06-30": "", "2007-03-31": "", "2006-12-31": "", "2006-09-30": "", "2006-06-30": "", "2006-03-31": "", "2005-12-31": "", "2005-09-30": "", "2005-06-30": "", "2005-03-31": ""}, "SG&A Expenses": {"2020-12-31": "159.08600", "2020-09-30": "168.00600", "2020-06-30": "171.25300", "2020-03-31": "157.86200", "2019-12-31": "154.79500", "2019-09-30": "167.16800", "2019-06-30": "161.88600", "2019-03-31": "139.53000", "2018-12-31": "135.76000", "2018-09-30": "145.07200", "2018-06-30": "143.37900", "2018-03-31": "126.48700", "2017-12-31": "123.68000", "2017-09-30": "134.93200", "2017-06-30": "129.66700", "2017-03-31": "115.15400", "2016-12-31": "126.32100", "2016-09-30": "125.40700", "2016-06-30": "126.54500", "2016-03-31": "112.25500", "2015-12-31": "117.60100", "2015-09-30": "121.94400", "2015-06-30": "118.62200", "2015-03-31": "105.57500", "2014-12-31": "111.35700", "2014-09-30": "118.76500", "2014-06-30": "110.75200", "2014-03-31": "100.83200", "2013-12-31": "106.60800", "2013-09-30": "113.02800", "2013-06-30": "109.51800", "2013-03-31": "99.13400", "2012-12-31": "98.07600", "2012-09-30": "108.52000", "2012-06-30": "106.06800", "2012-03-31": "94.82400", "2011-12-31": "93.05900", "2011-09-30": "102.39600", "2011-06-30": "101.75700", "2011-03-31": "91.49800", "2010-12-31": "92.50100", "2010-09-30": "98.90900", "2010-06-30": "96.96300", "2010-03-31": "84.91500", "2009-12-31": "88.56300", "2009-09-30": "93.23300", "2009-06-30": "91.80600", "2009-03-31": "81.98800", "2008-12-31": "84.12000", "2008-09-30": "91.44000", "2008-06-30": "92.03000", "2008-03-31": "71.48800", "2007-12-31": "74.63300", "2007-09-30": "78.15400", "2007-06-30": "76.78700", "2007-03-31": "67.04100", "2006-12-31": "69.23800", "2006-09-30": "74.47200", "2006-06-30": "74.36800", "2006-03-31": "62.50000", "2005-12-31": "64.92400", "2005-09-30": "68.57400", "2005-06-30": "67.59400", "2005-03-31": "58.67100"}, "Other Operating Income Or Expenses": {"2020-12-31": "", "2020-09-30": "-6.69100", "2020-06-30": "", "2020-03-31": "", "2019-12-31": "", "2019-09-30": "", "2019-06-30": "", "2019-03-31": "", "2018-12-31": "", "2018-09-30": "", "2018-06-30": "", "2018-03-31": "", "2017-12-31": "", "2017-09-30": "", "2017-06-30": "", "2017-03-31": "", "2016-12-31": "", "2016-09-30": "", "2016-06-30": "", "2016-03-31": "", "2015-12-31": "", "2015-09-30": "", "2015-06-30": "", "2015-03-31": "", "2014-12-31": "", "2014-09-30": "", "2014-06-30": "", "2014-03-31": "", "2013-12-31": "", "2013-09-30": "", "2013-06-30": "", "2013-03-31": "", "2012-12-31": "", "2012-09-30": "", "2012-06-30": "", "2012-03-31": "", "2011-12-31": "", "2011-09-30": "", "2011-06-30": "", "2011-03-31": "", "2010-12-31": "", "2010-09-30": "", "2010-06-30": "", "2010-03-31": "", "2009-12-31": "", "2009-09-30": "", "2009-06-30": "", "2009-03-31": "", "2008-12-31": "", "2008-09-30": "", "2008-06-30": "", "2008-03-31": "", "2007-12-31": "", "2007-09-30": "", "2007-06-30": "", "2007-03-31": "", "2006-12-31": "", "2006-09-30": "", "2006-06-30": "", "2006-03-31": "", "2005-12-31": "", "2005-09-30": "", "2005-06-30": "", "2005-03-31": ""}, "Operating Expenses": {"2020-12-31": "447.83300", "2020-09-30": "472.57500", "2020-06-30": "448.80000", "2020-03-31": "430.61100", "2019-12-31": "431.68490", "2019-09-30": "507.47400", "2019-06-30": "435.35100", "2019-03-31": "373.47100", "2018-12-31": "373.63790", "2018-09-30": "398.22600", "2018-06-30": "390.51700", "2018-03-31": "349.54600", "2017-12-31": "346.14810", "2017-09-30": "368.02600", "2017-06-30": "347.69400", "2017-03-31": "318.08800", "2016-12-31": "333.14510", "2016-09-30": "344.09800", "2016-06-30": "334.83800", "2016-03-31": "301.69700", "2015-12-31": "311.17600", "2015-09-30": "328.58900", "2015-06-30": "320.07600", "2015-03-31": "284.39900", "2014-12-31": "297.58600", "2014-09-30": "319.01200", "2014-06-30": "304.00200", "2014-03-31": "272.35400", "2013-12-31": "283.79800", "2013-09-30": "304.23900", "2013-06-30": "293.64700", "2013-03-31": "264.63400", "2012-12-31": "271.91100", "2012-09-30": "288.46300", "2012-06-30": "281.67400", "2012-03-31": "252.67300", "2011-12-31": "253.93890", "2011-09-30": "276.83000", "2011-06-30": "270.69000", "2011-03-31": "241.59600", "2010-12-31": "249.48800", "2010-09-30": "264.04900", "2010-06-30": "254.35800", "2010-03-31": "224.89000", "2009-12-31": "234.17000", "2009-09-30": "249.99000", "2009-06-30": "242.81300", "2009-03-31": "216.78800", "2008-12-31": "226.26600", "2008-09-30": "245.88600", "2008-06-30": "246.79100", "2008-03-31": "188.07200", "2007-12-31": "198.41800", "2007-09-30": "208.06800", "2007-06-30": "205.29900", "2007-03-31": "180.56300", "2006-12-31": "188.31200", "2006-09-30": "200.34000", "2006-06-30": "200.34800", "2006-03-31": "176.30700", "2005-12-31": "183.92990", "2005-09-30": "184.45700", "2005-06-30": "183.75700", "2005-03-31": "164.88300"}, "Operating Income": {"2020-12-31": "88.45900", "2020-09-30": "111.12300", "2020-06-30": "104.52900", "2020-03-31": "57.29000", "2019-12-31": "74.30010", "2019-09-30": "48.99200", "2019-06-30": "88.60600", "2019-03-31": "55.59800", "2018-12-31": "70.98500", "2018-09-30": "89.51300", "2018-06-30": "89.94400", "2018-03-31": "59.19600", "2017-12-31": "68.56490", "2017-09-30": "82.41600", "2017-06-30": "85.86100", "2017-03-31": "57.15900", "2016-12-31": "52.46900", "2016-09-30": "79.89600", "2016-06-30": "76.29500", "2016-03-31": "51.03900", "2015-12-31": "51.32400", "2015-09-30": "71.15700", "2015-06-30": "72.07400", "2015-03-31": "46.51000", "2014-12-31": "46.36510", "2014-09-30": "65.85800", "2014-06-30": "65.35500", "2014-03-31": "41.03400", "2013-12-31": "40.90900", "2013-09-30": "57.91600", "2013-06-30": "57.15100", "2013-03-31": "35.08000", "2012-12-31": "34.48210", "2012-09-30": "51.71600", "2012-06-30": "53.19800", "2012-03-31": "36.79200", "2011-12-31": "35.11710", "2011-09-30": "47.09900", "2011-06-30": "49.74600", "2011-03-31": "30.04700", "2010-12-31": "30.43990", "2010-09-30": "41.06900", "2010-06-30": "44.44500", "2010-03-31": "28.15100", "2009-12-31": "25.39700", "2009-09-30": "36.86200", "2009-06-30": "41.75400", "2009-03-31": "26.18400", "2008-12-31": "21.81000", "2008-09-30": "32.02500", "2008-06-30": "37.70800", "2008-03-31": "22.00600", "2007-12-31": "17.53600", "2007-09-30": "30.04800", "2007-06-30": "34.31900", "2007-03-31": "20.66900", "2006-12-31": "16.34100", "2006-09-30": "27.47600", "2006-06-30": "31.87400", "2006-03-31": "17.88000", "2005-12-31": "10.90010", "2005-09-30": "24.88900", "2005-06-30": "30.56900", "2005-03-31": "19.03200"}, "Total Non-Operating Income/Expense": {"2020-12-31": "-1.56100", "2020-09-30": "-2.22100", "2020-06-30": "-1.00900", "2020-03-31": "-1.89000", "2019-12-31": "-2.29100", "2019-09-30": "-2.85300", "2019-06-30": "-1.64700", "2019-03-31": "0.45500", "2018-12-31": "0.48700", "2018-09-30": "0.37700", "2018-06-30": "0.23300", "2018-03-31": "-0.00200", "2017-12-31": "-0.02100", "2017-09-30": "0.14500", "2017-06-30": "0.27800", "2017-03-31": "0.09900", "2016-12-31": "0.06100", "2016-09-30": "0.07000", "2016-06-30": "0.66700", "2016-03-31": "0.13900", "2015-12-31": "0.47500", "2015-09-30": "1.27600", "2015-06-30": "0.26000", "2015-03-31": "0.10200", "2014-12-31": "0.17000", "2014-09-30": "0.06200", "2014-06-30": "0.31600", "2014-03-31": "0.32400", "2013-12-31": "0.27700", "2013-09-30": "0.10100", "2013-06-30": "0.12700", "2013-03-31": "0.04500", "2012-12-31": "0.54400", "2012-09-30": "-0.01900", "2012-06-30": "-0.02000", "2012-03-31": "-0.05100", "2011-12-31": "-0.46400", "2011-09-30": "-0.07900", "2011-06-30": "-0.17800", "2011-03-31": "-0.19200", "2010-12-31": "-0.29500", "2010-09-30": "-0.10000", "2010-06-30": "-0.06600", "2010-03-31": "-0.09900", "2009-12-31": "-3.05300", "2009-09-30": "-0.18900", "2009-06-30": "-0.24100", "2009-03-31": "-0.42300", "2008-12-31": "-0.93600", "2008-09-30": "-0.02000", "2008-06-30": "-0.37900", "2008-03-31": "0.74000", "2007-12-31": "0.68800", "2007-09-30": "0.48300", "2007-06-30": "0.61100", "2007-03-31": "0.55900", "2006-12-31": "0.60500", "2006-09-30": "0.34900", "2006-06-30": "0.34200", "2006-03-31": "0.29200", "2005-12-31": "0.71600", "2005-09-30": "0.49000", "2005-06-30": "0.90000", "2005-03-31": "0.45900"}, "Pre-Tax Income": {"2020-12-31": "86.89800", "2020-09-30": "108.90200", "2020-06-30": "103.52000", "2020-03-31": "55.40000", "2019-12-31": "72.00900", "2019-09-30": "46.13900", "2019-06-30": "86.95900", "2019-03-31": "56.05300", "2018-12-31": "71.47200", "2018-09-30": "89.89000", "2018-06-30": "90.17700", "2018-03-31": "59.19400", "2017-12-31": "68.54400", "2017-09-30": "82.56100", "2017-06-30": "86.13900", "2017-03-31": "57.25800", "2016-12-31": "52.53000", "2016-09-30": "79.96600", "2016-06-30": "76.96200", "2016-03-31": "51.17800", "2015-12-31": "51.79900", "2015-09-30": "72.43300", "2015-06-30": "72.33400", "2015-03-31": "46.61200", "2014-12-31": "46.53500", "2014-09-30": "65.92000", "2014-06-30": "65.67100", "2014-03-31": "41.35800", "2013-12-31": "41.18600", "2013-09-30": "58.01700", "2013-06-30": "57.27800", "2013-03-31": "35.12500", "2012-12-31": "35.02600", "2012-09-30": "51.69700", "2012-06-30": "53.17800", "2012-03-31": "36.74100", "2011-12-31": "34.65300", "2011-09-30": "47.02000", "2011-06-30": "49.56800", "2011-03-31": "29.85500", "2010-12-31": "30.14500", "2010-09-30": "40.96900", "2010-06-30": "44.37900", "2010-03-31": "28.05200", "2009-12-31": "22.34400", "2009-09-30": "36.67300", "2009-06-30": "41.51300", "2009-03-31": "25.76100", "2008-12-31": "20.87400", "2008-09-30": "32.00500", "2008-06-30": "37.32900", "2008-03-31": "22.74600", "2007-12-31": "18.22400", "2007-09-30": "30.53100", "2007-06-30": "34.93000", "2007-03-31": "21.22800", "2006-12-31": "16.94600", "2006-09-30": "27.82500", "2006-06-30": "32.21600", "2006-03-31": "18.17200", "2005-12-31": "11.61600", "2005-09-30": "25.37900", "2005-06-30": "31.46900", "2005-03-31": "19.49100"}, "Income Taxes": {"2020-12-31": "24.27900", "2020-09-30": "29.32300", "2020-06-30": "28.16200", "2020-03-31": "12.13200", "2019-12-31": "21.24400", "2019-09-30": "2.07800", "2019-06-30": "22.66400", "2019-03-31": "11.82700", "2018-12-31": "20.50400", "2018-09-30": "23.26200", "2018-06-30": "24.63500", "2018-03-31": "10.66900", "2017-12-31": "34.80900", "2017-09-30": "31.13100", "2017-06-30": "32.45000", "2017-03-31": "16.98800", "2016-12-31": "14.52300", "2016-09-30": "30.31500", "2016-06-30": "29.17900", "2016-03-31": "19.25000", "2015-12-31": "20.05000", "2015-09-30": "27.38700", "2015-06-30": "27.26100", "2015-03-31": "16.33100", "2014-12-31": "16.61800", "2014-09-30": "24.79900", "2014-06-30": "24.81100", "2014-03-31": "15.59200", "2013-12-31": "13.22900", "2013-09-30": "21.81700", "2013-06-30": "21.28400", "2013-03-31": "11.94600", "2012-12-31": "12.11200", "2012-09-30": "19.48600", "2012-06-30": "20.05100", "2012-03-31": "13.66100", "2011-12-31": "13.05800", "2011-09-30": "17.60500", "2011-06-30": "18.50700", "2011-03-31": "11.21500", "2010-12-31": "10.93900", "2010-09-30": "15.45600", "2010-06-30": "16.67900", "2010-03-31": "10.46900", "2009-12-31": "2.38300", "2009-09-30": "13.94000", "2009-06-30": "16.03100", "2009-03-31": "9.95300", "2008-12-31": "8.32100", "2008-09-30": "12.20100", "2008-06-30": "14.59100", "2008-03-31": "8.90700", "2007-12-31": "6.29000", "2007-09-30": "11.76600", "2007-06-30": "13.69100", "2007-03-31": "8.43500", "2006-12-31": "6.40700", "2006-09-30": "10.78800", "2006-06-30": "12.88600", "2006-03-31": "7.26900", "2005-12-31": "4.26200", "2005-09-30": "10.27900", "2005-06-30": "12.74500", "2005-03-31": "7.89600"}, "Income After Taxes": {"2020-12-31": "62.61900", "2020-09-30": "79.57900", "2020-06-30": "75.35800", "2020-03-31": "43.26800", "2019-12-31": "50.76500", "2019-09-30": "44.06100", "2019-06-30": "64.29500", "2019-03-31": "44.22600", "2018-12-31": "50.96800", "2018-09-30": "66.62800", "2018-06-30": "65.54200", "2018-03-31": "48.52500", "2017-12-31": "33.73500", "2017-09-30": "51.43000", "2017-06-30": "53.68900", "2017-03-31": "40.27000", "2016-12-31": "38.00700", "2016-09-30": "49.65100", "2016-06-30": "47.78300", "2016-03-31": "31.92800", "2015-12-31": "31.74900", "2015-09-30": "45.04600", "2015-06-30": "45.07300", "2015-03-31": "30.28100", "2014-12-31": "29.91700", "2014-09-30": "41.12100", "2014-06-30": "40.86000", "2014-03-31": "25.76600", "2013-12-31": "27.95700", "2013-09-30": "36.20000", "2013-06-30": "35.99400", "2013-03-31": "23.17900", "2012-12-31": "22.91400", "2012-09-30": "32.21100", "2012-06-30": "33.12700", "2012-03-31": "23.08000", "2011-12-31": "21.59500", "2011-09-30": "29.41500", "2011-06-30": "31.06100", "2011-03-31": "18.64000", "2010-12-31": "19.20600", "2010-09-30": "25.51300", "2010-06-30": "27.70000", "2010-03-31": "17.58300", "2009-12-31": "19.96100", "2009-09-30": "22.73300", "2009-06-30": "25.48200", "2009-03-31": "15.80800", "2008-12-31": "12.55300", "2008-09-30": "19.80400", "2008-06-30": "22.73800", "2008-03-31": "13.83900", "2007-12-31": "11.93400", "2007-09-30": "18.76500", "2007-06-30": "21.23900", "2007-03-31": "12.79300", "2006-12-31": "10.53900", "2006-09-30": "17.03700", "2006-06-30": "19.33000", "2006-03-31": "10.90300", "2005-12-31": "7.35400", "2005-09-30": "15.10000", "2005-06-30": "18.72400", "2005-03-31": "11.59500"}, "Other Income": {"2020-12-31": "", "2020-09-30": "", "2020-06-30": "", "2020-03-31": "", "2019-12-31": "", "2019-09-30": "", "2019-06-30": "", "2019-03-31": "", "2018-12-31": "", "2018-09-30": "", "2018-06-30": "", "2018-03-31": "", "2017-12-31": "", "2017-09-30": "", "2017-06-30": "", "2017-03-31": "", "2016-12-31": "", "2016-09-30": "", "2016-06-30": "", "2016-03-31": "", "2015-12-31": "", "2015-09-30": "", "2015-06-30": "", "2015-03-31": "", "2014-12-31": "", "2014-09-30": "", "2014-06-30": "", "2014-03-31": "", "2013-12-31": "", "2013-09-30": "", "2013-06-30": "", "2013-03-31": "", "2012-12-31": "", "2012-09-30": "", "2012-06-30": "", "2012-03-31": "", "2011-12-31": "", "2011-09-30": "", "2011-06-30": "", "2011-03-31": "", "2010-12-31": "", "2010-09-30": "", "2010-06-30": "", "2010-03-31": "", "2009-12-31": "", "2009-09-30": "", "2009-06-30": "", "2009-03-31": "", "2008-12-31": "", "2008-09-30": "", "2008-06-30": "", "2008-03-31": "", "2007-12-31": "", "2007-09-30": "", "2007-06-30": "", "2007-03-31": "", "2006-12-31": "", "2006-09-30": "", "2006-06-30": "", "2006-03-31": "", "2005-12-31": "", "2005-09-30": "", "2005-06-30": "", "2005-03-31": ""}, "Income From Continuous Operations": {"2020-12-31": "62.61900", "2020-09-30": "79.57900", "2020-06-30": "75.35800", "2020-03-31": "43.26800", "2019-12-31": "50.76500", "2019-09-30": "44.06100", "2019-06-30": "64.29500", "2019-03-31": "44.22600", "2018-12-31": "50.96800", "2018-09-30": "66.62800", "2018-06-30": "65.54200", "2018-03-31": "48.52500", "2017-12-31": "33.73500", "2017-09-30": "51.43000", "2017-06-30": "53.68900", "2017-03-31": "40.27000", "2016-12-31": "38.00700", "2016-09-30": "49.65100", "2016-06-30": "47.78300", "2016-03-31": "31.92800", "2015-12-31": "31.74900", "2015-09-30": "45.04600", "2015-06-30": "45.07300", "2015-03-31": "30.28100", "2014-12-31": "29.91700", "2014-09-30": "41.12100", "2014-06-30": "40.86000", "2014-03-31": "25.76600", "2013-12-31": "27.95700", "2013-09-30": "36.20000", "2013-06-30": "35.99400", "2013-03-31": "23.17900", "2012-12-31": "22.91400", "2012-09-30": "32.21100", "2012-06-30": "33.12700", "2012-03-31": "23.08000", "2011-12-31": "21.59500", "2011-09-30": "29.41500", "2011-06-30": "31.06100", "2011-03-31": "18.64000", "2010-12-31": "19.20600", "2010-09-30": "25.51300", "2010-06-30": "27.70000", "2010-03-31": "17.58300", "2009-12-31": "19.96100", "2009-09-30": "22.73300", "2009-06-30": "25.48200", "2009-03-31": "15.80800", "2008-12-31": "12.55300", "2008-09-30": "19.80400", "2008-06-30": "22.73800", "2008-03-31": "13.83900", "2007-12-31": "11.93400", "2007-09-30": "18.76500", "2007-06-30": "21.23900", "2007-03-31": "12.79300", "2006-12-31": "10.53900", "2006-09-30": "17.03700", "2006-06-30": "19.33000", "2006-03-31": "10.90300", "2005-12-31": "7.35400", "2005-09-30": "15.10000", "2005-06-30": "18.72400", "2005-03-31": "11.59500"}, "Income From Discontinued Operations": {"2020-12-31": "", "2020-09-30": "", "2020-06-30": "", "2020-03-31": "", "2019-12-31": "", "2019-09-30": "", "2019-06-30": "", "2019-03-31": "", "2018-12-31": "", "2018-09-30": "", "2018-06-30": "", "2018-03-31": "", "2017-12-31": "", "2017-09-30": "", "2017-06-30": "", "2017-03-31": "", "2016-12-31": "", "2016-09-30": "", "2016-06-30": "", "2016-03-31": "", "2015-12-31": "", "2015-09-30": "", "2015-06-30": "", "2015-03-31": "", "2014-12-31": "", "2014-09-30": "", "2014-06-30": "", "2014-03-31": "", "2013-12-31": "", "2013-09-30": "", "2013-06-30": "", "2013-03-31": "", "2012-12-31": "", "2012-09-30": "", "2012-06-30": "", "2012-03-31": "", "2011-12-31": "", "2011-09-30": "", "2011-06-30": "", "2011-03-31": "", "2010-12-31": "", "2010-09-30": "", "2010-06-30": "", "2010-03-31": "", "2009-12-31": "", "2009-09-30": "", "2009-06-30": "", "2009-03-31": "", "2008-12-31": "", "2008-09-30": "", "2008-06-30": "", "2008-03-31": "", "2007-12-31": "", "2007-09-30": "", "2007-06-30": "", "2007-03-31": "", "2006-12-31": "", "2006-09-30": "", "2006-06-30": "", "2006-03-31": "", "2005-12-31": "", "2005-09-30": "", "2005-06-30": "", "2005-03-31": ""}, "Net Income": {"2020-12-31": "62.61900", "2020-09-30": "79.57900", "2020-06-30": "75.35800", "2020-03-31": "43.26800", "2019-12-31": "50.76500", "2019-09-30": "44.06100", "2019-06-30": "64.29500", "2019-03-31": "44.22600", "2018-12-31": "50.96800", "2018-09-30": "66.62800", "2018-06-30": "65.54200", "2018-03-31": "48.52500", "2017-12-31": "33.73500", "2017-09-30": "51.43000", "2017-06-30": "53.68900", "2017-03-31": "40.27000", "2016-12-31": "38.00700", "2016-09-30": "49.65100", "2016-06-30": "47.78300", "2016-03-31": "31.92800", "2015-12-31": "31.74900", "2015-09-30": "45.04600", "2015-06-30": "45.07300", "2015-03-31": "30.28100", "2014-12-31": "29.91700", "2014-09-30": "41.12100", "2014-06-30": "40.86000", "2014-03-31": "25.76600", "2013-12-31": "27.95700", "2013-09-30": "36.20000", "2013-06-30": "35.99400", "2013-03-31": "23.17900", "2012-12-31": "22.91400", "2012-09-30": "32.21100", "2012-06-30": "33.12700", "2012-03-31": "23.08000", "2011-12-31": "21.59500", "2011-09-30": "29.41500", "2011-06-30": "31.06100", "2011-03-31": "18.64000", "2010-12-31": "19.20600", "2010-09-30": "25.51300", "2010-06-30": "27.70000", "2010-03-31": "17.58300", "2009-12-31": "19.96100", "2009-09-30": "22.73300", "2009-06-30": "25.48200", "2009-03-31": "15.80800", "2008-12-31": "12.55300", "2008-09-30": "19.80400", "2008-06-30": "22.73800", "2008-03-31": "13.83900", "2007-12-31": "11.93400", "2007-09-30": "18.76500", "2007-06-30": "21.23900", "2007-03-31": "12.79300", "2006-12-31": "10.53900", "2006-09-30": "17.03700", "2006-06-30": "19.33000", "2006-03-31": "10.90300", "2005-12-31": "7.35400", "2005-09-30": "15.10000", "2005-06-30": "18.72400", "2005-03-31": "11.59500"}, "EBITDA": {"2020-12-31": "", "2020-09-30": "133.52700", "2020-06-30": "126.45400", "2020-03-31": "78.88700", "2019-12-31": "95.33910", "2019-09-30": "70.68200", "2019-06-30": "108.73800", "2019-03-31": "72.28100", "2018-12-31": "85.51100", "2018-09-30": "106.38000", "2018-06-30": "106.31000", "2018-03-31": "76.11200", "2017-12-31": "82.46790", "2017-09-30": "96.72900", "2017-06-30": "99.40700", "2017-03-31": "70.93000", "2016-12-31": "65.29000", "2016-09-30": "92.97900", "2016-06-30": "88.64500", "2016-03-31": "62.67900", "2015-12-31": "60.28100", "2015-09-30": "82.31300", "2015-06-30": "83.31900", "2015-03-31": "57.29100", "2014-12-31": "56.38310", "2014-09-30": "77.29500", "2014-06-30": "75.96300", "2014-03-31": "51.24800", "2013-12-31": "50.47500", "2013-09-30": "67.99200", "2013-06-30": "66.91900", "2013-03-31": "44.97400", "2012-12-31": "43.71110", "2012-09-30": "61.18100", "2012-06-30": "62.81100", "2012-03-31": "46.55900", "2011-12-31": "44.79510", "2011-09-30": "56.43600", "2011-06-30": "59.03400", "2011-03-31": "39.24700", "2010-12-31": "39.80490", "2010-09-30": "50.14500", "2010-06-30": "53.41200", "2010-03-31": "37.15100", "2009-12-31": "34.44200", "2009-09-30": "46.18300", "2009-06-30": "51.12800", "2009-03-31": "35.61300", "2008-12-31": "30.90600", "2008-09-30": "41.05600", "2008-06-30": "46.39300", "2008-03-31": "28.63700", "2007-12-31": "24.12200", "2007-09-30": "36.93300", "2007-06-30": "41.23000", "2007-03-31": "27.35500", "2006-12-31": "22.80100", "2006-09-30": "34.13800", "2006-06-30": "38.81900", "2006-03-31": "24.67300", "2005-12-31": "17.37210", "2005-09-30": "30.68900", "2005-06-30": "36.61400", "2005-03-31": "24.99500"}, "EBIT": {"2020-12-31": "88.45900", "2020-09-30": "111.12300", "2020-06-30": "104.52900", "2020-03-31": "57.29000", "2019-12-31": "74.30010", "2019-09-30": "48.99200", "2019-06-30": "88.60600", "2019-03-31": "55.59800", "2018-12-31": "70.98500", "2018-09-30": "89.51300", "2018-06-30": "89.94400", "2018-03-31": "59.19600", "2017-12-31": "68.56500", "2017-09-30": "82.41600", "2017-06-30": "85.86100", "2017-03-31": "57.15900", "2016-12-31": "52.46900", "2016-09-30": "79.89600", "2016-06-30": "76.29500", "2016-03-31": "51.03900", "2015-12-31": "51.32400", "2015-09-30": "71.15700", "2015-06-30": "72.07400", "2015-03-31": "46.51000", "2014-12-31": "46.36510", "2014-09-30": "65.85800", "2014-06-30": "65.35500", "2014-03-31": "41.03400", "2013-12-31": "40.90910", "2013-09-30": "57.91600", "2013-06-30": "57.15100", "2013-03-31": "35.08000", "2012-12-31": "34.48200", "2012-09-30": "51.71600", "2012-06-30": "53.19800", "2012-03-31": "36.79200", "2011-12-31": "35.11710", "2011-09-30": "47.09900", "2011-06-30": "49.74600", "2011-03-31": "30.04700", "2010-12-31": "30.44000", "2010-09-30": "41.06900", "2010-06-30": "44.44500", "2010-03-31": "28.15100", "2009-12-31": "25.39700", "2009-09-30": "36.86200", "2009-06-30": "41.75400", "2009-03-31": "26.18400", "2008-12-31": "21.81000", "2008-09-30": "32.02500", "2008-06-30": "37.70800", "2008-03-31": "22.00600", "2007-12-31": "17.53600", "2007-09-30": "30.04800", "2007-06-30": "34.31900", "2007-03-31": "20.66900", "2006-12-31": "16.34100", "2006-09-30": "27.47600", "2006-06-30": "31.87400", "2006-03-31": "17.88000", "2005-12-31": "10.90000", "2005-09-30": "24.88900", "2005-06-30": "30.56900", "2005-03-31": "19.03200"}, "Basic Shares Outstanding": {"2020-12-31": "491.61900", "2020-09-30": "491.63100", "2020-06-30": "491.64450", "2020-03-31": "491.52300", "2019-12-31": "491.21550", "2019-09-30": "491.18850", "2019-06-30": "491.25900", "2019-03-31": "491.25900", "2018-12-31": "490.93650", "2018-09-30": "490.98150", "2018-06-30": "490.92300", "2018-03-31": "490.86600", "2017-12-31": "490.47300", "2017-09-30": "490.47300", "2017-06-30": "490.50450", "2017-03-31": "490.43470", "2016-12-31": "491.04900", "2016-09-30": "490.58780", "2016-06-30": "491.48320", "2016-03-31": "492.04350", "2015-12-31": "491.81170", "2015-09-30": "491.83650", "2015-06-30": "491.87930", "2015-03-31": "491.71730", "2014-12-31": "492.06380", "2014-09-30": "492.07500", "2014-06-30": "492.32930", "2014-03-31": "492.71850", "2013-12-31": "493.02220", "2013-09-30": "492.77370", "2013-06-30": "493.45880", "2013-03-31": "493.55330", "2012-12-31": "493.75910", "2012-09-30": "492.94920", "2012-06-30": "494.15740", "2012-03-31": "495.10240", "2011-12-31": "495.72680", "2011-09-30": "494.60290", "2011-06-30": "496.95180", "2011-03-31": "497.72140", "2010-12-31": "499.60130", "2010-09-30": "498.08930", "2010-06-30": "501.41020", "2010-03-31": "502.23370", "2009-12-31": "503.47910", "2009-09-30": "501.82030", "2009-06-30": "504.12880", "2009-03-31": "507.01950", "2008-12-31": "510.31010", "2008-09-30": "502.36710", "2008-06-30": "503.05560", "2008-03-31": "503.15180", "2007-12-31": "513.98550", "2007-09-30": "505.80450", "2007-06-30": "508.60400", "2007-03-31": "511.22140", "2006-12-31": "510.03170", "2006-09-30": "509.29760", "2006-06-30": "513.00340", "2006-03-31": "513.90700", "2005-12-31": "515.60050", "2005-09-30": "517.26340", "2005-06-30": "515.89650", "2005-03-31": "515.93460"}, "Shares Outstanding": {"2020-12-31": "491.61900", "2020-09-30": "491.63100", "2020-06-30": "491.64450", "2020-03-31": "491.52300", "2019-12-31": "491.21550", "2019-09-30": "491.18850", "2019-06-30": "491.25900", "2019-03-31": "491.25900", "2018-12-31": "490.93650", "2018-09-30": "490.98150", "2018-06-30": "490.92300", "2018-03-31": "490.86600", "2017-12-31": "490.47300", "2017-09-30": "490.47300", "2017-06-30": "490.50450", "2017-03-31": "490.43470", "2016-12-31": "491.04900", "2016-09-30": "490.58780", "2016-06-30": "491.48320", "2016-03-31": "492.04350", "2015-12-31": "491.81170", "2015-09-30": "491.83650", "2015-06-30": "491.87930", "2015-03-31": "491.71730", "2014-12-31": "492.06380", "2014-09-30": "492.07500", "2014-06-30": "492.32930", "2014-03-31": "492.71850", "2013-12-31": "493.02220", "2013-09-30": "492.77370", "2013-06-30": "493.45880", "2013-03-31": "493.55330", "2012-12-31": "493.78270", "2012-09-30": "492.95590", "2012-06-30": "494.19450", "2012-03-31": "495.15980", "2011-12-31": "495.94270", "2011-09-30": "494.80540", "2011-06-30": "497.18470", "2011-03-31": "498.04880", "2010-12-31": "500.27960", "2010-09-30": "498.67990", "2010-06-30": "502.19330", "2010-03-31": "503.17540", "2009-12-31": "504.98100", "2009-09-30": "503.35420", "2009-06-30": "505.68800", "2009-03-31": "508.61930", "2008-12-31": "512.42630", "2008-09-30": "510.71510", "2008-06-30": "507.11570", "2008-03-31": "508.28010", "2007-12-31": "517.41280", "2007-09-30": "511.19600", "2007-06-30": "513.90950", "2007-03-31": "521.91340", "2006-12-31": "523.02720", "2006-09-30": "521.69060", "2006-06-30": "525.81400", "2006-03-31": "528.39590", "2005-12-31": "529.83110", "2005-09-30": "531.88140", "2005-06-30": "531.78270", "2005-03-31": "532.04100"}, "Basic EPS": {"2020-12-31": "0.13000", "2020-09-30": "0.16000", "2020-06-30": "0.15330", "2020-03-31": "0.08670", "2019-12-31": "0.10000", "2019-09-30": "0.08670", "2019-06-30": "0.13330", "2019-03-31": "0.09330", "2018-12-31": "0.10670", "2018-09-30": "0.13330", "2018-06-30": "0.13330", "2018-03-31": "0.10000", "2017-12-31": "0.06890", "2017-09-30": "0.10670", "2017-06-30": "0.11110", "2017-03-31": "0.08000", "2016-12-31": "0.07330", "2016-09-30": "0.10220", "2016-06-30": "0.09780", "2016-03-31": "0.06670", "2015-12-31": "0.06220", "2015-09-30": "0.09330", "2015-06-30": "0.09330", "2015-03-31": "0.06220", "2014-12-31": "0.05780", "2014-09-30": "0.08440", "2014-06-30": "0.08440", "2014-03-31": "0.05330", "2013-12-31": "0.05330", "2013-09-30": "0.07410", "2013-06-30": "0.07410", "2013-03-31": "0.04740", "2012-12-31": "0.04440", "2012-09-30": "0.06520", "2012-06-30": "0.06810", "2012-03-31": "0.04740", "2011-12-31": "0.04440", "2011-09-30": "0.05930", "2011-06-30": "0.06220", "2011-03-31": "0.03850", "2010-12-31": "0.03850", "2010-09-30": "0.05040", "2010-06-30": "0.05630", "2010-03-31": "0.03560", "2009-12-31": "0.03750", "2009-09-30": "0.04540", "2009-06-30": "0.05140", "2009-03-31": "0.03160", "2008-12-31": "0.02370", "2008-09-30": "0.03950", "2008-06-30": "0.04540", "2008-03-31": "0.02770", "2007-12-31": "0.02170", "2007-09-30": "0.03750", "2007-06-30": "0.04150", "2007-03-31": "0.02570", "2006-12-31": "0.02040", "2006-09-30": "0.03290", "2006-06-30": "0.03820", "2006-03-31": "0.02110", "2005-12-31": "0.01450", "2005-09-30": "0.02900", "2005-06-30": "0.03690", "2005-03-31": "0.02240"}, "EPS - Earnings Per Share": {"2020-12-31": "0.13000", "2020-09-30": "0.16000", "2020-06-30": "0.15330", "2020-03-31": "0.08670", "2019-12-31": "0.10000", "2019-09-30": "0.08670", "2019-06-30": "0.13330", "2019-03-31": "0.09330", "2018-12-31": "0.10670", "2018-09-30": "0.13330", "2018-06-30": "0.13330", "2018-03-31": "0.10000", "2017-12-31": "0.06890", "2017-09-30": "0.10670", "2017-06-30": "0.11110", "2017-03-31": "0.08000", "2016-12-31": "0.07330", "2016-09-30": "0.10220", "2016-06-30": "0.09780", "2016-03-31": "0.06670", "2015-12-31": "0.06220", "2015-09-30": "0.09330", "2015-06-30": "0.09330", "2015-03-31": "0.06220", "2014-12-31": "0.05780", "2014-09-30": "0.08440", "2014-06-30": "0.08440", "2014-03-31": "0.05330", "2013-12-31": "0.05330", "2013-09-30": "0.07410", "2013-06-30": "0.07410", "2013-03-31": "0.04740", "2012-12-31": "0.04440", "2012-09-30": "0.06520", "2012-06-30": "0.06810", "2012-03-31": "0.04740", "2011-12-31": "0.04440", "2011-09-30": "0.05930", "2011-06-30": "0.06220", "2011-03-31": "0.03850", "2010-12-31": "0.03850", "2010-09-30": "0.05040", "2010-06-30": "0.05630", "2010-03-31": "0.03560", "2009-12-31": "0.03750", "2009-09-30": "0.04540", "2009-06-30": "0.05140", "2009-03-31": "0.03160", "2008-12-31": "0.02070", "2008-09-30": "0.03950", "2008-06-30": "0.04540", "2008-03-31": "0.02770", "2007-12-31": "0.02170", "2007-09-30": "0.03750", "2007-06-30": "0.04150", "2007-03-31": "0.02570", "2006-12-31": "0.01980", "2006-09-30": "0.03290", "2006-06-30": "0.03690", "2006-03-31": "0.02110", "2005-12-31": "0.01380", "2005-09-30": "0.02900", "2005-06-30": "0.03560", "2005-03-31": "0.02240"}}, "balance sheet": {"Cash On Hand": {"2020-12-31": "98.47700", "2019-12-31": "94.27600", "2018-12-31": "115.48500", "2017-12-31": "107.05000", "2016-12-31": "142.78500", "2015-12-31": "134.57400", "2014-12-31": "108.37200", "2013-12-31": "118.21600", "2012-12-31": "65.08200", "2011-12-31": "46.27500", "2010-12-31": "20.91300", "2009-12-31": "9.50400", "2008-12-31": "13.71600", "2007-12-31": "71.28000", "2006-12-31": "63.34400", "2005-12-31": "43.06500"}, "Receivables": {"2020-12-31": "150.05300", "2019-12-31": "145.03300", "2018-12-31": "122.47000", "2017-12-31": "115.06500", "2016-12-31": "104.45800", "2015-12-31": "93.69400", "2014-12-31": "90.08800", "2013-12-31": "85.06900", "2012-12-31": "80.74300", "2011-12-31": "73.34600", "2010-12-31": "70.43300", "2009-12-31": "62.75400", "2008-12-31": "59.06900", "2007-12-31": "54.45700", "2006-12-31": "52.69300", "2005-12-31": "50.74100"}, "Inventory": {"2020-12-31": "30.84300", "2019-12-31": "19.47600", "2018-12-31": "15.78800", "2017-12-31": "14.98300", "2016-12-31": "13.72400", "2015-12-31": "12.80100", "2014-12-31": "14.07800", "2013-12-31": "12.25100", "2012-12-31": "11.84700", "2011-12-31": "11.12500", "2010-12-31": "11.89900", "2009-12-31": "10.20800", "2008-12-31": "10.89300", "2007-12-31": "8.84600", "2006-12-31": "8.40100", "2005-12-31": "9.08200"}, "Pre-Paid Expenses": {"2020-12-31": "", "2019-12-31": "", "2018-12-31": "", "2017-12-31": "", "2016-12-31": "", "2015-12-31": "", "2014-12-31": "", "2013-12-31": "", "2012-12-31": "", "2011-12-31": "", "2010-12-31": "", "2009-12-31": "", "2008-12-31": "", "2007-12-31": "", "2006-12-31": "", "2005-12-31": ""}, "Other Current Assets": {"2020-12-31": "35.40400", "2019-12-31": "51.00200", "2018-12-31": "32.27800", "2017-12-31": "25.69700", "2016-12-31": "29.20400", "2015-12-31": "28.36500", "2014-12-31": "28.65600", "2013-12-31": "19.38800", "2012-12-31": "14.98200", "2011-12-31": "13.80400", "2010-12-31": "20.38000", "2009-12-31": "12.22500", "2008-12-31": "13.14200", "2007-12-31": "8.49500", "2006-12-31": "7.20000", "2005-12-31": "6.06900"}, "Total Current Assets": {"2020-12-31": "314.77700", "2019-12-31": "309.78700", "2018-12-31": "286.02100", "2017-12-31": "262.79500", "2016-12-31": "290.17100", "2015-12-31": "269.43400", "2014-12-31": "283.95800", "2013-12-31": "274.44200", "2012-12-31": "205.99200", "2011-12-31": "175.82200", "2010-12-31": "151.02100", "2009-12-31": "120.53000", "2008-12-31": "116.83800", "2007-12-31": "160.24000", "2006-12-31": "151.07300", "2005-12-31": "136.46700"}, "Property, Plant, And Equipment": {"2020-12-31": "178.86000", "2019-12-31": "195.53300", "2018-12-31": "136.88500", "2017-12-31": "134.08800", "2016-12-31": "133.47700", "2015-12-31": "121.35600", "2014-12-31": "101.66900", "2013-12-31": "87.21500", "2012-12-31": "82.26300", "2011-12-31": "76.85800", "2010-12-31": "74.01300", "2009-12-31": "74.64400", "2008-12-31": "78.62500", "2007-12-31": "77.37000", "2006-12-31": "72.14100", "2005-12-31": "65.93200"}, "Long-Term Investments": {"2020-12-31": "", "2019-12-31": "", "2018-12-31": "", "2017-12-31": "", "2016-12-31": "", "2015-12-31": "", "2014-12-31": "", "2013-12-31": "", "2012-12-31": "", "2011-12-31": "", "2010-12-31": "", "2009-12-31": "", "2008-12-31": "", "2007-12-31": "", "2006-12-31": "", "2005-12-31": ""}, "Goodwill And Intangible Assets": {"2020-12-31": "1071.13800", "2019-12-31": "959.63100", "2018-12-31": "611.73900", "2017-12-31": "560.93100", "2016-12-31": "417.44100", "2015-12-31": "388.87000", "2014-12-31": "389.03500", "2013-12-31": "340.41600", "2012-12-31": "354.26600", "2011-12-31": "348.54500", "2010-12-31": "358.33500", "2009-12-31": "335.61900", "2008-12-31": "342.07700", "2007-12-31": "198.97200", "2006-12-31": "202.21600", "2005-12-31": "205.58400"}, "Other Long-Term Assets": {"2020-12-31": "27.17600", "2019-12-31": "24.16100", "2018-12-31": "19.06300", "2017-12-31": "19.42000", "2016-12-31": "16.82400", "2015-12-31": "14.69000", "2014-12-31": "13.83200", "2013-12-31": "13.87900", "2012-12-31": "11.46300", "2011-12-31": "10.52300", "2010-12-31": "10.34600", "2009-12-31": "8.44600", "2008-12-31": "5.96700", "2007-12-31": "6.03700", "2006-12-31": "4.88000", "2005-12-31": "5.12300"}, "Total Long-Term Assets": {"2020-12-31": "1531.12300", "2019-12-31": "1434.58900", "2018-12-31": "808.10300", "2017-12-31": "770.86800", "2016-12-31": "626.36700", "2015-12-31": "579.21700", "2014-12-31": "524.20400", "2013-12-31": "464.77500", "2012-12-31": "486.51400", "2011-12-31": "469.82800", "2010-12-31": "467.99300", "2009-12-31": "445.96600", "2008-12-31": "455.67900", "2007-12-31": "314.98800", "2006-12-31": "302.10200", "2005-12-31": "301.95300"}, "Total Assets": {"2020-12-31": "1845.90000", "2019-12-31": "1744.37600", "2018-12-31": "1094.12400", "2017-12-31": "1033.66300", "2016-12-31": "916.53800", "2015-12-31": "848.65100", "2014-12-31": "808.16200", "2013-12-31": "739.21700", "2012-12-31": "692.50600", "2011-12-31": "645.65000", "2010-12-31": "619.01400", "2009-12-31": "566.49600", "2008-12-31": "572.51700", "2007-12-31": "475.22800", "2006-12-31": "453.17500", "2005-12-31": "438.42000"}, "Total Current Liabilities": {"2020-12-31": "473.51100", "2019-12-31": "410.03500", "2018-12-31": "299.02900", "2017-12-31": "294.56900", "2016-12-31": "276.99100", "2015-12-31": "252.98600", "2014-12-31": "252.67900", "2013-12-31": "235.79200", "2012-12-31": "228.41600", "2011-12-31": "225.85100", "2010-12-31": "246.44100", "2009-12-31": "232.75300", "2008-12-31": "272.82700", "2007-12-31": "188.00600", "2006-12-31": "185.20600", "2005-12-31": "189.66800"}, "Long Term Debt": {"2020-12-31": "185.81200", "2019-12-31": "279.00000", "2018-12-31": "", "2017-12-31": "", "2016-12-31": "", "2015-12-31": "", "2014-12-31": "", "2013-12-31": "", "2012-12-31": "", "2011-12-31": "", "2010-12-31": "", "2009-12-31": "", "2008-12-31": "", "2007-12-31": "0.60100", "2006-12-31": "0.12400", "2005-12-31": "0.56000"}, "Other Non-Current Liabilities": {"2020-12-31": "93.70800", "2019-12-31": "94.01300", "2018-12-31": "83.18700", "2017-12-31": "85.17000", "2016-12-31": "68.12200", "2015-12-31": "61.90100", "2014-12-31": "63.24900", "2013-12-31": "64.47900", "2012-12-31": "65.86300", "2011-12-31": "63.93500", "2010-12-31": "62.08800", "2009-12-31": "54.28200", "2008-12-31": "50.90400", "2007-12-31": "53.06800", "2006-12-31": "49.44000", "2005-12-31": "50.59000"}, "Total Long Term Liabilities": {"2020-12-31": "431.02900", "2019-12-31": "518.59100", "2018-12-31": "83.18700", "2017-12-31": "85.17000", "2016-12-31": "71.00200", "2015-12-31": "71.63600", "2014-12-31": "92.80700", "2013-12-31": "65.17000", "2012-12-31": "109.13400", "2011-12-31": "95.80200", "2010-12-31": "74.60300", "2009-12-31": "69.17700", "2008-12-31": "71.25700", "2007-12-31": "53.66900", "2006-12-31": "56.51000", "2005-12-31": "71.80100"}, "Total Liabilities": {"2020-12-31": "904.54000", "2019-12-31": "928.62600", "2018-12-31": "382.21600", "2017-12-31": "379.73900", "2016-12-31": "347.99300", "2015-12-31": "324.62200", "2014-12-31": "345.48600", "2013-12-31": "300.96200", "2012-12-31": "337.55000", "2011-12-31": "321.65300", "2010-12-31": "321.04400", "2009-12-31": "301.93000", "2008-12-31": "344.08400", "2007-12-31": "241.67500", "2006-12-31": "241.71600", "2005-12-31": "261.46900"}, "Common Stock Net": {"2020-12-31": "491.61200", "2019-12-31": "327.43100", "2018-12-31": "327.30800", "2017-12-31": "326.98800", "2016-12-31": "217.79200", "2015-12-31": "218.75300", "2014-12-31": "218.48300", "2013-12-31": "145.86400", "2012-12-31": "146.01500", "2011-12-31": "146.25100", "2010-12-31": "147.18100", "2009-12-31": "148.35700", "2008-12-31": "100.04100", "2007-12-31": "100.63600", "2006-12-31": "106.18400", "2005-12-31": "70.07900"}, "Retained Earnings (Accumulated Deficit)": {"2020-12-31": "449.74800", "2019-12-31": "420.01500", "2018-12-31": "370.29200", "2017-12-31": "291.48700", "2016-12-31": "343.37600", "2015-12-31": "306.89200", "2014-12-31": "247.04200", "2013-12-31": "270.39700", "2012-12-31": "220.75200", "2011-12-31": "189.28200", "2010-12-31": "155.46300", "2009-12-31": "125.68100", "2008-12-31": "145.06300", "2007-12-31": "121.78300", "2006-12-31": "115.66900", "2005-12-31": "123.62100"}, "Comprehensive Income": {"2020-12-31": "", "2019-12-31": "-21.10900", "2018-12-31": "-71.07800", "2017-12-31": "-45.95600", "2016-12-31": "-70.07500", "2015-12-31": "-71.17800", "2014-12-31": "-65.48800", "2013-12-31": "-31.77100", "2012-12-31": "-56.96700", "2011-12-31": "-48.09000", "2010-12-31": "-32.49000", "2009-12-31": "-32.12700", "2008-12-31": "-34.75800", "2007-12-31": "-4.05000", "2006-12-31": "-17.78400", "2005-12-31": "-23.26400"}, "Other Share Holders Equity": {"2020-12-31": "", "2019-12-31": "", "2018-12-31": "", "2017-12-31": "", "2016-12-31": "", "2015-12-31": "", "2014-12-31": "", "2013-12-31": "", "2012-12-31": "", "2011-12-31": "", "2010-12-31": "", "2009-12-31": "", "2008-12-31": "", "2007-12-31": "", "2006-12-31": "", "2005-12-31": ""}, "Share Holder Equity": {"2020-12-31": "941.36000", "2019-12-31": "815.75000", "2018-12-31": "711.90800", "2017-12-31": "653.92400", "2016-12-31": "568.54500", "2015-12-31": "524.02900", "2014-12-31": "462.67600", "2013-12-31": "438.25500", "2012-12-31": "354.95600", "2011-12-31": "323.99700", "2010-12-31": "297.97000", "2009-12-31": "264.56600", "2008-12-31": "228.43300", "2007-12-31": "233.55300", "2006-12-31": "211.45900", "2005-12-31": "176.95100"}, "Total Liabilities And Share Holders Equity": {"2020-12-31": "1845.90000", "2019-12-31": "1744.37600", "2018-12-31": "1094.12400", "2017-12-31": "1033.66300", "2016-12-31": "916.53800", "2015-12-31": "848.65100", "2014-12-31": "808.16200", "2013-12-31": "739.21700", "2012-12-31": "692.50600", "2011-12-31": "645.65000", "2010-12-31": "619.01400", "2009-12-31": "566.49600", "2008-12-31": "572.51700", "2007-12-31": "475.22800", "2006-12-31": "453.17500", "2005-12-31": "438.42000"}}, "balance sheet, quarterly": {"Cash On Hand": {"2020-12-31": "98.47700", "2020-09-30": "95.44000", "2020-06-30": "134.82900", "2020-03-31": "92.58200", "2019-12-31": "94.27600", "2019-09-30": "104.36200", "2019-06-30": "98.46600", "2019-03-31": "116.60700", "2018-12-31": "115.48500", "2018-09-30": "118.65200", "2018-06-30": "87.88500", "2018-03-31": "84.31900", "2017-12-31": "107.05000", "2017-09-30": "113.39600", "2017-06-30": "194.83700", "2017-03-31": "162.47800", "2016-12-31": "142.78500", "2016-09-30": "139.26300", "2016-06-30": "126.46500", "2016-03-31": "131.23800", "2015-12-31": "134.57400", "2015-09-30": "134.31000", "2015-06-30": "109.68400", "2015-03-31": "93.38900", "2014-12-31": "108.37200", "2014-09-30": "114.21600", "2014-06-30": "101.51900", "2014-03-31": "83.12900", "2013-12-31": "118.21600", "2013-09-30": "116.73400", "2013-06-30": "91.59700", "2013-03-31": "82.47900", "2012-12-31": "65.08200", "2012-09-30": "93.71300", "2012-06-30": "62.06000", "2012-03-31": "59.68400", "2011-12-31": "46.27500", "2011-09-30": "30.21900", "2011-06-30": "25.82000", "2011-03-31": "23.34000", "2010-12-31": "20.91300", "2010-09-30": "20.25000", "2010-06-30": "19.28600", "2010-03-31": "14.14900", "2009-12-31": "9.50400", "2009-09-30": "26.22100", "2009-06-30": "22.57500", "2009-03-31": "14.95700", "2008-12-31": "13.71600", "2008-09-30": "16.33400", "2008-06-30": "15.27200", "2008-03-31": "71.36500", "2007-12-31": "71.28000", "2007-09-30": "81.82100", "2007-06-30": "57.04400", "2007-03-31": "54.99400", "2006-12-31": "63.34400", "2006-09-30": "53.78700", "2006-06-30": "37.22100", "2006-03-31": "53.22900", "2005-12-31": "43.06500", "2005-09-30": "79.48900", "2005-06-30": "65.80800", "2005-03-31": "55.89400"}, "Receivables": {"2020-12-31": "150.05300", "2020-09-30": "162.48300", "2020-06-30": "152.58200", "2020-03-31": "145.37500", "2019-12-31": "145.03300", "2019-09-30": "155.88600", "2019-06-30": "152.29400", "2019-03-31": "123.85100", "2018-12-31": "122.47000", "2018-09-30": "142.75900", "2018-06-30": "134.03100", "2018-03-31": "113.43800", "2017-12-31": "115.06500", "2017-09-30": "127.53300", "2017-06-30": "118.06300", "2017-03-31": "100.35500", "2016-12-31": "104.45800", "2016-09-30": "115.09700", "2016-06-30": "112.22200", "2016-03-31": "99.16200", "2015-12-31": "93.69400", "2015-09-30": "104.99300", "2015-06-30": "102.32600", "2015-03-31": "88.48700", "2014-12-31": "90.08800", "2014-09-30": "100.62200", "2014-06-30": "98.97700", "2014-03-31": "86.53700", "2013-12-31": "85.06900", "2013-09-30": "93.64200", "2013-06-30": "91.45800", "2013-03-31": "79.09200", "2012-12-31": "80.74300", "2012-09-30": "91.14400", "2012-06-30": "86.60600", "2012-03-31": "75.17600", "2011-12-31": "73.34600", "2011-09-30": "83.38300", "2011-06-30": "83.52500", "2011-03-31": "69.52400", "2010-12-31": "70.43300", "2010-09-30": "79.19100", "2010-06-30": "75.11500", "2010-03-31": "62.93700", "2009-12-31": "62.75400", "2009-09-30": "73.08800", "2009-06-30": "70.50000", "2009-03-31": "60.63700", "2008-12-31": "59.06900", "2008-09-30": "69.74900", "2008-06-30": "75.20800", "2008-03-31": "53.90800", "2007-12-31": "54.45700", "2007-09-30": "61.43000", "2007-06-30": "62.11800", "2007-03-31": "50.71100", "2006-12-31": "52.69300", "2006-09-30": "57.81700", "2006-06-30": "56.61700", "2006-03-31": "45.31500", "2005-12-31": "50.74100", "2005-09-30": "48.95400", "2005-06-30": "48.55600", "2005-03-31": "44.30800"}, "Inventory": {"2020-12-31": "30.84300", "2020-09-30": "30.38600", "2020-06-30": "34.06400", "2020-03-31": "21.52700", "2019-12-31": "19.47600", "2019-09-30": "17.50000", "2019-06-30": "17.57900", "2019-03-31": "16.57200", "2018-12-31": "15.78800", "2018-09-30": "16.09300", "2018-06-30": "16.09800", "2018-03-31": "15.88500", "2017-12-31": "14.98300", "2017-09-30": "15.38000", "2017-06-30": "15.50700", "2017-03-31": "14.73600", "2016-12-31": "13.72400", "2016-09-30": "13.78700", "2016-06-30": "14.63500", "2016-03-31": "13.61600", "2015-12-31": "12.80100", "2015-09-30": "12.96400", "2015-06-30": "14.03400", "2015-03-31": "13.76600", "2014-12-31": "14.07800", "2014-09-30": "12.52600", "2014-06-30": "13.13600", "2014-03-31": "12.68800", "2013-12-31": "12.25100", "2013-09-30": "11.83600", "2013-06-30": "12.11700", "2013-03-31": "11.80100", "2012-12-31": "11.84700", "2012-09-30": "10.91900", "2012-06-30": "12.16200", "2012-03-31": "10.87400", "2011-12-31": "11.12500", "2011-09-30": "10.60700", "2011-06-30": "12.30500", "2011-03-31": "12.68000", "2010-12-31": "11.89900", "2010-09-30": "11.16700", "2010-06-30": "11.12200", "2010-03-31": "10.95700", "2009-12-31": "10.20800", "2009-09-30": "10.34100", "2009-06-30": "11.19600", "2009-03-31": "11.55500", "2008-12-31": "10.89300", "2008-09-30": "11.11700", "2008-06-30": "10.26000", "2008-03-31": "8.71500", "2007-12-31": "8.84600", "2007-09-30": "8.24400", "2007-06-30": "8.74000", "2007-03-31": "8.69100", "2006-12-31": "8.40100", "2006-09-30": "8.39800", "2006-06-30": "8.54500", "2006-03-31": "8.89900", "2005-12-31": "9.08200", "2005-09-30": "7.35800", "2005-06-30": "8.12000", "2005-03-31": "8.60000"}, "Pre-Paid Expenses": {"2020-12-31": "", "2020-09-30": "", "2020-06-30": "", "2020-03-31": "", "2019-12-31": "", "2019-09-30": "", "2019-06-30": "", "2019-03-31": "", "2018-12-31": "", "2018-09-30": "", "2018-06-30": "", "2018-03-31": "", "2017-12-31": "", "2017-09-30": "", "2017-06-30": "", "2017-03-31": "", "2016-12-31": "", "2016-09-30": "", "2016-06-30": "", "2016-03-31": "", "2015-12-31": "", "2015-09-30": "", "2015-06-30": "", "2015-03-31": "", "2014-12-31": "", "2014-09-30": "", "2014-06-30": "", "2014-03-31": "", "2013-12-31": "", "2013-09-30": "", "2013-06-30": "", "2013-03-31": "", "2012-12-31": "", "2012-09-30": "", "2012-06-30": "", "2012-03-31": "", "2011-12-31": "", "2011-09-30": "", "2011-06-30": "", "2011-03-31": "", "2010-12-31": "", "2010-09-30": "", "2010-06-30": "", "2010-03-31": "", "2009-12-31": "", "2009-09-30": "", "2009-06-30": "", "2009-03-31": "", "2008-12-31": "", "2008-09-30": "", "2008-06-30": "", "2008-03-31": "", "2007-12-31": "", "2007-09-30": "", "2007-06-30": "", "2007-03-31": "", "2006-12-31": "", "2006-09-30": "", "2006-06-30": "", "2006-03-31": "", "2005-12-31": "", "2005-09-30": "", "2005-06-30": "", "2005-03-31": ""}, "Other Current Assets": {"2020-12-31": "35.40400", "2020-09-30": "43.52700", "2020-06-30": "41.62600", "2020-03-31": "45.34600", "2019-12-31": "51.00200", "2019-09-30": "46.44000", "2019-06-30": "51.50600", "2019-03-31": "32.90900", "2018-12-31": "32.27800", "2018-09-30": "25.57600", "2018-06-30": "50.45800", "2018-03-31": "27.06200", "2017-12-31": "25.69700", "2017-09-30": "26.61700", "2017-06-30": "33.21900", "2017-03-31": "28.18600", "2016-12-31": "29.20400", "2016-09-30": "31.75900", "2016-06-30": "33.26500", "2016-03-31": "26.10500", "2015-12-31": "28.36500", "2015-09-30": "24.69500", "2015-06-30": "32.37700", "2015-03-31": "18.84000", "2014-12-31": "28.65600", "2014-09-30": "17.70100", "2014-06-30": "19.05200", "2014-03-31": "19.08700", "2013-12-31": "19.38800", "2013-09-30": "19.80400", "2013-06-30": "28.32100", "2013-03-31": "18.99500", "2012-12-31": "14.98200", "2012-09-30": "15.78400", "2012-06-30": "19.00400", "2012-03-31": "15.12300", "2011-12-31": "13.80400", "2011-09-30": "17.09600", "2011-06-30": "20.19800", "2011-03-31": "14.52200", "2010-12-31": "20.38000", "2010-09-30": "13.16100", "2010-06-30": "14.59700", "2010-03-31": "11.84200", "2009-12-31": "12.22500", "2009-09-30": "14.14300", "2009-06-30": "8.99900", "2009-03-31": "10.91900", "2008-12-31": "13.14200", "2008-09-30": "8.32000", "2008-06-30": "9.76700", "2008-03-31": "9.11500", "2007-12-31": "8.49500", "2007-09-30": "8.38200", "2007-06-30": "9.62100", "2007-03-31": "9.97100", "2006-12-31": "7.20000", "2006-09-30": "8.97500", "2006-06-30": "10.02300", "2006-03-31": "9.27600", "2005-12-31": "6.06900", "2005-09-30": "9.35900", "2005-06-30": "10.97900", "2005-03-31": "10.39800"}, "Total Current Assets": {"2020-12-31": "314.77700", "2020-09-30": "331.83600", "2020-06-30": "363.10100", "2020-03-31": "304.83000", "2019-12-31": "309.78700", "2019-09-30": "324.18800", "2019-06-30": "319.84500", "2019-03-31": "289.93900", "2018-12-31": "286.02100", "2018-09-30": "303.08000", "2018-06-30": "288.47200", "2018-03-31": "240.70400", "2017-12-31": "262.79500", "2017-09-30": "282.92600", "2017-06-30": "361.62600", "2017-03-31": "305.75500", "2016-12-31": "290.17100", "2016-09-30": "299.90600", "2016-06-30": "286.58700", "2016-03-31": "270.12100", "2015-12-31": "269.43400", "2015-09-30": "319.10300", "2015-06-30": "299.05700", "2015-03-31": "255.23100", "2014-12-31": "283.95800", "2014-09-30": "287.34500", "2014-06-30": "273.46500", "2014-03-31": "241.00400", "2013-12-31": "274.44200", "2013-09-30": "276.68100", "2013-06-30": "257.79200", "2013-03-31": "225.20600", "2012-12-31": "205.99200", "2012-09-30": "241.67800", "2012-06-30": "210.30900", "2012-03-31": "190.57500", "2011-12-31": "175.82200", "2011-09-30": "171.88000", "2011-06-30": "169.47600", "2011-03-31": "147.24400", "2010-12-31": "151.02100", "2010-09-30": "150.86100", "2010-06-30": "146.31000", "2010-03-31": "125.64500", "2009-12-31": "120.53000", "2009-09-30": "141.42100", "2009-06-30": "132.01500", "2009-03-31": "117.96000", "2008-12-31": "116.83800", "2008-09-30": "123.84300", "2008-06-30": "128.44100", "2008-03-31": "161.00400", "2007-12-31": "160.24000", "2007-09-30": "176.84600", "2007-06-30": "156.05100", "2007-03-31": "143.97000", "2006-12-31": "151.07300", "2006-09-30": "150.03000", "2006-06-30": "136.38900", "2006-03-31": "140.62300", "2005-12-31": "136.46700", "2005-09-30": "175.54900", "2005-06-30": "162.95900", "2005-03-31": "147.28900"}, "Property, Plant, And Equipment": {"2020-12-31": "178.86000", "2020-09-30": "186.82500", "2020-06-30": "191.14100", "2020-03-31": "194.85400", "2019-12-31": "195.53300", "2019-09-30": "197.54900", "2019-06-30": "201.19600", "2019-03-31": "136.80600", "2018-12-31": "136.88500", "2018-09-30": "136.85700", "2018-06-30": "137.65400", "2018-03-31": "136.27200", "2017-12-31": "134.08800", "2017-09-30": "132.86500", "2017-06-30": "131.44300", "2017-03-31": "132.10100", "2016-12-31": "133.47700", "2016-09-30": "134.16600", "2016-06-30": "133.51900", "2016-03-31": "127.42700", "2015-12-31": "121.35600", "2015-09-30": "115.73100", "2015-06-30": "110.37500", "2015-03-31": "105.44800", "2014-12-31": "101.66900", "2014-09-30": "101.98600", "2014-06-30": "94.67800", "2014-03-31": "92.02600", "2013-12-31": "87.21500", "2013-09-30": "85.34800", "2013-06-30": "84.47000", "2013-03-31": "83.29500", "2012-12-31": "82.26300", "2012-09-30": "77.52100", "2012-06-30": "76.96300", "2012-03-31": "77.14600", "2011-12-31": "76.85800", "2011-09-30": "76.04600", "2011-06-30": "74.02600", "2011-03-31": "73.44400", "2010-12-31": "74.01300", "2010-09-30": "70.78200", "2010-06-30": "71.26000", "2010-03-31": "72.20300", "2009-12-31": "74.64400", "2009-09-30": "77.22300", "2009-06-30": "77.18300", "2009-03-31": "78.32500", "2008-12-31": "78.62500", "2008-09-30": "77.96300", "2008-06-30": "78.80500", "2008-03-31": "76.82300", "2007-12-31": "77.37000", "2007-09-30": "77.63300", "2007-06-30": "77.63400", "2007-03-31": "76.85000", "2006-12-31": "72.14100", "2006-09-30": "72.09000", "2006-06-30": "70.90800", "2006-03-31": "68.31400", "2005-12-31": "65.93200", "2005-09-30": "57.92800", "2005-06-30": "57.87300", "2005-03-31": "52.93000"}, "Long-Term Investments": {"2020-12-31": "", "2020-09-30": "", "2020-06-30": "", "2020-03-31": "", "2019-12-31": "", "2019-09-30": "", "2019-06-30": "", "2019-03-31": "", "2018-12-31": "", "2018-09-30": "", "2018-06-30": "", "2018-03-31": "", "2017-12-31": "", "2017-09-30": "", "2017-06-30": "", "2017-03-31": "", "2016-12-31": "", "2016-09-30": "", "2016-06-30": "", "2016-03-31": "", "2015-12-31": "", "2015-09-30": "", "2015-06-30": "", "2015-03-31": "", "2014-12-31": "", "2014-09-30": "", "2014-06-30": "", "2014-03-31": "", "2013-12-31": "", "2013-09-30": "", "2013-06-30": "", "2013-03-31": "", "2012-12-31": "", "2012-09-30": "", "2012-06-30": "", "2012-03-31": "", "2011-12-31": "", "2011-09-30": "", "2011-06-30": "", "2011-03-31": "", "2010-12-31": "", "2010-09-30": "", "2010-06-30": "", "2010-03-31": "", "2009-12-31": "", "2009-09-30": "", "2009-06-30": "", "2009-03-31": "", "2008-12-31": "", "2008-09-30": "", "2008-06-30": "", "2008-03-31": "", "2007-12-31": "", "2007-09-30": "", "2007-06-30": "", "2007-03-31": "", "2006-12-31": "", "2006-09-30": "", "2006-06-30": "", "2006-03-31": "", "2005-12-31": "", "2005-09-30": "", "2005-06-30": "", "2005-03-31": ""}, "Goodwill And Intangible Assets": {"2020-12-31": "1071.13800", "2020-09-30": "1009.59800", "2020-06-30": "993.02800", "2020-03-31": "990.60500", "2019-12-31": "959.63100", "2019-09-30": "968.25400", "2019-06-30": "960.59800", "2019-03-31": "609.91500", "2018-12-31": "611.73900", "2018-09-30": "616.39400", "2018-06-30": "605.53000", "2018-03-31": "552.49100", "2017-12-31": "560.93100", "2017-09-30": "560.28200", "2017-06-30": "415.26000", "2017-03-31": "416.65800", "2016-12-31": "417.44100", "2016-09-30": "422.03900", "2016-06-30": "418.60500", "2016-03-31": "410.16100", "2015-12-31": "388.87000", "2015-09-30": "391.43200", "2015-06-30": "402.26200", "2015-03-31": "406.01000", "2014-12-31": "389.03500", "2014-09-30": "400.82600", "2014-06-30": "394.74600", "2014-03-31": "392.27100", "2013-12-31": "340.41600", "2013-09-30": "346.96400", "2013-06-30": "343.12600", "2013-03-31": "348.73800", "2012-12-31": "354.26600", "2012-09-30": "344.22300", "2012-06-30": "348.83600", "2012-03-31": "350.81700", "2011-12-31": "348.54500", "2011-09-30": "351.49600", "2011-06-30": "358.65200", "2011-03-31": "358.87200", "2010-12-31": "358.33500", "2010-09-30": "346.17100", "2010-06-30": "328.05800", "2010-03-31": "331.63000", "2009-12-31": "335.61900", "2009-09-30": "332.60700", "2009-06-30": "335.12800", "2009-03-31": "337.77500", "2008-12-31": "342.07700", "2008-09-30": "333.31400", "2008-06-30": "339.19300", "2008-03-31": "196.31500", "2007-12-31": "198.97200", "2007-09-30": "201.38500", "2007-06-30": "202.02200", "2007-03-31": "200.37500", "2006-12-31": "202.21600", "2006-09-30": "201.55600", "2006-06-30": "205.06300", "2006-03-31": "207.20100", "2005-12-31": "205.58400", "2005-09-30": "189.89300", "2005-06-30": "190.08500", "2005-03-31": "193.20900"}, "Other Long-Term Assets": {"2020-12-31": "27.17600", "2020-09-30": "25.66900", "2020-06-30": "24.54000", "2020-03-31": "21.66300", "2019-12-31": "24.16100", "2019-09-30": "21.24900", "2019-06-30": "21.07000", "2019-03-31": "20.62500", "2018-12-31": "19.06300", "2018-09-30": "20.97500", "2018-06-30": "20.48800", "2018-03-31": "20.06100", "2017-12-31": "19.42000", "2017-09-30": "18.96800", "2017-06-30": "18.52700", "2017-03-31": "17.59300", "2016-12-31": "16.82400", "2016-09-30": "16.37300", "2016-06-30": "15.87000", "2016-03-31": "15.11800", "2015-12-31": "14.69000", "2015-09-30": "13.54800", "2015-06-30": "14.08300", "2015-03-31": "14.01100", "2014-12-31": "13.83200", "2014-09-30": "13.66800", "2014-06-30": "13.78800", "2014-03-31": "14.11100", "2013-12-31": "13.87900", "2013-09-30": "13.24600", "2013-06-30": "12.60200", "2013-03-31": "12.40300", "2012-12-31": "11.46300", "2012-09-30": "11.30700", "2012-06-30": "11.00900", "2012-03-31": "11.05200", "2011-12-31": "10.52300", "2011-09-30": "9.67000", "2011-06-30": "10.50300", "2011-03-31": "10.52300", "2010-12-31": "10.34600", "2010-09-30": "9.55400", "2010-06-30": "8.86900", "2010-03-31": "9.19000", "2009-12-31": "8.44600", "2009-09-30": "8.00800", "2009-06-30": "7.11400", "2009-03-31": "6.39600", "2008-12-31": "5.96700", "2008-09-30": "6.60400", "2008-06-30": "6.90800", "2008-03-31": "6.82800", "2007-12-31": "6.03700", "2007-09-30": "6.03900", "2007-06-30": "5.87300", "2007-03-31": "5.51400", "2006-12-31": "4.88000", "2006-09-30": "4.53100", "2006-06-30": "4.42900", "2006-03-31": "4.36800", "2005-12-31": "5.12300", "2005-09-30": "4.22100", "2005-06-30": "4.14200", "2005-03-31": "4.15600"}, "Total Long-Term Assets": {"2020-12-31": "1531.12300", "2020-09-30": "1474.23000", "2020-06-30": "1473.28100", "2020-03-31": "1466.64900", "2019-12-31": "1434.58900", "2019-09-30": "1440.60500", "2019-06-30": "1409.93200", "2019-03-31": "982.13310", "2018-12-31": "808.10300", "2018-09-30": "826.49300", "2018-06-30": "816.71000", "2018-03-31": "809.99190", "2017-12-31": "770.86800", "2017-09-30": "763.60100", "2017-06-30": "618.90000", "2017-03-31": "619.11000", "2016-12-31": "626.36700", "2016-09-30": "621.60900", "2016-06-30": "619.01400", "2016-03-31": "602.89400", "2015-12-31": "579.21700", "2015-09-30": "543.23600", "2015-06-30": "549.70400", "2015-03-31": "546.03100", "2014-12-31": "524.20400", "2014-09-30": "539.28910", "2014-06-30": "531.12400", "2014-03-31": "524.65700", "2013-12-31": "464.77500", "2013-09-30": "484.18300", "2013-06-30": "479.27700", "2013-03-31": "482.23200", "2012-12-31": "486.51400", "2012-09-30": "464.35100", "2012-06-30": "470.46500", "2012-03-31": "472.23100", "2011-12-31": "469.82800", "2011-09-30": "460.54300", "2011-06-30": "467.65600", "2011-03-31": "466.96100", "2010-12-31": "467.99300", "2010-09-30": "456.76400", "2010-06-30": "436.09700", "2010-03-31": "439.68800", "2009-12-31": "445.96600", "2009-09-30": "444.10600", "2009-06-30": "446.62700", "2009-03-31": "448.95600", "2008-12-31": "455.67900", "2008-09-30": "453.45800", "2008-06-30": "460.36700", "2008-03-31": "313.72900", "2007-12-31": "314.98800", "2007-09-30": "306.56600", "2007-06-30": "307.32300", "2007-03-31": "304.21400", "2006-12-31": "302.10200", "2006-09-30": "304.15500", "2006-06-30": "306.83300", "2006-03-31": "306.70100", "2005-12-31": "301.95300", "2005-09-30": "279.34900", "2005-06-30": "281.24800", "2005-03-31": "271.51100"}, "Total Assets": {"2020-12-31": "1845.90000", "2020-09-30": "1806.06600", "2020-06-30": "1836.38200", "2020-03-31": "1771.47900", "2019-12-31": "1744.37600", "2019-09-30": "1764.79300", "2019-06-30": "1729.77700", "2019-03-31": "1272.07200", "2018-12-31": "1094.12400", "2018-09-30": "1129.57300", "2018-06-30": "1105.18200", "2018-03-31": "1050.69600", "2017-12-31": "1033.66300", "2017-09-30": "1046.52700", "2017-06-30": "980.52600", "2017-03-31": "924.86500", "2016-12-31": "916.53800", "2016-09-30": "921.51500", "2016-06-30": "905.60100", "2016-03-31": "873.01500", "2015-12-31": "848.65100", "2015-09-30": "862.33900", "2015-06-30": "848.76100", "2015-03-31": "801.26200", "2014-12-31": "808.16200", "2014-09-30": "826.63400", "2014-06-30": "804.58900", "2014-03-31": "765.66100", "2013-12-31": "739.21700", "2013-09-30": "760.86400", "2013-06-30": "737.06900", "2013-03-31": "707.43800", "2012-12-31": "692.50600", "2012-09-30": "706.02900", "2012-06-30": "680.77400", "2012-03-31": "662.80600", "2011-12-31": "645.65000", "2011-09-30": "632.42300", "2011-06-30": "637.13200", "2011-03-31": "614.20500", "2010-12-31": "619.01400", "2010-09-30": "607.62500", "2010-06-30": "582.40700", "2010-03-31": "565.33300", "2009-12-31": "566.49600", "2009-09-30": "585.52700", "2009-06-30": "578.64200", "2009-03-31": "566.91600", "2008-12-31": "572.51700", "2008-09-30": "577.30100", "2008-06-30": "588.80800", "2008-03-31": "474.73300", "2007-12-31": "475.22800", "2007-09-30": "483.41200", "2007-06-30": "463.37400", "2007-03-31": "448.18400", "2006-12-31": "453.17500", "2006-09-30": "454.18500", "2006-06-30": "443.22200", "2006-03-31": "447.32400", "2005-12-31": "438.42000", "2005-09-30": "454.89800", "2005-06-30": "444.20700", "2005-03-31": "418.80000"}, "Total Current Liabilities": {"2020-12-31": "473.51100", "2020-09-30": "469.13900", "2020-06-30": "478.17300", "2020-03-31": "417.86800", "2019-12-31": "410.03500", "2019-09-30": "410.88000", "2019-06-30": "414.34100", "2019-03-31": "352.71200", "2018-12-31": "299.02900", "2018-09-30": "309.38100", "2018-06-30": "319.23100", "2018-03-31": "299.07300", "2017-12-31": "294.56900", "2017-09-30": "308.78600", "2017-06-30": "287.09700", "2017-03-31": "267.51500", "2016-12-31": "276.99100", "2016-09-30": "271.64600", "2016-06-30": "271.29900", "2016-03-31": "262.86800", "2015-12-31": "252.98600", "2015-09-30": "264.87400", "2015-06-30": "263.93500", "2015-03-31": "244.45700", "2014-12-31": "252.67900", "2014-09-30": "267.85700", "2014-06-30": "259.43100", "2014-03-31": "250.50200", "2013-12-31": "235.79200", "2013-09-30": "248.55900", "2013-06-30": "247.06600", "2013-03-31": "233.85800", "2012-12-31": "228.41600", "2012-09-30": "240.60100", "2012-06-30": "240.74000", "2012-03-31": "228.58300", "2011-12-31": "225.85100", "2011-09-30": "235.91300", "2011-06-30": "249.24900", "2011-03-31": "241.91600", "2010-12-31": "246.44100", "2010-09-30": "255.65600", "2010-06-30": "237.47000", "2010-03-31": "224.86300", "2009-12-31": "232.75300", "2009-09-30": "260.66300", "2009-06-30": "267.76100", "2009-03-31": "265.30100", "2008-12-31": "272.82700", "2008-09-30": "259.48600", "2008-06-30": "282.06000", "2008-03-31": "184.44900", "2007-12-31": "188.00600", "2007-09-30": "196.45700", "2007-06-30": "193.98800", "2007-03-31": "183.63500", "2006-12-31": "185.20600", "2006-09-30": "194.86500", "2006-06-30": "193.21000", "2006-03-31": "193.10900", "2005-12-31": "189.66800", "2005-09-30": "201.40200", "2005-06-30": "193.73600", "2005-03-31": "188.23200"}, "Long Term Debt": {"2020-12-31": "185.81200", "2020-09-30": "154.37500", "2020-06-30": "242.50000", "2020-03-31": "307.30000", "2019-12-31": "279.00000", "2019-09-30": "313.50000", "2019-06-30": "335.37500", "2019-03-31": "", "2018-12-31": "", "2018-09-30": "", "2018-06-30": "", "2018-03-31": "", "2017-12-31": "", "2017-09-30": "", "2017-06-30": "", "2017-03-31": "", "2016-12-31": "", "2016-09-30": "", "2016-06-30": "", "2016-03-31": "", "2015-12-31": "", "2015-09-30": "", "2015-06-30": "", "2015-03-31": "", "2014-12-31": "", "2014-09-30": "", "2014-06-30": "", "2014-03-31": "", "2013-12-31": "", "2013-09-30": "", "2013-06-30": "", "2013-03-31": "", "2012-12-31": "", "2012-09-30": "", "2012-06-30": "", "2012-03-31": "", "2011-12-31": "", "2011-09-30": "", "2011-06-30": "", "2011-03-31": "", "2010-12-31": "", "2010-09-30": "", "2010-06-30": "", "2010-03-31": "", "2009-12-31": "", "2009-09-30": "0.06000", "2009-06-30": "0.08500", "2009-03-31": "0.12000", "2008-12-31": "", "2008-09-30": "0.36000", "2008-06-30": "0.46000", "2008-03-31": "0.75700", "2007-12-31": "0.60100", "2007-09-30": "0.88100", "2007-06-30": "1.01300", "2007-03-31": "0.93900", "2006-12-31": "0.12400", "2006-09-30": "0.19700", "2006-06-30": "0.28700", "2006-03-31": "0.44000", "2005-12-31": "0.56000", "2005-09-30": "", "2005-06-30": "", "2005-03-31": ""}, "Other Non-Current Liabilities": {"2020-12-31": "93.70800", "2020-09-30": "93.79700", "2020-06-30": "93.55100", "2020-03-31": "91.53100", "2019-12-31": "94.01300", "2019-09-30": "91.84200", "2019-06-30": "98.42400", "2019-03-31": "78.46100", "2018-12-31": "83.18700", "2018-09-30": "85.37600", "2018-06-30": "90.10100", "2018-03-31": "88.86000", "2017-12-31": "85.17000", "2017-09-30": "85.54300", "2017-06-30": "73.83500", "2017-03-31": "71.29300", "2016-12-31": "68.12200", "2016-09-30": "69.32000", "2016-06-30": "66.52300", "2016-03-31": "58.99100", "2015-12-31": "61.90100", "2015-09-30": "53.49700", "2015-06-30": "61.53800", "2015-03-31": "63.77400", "2014-12-31": "63.24900", "2014-09-30": "66.87400", "2014-06-30": "69.14100", "2014-03-31": "64.93500", "2013-12-31": "64.47900", "2013-09-30": "63.50400", "2013-06-30": "62.93300", "2013-03-31": "65.59700", "2012-12-31": "65.86300", "2012-09-30": "67.00200", "2012-06-30": "65.93400", "2012-03-31": "68.11800", "2011-12-31": "63.93500", "2011-09-30": "62.43900", "2011-06-30": "66.44700", "2011-03-31": "62.67900", "2010-12-31": "62.08800", "2010-09-30": "54.16300", "2010-06-30": "55.44800", "2010-03-31": "54.07600", "2009-12-31": "54.28200", "2009-09-30": "56.58400", "2009-06-30": "53.31400", "2009-03-31": "53.06800", "2008-12-31": "50.90400", "2008-09-30": "54.39400", "2008-06-30": "56.81200", "2008-03-31": "52.97900", "2007-12-31": "53.06800", "2007-09-30": "54.46600", "2007-06-30": "53.11700", "2007-03-31": "51.79900", "2006-12-31": "49.44000", "2006-09-30": "44.59300", "2006-06-30": "46.03300", "2006-03-31": "48.96900", "2005-12-31": "50.59000", "2005-09-30": "47.52200", "2005-06-30": "47.97800", "2005-03-31": "51.34900"}, "Total Long Term Liabilities": {"2020-12-31": "431.02900", "2020-09-30": "404.21100", "2020-06-30": "495.37900", "2020-03-31": "553.24000", "2019-12-31": "518.59100", "2019-09-30": "547.01600", "2019-06-30": "563.17200", "2019-03-31": "200.23600", "2018-12-31": "83.18700", "2018-09-30": "85.43400", "2018-06-30": "90.14000", "2018-03-31": "88.86000", "2017-12-31": "85.17000", "2017-09-30": "87.30200", "2017-06-30": "75.96700", "2017-03-31": "73.79900", "2016-12-31": "71.00200", "2016-09-30": "75.64000", "2016-06-30": "75.98200", "2016-03-31": "68.58800", "2015-12-31": "71.63600", "2015-09-30": "78.03500", "2015-06-30": "87.58300", "2015-03-31": "89.82500", "2014-12-31": "92.80700", "2014-09-30": "67.76400", "2014-06-30": "69.61600", "2014-03-31": "65.39300", "2013-12-31": "65.17000", "2013-09-30": "105.01300", "2013-06-30": "105.19600", "2013-03-31": "108.61400", "2012-12-31": "109.13400", "2012-09-30": "96.76800", "2012-06-30": "95.72700", "2012-03-31": "97.96800", "2011-12-31": "95.80200", "2011-09-30": "70.01200", "2011-06-30": "74.70000", "2011-03-31": "71.06900", "2010-12-31": "74.60300", "2010-09-30": "65.52800", "2010-06-30": "69.36700", "2010-03-31": "68.80700", "2009-12-31": "69.17700", "2009-09-30": "71.63600", "2009-06-30": "73.51100", "2009-03-31": "73.42000", "2008-12-31": "71.25700", "2008-09-30": "54.75400", "2008-06-30": "57.27200", "2008-03-31": "53.73600", "2007-12-31": "53.66900", "2007-09-30": "62.29300", "2007-06-30": "61.07600", "2007-03-31": "59.68400", "2006-12-31": "56.51000", "2006-09-30": "60.44100", "2006-06-30": "61.97100", "2006-03-31": "70.06000", "2005-12-31": "71.80100", "2005-09-30": "74.81300", "2005-06-30": "75.26900", "2005-03-31": "61.92800"}, "Total Liabilities": {"2020-12-31": "904.54000", "2020-09-30": "873.35000", "2020-06-30": "973.55200", "2020-03-31": "971.10800", "2019-12-31": "928.62600", "2019-09-30": "957.89600", "2019-06-30": "977.51300", "2019-03-31": "552.94800", "2018-12-31": "382.21600", "2018-09-30": "394.81500", "2018-06-30": "409.37100", "2018-03-31": "387.93300", "2017-12-31": "379.73900", "2017-09-30": "396.08800", "2017-06-30": "363.06400", "2017-03-31": "341.31400", "2016-12-31": "347.99300", "2016-09-30": "347.28600", "2016-06-30": "347.28100", "2016-03-31": "331.45600", "2015-12-31": "324.62200", "2015-09-30": "342.90900", "2015-06-30": "351.51800", "2015-03-31": "334.28200", "2014-12-31": "345.48600", "2014-09-30": "335.62100", "2014-06-30": "329.04700", "2014-03-31": "315.89500", "2013-12-31": "300.96200", "2013-09-30": "353.57200", "2013-06-30": "352.26200", "2013-03-31": "342.47200", "2012-12-31": "337.55000", "2012-09-30": "337.36900", "2012-06-30": "336.46700", "2012-03-31": "326.55100", "2011-12-31": "321.65300", "2011-09-30": "305.92500", "2011-06-30": "323.94900", "2011-03-31": "312.98500", "2010-12-31": "321.04400", "2010-09-30": "321.18400", "2010-06-30": "306.83700", "2010-03-31": "293.67000", "2009-12-31": "301.93000", "2009-09-30": "332.29900", "2009-06-30": "341.27200", "2009-03-31": "338.72100", "2008-12-31": "344.08400", "2008-09-30": "314.24000", "2008-06-30": "339.33200", "2008-03-31": "238.18500", "2007-12-31": "241.67500", "2007-09-30": "258.75000", "2007-06-30": "255.06400", "2007-03-31": "243.31900", "2006-12-31": "241.71600", "2006-09-30": "255.30600", "2006-06-30": "255.18100", "2006-03-31": "263.16900", "2005-12-31": "261.46900", "2005-09-30": "276.21500", "2005-06-30": "269.00500", "2005-03-31": "250.16000"}, "Common Stock Net": {"2020-12-31": "491.61200", "2020-09-30": "327.74900", "2020-06-30": "327.75900", "2020-03-31": "327.76700", "2019-12-31": "327.43100", "2019-09-30": "327.44200", "2019-06-30": "327.48600", "2019-03-31": "327.53000", "2018-12-31": "327.30800", "2018-09-30": "218.21200", "2018-06-30": "218.21700", "2018-03-31": "218.18600", "2017-12-31": "326.98800", "2017-09-30": "217.97500", "2017-06-30": "217.99100", "2017-03-31": "218.00900", "2016-12-31": "217.79200", "2016-09-30": "217.83000", "2016-06-30": "218.30000", "2016-03-31": "218.69800", "2015-12-31": "218.75300", "2015-09-30": "218.79100", "2015-06-30": "218.79500", "2015-03-31": "218.84100", "2014-12-31": "218.48300", "2014-09-30": "145.72600", "2014-06-30": "145.95300", "2014-03-31": "146.02400", "2013-12-31": "145.86400", "2013-09-30": "145.87900", "2013-06-30": "146.07800", "2013-03-31": "146.27900", "2012-12-31": "146.01500", "2012-09-30": "146.03800", "2012-06-30": "146.07100", "2012-03-31": "146.80300", "2011-12-31": "146.25100", "2011-09-30": "146.29200", "2011-06-30": "146.90400", "2011-03-31": "147.42800", "2010-12-31": "147.18100", "2010-09-30": "98.10700", "2010-06-30": "98.55900", "2010-03-31": "99.33600", "2009-12-31": "148.35700", "2009-09-30": "99.04000", "2009-06-30": "99.16800", "2009-03-31": "99.88200", "2008-12-31": "100.04100", "2008-09-30": "100.86400", "2008-06-30": "100.86900", "2008-03-31": "100.91300", "2007-12-31": "100.63600", "2007-09-30": "67.45600", "2007-06-30": "71.46400", "2007-03-31": "71.38500", "2006-12-31": "106.18400", "2006-09-30": "70.68100", "2006-06-30": "70.64500", "2006-03-31": "70.55300", "2005-12-31": "70.07900", "2005-09-30": "70.00300", "2005-06-30": "69.68700", "2005-03-31": "69.35000"}, "Retained Earnings (Accumulated Deficit)": {"2020-12-31": "449.74800", "2020-09-30": "528.95900", "2020-06-30": "475.59400", "2020-03-31": "426.45000", "2019-12-31": "420.01500", "2019-09-30": "419.99300", "2019-06-30": "410.32600", "2019-03-31": "380.39800", "2018-12-31": "370.29200", "2018-09-30": "489.50100", "2018-06-30": "453.40800", "2018-03-31": "418.40600", "2017-12-31": "291.48700", "2017-09-30": "413.58300", "2017-06-30": "387.21800", "2017-03-31": "358.58800", "2016-12-31": "343.37600", "2016-09-30": "348.86600", "2016-06-30": "332.17600", "2016-03-31": "315.67600", "2015-12-31": "306.89200", "2015-09-30": "314.46100", "2015-06-30": "286.89200", "2015-03-31": "259.29500", "2014-12-31": "247.04200", "2014-09-30": "319.69100", "2014-06-30": "299.97500", "2014-03-31": "279.98600", "2013-12-31": "270.39700", "2013-09-30": "268.66700", "2013-06-30": "249.59000", "2013-03-31": "230.78500", "2012-12-31": "220.75200", "2012-09-30": "227.01300", "2012-06-30": "206.47400", "2012-03-31": "199.37300", "2011-12-31": "189.28200", "2011-09-30": "179.21700", "2011-06-30": "170.15800", "2011-03-31": "159.19700", "2010-12-31": "155.46300", "2010-09-30": "194.13000", "2010-06-30": "184.89700", "2010-03-31": "181.41400", "2009-12-31": "125.68100", "2009-09-30": "165.99900", "2009-06-30": "152.65900", "2009-03-31": "145.28200", "2008-12-31": "145.06300", "2008-09-30": "150.74000", "2008-06-30": "138.05200", "2008-03-31": "125.52700", "2007-12-31": "121.78300", "2007-09-30": "159.15000", "2007-06-30": "145.42000", "2007-03-31": "143.59200", "2006-12-31": "115.66900", "2006-09-30": "143.33600", "2006-06-30": "132.87100", "2006-03-31": "130.01800", "2005-12-31": "123.62100", "2005-09-30": "128.16000", "2005-06-30": "131.29100", "2005-03-31": "114.74000"}, "Comprehensive Income": {"2020-12-31": "", "2020-09-30": "-23.15300", "2020-06-30": "-29.16300", "2020-03-31": "-38.71100", "2019-12-31": "-21.10900", "2019-09-30": "-26.74600", "2019-06-30": "-68.50800", "2019-03-31": "-68.73600", "2018-12-31": "-71.07800", "2018-09-30": "-54.63700", "2018-06-30": "-54.02600", "2018-03-31": "-48.90800", "2017-12-31": "-45.95600", "2017-09-30": "-59.60100", "2017-06-30": "-63.68600", "2017-03-31": "-66.06800", "2016-12-31": "-70.07500", "2016-09-30": "-66.75600", "2016-06-30": "-63.79900", "2016-03-31": "-61.28600", "2015-12-31": "-71.17800", "2015-09-30": "-80.42800", "2015-06-30": "-71.70900", "2015-03-31": "-72.63700", "2014-12-31": "-65.48800", "2014-09-30": "-34.22000", "2014-06-30": "-27.53100", "2014-03-31": "-30.23700", "2013-12-31": "-31.77100", "2013-09-30": "-58.21800", "2013-06-30": "-59.07900", "2013-03-31": "-57.74400", "2012-12-31": "-56.96700", "2012-09-30": "-46.95400", "2012-06-30": "-48.29300", "2012-03-31": "-47.46000", "2011-12-31": "-48.09000", "2011-09-30": "-33.54800", "2011-06-30": "-32.13100", "2011-03-31": "-31.80300", "2010-12-31": "-32.49000", "2010-09-30": "-31.84400", "2010-06-30": "-32.14900", "2010-03-31": "-31.72500", "2009-12-31": "-32.12700", "2009-09-30": "-32.66000", "2009-06-30": "-33.82700", "2009-03-31": "-35.07600", "2008-12-31": "-34.75800", "2008-09-30": "-5.52000", "2008-06-30": "-5.24300", "2008-03-31": "-5.01400", "2007-12-31": "-4.05000", "2007-09-30": "-16.21600", "2007-06-30": "-17.55600", "2007-03-31": "-19.01700", "2006-12-31": "-17.78400", "2006-09-30": "-22.65700", "2006-06-30": "-22.35500", "2006-03-31": "-23.34600", "2005-12-31": "-23.26400", "2005-09-30": "-26.13200", "2005-06-30": "-26.85000", "2005-03-31": "-15.34900"}, "Other Share Holders Equity": {"2020-12-31": "", "2020-09-30": "", "2020-06-30": "", "2020-03-31": "", "2019-12-31": "", "2019-09-30": "", "2019-06-30": "", "2019-03-31": "", "2018-12-31": "", "2018-09-30": "", "2018-06-30": "", "2018-03-31": "", "2017-12-31": "", "2017-09-30": "", "2017-06-30": "", "2017-03-31": "", "2016-12-31": "", "2016-09-30": "", "2016-06-30": "", "2016-03-31": "", "2015-12-31": "", "2015-09-30": "", "2015-06-30": "", "2015-03-31": "", "2014-12-31": "", "2014-09-30": "", "2014-06-30": "", "2014-03-31": "", "2013-12-31": "", "2013-09-30": "", "2013-06-30": "", "2013-03-31": "", "2012-12-31": "", "2012-09-30": "", "2012-06-30": "", "2012-03-31": "", "2011-12-31": "", "2011-09-30": "", "2011-06-30": "", "2011-03-31": "", "2010-12-31": "", "2010-09-30": "", "2010-06-30": "", "2010-03-31": "", "2009-12-31": "", "2009-09-30": "", "2009-06-30": "", "2009-03-31": "", "2008-12-31": "", "2008-09-30": "", "2008-06-30": "", "2008-03-31": "", "2007-12-31": "", "2007-09-30": "", "2007-06-30": "", "2007-03-31": "", "2006-12-31": "", "2006-09-30": "", "2006-06-30": "", "2006-03-31": "", "2005-12-31": "", "2005-09-30": "", "2005-06-30": "", "2005-03-31": ""}, "Share Holder Equity": {"2020-12-31": "941.36000", "2020-09-30": "932.71600", "2020-06-30": "862.83000", "2020-03-31": "800.37100", "2019-12-31": "815.75000", "2019-09-30": "806.89700", "2019-06-30": "752.26400", "2019-03-31": "719.12400", "2018-12-31": "711.90800", "2018-09-30": "734.75800", "2018-06-30": "695.81100", "2018-03-31": "662.76300", "2017-12-31": "653.92400", "2017-09-30": "650.43900", "2017-06-30": "617.46200", "2017-03-31": "583.55100", "2016-12-31": "568.54500", "2016-09-30": "574.22900", "2016-06-30": "558.32000", "2016-03-31": "541.55900", "2015-12-31": "524.02900", "2015-09-30": "519.43000", "2015-06-30": "497.24300", "2015-03-31": "466.98000", "2014-12-31": "462.67600", "2014-09-30": "491.01300", "2014-06-30": "475.54200", "2014-03-31": "449.76600", "2013-12-31": "438.25500", "2013-09-30": "407.29200", "2013-06-30": "384.80700", "2013-03-31": "364.96600", "2012-12-31": "354.95600", "2012-09-30": "368.66000", "2012-06-30": "344.30700", "2012-03-31": "336.25500", "2011-12-31": "323.99700", "2011-09-30": "326.49800", "2011-06-30": "313.18300", "2011-03-31": "301.22000", "2010-12-31": "297.97000", "2010-09-30": "286.44100", "2010-06-30": "275.57000", "2010-03-31": "271.66300", "2009-12-31": "264.56600", "2009-09-30": "253.22800", "2009-06-30": "237.37000", "2009-03-31": "228.19500", "2008-12-31": "228.43300", "2008-09-30": "263.06100", "2008-06-30": "249.47600", "2008-03-31": "236.54800", "2007-12-31": "233.55300", "2007-09-30": "224.66200", "2007-06-30": "208.31000", "2007-03-31": "204.86500", "2006-12-31": "211.45900", "2006-09-30": "198.87900", "2006-06-30": "188.04100", "2006-03-31": "184.15500", "2005-12-31": "176.95100", "2005-09-30": "178.68300", "2005-06-30": "175.20200", "2005-03-31": "168.64000"}, "Total Liabilities And Share Holders Equity": {"2020-12-31": "1845.90000", "2020-09-30": "1806.06600", "2020-06-30": "1836.38200", "2020-03-31": "1771.47900", "2019-12-31": "1744.37600", "2019-09-30": "1764.79300", "2019-06-30": "1729.77700", "2019-03-31": "1272.07200", "2018-12-31": "1094.12400", "2018-09-30": "1129.57300", "2018-06-30": "1105.18200", "2018-03-31": "1050.69600", "2017-12-31": "1033.66300", "2017-09-30": "1046.52700", "2017-06-30": "980.52600", "2017-03-31": "924.86500", "2016-12-31": "916.53800", "2016-09-30": "921.51500", "2016-06-30": "905.60100", "2016-03-31": "873.01500", "2015-12-31": "848.65100", "2015-09-30": "862.33900", "2015-06-30": "848.76100", "2015-03-31": "801.26200", "2014-12-31": "808.16200", "2014-09-30": "826.63400", "2014-06-30": "804.58900", "2014-03-31": "765.66100", "2013-12-31": "739.21700", "2013-09-30": "760.86400", "2013-06-30": "737.06900", "2013-03-31": "707.43800", "2012-12-31": "692.50600", "2012-09-30": "706.02900", "2012-06-30": "680.77400", "2012-03-31": "662.80600", "2011-12-31": "645.65000", "2011-09-30": "632.42300", "2011-06-30": "637.13200", "2011-03-31": "614.20500", "2010-12-31": "619.01400", "2010-09-30": "607.62500", "2010-06-30": "582.40700", "2010-03-31": "565.33300", "2009-12-31": "566.49600", "2009-09-30": "585.52700", "2009-06-30": "578.64200", "2009-03-31": "566.91600", "2008-12-31": "572.51700", "2008-09-30": "577.30100", "2008-06-30": "588.80800", "2008-03-31": "474.73300", "2007-12-31": "475.22800", "2007-09-30": "483.41200", "2007-06-30": "463.37400", "2007-03-31": "448.18400", "2006-12-31": "453.17500", "2006-09-30": "454.18500", "2006-06-30": "443.22200", "2006-03-31": "447.32400", "2005-12-31": "438.42000", "2005-09-30": "454.89800", "2005-06-30": "444.20700", "2005-03-31": "418.80000"}}, "cash flow statement": {"Net Income/Loss": {"2020-12-31": "0.00000", "2019-12-31": "203.34700", "2018-12-31": "231.66300", "2017-12-31": "179.12400", "2016-12-31": "167.36900", "2015-12-31": "152.14900", "2014-12-31": "137.66400", "2013-12-31": "123.33000", "2012-12-31": "111.33200", "2011-12-31": "100.71100", "2010-12-31": "90.00200", "2009-12-31": "83.98400", "2008-12-31": "68.93400", "2007-12-31": "64.73100", "2006-12-31": "57.80900", "2005-12-31": "52.77300"}, "Total Depreciation And Amortization - Cash Flow": {"2020-12-31": "", "2019-12-31": "79.54400", "2018-12-31": "64.67500", "2017-12-31": "55.53300", "2016-12-31": "49.89400", "2015-12-31": "42.13900", "2014-12-31": "42.27700", "2013-12-31": "39.30400", "2012-12-31": "38.07400", "2011-12-31": "37.50300", "2010-12-31": "36.40800", "2009-12-31": "37.16900", "2008-12-31": "33.44300", "2007-12-31": "27.06800", "2006-12-31": "26.86000", "2005-12-31": "24.28000"}, "Other Non-Cash Items": {"2020-12-31": "", "2019-12-31": "71.97400", "2018-12-31": "34.96000", "2017-12-31": "41.49000", "2016-12-31": "16.72500", "2015-12-31": "23.77000", "2014-12-31": "25.47200", "2013-12-31": "17.44900", "2012-12-31": "16.48800", "2011-12-31": "14.49400", "2010-12-31": "16.34800", "2009-12-31": "18.75400", "2008-12-31": "16.81100", "2007-12-31": "6.81600", "2006-12-31": "1.17400", "2005-12-31": "-3.09500"}, "Total Non-Cash Items": {"2020-12-31": "", "2019-12-31": "151.51800", "2018-12-31": "99.63500", "2017-12-31": "97.02300", "2016-12-31": "66.61900", "2015-12-31": "65.90900", "2014-12-31": "67.74900", "2013-12-31": "56.75300", "2012-12-31": "54.56200", "2011-12-31": "51.99700", "2010-12-31": "52.75600", "2009-12-31": "55.92300", "2008-12-31": "50.25400", "2007-12-31": "33.88400", "2006-12-31": "28.03400", "2005-12-31": "21.18500"}, "Change In Accounts Receivable": {"2020-12-31": "", "2019-12-31": "-20.15100", "2018-12-31": "-12.54900", "2017-12-31": "-13.66100", "2016-12-31": "-15.86800", "2015-12-31": "-12.49400", "2014-12-31": "-13.36900", "2013-12-31": "-13.61700", "2012-12-31": "-16.43800", "2011-12-31": "-10.66300", "2010-12-31": "-13.97700", "2009-12-31": "-10.42700", "2008-12-31": "-9.80100", "2007-12-31": "-5.85600", "2006-12-31": "3.41100", "2005-12-31": "4.29100"}, "Change In Inventories": {"2020-12-31": "", "2019-12-31": "-2.15100", "2018-12-31": "-0.37400", "2017-12-31": "-0.83700", "2016-12-31": "-0.67100", "2015-12-31": "0.81400", "2014-12-31": "-1.52500", "2013-12-31": "-0.11800", "2012-12-31": "-0.65500", "2011-12-31": "0.83700", "2010-12-31": "-1.39100", "2009-12-31": "1.04000", "2008-12-31": "-0.42200", "2007-12-31": "-0.02600", "2006-12-31": "0.68100", "2005-12-31": "2.38500"}, "Change In Accounts Payable": {"2020-12-31": "", "2019-12-31": "", "2018-12-31": "", "2017-12-31": "", "2016-12-31": "", "2015-12-31": "", "2014-12-31": "", "2013-12-31": "", "2012-12-31": "", "2011-12-31": "", "2010-12-31": "", "2009-12-31": "", "2008-12-31": "", "2007-12-31": "", "2006-12-31": "", "2005-12-31": ""}, "Change In Assets/Liabilities": {"2020-12-31": "", "2019-12-31": "-15.36500", "2018-12-31": "-7.59700", "2017-12-31": "-4.62700", "2016-12-31": "-7.20000", "2015-12-31": "-8.10900", "2014-12-31": "-12.92000", "2013-12-31": "-7.02900", "2012-12-31": "-10.79400", "2011-12-31": "2.58300", "2010-12-31": "-13.83200", "2009-12-31": "-7.36500", "2008-12-31": "-11.61600", "2007-12-31": "2.06000", "2006-12-31": "-6.55400", "2005-12-31": "-2.24300"}, "Total Change In Assets/Liabilities": {"2020-12-31": "", "2019-12-31": "-45.67700", "2018-12-31": "-45.02600", "2017-12-31": "-40.77700", "2016-12-31": "-7.46300", "2015-12-31": "-21.70200", "2014-12-31": "-11.26700", "2013-12-31": "-17.41800", "2012-12-31": "-23.97500", "2011-12-31": "1.93900", "2010-12-31": "-18.70500", "2009-12-31": "-29.06100", "2008-12-31": "-28.44400", "2007-12-31": "-9.85300", "2006-12-31": "-0.64200", "2005-12-31": "2.79200"}, "Cash Flow From Operating Activities": {"2020-12-31": "", "2019-12-31": "309.18800", "2018-12-31": "286.27200", "2017-12-31": "235.37000", "2016-12-31": "226.52500", "2015-12-31": "196.35600", "2014-12-31": "194.14600", "2013-12-31": "162.66500", "2012-12-31": "141.91900", "2011-12-31": "154.64700", "2010-12-31": "124.05300", "2009-12-31": "110.84600", "2008-12-31": "90.74400", "2007-12-31": "88.76200", "2006-12-31": "85.20100", "2005-12-31": "76.75000"}, "Net Change In Property, Plant, And Equipment": {"2020-12-31": "", "2019-12-31": "-25.38800", "2018-12-31": "-25.33900", "2017-12-31": "-24.31000", "2016-12-31": "-31.41800", "2015-12-31": "-36.74300", "2014-12-31": "-26.70100", "2013-12-31": "-18.26000", "2012-12-31": "-19.04000", "2011-12-31": "-17.89300", "2010-12-31": "-13.02900", "2009-12-31": "-15.65200", "2008-12-31": "-14.66900", "2007-12-31": "-16.15700", "2006-12-31": "-18.60100", "2005-12-31": "-24.78700"}, "Net Change In Intangible Assets": {"2020-12-31": "", "2019-12-31": "", "2018-12-31": "", "2017-12-31": "", "2016-12-31": "", "2015-12-31": "", "2014-12-31": "", "2013-12-31": "", "2012-12-31": "", "2011-12-31": "", "2010-12-31": "", "2009-12-31": "", "2008-12-31": "", "2007-12-31": "", "2006-12-31": "", "2005-12-31": ""}, "Net Acquisitions/Divestitures": {"2020-12-31": "", "2019-12-31": "-429.94100", "2018-12-31": "-76.42600", "2017-12-31": "-129.67000", "2016-12-31": "-45.60900", "2015-12-31": "-32.69500", "2014-12-31": "-62.77000", "2013-12-31": "-12.53000", "2012-12-31": "-24.70800", "2011-12-31": "-11.26100", "2010-12-31": "-34.61600", "2009-12-31": "-10.91000", "2008-12-31": "-152.04800", "2007-12-31": "-6.59700", "2006-12-31": "-9.38000", "2005-12-31": "-26.60000"}, "Net Change In Short-term Investments": {"2020-12-31": "", "2019-12-31": "", "2018-12-31": "", "2017-12-31": "", "2016-12-31": "", "2015-12-31": "", "2014-12-31": "", "2013-12-31": "", "2012-12-31": "", "2011-12-31": "", "2010-12-31": "", "2009-12-31": "", "2008-12-31": "", "2007-12-31": "", "2006-12-31": "", "2005-12-31": ""}, "Net Change In Long-Term Investments": {"2020-12-31": "", "2019-12-31": "", "2018-12-31": "", "2017-12-31": "", "2016-12-31": "", "2015-12-31": "", "2014-12-31": "", "2013-12-31": "", "2012-12-31": "", "2011-12-31": "", "2010-12-31": "", "2009-12-31": "", "2008-12-31": "", "2007-12-31": "", "2006-12-31": "", "2005-12-31": ""}, "Net Change In Investments - Total": {"2020-12-31": "", "2019-12-31": "", "2018-12-31": "", "2017-12-31": "", "2016-12-31": "", "2015-12-31": "", "2014-12-31": "", "2013-12-31": "", "2012-12-31": "", "2011-12-31": "", "2010-12-31": "", "2009-12-31": "", "2008-12-31": "", "2007-12-31": "", "2006-12-31": "", "2005-12-31": ""}, "Investing Activities - Other": {"2020-12-31": "", "2019-12-31": "0.22200", "2018-12-31": "0.39000", "2017-12-31": "-0.19500", "2016-12-31": "0.18500", "2015-12-31": "-0.50400", "2014-12-31": "", "2013-12-31": "", "2012-12-31": "1.05500", "2011-12-31": "", "2010-12-31": "", "2009-12-31": "", "2008-12-31": "", "2007-12-31": "", "2006-12-31": "", "2005-12-31": ""}, "Cash Flow From Investing Activities": {"2020-12-31": "", "2019-12-31": "-455.10700", "2018-12-31": "-101.37500", "2017-12-31": "-154.17500", "2016-12-31": "-76.84200", "2015-12-31": "-69.94200", "2014-12-31": "-89.47100", "2013-12-31": "-30.79000", "2012-12-31": "-42.69300", "2011-12-31": "-29.15400", "2010-12-31": "-47.64500", "2009-12-31": "-26.56200", "2008-12-31": "-166.71700", "2007-12-31": "-22.75400", "2006-12-31": "-27.98100", "2005-12-31": "-51.38700"}, "Net Long-Term Debt": {"2020-12-31": "", "2019-12-31": "291.50000", "2018-12-31": "", "2017-12-31": "", "2016-12-31": "", "2015-12-31": "", "2014-12-31": "", "2013-12-31": "", "2012-12-31": "", "2011-12-31": "-26.03800", "2010-12-31": "-1.72400", "2009-12-31": "-33.47100", "2008-12-31": "68.77100", "2007-12-31": "-1.91600", "2006-12-31": "-0.76300", "2005-12-31": ""}, "Net Current Debt": {"2020-12-31": "", "2019-12-31": "", "2018-12-31": "", "2017-12-31": "", "2016-12-31": "", "2015-12-31": "", "2014-12-31": "", "2013-12-31": "", "2012-12-31": "", "2011-12-31": "-4.50000", "2010-12-31": "", "2009-12-31": "", "2008-12-31": "", "2007-12-31": "", "2006-12-31": "", "2005-12-31": ""}, "Debt Issuance/Retirement Net - Total": {"2020-12-31": "", "2019-12-31": "291.50000", "2018-12-31": "", "2017-12-31": "", "2016-12-31": "", "2015-12-31": "", "2014-12-31": "", "2013-12-31": "", "2012-12-31": "", "2011-12-31": "-30.53800", "2010-12-31": "-1.72400", "2009-12-31": "-33.47100", "2008-12-31": "68.77100", "2007-12-31": "-1.91600", "2006-12-31": "-0.76300", "2005-12-31": ""}, "Net Common Equity Issued/Repurchased": {"2020-12-31": "", "2019-12-31": "-10.00900", "2018-12-31": "-9.54100", "2017-12-31": "-8.24600", "2016-12-31": "-31.06800", "2015-12-31": "-7.40700", "2014-12-31": "-35.51300", "2013-12-31": "-13.71700", "2012-12-31": "-19.93800", "2011-12-31": "-30.14600", "2010-12-31": "-29.43700", "2009-12-31": "-28.61500", "2008-12-31": "-22.91400", "2007-12-31": "-40.58700", "2006-12-31": "-18.36600", "2005-12-31": "-26.99300"}, "Net Total Equity Issued/Repurchased": {"2020-12-31": "", "2019-12-31": "-10.00900", "2018-12-31": "-9.54100", "2017-12-31": "-8.24600", "2016-12-31": "-31.06800", "2015-12-31": "-7.40700", "2014-12-31": "-35.51300", "2013-12-31": "-13.71700", "2012-12-31": "-19.93800", "2011-12-31": "-30.14600", "2010-12-31": "-29.43700", "2009-12-31": "-28.61500", "2008-12-31": "-22.91400", "2007-12-31": "-40.58700", "2006-12-31": "-18.36600", "2005-12-31": "-26.99300"}, "Total Common And Preferred Stock Dividends Paid": {"2020-12-31": "", "2019-12-31": "-153.83600", "2018-12-31": "-152.74200", "2017-12-31": "-122.01700", "2016-12-31": "-109.00200", "2015-12-31": "-91.75500", "2014-12-31": "-75.75000", "2013-12-31": "-65.65800", "2012-12-31": "-64.28200", "2011-12-31": "-41.11000", "2010-12-31": "-35.52100", "2009-12-31": "-27.85300", "2008-12-31": "-24.96900", "2007-12-31": "-20.33200", "2006-12-31": "-17.02500", "2005-12-31": "-13.71400"}, "Financial Activities - Other": {"2020-12-31": "", "2019-12-31": "", "2018-12-31": "", "2017-12-31": "", "2016-12-31": "3.69900", "2015-12-31": "1.94600", "2014-12-31": "4.74400", "2013-12-31": "3.72200", "2012-12-31": "3.23100", "2011-12-31": "2.36700", "2010-12-31": "1.18500", "2009-12-31": "0.18600", "2008-12-31": "0.14400", "2007-12-31": "3.03700", "2006-12-31": "-0.23500", "2005-12-31": "0.55800"}, "Cash Flow From Financial Activities": {"2020-12-31": "", "2019-12-31": "127.65500", "2018-12-31": "-162.28300", "2017-12-31": "-130.26300", "2016-12-31": "-136.37100", "2015-12-31": "-97.21600", "2014-12-31": "-106.51900", "2013-12-31": "-75.65300", "2012-12-31": "-80.98900", "2011-12-31": "-99.42700", "2010-12-31": "-65.49700", "2009-12-31": "-89.75300", "2008-12-31": "21.03200", "2007-12-31": "-59.79800", "2006-12-31": "-36.38900", "2005-12-31": "-40.14900"}, "Net Cash Flow": {"2020-12-31": "", "2019-12-31": "-21.20900", "2018-12-31": "8.43500", "2017-12-31": "-35.73500", "2016-12-31": "8.21100", "2015-12-31": "26.20200", "2014-12-31": "-9.84400", "2013-12-31": "53.13400", "2012-12-31": "18.80700", "2011-12-31": "25.36200", "2010-12-31": "11.40900", "2009-12-31": "-4.21200", "2008-12-31": "-57.56400", "2007-12-31": "7.93600", "2006-12-31": "20.27900", "2005-12-31": "-13.67200"}, "Stock-Based Compensation": {"2020-12-31": "", "2019-12-31": "14.15900", "2018-12-31": "13.72600", "2017-12-31": "12.39900", "2016-12-31": "12.41500", "2015-12-31": "12.11000", "2014-12-31": "10.57900", "2013-12-31": "10.42700", "2012-12-31": "9.49400", "2011-12-31": "7.55500", "2010-12-31": "7.53800", "2009-12-31": "5.80000", "2008-12-31": "4.39200", "2007-12-31": "3.18900", "2006-12-31": "2.98700", "2005-12-31": "1.24400"}, "Common Stock Dividends Paid": {"2020-12-31": "", "2019-12-31": "-153.83600", "2018-12-31": "-152.74200", "2017-12-31": "-122.01700", "2016-12-31": "-109.00200", "2015-12-31": "-91.75500", "2014-12-31": "-75.75000", "2013-12-31": "-65.65800", "2012-12-31": "-64.28200", "2011-12-31": "-41.11000", "2010-12-31": "-35.52100", "2009-12-31": "-27.85300", "2008-12-31": "-24.96900", "2007-12-31": "-20.33200", "2006-12-31": "-17.02500", "2005-12-31": "-13.71400"}}, "cash flow statement, quarterly": {"Net Income/Loss": {"2020-12-31": -198.205, "2020-09-30": 79.579, "2020-06-30": 75.358, "2020-03-31": "43.26800", "2019-12-31": 50.765, "2019-09-30": 44.061, "2019-06-30": 64.295, "2019-03-31": "44.22600", "2018-12-31": 50.968, "2018-09-30": 66.628, "2018-06-30": 65.542, "2018-03-31": "48.52500", "2017-12-31": 33.735, "2017-09-30": 51.43, "2017-06-30": 53.689, "2017-03-31": "40.27000", "2016-12-31": 38.007, "2016-09-30": 49.651, "2016-06-30": 47.783, "2016-03-31": "31.92800", "2015-12-31": 31.749, "2015-09-30": 45.046, "2015-06-30": 45.073, "2015-03-31": "30.28100", "2014-12-31": 29.917, "2014-09-30": 41.121, "2014-06-30": 40.86, "2014-03-31": "25.76600", "2013-12-31": 27.957, "2013-09-30": 36.2, "2013-06-30": 35.994, "2013-03-31": "23.17900", "2012-12-31": 22.914, "2012-09-30": 32.211, "2012-06-30": 33.127, "2012-03-31": "23.08000", "2011-12-31": 21.595, "2011-09-30": 29.415, "2011-06-30": 31.061, "2011-03-31": "18.64000", "2010-12-31": 19.206, "2010-09-30": 25.513, "2010-06-30": 27.7, "2010-03-31": "17.58300", "2009-12-31": 19.961, "2009-09-30": 22.733, "2009-06-30": 25.482, "2009-03-31": "15.80800", "2008-12-31": 12.553, "2008-09-30": 19.804, "2008-06-30": 22.738, "2008-03-31": "13.83900", "2007-12-31": 11.934, "2007-09-30": 18.765, "2007-06-30": 21.239, "2007-03-31": "12.79300", "2006-12-31": 10.539, "2006-09-30": 17.037, "2006-06-30": 19.33, "2006-03-31": "10.90300", "2005-12-31": 7.352, "2005-09-30": 15.1, "2005-06-30": 18.726, "2005-03-31": "11.59500"}, "Total Depreciation And Amortization - Cash Flow": {"2020-12-31": -65.926, "2020-09-30": 22.404, "2020-06-30": 21.925, "2020-03-31": "21.59700", "2019-12-31": 21.039, "2019-09-30": 21.69, "2019-06-30": 20.132, "2019-03-31": "16.68300", "2018-12-31": 14.526, "2018-09-30": 16.867, "2018-06-30": 16.366, "2018-03-31": "16.91600", "2017-12-31": 13.903, "2017-09-30": 14.313, "2017-06-30": 13.546, "2017-03-31": "13.77100", "2016-12-31": 12.821, "2016-09-30": 13.083, "2016-06-30": 12.35, "2016-03-31": "11.64000", "2015-12-31": 8.957, "2015-09-30": 11.156, "2015-06-30": 11.245, "2015-03-31": "10.78100", "2014-12-31": 10.018, "2014-09-30": 11.437, "2014-06-30": 10.608, "2014-03-31": "10.21400", "2013-12-31": 9.566, "2013-09-30": 10.076, "2013-06-30": 9.768, "2013-03-31": "9.89400", "2012-12-31": 9.229, "2012-09-30": 9.465, "2012-06-30": 9.613, "2012-03-31": "9.76700", "2011-12-31": 9.678, "2011-09-30": 9.337, "2011-06-30": 9.288, "2011-03-31": "9.20000", "2010-12-31": 9.365, "2010-09-30": 9.076, "2010-06-30": 8.967, "2010-03-31": "9.00000", "2009-12-31": 9.045, "2009-09-30": 9.321, "2009-06-30": 9.374, "2009-03-31": "9.42900", "2008-12-31": 9.096, "2008-09-30": 9.031, "2008-06-30": 8.685, "2008-03-31": "6.63100", "2007-12-31": 6.586, "2007-09-30": 6.885, "2007-06-30": 6.911, "2007-03-31": "6.68600", "2006-12-31": 6.46, "2006-09-30": 6.662, "2006-06-30": 6.945, "2006-03-31": "6.79300", "2005-12-31": 6.472, "2005-09-30": 5.8, "2005-06-30": 6.045, "2005-03-31": "5.96300"}, "Other Non-Cash Items": {"2020-12-31": -36.724, "2020-09-30": 17.338, "2020-06-30": 10.895, "2020-03-31": "8.49100", "2019-12-31": 58.79, "2019-09-30": -3.19, "2019-06-30": 8.067, "2019-03-31": "8.30700", "2018-12-31": 12.737, "2018-09-30": 8.69, "2018-06-30": 6.602, "2018-03-31": "6.93100", "2017-12-31": 16.204, "2017-09-30": 8.938, "2017-06-30": 7.688, "2017-03-31": "8.66000", "2016-12-31": -1.742, "2016-09-30": 7.933, "2016-06-30": 5.449, "2016-03-31": "5.08500", "2015-12-31": 10.195, "2015-09-30": 4.104, "2015-06-30": 6.042, "2015-03-31": "3.42900", "2014-12-31": 17.141, "2014-09-30": 4.996, "2014-06-30": 1.703, "2014-03-31": "1.63200", "2013-12-31": 6.445, "2013-09-30": 5.706, "2013-06-30": 4.308, "2013-03-31": "0.99000", "2012-12-31": -0.482, "2012-09-30": 9.186, "2012-06-30": 5.442, "2012-03-31": "2.34200", "2011-12-31": 3.299, "2011-09-30": 3.485, "2011-06-30": 4.656, "2011-03-31": "3.05400", "2010-12-31": 9.87, "2010-09-30": 0.459, "2010-06-30": 4.517, "2010-03-31": "1.50200", "2009-12-31": 5.657, "2009-09-30": 5.636, "2009-06-30": 4.656, "2009-03-31": "2.80500", "2008-12-31": 9.178, "2008-09-30": 9.418, "2008-06-30": -1.737, "2008-03-31": "-0.04800", "2007-12-31": 4.196, "2007-09-30": 1.82, "2007-06-30": 1.084, "2007-03-31": "-0.28400", "2006-12-31": -3.958, "2006-09-30": 0.967, "2006-06-30": 2.355, "2006-03-31": "1.81000", "2005-12-31": 0.849, "2005-09-30": -0.343, "2005-06-30": -7.149, "2005-03-31": "3.54800"}, "Total Non-Cash Items": {"2020-12-31": -102.65, "2020-09-30": 39.742, "2020-06-30": 32.82, "2020-03-31": "30.08800", "2019-12-31": 79.829, "2019-09-30": 18.5, "2019-06-30": 28.199, "2019-03-31": "24.99000", "2018-12-31": 27.263, "2018-09-30": 25.557, "2018-06-30": 22.968, "2018-03-31": "23.84700", "2017-12-31": 30.107, "2017-09-30": 23.251, "2017-06-30": 21.234, "2017-03-31": "22.43100", "2016-12-31": 11.079, "2016-09-30": 21.016, "2016-06-30": 17.799, "2016-03-31": "16.72500", "2015-12-31": 19.152, "2015-09-30": 15.26, "2015-06-30": 17.287, "2015-03-31": "14.21000", "2014-12-31": 27.159, "2014-09-30": 16.433, "2014-06-30": 12.311, "2014-03-31": "11.84600", "2013-12-31": 16.011, "2013-09-30": 15.782, "2013-06-30": 14.076, "2013-03-31": "10.88400", "2012-12-31": 8.747, "2012-09-30": 18.651, "2012-06-30": 15.055, "2012-03-31": "12.10900", "2011-12-31": 12.977, "2011-09-30": 12.822, "2011-06-30": 13.944, "2011-03-31": "12.25400", "2010-12-31": 19.235, "2010-09-30": 9.535, "2010-06-30": 13.484, "2010-03-31": "10.50200", "2009-12-31": 14.702, "2009-09-30": 14.957, "2009-06-30": 14.03, "2009-03-31": "12.23400", "2008-12-31": 18.274, "2008-09-30": 18.449, "2008-06-30": 6.948, "2008-03-31": "6.58300", "2007-12-31": 10.782, "2007-09-30": 8.705, "2007-06-30": 7.995, "2007-03-31": "6.40200", "2006-12-31": 2.502, "2006-09-30": 7.629, "2006-06-30": 9.3, "2006-03-31": "8.60300", "2005-12-31": 7.321, "2005-09-30": 5.457, "2005-06-30": -1.104, "2005-03-31": "9.51100"}, "Change In Accounts Receivable": {"2020-12-31": 0, "2020-09-30": 0, "2020-06-30": 0, "2020-03-31": "", "2019-12-31": -20.151, "2019-09-30": 0, "2019-06-30": 0, "2019-03-31": "", "2018-12-31": -12.549, "2018-09-30": 0, "2018-06-30": 0, "2018-03-31": "", "2017-12-31": -13.661, "2017-09-30": 0, "2017-06-30": 0, "2017-03-31": "", "2016-12-31": -15.868, "2016-09-30": 0, "2016-06-30": 0, "2016-03-31": "", "2015-12-31": -12.494, "2015-09-30": 0, "2015-06-30": 0, "2015-03-31": "", "2014-12-31": -13.369, "2014-09-30": 0, "2014-06-30": 0, "2014-03-31": "", "2013-12-31": -13.617, "2013-09-30": 0, "2013-06-30": 0, "2013-03-31": "", "2012-12-31": -16.438, "2012-09-30": 0, "2012-06-30": 0, "2012-03-31": "", "2011-12-31": -10.663, "2011-09-30": 0, "2011-06-30": 0, "2011-03-31": "", "2010-12-31": -13.977, "2010-09-30": 0, "2010-06-30": 0, "2010-03-31": "", "2009-12-31": 7.519, "2009-09-30": -4.746, "2009-06-30": -12.948, "2009-03-31": "-0.25200", "2008-12-31": 5.893, "2008-09-30": -2.743, "2008-06-30": -13.331, "2008-03-31": "0.38000", "2007-12-31": 2.819, "2007-09-30": 0.817, "2007-06-30": -11.743, "2007-03-31": "2.25100", "2006-12-31": 13.158, "2006-09-30": -0.142, "2006-06-30": -12.769, "2006-03-31": "3.16400", "2005-12-31": 7.477, "2005-09-30": 0.615, "2005-06-30": -4.898, "2005-03-31": "1.09700"}, "Change In Inventories": {"2020-12-31": 0, "2020-09-30": 0, "2020-06-30": 0, "2020-03-31": "", "2019-12-31": -2.151, "2019-09-30": 0, "2019-06-30": 0, "2019-03-31": "", "2018-12-31": -0.374, "2018-09-30": 0, "2018-06-30": 0, "2018-03-31": "", "2017-12-31": -0.837, "2017-09-30": 0, "2017-06-30": 0, "2017-03-31": "", "2016-12-31": -0.671, "2016-09-30": 0, "2016-06-30": 0, "2016-03-31": "", "2015-12-31": 0.814, "2015-09-30": 0, "2015-06-30": 0, "2015-03-31": "", "2014-12-31": -1.525, "2014-09-30": 0, "2014-06-30": 0, "2014-03-31": "", "2013-12-31": -0.118, "2013-09-30": 0, "2013-06-30": 0, "2013-03-31": "", "2012-12-31": -0.655, "2012-09-30": 0, "2012-06-30": 0, "2012-03-31": "", "2011-12-31": 0.837, "2011-09-30": 0, "2011-06-30": 0, "2011-03-31": "", "2010-12-31": -1.391, "2010-09-30": 0, "2010-06-30": 0, "2010-03-31": "", "2009-12-31": 0.22, "2009-09-30": 1.004, "2009-06-30": 0.515, "2009-03-31": "-0.69900", "2008-12-31": 0.015, "2008-09-30": -0.896, "2008-06-30": 0.412, "2008-03-31": "0.04700", "2007-12-31": -0.302, "2007-09-30": 0.615, "2007-06-30": -0.049, "2007-03-31": "-0.29000", "2006-12-31": -0.004, "2006-09-30": 0.148, "2006-06-30": 0.354, "2006-03-31": "0.18300", "2005-12-31": 0.849, "2005-09-30": 0.775, "2005-06-30": 0.484, "2005-03-31": "0.27700"}, "Change In Accounts Payable": {"2020-12-31": 0, "2020-09-30": 0, "2020-06-30": 0, "2020-03-31": "", "2019-12-31": 0, "2019-09-30": 0, "2019-06-30": 0, "2019-03-31": "", "2018-12-31": 0, "2018-09-30": 0, "2018-06-30": 0, "2018-03-31": "", "2017-12-31": 0, "2017-09-30": 0, "2017-06-30": 0, "2017-03-31": "", "2016-12-31": 0, "2016-09-30": 0, "2016-06-30": 0, "2016-03-31": "", "2015-12-31": 0, "2015-09-30": 0, "2015-06-30": 0, "2015-03-31": "", "2014-12-31": 0, "2014-09-30": 0, "2014-06-30": 0, "2014-03-31": "", "2013-12-31": 0, "2013-09-30": 0, "2013-06-30": 0, "2013-03-31": "", "2012-12-31": 0, "2012-09-30": 0, "2012-06-30": 0, "2012-03-31": "", "2011-12-31": 0, "2011-09-30": 0, "2011-06-30": 0, "2011-03-31": "", "2010-12-31": 0, "2010-09-30": 0, "2010-06-30": 0, "2010-03-31": "", "2009-12-31": 0, "2009-09-30": 0, "2009-06-30": 0, "2009-03-31": "", "2008-12-31": 0, "2008-09-30": 0, "2008-06-30": 0, "2008-03-31": "", "2007-12-31": 0, "2007-09-30": 0, "2007-06-30": 0, "2007-03-31": "", "2006-12-31": 0, "2006-09-30": 0, "2006-06-30": 0, "2006-03-31": "", "2005-12-31": 0, "2005-09-30": 0, "2005-06-30": 0, "2005-03-31": ""}, "Change In Assets/Liabilities": {"2020-12-31": -39.752, "2020-09-30": -13.486, "2020-06-30": 34.631, "2020-03-31": "18.60700", "2019-12-31": -34.984, "2019-09-30": 39.153, "2019-06-30": -11.74, "2019-03-31": "-7.79400", "2018-12-31": 32.196, "2018-09-30": -9.42, "2018-06-30": -30.749, "2018-03-31": "0.37600", "2017-12-31": 18.291, "2017-09-30": -5.202, "2017-06-30": -11.786, "2017-03-31": "-5.93000", "2016-12-31": 19.543, "2016-09-30": -9.03, "2016-06-30": -10.404, "2016-03-31": "-7.30900", "2015-12-31": 15.224, "2015-09-30": -5.737, "2015-06-30": -17.159, "2015-03-31": "-0.43700", "2014-12-31": -22.01, "2014-09-30": 9.862, "2014-06-30": -4.342, "2014-03-31": "3.57000", "2013-12-31": 1.567, "2013-09-30": 2.396, "2013-06-30": -15.715, "2013-03-31": "4.72300", "2012-12-31": 3.327, "2012-09-30": -4.355, "2012-06-30": -11.666, "2012-03-31": "1.90000", "2011-12-31": 5.613, "2011-09-30": -1.471, "2011-06-30": -3.619, "2011-03-31": "2.06000", "2010-12-31": -1.934, "2010-09-30": -1.666, "2010-06-30": -10.385, "2010-03-31": "0.15300", "2009-12-31": -3.018, "2009-09-30": -9.153, "2009-06-30": 4.668, "2009-03-31": "0.13800", "2008-12-31": -17.337, "2008-09-30": 0.166, "2008-06-30": 3.917, "2008-03-31": "1.63800", "2007-12-31": -7.64, "2007-09-30": 5.143, "2007-06-30": 1.006, "2007-03-31": "3.55100", "2006-12-31": -5.816, "2006-09-30": -0.047, "2006-06-30": -1.61, "2006-03-31": "0.91900", "2005-12-31": -8.419, "2005-09-30": 5.449, "2005-06-30": 2.038, "2005-03-31": "-1.31100"}, "Total Change In Assets/Liabilities": {"2020-12-31": -39.752, "2020-09-30": -13.486, "2020-06-30": 34.631, "2020-03-31": "18.60700", "2019-12-31": -65.296, "2019-09-30": 39.153, "2019-06-30": -11.74, "2019-03-31": "-7.79400", "2018-12-31": -5.233, "2018-09-30": -9.42, "2018-06-30": -30.749, "2018-03-31": "0.37600", "2017-12-31": -17.859, "2017-09-30": -5.202, "2017-06-30": -11.786, "2017-03-31": "-5.93000", "2016-12-31": 19.28, "2016-09-30": -9.03, "2016-06-30": -10.404, "2016-03-31": "-7.30900", "2015-12-31": 1.631, "2015-09-30": -5.737, "2015-06-30": -17.159, "2015-03-31": "-0.43700", "2014-12-31": -20.357, "2014-09-30": 9.862, "2014-06-30": -4.342, "2014-03-31": "3.57000", "2013-12-31": -8.822, "2013-09-30": 2.396, "2013-06-30": -15.715, "2013-03-31": "4.72300", "2012-12-31": -9.854, "2012-09-30": -4.355, "2012-06-30": -11.666, "2012-03-31": "1.90000", "2011-12-31": 4.969, "2011-09-30": -1.471, "2011-06-30": -3.619, "2011-03-31": "2.06000", "2010-12-31": -6.807, "2010-09-30": -1.666, "2010-06-30": -10.385, "2010-03-31": "0.15300", "2009-12-31": -16.01, "2009-09-30": -9.592, "2009-06-30": 3.954, "2009-03-31": "-7.41300", "2008-12-31": -17.695, "2008-09-30": -12.764, "2008-06-30": 6.928, "2008-03-31": "-4.91300", "2007-12-31": -12.492, "2007-09-30": 5.608, "2007-06-30": -1.662, "2007-03-31": "-1.30700", "2006-12-31": 9.299, "2006-09-30": 3.243, "2006-06-30": -21.99, "2006-03-31": "8.80600", "2005-12-31": -8.462, "2005-09-30": 9.583, "2005-06-30": 3.319, "2005-03-31": "-1.64800"}, "Cash Flow From Operating Activities": {"2020-12-31": -340.607, "2020-09-30": 105.835, "2020-06-30": 142.809, "2020-03-31": "91.96300", "2019-12-31": 65.298, "2019-09-30": 101.714, "2019-06-30": 80.754, "2019-03-31": "61.42200", "2018-12-31": 72.998, "2018-09-30": 82.765, "2018-06-30": 57.761, "2018-03-31": "72.74800", "2017-12-31": 45.983, "2017-09-30": 69.479, "2017-06-30": 63.137, "2017-03-31": "56.77100", "2016-12-31": 68.366, "2016-09-30": 61.637, "2016-06-30": 55.178, "2016-03-31": "41.34400", "2015-12-31": 52.532, "2015-09-30": 54.569, "2015-06-30": 45.201, "2015-03-31": "44.05400", "2014-12-31": 36.719, "2014-09-30": 67.416, "2014-06-30": 48.829, "2014-03-31": "41.18200", "2013-12-31": 35.146, "2013-09-30": 54.378, "2013-06-30": 34.355, "2013-03-31": "38.78600", "2012-12-31": 21.807, "2012-09-30": 46.507, "2012-06-30": 36.516, "2012-03-31": "37.08900", "2011-12-31": 39.541, "2011-09-30": 40.766, "2011-06-30": 41.386, "2011-03-31": "32.95400", "2010-12-31": 31.634, "2010-09-30": 33.382, "2010-06-30": 30.799, "2010-03-31": "28.23800", "2009-12-31": 18.653, "2009-09-30": 28.098, "2009-06-30": 43.459, "2009-03-31": "20.63600", "2008-12-31": 13.132, "2008-09-30": 25.489, "2008-06-30": 36.614, "2008-03-31": "15.50900", "2007-12-31": 10.224, "2007-09-30": 33.078, "2007-06-30": 27.572, "2007-03-31": "17.88800", "2006-12-31": 22.34, "2006-09-30": 27.909, "2006-06-30": 6.64, "2006-03-31": "28.31200", "2005-12-31": 6.211, "2005-09-30": 30.14, "2005-06-30": 20.941, "2005-03-31": "19.45800"}, "Net Change In Property, Plant, And Equipment": {"2020-12-31": 17.69, "2020-09-30": -5.249, "2020-06-30": -5.767, "2020-03-31": "-6.67400", "2019-12-31": -6.687, "2019-09-30": -5.265, "2019-06-30": -6.955, "2019-03-31": "-6.48100", "2018-12-31": -5.694, "2018-09-30": -5.399, "2018-06-30": -8.112, "2018-03-31": "-6.13400", "2017-12-31": -7.093, "2017-09-30": -5.995, "2017-06-30": -5.768, "2017-03-31": "-5.45400", "2016-12-31": -4.29, "2016-09-30": -7.139, "2016-06-30": -11.033, "2016-03-31": "-8.95600", "2015-12-31": -8.13, "2015-09-30": -10.883, "2015-06-30": -9.419, "2015-03-31": "-8.31100", "2014-12-31": -4.007, "2014-09-30": -11.223, "2014-06-30": -6.315, "2014-03-31": "-5.15600", "2013-12-31": -4.966, "2013-09-30": -3.68, "2013-06-30": -4.875, "2013-03-31": "-4.73900", "2012-12-31": -7.286, "2012-09-30": -4.335, "2012-06-30": -3.705, "2012-03-31": "-3.71400", "2011-12-31": -4.512, "2011-09-30": -5.781, "2011-06-30": -4.255, "2011-03-31": "-3.34500", "2010-12-31": -6.239, "2010-09-30": -2.268, "2010-06-30": -2.982, "2010-03-31": "-1.54000", "2009-12-31": -5.874, "2009-09-30": -3.691, "2009-06-30": -2.628, "2009-03-31": "-3.45900", "2008-12-31": -4.669, "2008-09-30": -2.979, "2008-06-30": -4.27, "2008-03-31": "-2.75100", "2007-12-31": -2.724, "2007-09-30": -3.334, "2007-06-30": -3.956, "2007-03-31": "-6.14300", "2006-12-31": -2.964, "2006-09-30": -4.286, "2006-06-30": -5.918, "2006-03-31": "-5.43300", "2005-12-31": -7.788, "2005-09-30": -2.796, "2005-06-30": -7.786, "2005-03-31": "-6.41700"}, "Net Change In Intangible Assets": {"2020-12-31": 0, "2020-09-30": 0, "2020-06-30": 0, "2020-03-31": "", "2019-12-31": 0, "2019-09-30": 0, "2019-06-30": 0, "2019-03-31": "", "2018-12-31": 0, "2018-09-30": 0, "2018-06-30": 0, "2018-03-31": "", "2017-12-31": 0, "2017-09-30": 0, "2017-06-30": 0, "2017-03-31": "", "2016-12-31": 0, "2016-09-30": 0, "2016-06-30": 0, "2016-03-31": "", "2015-12-31": 0, "2015-09-30": 0, "2015-06-30": 0, "2015-03-31": "", "2014-12-31": 0, "2014-09-30": 0, "2014-06-30": 0, "2014-03-31": "", "2013-12-31": 0, "2013-09-30": 0, "2013-06-30": 0, "2013-03-31": "", "2012-12-31": 0, "2012-09-30": 0, "2012-06-30": 0, "2012-03-31": "", "2011-12-31": 0, "2011-09-30": 0, "2011-06-30": 0, "2011-03-31": "", "2010-12-31": 0, "2010-09-30": 0, "2010-06-30": 0, "2010-03-31": "", "2009-12-31": 0, "2009-09-30": 0, "2009-06-30": 0, "2009-03-31": "", "2008-12-31": 0, "2008-09-30": 0, "2008-06-30": 0, "2008-03-31": "", "2007-12-31": 0, "2007-09-30": 0, "2007-06-30": 0, "2007-03-31": "", "2006-12-31": 0, "2006-09-30": 0, "2006-06-30": 0, "2006-03-31": "", "2005-12-31": 0, "2005-09-30": 0, "2005-06-30": 0, "2005-03-31": ""}, "Net Acquisitions/Divestitures": {"2020-12-31": 79.45, "2020-09-30": -23.705, "2020-06-30": -8.426, "2020-03-31": "-47.31900", "2019-12-31": 0.696, "2019-09-30": -21.056, "2019-06-30": -402.935, "2019-03-31": "-6.64600", "2018-12-31": -4.984, "2018-09-30": -17.051, "2018-06-30": -11.414, "2018-03-31": "-42.97700", "2017-12-31": -2.226, "2017-09-30": -121.524, "2017-06-30": -3.068, "2017-03-31": "-2.85200", "2016-12-31": -4.984, "2016-09-30": -5.689, "2016-06-30": -13.864, "2016-03-31": "-21.07200", "2015-12-31": -1.669, "2015-09-30": -0.516, "2015-06-30": -2.385, "2015-03-31": "-28.12500", "2014-12-31": -3.381, "2014-09-30": 0.271, "2014-06-30": -6.175, "2014-03-31": "-53.48500", "2013-12-31": -0.387, "2013-09-30": -9.526, "2013-06-30": -1.688, "2013-03-31": "-0.92900", "2012-12-31": -14.223, "2012-09-30": -0.386, "2012-06-30": -3.273, "2012-03-31": "-6.82600", "2011-12-31": -1.999, "2011-09-30": -1.276, "2011-06-30": -3.573, "2011-03-31": "-4.41300", "2010-12-31": -13.726, "2010-09-30": -18.717, "2010-06-30": -1.549, "2010-03-31": "-0.62400", "2009-12-31": -5.495, "2009-09-30": -2.381, "2009-06-30": -1.571, "2009-03-31": "-1.46300", "2008-12-31": -15.82, "2008-09-30": -0.658, "2008-06-30": -134.264, "2008-03-31": "-1.30600", "2007-12-31": -0.647, "2007-09-30": -1.607, "2007-06-30": -3.246, "2007-03-31": "-1.09700", "2006-12-31": -4.88, "2006-09-30": 0.119, "2006-06-30": -0.657, "2006-03-31": "-3.96200", "2005-12-31": -23.918, "2005-09-30": -1.371, "2005-06-30": -0.29, "2005-03-31": "-1.02100"}, "Net Change In Short-term Investments": {"2020-12-31": 0, "2020-09-30": 0, "2020-06-30": 0, "2020-03-31": "", "2019-12-31": 0, "2019-09-30": 0, "2019-06-30": 0, "2019-03-31": "", "2018-12-31": 0, "2018-09-30": 0, "2018-06-30": 0, "2018-03-31": "", "2017-12-31": 0, "2017-09-30": 0, "2017-06-30": 0, "2017-03-31": "", "2016-12-31": 0, "2016-09-30": 0, "2016-06-30": 0, "2016-03-31": "", "2015-12-31": 0, "2015-09-30": 0, "2015-06-30": 0, "2015-03-31": "", "2014-12-31": 0, "2014-09-30": 0, "2014-06-30": 0, "2014-03-31": "", "2013-12-31": 0, "2013-09-30": 0, "2013-06-30": 0, "2013-03-31": "", "2012-12-31": 0, "2012-09-30": 0, "2012-06-30": 0, "2012-03-31": "", "2011-12-31": 0, "2011-09-30": 0, "2011-06-30": 0, "2011-03-31": "", "2010-12-31": 0, "2010-09-30": 0, "2010-06-30": 0, "2010-03-31": "", "2009-12-31": 0, "2009-09-30": 0, "2009-06-30": 0, "2009-03-31": "", "2008-12-31": 0, "2008-09-30": 0, "2008-06-30": 0, "2008-03-31": "", "2007-12-31": 0, "2007-09-30": 0, "2007-06-30": 0, "2007-03-31": "", "2006-12-31": 0, "2006-09-30": 0, "2006-06-30": 0, "2006-03-31": "", "2005-12-31": 0, "2005-09-30": 0.629, "2005-06-30": -0.629, "2005-03-31": ""}, "Net Change In Long-Term Investments": {"2020-12-31": 0, "2020-09-30": 0, "2020-06-30": 0, "2020-03-31": "", "2019-12-31": 0, "2019-09-30": 0, "2019-06-30": 0, "2019-03-31": "", "2018-12-31": 0, "2018-09-30": 0, "2018-06-30": 0, "2018-03-31": "", "2017-12-31": 0, "2017-09-30": 0, "2017-06-30": 0, "2017-03-31": "", "2016-12-31": 0, "2016-09-30": 0, "2016-06-30": 0, "2016-03-31": "", "2015-12-31": 0, "2015-09-30": 0, "2015-06-30": 0, "2015-03-31": "", "2014-12-31": 0, "2014-09-30": 0, "2014-06-30": 0, "2014-03-31": "", "2013-12-31": 0, "2013-09-30": 0, "2013-06-30": 0, "2013-03-31": "", "2012-12-31": 0, "2012-09-30": 0, "2012-06-30": 0, "2012-03-31": "", "2011-12-31": 0, "2011-09-30": 0, "2011-06-30": 0, "2011-03-31": "", "2010-12-31": 0, "2010-09-30": 0, "2010-06-30": 0, "2010-03-31": "", "2009-12-31": 0, "2009-09-30": 0, "2009-06-30": 0, "2009-03-31": "", "2008-12-31": 0, "2008-09-30": 0, "2008-06-30": 0, "2008-03-31": "", "2007-12-31": 0, "2007-09-30": 0, "2007-06-30": 0, "2007-03-31": "", "2006-12-31": 0, "2006-09-30": 0, "2006-06-30": 0, "2006-03-31": "", "2005-12-31": 0, "2005-09-30": 0, "2005-06-30": 0, "2005-03-31": ""}, "Net Change In Investments - Total": {"2020-12-31": 0, "2020-09-30": 0, "2020-06-30": 0, "2020-03-31": "", "2019-12-31": 0, "2019-09-30": 0, "2019-06-30": 0, "2019-03-31": "", "2018-12-31": 0, "2018-09-30": 0, "2018-06-30": 0, "2018-03-31": "", "2017-12-31": 0, "2017-09-30": 0, "2017-06-30": 0, "2017-03-31": "", "2016-12-31": 0, "2016-09-30": 0, "2016-06-30": 0, "2016-03-31": "", "2015-12-31": 0, "2015-09-30": 0, "2015-06-30": 0, "2015-03-31": "", "2014-12-31": 0, "2014-09-30": 0, "2014-06-30": 0, "2014-03-31": "", "2013-12-31": 0, "2013-09-30": 0, "2013-06-30": 0, "2013-03-31": "", "2012-12-31": 0, "2012-09-30": 0, "2012-06-30": 0, "2012-03-31": "", "2011-12-31": 0, "2011-09-30": 0, "2011-06-30": 0, "2011-03-31": "", "2010-12-31": 0, "2010-09-30": 0, "2010-06-30": 0, "2010-03-31": "", "2009-12-31": 0, "2009-09-30": 0, "2009-06-30": 0, "2009-03-31": "", "2008-12-31": 0, "2008-09-30": 0, "2008-06-30": 0, "2008-03-31": "", "2007-12-31": 0, "2007-09-30": 0, "2007-06-30": 0, "2007-03-31": "", "2006-12-31": 0, "2006-09-30": 0, "2006-06-30": 0, "2006-03-31": "", "2005-12-31": 0, "2005-09-30": 0.629, "2005-06-30": -0.629, "2005-03-31": ""}, "Investing Activities - Other": {"2020-12-31": -2.609, "2020-09-30": 0.789, "2020-06-30": 0.879, "2020-03-31": "0.94100", "2019-12-31": -1.148, "2019-09-30": 0.273, "2019-06-30": 0.528, "2019-03-31": "0.56900", "2018-12-31": -0.612, "2018-09-30": 0.577, "2018-06-30": 0.349, "2018-03-31": "0.07600", "2017-12-31": -0.262, "2017-09-30": -0.228, "2017-06-30": 0.234, "2017-03-31": "0.06100", "2016-12-31": -0.948, "2016-09-30": 0.052, "2016-06-30": 0.988, "2016-03-31": "0.09300", "2015-12-31": -2.559, "2015-09-30": 1.515, "2015-06-30": 0.271, "2015-03-31": "0.26900", "2014-12-31": -1.062, "2014-09-30": -0.046, "2014-06-30": 0.662, "2014-03-31": "0.44600", "2013-12-31": -0.428, "2013-09-30": 0.195, "2013-06-30": 0.177, "2013-03-31": "0.05600", "2012-12-31": 0.544, "2012-09-30": 0.139, "2012-06-30": 0.23, "2012-03-31": "0.14200", "2011-12-31": -0.219, "2011-09-30": 0.007, "2011-06-30": 0.052, "2011-03-31": "0.16000", "2010-12-31": -0.143, "2010-09-30": 0.012, "2010-06-30": -0.177, "2010-03-31": "0.30800", "2009-12-31": 0, "2009-09-30": 0, "2009-06-30": 0, "2009-03-31": "", "2008-12-31": 0, "2008-09-30": 0, "2008-06-30": 0, "2008-03-31": "", "2007-12-31": 0, "2007-09-30": -0.058, "2007-06-30": 0.052, "2007-03-31": "0.00600", "2006-12-31": 0, "2006-09-30": 0, "2006-06-30": 0, "2006-03-31": "", "2005-12-31": -0.752, "2005-09-30": 0.003, "2005-06-30": 0.749, "2005-03-31": ""}, "Cash Flow From Investing Activities": {"2020-12-31": 94.531, "2020-09-30": -28.165, "2020-06-30": -13.314, "2020-03-31": "-53.05200", "2019-12-31": -7.139, "2019-09-30": -26.048, "2019-06-30": -409.362, "2019-03-31": "-12.55800", "2018-12-31": -11.29, "2018-09-30": -21.873, "2018-06-30": -19.177, "2018-03-31": "-49.03500", "2017-12-31": -9.581, "2017-09-30": -127.747, "2017-06-30": -8.602, "2017-03-31": "-8.24500", "2016-12-31": -10.222, "2016-09-30": -12.776, "2016-06-30": -23.909, "2016-03-31": "-29.93500", "2015-12-31": -12.358, "2015-09-30": -9.884, "2015-06-30": -11.533, "2015-03-31": "-36.16700", "2014-12-31": -8.45, "2014-09-30": -10.998, "2014-06-30": -11.828, "2014-03-31": "-58.19500", "2013-12-31": -5.781, "2013-09-30": -13.011, "2013-06-30": -6.386, "2013-03-31": "-5.61200", "2012-12-31": -20.965, "2012-09-30": -4.582, "2012-06-30": -6.748, "2012-03-31": "-10.39800", "2011-12-31": -6.73, "2011-09-30": -7.05, "2011-06-30": -7.776, "2011-03-31": "-7.59800", "2010-12-31": -20.108, "2010-09-30": -20.973, "2010-06-30": -4.708, "2010-03-31": "-1.85600", "2009-12-31": -11.369, "2009-09-30": -6.072, "2009-06-30": -4.199, "2009-03-31": "-4.92200", "2008-12-31": -20.489, "2008-09-30": -3.637, "2008-06-30": -138.534, "2008-03-31": "-4.05700", "2007-12-31": -3.371, "2007-09-30": -4.999, "2007-06-30": -7.15, "2007-03-31": "-7.23400", "2006-12-31": -7.844, "2006-09-30": -4.167, "2006-06-30": -6.575, "2006-03-31": "-9.39500", "2005-12-31": -32.458, "2005-09-30": -3.535, "2005-06-30": -7.956, "2005-03-31": "-7.43800"}, "Net Long-Term Debt": {"2020-12-31": 121.5, "2020-09-30": -85, "2020-06-30": -64.8, "2020-03-31": "28.30000", "2019-12-31": -34.5, "2019-09-30": -21.875, "2019-06-30": 347.875, "2019-03-31": "", "2018-12-31": 0, "2018-09-30": 0, "2018-06-30": 0, "2018-03-31": "", "2017-12-31": 0, "2017-09-30": 0, "2017-06-30": 0, "2017-03-31": "", "2016-12-31": 0, "2016-09-30": 0, "2016-06-30": 0, "2016-03-31": "", "2015-12-31": 0, "2015-09-30": 0, "2015-06-30": 0, "2015-03-31": "", "2014-12-31": 0, "2014-09-30": 0, "2014-06-30": 0, "2014-03-31": "", "2013-12-31": 0, "2013-09-30": 0, "2013-06-30": 0, "2013-03-31": "", "2012-12-31": 0, "2012-09-30": 0, "2012-06-30": 0, "2012-03-31": "", "2011-12-31": -27, "2011-09-30": 17, "2011-06-30": -15.018, "2011-03-31": "-1.02000", "2010-12-31": 4.468, "2010-09-30": -1.035, "2010-06-30": -5.039, "2010-03-31": "-0.11800", "2009-12-31": -13.094, "2009-09-30": -10.112, "2009-06-30": -7.134, "2009-03-31": "-3.13100", "2008-12-31": 27.935, "2008-09-30": 41.291, "2008-06-30": -0.291, "2008-03-31": "-0.16400", "2007-12-31": -0.384, "2007-09-30": -0.081, "2007-06-30": 0.211, "2007-03-31": "-1.66200", "2006-12-31": -0.197, "2006-09-30": -0.173, "2006-06-30": -0.245, "2006-03-31": "-0.14800", "2005-12-31": 0, "2005-09-30": 0, "2005-06-30": 0, "2005-03-31": ""}, "Net Current Debt": {"2020-12-31": 0, "2020-09-30": 0, "2020-06-30": 0, "2020-03-31": "", "2019-12-31": 0, "2019-09-30": 0, "2019-06-30": 0, "2019-03-31": "", "2018-12-31": 0, "2018-09-30": 0, "2018-06-30": 0, "2018-03-31": "", "2017-12-31": 0, "2017-09-30": 0, "2017-06-30": 0, "2017-03-31": "", "2016-12-31": 0, "2016-09-30": 0, "2016-06-30": 0, "2016-03-31": "", "2015-12-31": 0, "2015-09-30": 0, "2015-06-30": 0, "2015-03-31": "", "2014-12-31": 0, "2014-09-30": 0, "2014-06-30": 0, "2014-03-31": "", "2013-12-31": 0, "2013-09-30": 0, "2013-06-30": 0, "2013-03-31": "", "2012-12-31": 0, "2012-09-30": 0, "2012-06-30": 0, "2012-03-31": "", "2011-12-31": 21.5, "2011-09-30": -26.5, "2011-06-30": 5, "2011-03-31": "-4.50000", "2010-12-31": -7, "2010-09-30": 6, "2010-06-30": 10, "2010-03-31": "-9.00000", "2009-12-31": -0.6, "2009-09-30": 0.6, "2009-06-30": -6, "2009-03-31": "6.00000", "2008-12-31": -2.3, "2008-09-30": -54.6, "2008-06-30": 56.9, "2008-03-31": "", "2007-12-31": 0, "2007-09-30": 0, "2007-06-30": 0, "2007-03-31": "", "2006-12-31": 0, "2006-09-30": 0, "2006-06-30": 0, "2006-03-31": "", "2005-12-31": 0, "2005-09-30": 0, "2005-06-30": 0, "2005-03-31": ""}, "Debt Issuance/Retirement Net - Total": {"2020-12-31": 121.5, "2020-09-30": -85, "2020-06-30": -64.8, "2020-03-31": "28.30000", "2019-12-31": -34.5, "2019-09-30": -21.875, "2019-06-30": 347.875, "2019-03-31": "", "2018-12-31": 0, "2018-09-30": 0, "2018-06-30": 0, "2018-03-31": "", "2017-12-31": 0, "2017-09-30": 0, "2017-06-30": 0, "2017-03-31": "", "2016-12-31": 0, "2016-09-30": 0, "2016-06-30": 0, "2016-03-31": "", "2015-12-31": 0, "2015-09-30": 0, "2015-06-30": 0, "2015-03-31": "", "2014-12-31": 0, "2014-09-30": 0, "2014-06-30": 0, "2014-03-31": "", "2013-12-31": 0, "2013-09-30": 0, "2013-06-30": 0, "2013-03-31": "", "2012-12-31": 0, "2012-09-30": 0, "2012-06-30": 0, "2012-03-31": "", "2011-12-31": -5.5, "2011-09-30": -9.5, "2011-06-30": -10.018, "2011-03-31": "-5.52000", "2010-12-31": -2.532, "2010-09-30": 4.965, "2010-06-30": 4.961, "2010-03-31": "-9.11800", "2009-12-31": -13.694, "2009-09-30": -9.512, "2009-06-30": -13.134, "2009-03-31": "2.86900", "2008-12-31": 25.635, "2008-09-30": -13.309, "2008-06-30": 56.609, "2008-03-31": "-0.16400", "2007-12-31": -0.384, "2007-09-30": -0.081, "2007-06-30": 0.211, "2007-03-31": "-1.66200", "2006-12-31": -0.197, "2006-09-30": -0.173, "2006-06-30": -0.245, "2006-03-31": "-0.14800", "2005-12-31": 0, "2005-09-30": 0, "2005-06-30": 0, "2005-03-31": ""}, "Net Common Equity Issued/Repurchased": {"2020-12-31": 8.085, "2020-09-30": 0, "2020-06-30": -0.054, "2020-03-31": "-8.03100", "2019-12-31": -0.074, "2019-09-30": -0.101, "2019-06-30": -0.713, "2019-03-31": "-9.12100", "2018-12-31": -0.008, "2018-09-30": -0.195, "2018-06-30": -0.113, "2018-03-31": "-9.22500", "2017-12-31": -0.053, "2017-09-30": -0.504, "2017-06-30": -0.209, "2017-03-31": "-7.48000", "2016-12-31": -0.025, "2016-09-30": -12.444, "2016-06-30": -9.82, "2016-03-31": "-8.77900", "2015-12-31": 0, "2015-09-30": 0, "2015-06-30": -0.916, "2015-03-31": "-6.49100", "2014-12-31": -0.016, "2014-09-30": -22.708, "2014-06-30": -6.149, "2014-03-31": "-6.64000", "2013-12-31": -0.018, "2013-09-30": -4.56, "2013-06-30": -4.667, "2013-03-31": "-4.47200", "2012-12-31": 0, "2012-09-30": 0, "2012-06-30": -15.25, "2012-03-31": "-4.68800", "2011-12-31": -1.34, "2011-09-30": -10.684, "2011-06-30": -10.412, "2011-03-31": "-7.71000", "2010-12-31": -0.115, "2010-09-30": -8.25, "2010-06-30": -16.852, "2010-03-31": "-4.22000", "2009-12-31": -3.726, "2009-09-30": -2.606, "2009-06-30": -12.131, "2009-03-31": "-10.15200", "2008-12-31": -13.109, "2008-09-30": -0.785, "2008-06-30": -4.45, "2008-03-31": "-4.57000", "2007-12-31": -11.071, "2007-09-30": 0.473, "2007-06-30": -15.189, "2007-03-31": "-14.80000", "2006-12-31": 0.651, "2006-09-30": -2.108, "2006-06-30": -13.076, "2006-03-31": "-3.83300", "2005-12-31": -8.909, "2005-09-30": -9.868, "2005-06-30": 1.165, "2005-03-31": "-9.38100"}, "Net Total Equity Issued/Repurchased": {"2020-12-31": 8.085, "2020-09-30": 0, "2020-06-30": -0.054, "2020-03-31": "-8.03100", "2019-12-31": -0.074, "2019-09-30": -0.101, "2019-06-30": -0.713, "2019-03-31": "-9.12100", "2018-12-31": -0.008, "2018-09-30": -0.195, "2018-06-30": -0.113, "2018-03-31": "-9.22500", "2017-12-31": -0.053, "2017-09-30": -0.504, "2017-06-30": -0.209, "2017-03-31": "-7.48000", "2016-12-31": -0.025, "2016-09-30": -12.444, "2016-06-30": -9.82, "2016-03-31": "-8.77900", "2015-12-31": 0, "2015-09-30": 0, "2015-06-30": -0.916, "2015-03-31": "-6.49100", "2014-12-31": -0.016, "2014-09-30": -22.708, "2014-06-30": -6.149, "2014-03-31": "-6.64000", "2013-12-31": -0.018, "2013-09-30": -4.56, "2013-06-30": -4.667, "2013-03-31": "-4.47200", "2012-12-31": 0, "2012-09-30": 0, "2012-06-30": -15.25, "2012-03-31": "-4.68800", "2011-12-31": -1.34, "2011-09-30": -10.684, "2011-06-30": -10.412, "2011-03-31": "-7.71000", "2010-12-31": -0.115, "2010-09-30": -8.25, "2010-06-30": -16.852, "2010-03-31": "-4.22000", "2009-12-31": -3.726, "2009-09-30": -2.606, "2009-06-30": -12.131, "2009-03-31": "-10.15200", "2008-12-31": -13.109, "2008-09-30": -0.785, "2008-06-30": -4.45, "2008-03-31": "-4.57000", "2007-12-31": -11.071, "2007-09-30": 0.473, "2007-06-30": -15.189, "2007-03-31": "-14.80000", "2006-12-31": 0.651, "2006-09-30": -2.108, "2006-06-30": -13.076, "2006-03-31": "-3.83300", "2005-12-31": -8.909, "2005-09-30": -9.868, "2005-06-30": 1.165, "2005-03-31": "-9.38100"}, "Total Common And Preferred Stock Dividends Paid": {"2020-12-31": 91.745, "2020-09-30": -26.214, "2020-06-30": -26.214, "2020-03-31": "-39.31700", "2019-12-31": -50.743, "2019-09-30": -34.394, "2019-06-30": -34.367, "2019-03-31": "-34.33200", "2018-12-31": -61.065, "2018-09-30": -30.535, "2018-06-30": -30.54, "2018-03-31": "-30.60200", "2017-12-31": -46.835, "2017-09-30": -25.065, "2017-06-30": -25.059, "2017-03-31": "-25.05800", "2016-12-31": -43.496, "2016-09-30": -21.818, "2016-06-30": -21.833, "2016-03-31": "-21.85500", "2015-12-31": -39.319, "2015-09-30": -17.477, "2015-06-30": -17.476, "2015-03-31": "-17.48300", "2014-12-31": -29.805, "2014-09-30": -15.333, "2014-06-30": -15.311, "2014-03-31": "-15.30100", "2013-12-31": -26.226, "2013-09-30": -13.136, "2013-06-30": -13.15, "2013-03-31": "-13.14600", "2012-12-31": -29.174, "2012-09-30": -11.673, "2012-06-30": -11.709, "2012-03-31": "-11.72600", "2011-12-31": -10.22, "2011-09-30": -10.264, "2011-06-30": -10.308, "2011-03-31": "-10.31800", "2010-12-31": -8.809, "2010-09-30": -8.856, "2010-06-30": -8.924, "2010-03-31": "-8.93200", "2009-12-31": -6.925, "2009-09-30": -6.932, "2009-06-30": -6.97, "2009-03-31": "-7.02600", "2008-12-31": -6.058, "2008-09-30": -6.302, "2008-06-30": -6.309, "2008-03-31": "-6.30000", "2007-12-31": -5.058, "2007-09-30": -5.034, "2007-06-30": -4.92, "2007-03-31": "-5.32000", "2006-12-31": -4.235, "2006-09-30": -4.234, "2006-06-30": -4.28, "2006-03-31": "-4.27600", "2005-12-31": -3.41, "2005-09-30": -3.446, "2005-06-30": -3.422, "2005-03-31": "-3.43600"}, "Financial Activities - Other": {"2020-12-31": 24.168, "2020-09-30": -16.306, "2020-06-30": -5.822, "2020-03-31": "-2.04000", "2019-12-31": 13.572, "2019-09-30": -8.339, "2019-06-30": -2.426, "2019-03-31": "-2.80700", "2018-12-31": 0, "2018-09-30": 0, "2018-06-30": 0, "2018-03-31": "", "2017-12-31": 0, "2017-09-30": 0, "2017-06-30": 0, "2017-03-31": "", "2016-12-31": 0.163, "2016-09-30": 0.428, "2016-06-30": 0.089, "2016-03-31": "3.01900", "2015-12-31": 0.183, "2015-09-30": 0.082, "2015-06-30": -0.6, "2015-03-31": "2.28100", "2014-12-31": 0.211, "2014-09-30": 0.078, "2014-06-30": 1.069, "2014-03-31": "3.38600", "2013-12-31": 0.187, "2013-09-30": 0.403, "2013-06-30": 0.452, "2013-03-31": "2.68000", "2012-12-31": 0.2, "2012-09-30": 0.099, "2012-06-30": 0.342, "2012-03-31": "2.59000", "2011-12-31": 0.097, "2011-09-30": 2.132, "2011-06-30": 0.068, "2011-03-31": "0.07000", "2010-12-31": 0.215, "2010-09-30": 0.522, "2010-06-30": 0.059, "2010-03-31": "0.38900", "2009-12-31": 0.046, "2009-09-30": 0.047, "2009-06-30": 0.093, "2009-03-31": "", "2008-12-31": 0.079, "2008-09-30": 0, "2008-06-30": 0.06, "2008-03-31": "0.00500", "2007-12-31": 0.113, "2007-09-30": 0, "2007-06-30": 0.065, "2007-03-31": "2.85900", "2006-12-31": 0.001, "2006-09-30": -0.359, "2006-06-30": 0.537, "2006-03-31": "-0.41400", "2005-12-31": 1.773, "2005-09-30": -0.569, "2005-06-30": 0.023, "2005-03-31": "-0.66900"}, "Cash Flow From Financial Activities": {"2020-12-31": 245.498, "2020-09-30": -127.52, "2020-06-30": -96.89, "2020-03-31": "-21.08800", "2019-12-31": -71.745, "2019-09-30": -64.709, "2019-06-30": 310.369, "2019-03-31": "-46.26000", "2018-12-31": -61.073, "2018-09-30": -30.73, "2018-06-30": -30.653, "2018-03-31": "-39.82700", "2017-12-31": -46.888, "2017-09-30": -25.569, "2017-06-30": -25.268, "2017-03-31": "-32.53800", "2016-12-31": -43.358, "2016-09-30": -33.834, "2016-06-30": -31.564, "2016-03-31": "-27.61500", "2015-12-31": -39.136, "2015-09-30": -17.395, "2015-06-30": -18.992, "2015-03-31": "-21.69300", "2014-12-31": -29.61, "2014-09-30": -37.963, "2014-06-30": -20.391, "2014-03-31": "-18.55500", "2013-12-31": -26.057, "2013-09-30": -17.293, "2013-06-30": -17.365, "2013-03-31": "-14.93800", "2012-12-31": -28.974, "2012-09-30": -11.574, "2012-06-30": -26.617, "2012-03-31": "-13.82400", "2011-12-31": -16.963, "2011-09-30": -28.316, "2011-06-30": -30.67, "2011-03-31": "-23.47800", "2010-12-31": -11.241, "2010-09-30": -11.619, "2010-06-30": -20.756, "2010-03-31": "-21.88100", "2009-12-31": -24.299, "2009-09-30": -19.003, "2009-06-30": -32.142, "2009-03-31": "-14.30900", "2008-12-31": 6.547, "2008-09-30": -20.396, "2008-06-30": 45.91, "2008-03-31": "-11.02900", "2007-12-31": -16.4, "2007-09-30": -4.642, "2007-06-30": -19.833, "2007-03-31": "-18.92300", "2006-12-31": -3.78, "2006-09-30": -6.874, "2006-06-30": -17.064, "2006-03-31": "-8.67100", "2005-12-31": -10.546, "2005-09-30": -13.883, "2005-06-30": -2.234, "2005-03-31": "-13.48600"}, "Net Cash Flow": {"2020-12-31": -1.164, "2020-09-30": -39.389, "2020-06-30": 42.247, "2020-03-31": "-1.69400", "2019-12-31": -10.066, "2019-09-30": 5.876, "2019-06-30": -18.141, "2019-03-31": "1.12200", "2018-12-31": -3.167, "2018-09-30": 30.767, "2018-06-30": 3.566, "2018-03-31": "-22.73100", "2017-12-31": -6.347, "2017-09-30": -81.44, "2017-06-30": 32.359, "2017-03-31": "19.69300", "2016-12-31": 3.522, "2016-09-30": 12.798, "2016-06-30": -4.773, "2016-03-31": "-3.33600", "2015-12-31": 0.264, "2015-09-30": 24.626, "2015-06-30": 16.295, "2015-03-31": "-14.98300", "2014-12-31": -5.844, "2014-09-30": 12.697, "2014-06-30": 18.39, "2014-03-31": "-35.08700", "2013-12-31": 1.482, "2013-09-30": 25.137, "2013-06-30": 9.118, "2013-03-31": "17.39700", "2012-12-31": -28.631, "2012-09-30": 31.653, "2012-06-30": 2.376, "2012-03-31": "13.40900", "2011-12-31": 16.056, "2011-09-30": 4.399, "2011-06-30": 2.48, "2011-03-31": "2.42700", "2010-12-31": 0.663, "2010-09-30": 0.964, "2010-06-30": 5.137, "2010-03-31": "4.64500", "2009-12-31": -16.717, "2009-09-30": 3.646, "2009-06-30": 7.618, "2009-03-31": "1.24100", "2008-12-31": -2.618, "2008-09-30": 1.062, "2008-06-30": -56.093, "2008-03-31": "0.08500", "2007-12-31": -10.541, "2007-09-30": 24.777, "2007-06-30": 2.05, "2007-03-31": "-8.35000", "2006-12-31": 9.557, "2006-09-30": 16.566, "2006-06-30": -16.008, "2006-03-31": "10.16400", "2005-12-31": -36.424, "2005-09-30": 14.31, "2005-06-30": 9.285, "2005-03-31": "-0.84300"}, "Stock-Based Compensation": {"2020-12-31": -18.151, "2020-09-30": 10.511, "2020-06-30": 3.821, "2020-03-31": "3.81900", "2019-12-31": 3.268, "2019-09-30": 3.305, "2019-06-30": 3.697, "2019-03-31": "3.88900", "2018-12-31": 3.696, "2018-09-30": 3.66, "2018-06-30": 3.277, "2018-03-31": "3.09300", "2017-12-31": 2.993, "2017-09-30": 3.031, "2017-06-30": 3.108, "2017-03-31": "3.26700", "2016-12-31": 2.986, "2016-09-30": 3.049, "2016-06-30": 3.055, "2016-03-31": "3.32500", "2015-12-31": 2.736, "2015-09-30": 3.255, "2015-06-30": 3.254, "2015-03-31": "2.86500", "2014-12-31": 2.625, "2014-09-30": 2.587, "2014-06-30": 2.602, "2014-03-31": "2.76500", "2013-12-31": 2.618, "2013-09-30": 2.717, "2013-06-30": 2.546, "2013-03-31": "2.54600", "2012-12-31": 2.369, "2012-09-30": 2.376, "2012-06-30": 2.377, "2012-03-31": "2.37200", "2011-12-31": 1.91, "2011-09-30": 1.881, "2011-06-30": 1.882, "2011-03-31": "1.88200", "2010-12-31": 1.679, "2010-09-30": 1.638, "2010-06-30": 2.346, "2010-03-31": "1.87500", "2009-12-31": 1.45, "2009-09-30": 1.45, "2009-06-30": 1.45, "2009-03-31": "1.45000", "2008-12-31": 1.144, "2008-09-30": 1.145, "2008-06-30": 1.12, "2008-03-31": "0.98300", "2007-12-31": 0.808, "2007-09-30": 0.809, "2007-06-30": 1.095, "2007-03-31": "0.47700", "2006-12-31": 2.987, "2006-09-30": -1.5, "2006-06-30": 1.086, "2006-03-31": "0.41400", "2005-12-31": 1.244, "2005-09-30": 0, "2005-06-30": 0, "2005-03-31": ""}, "Common Stock Dividends Paid": {"2020-12-31": 91.745, "2020-09-30": -26.214, "2020-06-30": -26.214, "2020-03-31": "-39.31700", "2019-12-31": -50.743, "2019-09-30": -34.394, "2019-06-30": -34.367, "2019-03-31": "-34.33200", "2018-12-31": -61.065, "2018-09-30": -30.535, "2018-06-30": -30.54, "2018-03-31": "-30.60200", "2017-12-31": -46.835, "2017-09-30": -25.065, "2017-06-30": -25.059, "2017-03-31": "-25.05800", "2016-12-31": -43.496, "2016-09-30": -21.818, "2016-06-30": -21.833, "2016-03-31": "-21.85500", "2015-12-31": -39.319, "2015-09-30": -17.477, "2015-06-30": -17.476, "2015-03-31": "-17.48300", "2014-12-31": -29.805, "2014-09-30": -15.333, "2014-06-30": -15.311, "2014-03-31": "-15.30100", "2013-12-31": -26.226, "2013-09-30": -13.136, "2013-06-30": -13.15, "2013-03-31": "-13.14600", "2012-12-31": -29.174, "2012-09-30": -11.673, "2012-06-30": -11.709, "2012-03-31": "-11.72600", "2011-12-31": -10.22, "2011-09-30": -10.264, "2011-06-30": -10.308, "2011-03-31": "-10.31800", "2010-12-31": -8.809, "2010-09-30": -8.856, "2010-06-30": -8.924, "2010-03-31": "-8.93200", "2009-12-31": -6.925, "2009-09-30": -6.932, "2009-06-30": -6.97, "2009-03-31": "-7.02600", "2008-12-31": -6.058, "2008-09-30": -6.302, "2008-06-30": -6.309, "2008-03-31": "-6.30000", "2007-12-31": -5.058, "2007-09-30": -5.034, "2007-06-30": -4.92, "2007-03-31": "-5.32000", "2006-12-31": -4.235, "2006-09-30": -4.234, "2006-06-30": -4.28, "2006-03-31": "-4.27600", "2005-12-31": -3.41, "2005-09-30": -3.446, "2005-06-30": -3.422, "2005-03-31": "-3.43600"}}, "financial ratios": {"Current Ratio": {"2019-12-31": "0.75550", "2018-12-31": "0.95650", "2017-12-31": "0.89210", "2016-12-31": "1.04760", "2015-12-31": "1.06500", "2014-12-31": "1.12380", "2013-12-31": "1.16390", "2012-12-31": "0.90180", "2011-12-31": "0.77850", "2010-12-31": "0.61280", "2009-12-31": "0.51780", "2008-12-31": "0.42820", "2007-12-31": "0.85230", "2006-12-31": "0.81570", "2005-12-31": "0.71950"}, "Long-term Debt / Capital": {"2019-12-31": "0.25490", "2018-12-31": "", "2017-12-31": "", "2016-12-31": "", "2015-12-31": "", "2014-12-31": "", "2013-12-31": "", "2012-12-31": "", "2011-12-31": "", "2010-12-31": "", "2009-12-31": "", "2008-12-31": "", "2007-12-31": "0.00260", "2006-12-31": "0.00060", "2005-12-31": "0.00320"}, "Debt/Equity Ratio": {"2019-12-31": "0.35730", "2018-12-31": "", "2017-12-31": "", "2016-12-31": "", "2015-12-31": "", "2014-12-31": "", "2013-12-31": "", "2012-12-31": "", "2011-12-31": "", "2010-12-31": "0.08730", "2009-12-31": "0.11340", "2008-12-31": "0.28450", "2007-12-31": "0.00770", "2006-12-31": "0.00290", "2005-12-31": "0.00780"}, "Gross Margin": {"2019-12-31": "50.70180", "2018-12-31": "50.89730", "2017-12-31": "51.01770", "2016-12-31": "50.91460", "2015-12-31": "50.44950", "2014-12-31": "49.86140", "2013-12-31": "49.26930", "2012-12-31": "49.04610", "2011-12-31": "48.81250", "2010-12-31": "48.71190", "2009-12-31": "48.69430", "2008-12-31": "47.62760", "2007-12-31": "47.63050", "2006-12-31": "46.68990", "2005-12-31": "45.51960"}, "Operating Margin": {"2019-12-31": "13.27210", "2018-12-31": "16.99850", "2017-12-31": "17.56320", "2016-12-31": "16.50480", "2015-12-31": "16.23000", "2014-12-31": "15.48720", "2013-12-31": "14.28590", "2012-12-31": "13.86320", "2011-12-31": "13.44400", "2010-12-31": "12.67540", "2009-12-31": "12.12310", "2008-12-31": "11.12610", "2007-12-31": "11.46160", "2006-12-31": "10.89460", "2005-12-31": "10.64160"}, "EBIT Margin": {"2019-12-31": "13.27210", "2018-12-31": "16.99850", "2017-12-31": "17.56320", "2016-12-31": "16.50480", "2015-12-31": "16.23000", "2014-12-31": "15.48720", "2013-12-31": "14.28590", "2012-12-31": "13.86320", "2011-12-31": "13.44400", "2010-12-31": "12.67540", "2009-12-31": "12.12310", "2008-12-31": "11.12610", "2007-12-31": "11.46160", "2006-12-31": "10.89460", "2005-12-31": "10.64160"}, "EBITDA Margin": {"2019-12-31": "17.21880", "2018-12-31": "20.54900", "2017-12-31": "20.88070", "2016-12-31": "19.67570", "2015-12-31": "19.06710", "2014-12-31": "18.48220", "2013-12-31": "17.22480", "2012-12-31": "16.85900", "2011-12-31": "16.55610", "2010-12-31": "15.87780", "2009-12-31": "15.58400", "2008-12-31": "14.40300", "2007-12-31": "14.48620", "2006-12-31": "14.02190", "2005-12-31": "13.66750"}, "Pre-Tax Profit Margin": {"2019-12-31": "12.95770", "2018-12-31": "17.05860", "2017-12-31": "17.59320", "2016-12-31": "16.56430", "2015-12-31": "16.37230", "2014-12-31": "15.54900", "2013-12-31": "14.32700", "2012-12-31": "13.89890", "2011-12-31": "13.36830", "2010-12-31": "12.62610", "2009-12-31": "11.75940", "2008-12-31": "11.06780", "2007-12-31": "11.72320", "2006-12-31": "11.07950", "2005-12-31": "10.96130"}, "Net Profit Margin": {"2019-12-31": "10.08930", "2018-12-31": "12.71780", "2017-12-31": "10.70060", "2016-12-31": "10.63690", "2015-12-31": "10.24360", "2014-12-31": "9.75260", "2013-12-31": "9.22180", "2012-12-31": "8.76000", "2011-12-31": "8.35730", "2010-12-31": "7.91650", "2009-12-31": "7.82000", "2008-12-31": "6.75450", "2007-12-31": "7.23320", "2006-12-31": "6.73080", "2005-12-31": "6.57680"}, "Asset Turnover": {"2019-12-31": "1.15540", "2018-12-31": "1.66490", "2017-12-31": "1.61940", "2016-12-31": "1.71680", "2015-12-31": "1.75020", "2014-12-31": "1.74660", "2013-12-31": "1.80920", "2012-12-31": "1.83520", "2011-12-31": "1.86640", "2010-12-31": "1.83660", "2009-12-31": "1.89580", "2008-12-31": "1.78260", "2007-12-31": "1.88310", "2006-12-31": "1.89520", "2005-12-31": "1.83020"}, "Inventory Turnover Ratio": {"2019-12-31": "51.01630", "2018-12-31": "56.65300", "2017-12-31": "54.72490", "2016-12-31": "56.27720", "2015-12-31": "57.49360", "2014-12-31": "50.27270", "2013-12-31": "55.37990", "2012-12-31": "54.66180", "2011-12-31": "55.44650", "2010-12-31": "49.00320", "2009-12-31": "53.97750", "2008-12-31": "49.06770", "2007-12-31": "52.98050", "2006-12-31": "54.50170", "2005-12-31": "48.13480"}, "Receiveable Turnover": {"2019-12-31": "13.89670", "2018-12-31": "14.87360", "2017-12-31": "14.54790", "2016-12-31": "15.06330", "2015-12-31": "15.85270", "2014-12-31": "15.66880", "2013-12-31": "15.72110", "2012-12-31": "15.74020", "2011-12-31": "16.42990", "2010-12-31": "16.14140", "2009-12-31": "17.11380", "2008-12-31": "17.27750", "2007-12-31": "16.43350", "2006-12-31": "16.29970", "2005-12-31": "15.81400"}, "Days Sales In Receivables": {"2019-12-31": "26.26530", "2018-12-31": "24.54020", "2017-12-31": "25.08950", "2016-12-31": "24.23120", "2015-12-31": "23.02440", "2014-12-31": "23.29480", "2013-12-31": "23.21730", "2012-12-31": "23.18910", "2011-12-31": "22.21570", "2010-12-31": "22.61260", "2009-12-31": "21.32790", "2008-12-31": "21.12580", "2007-12-31": "22.21070", "2006-12-31": "22.39310", "2005-12-31": "23.08090"}, "ROE - Return On Equity": {"2019-12-31": "24.92760", "2018-12-31": "32.54110", "2017-12-31": "27.39220", "2016-12-31": "29.43810", "2015-12-31": "29.03450", "2014-12-31": "29.75390", "2013-12-31": "28.14120", "2012-12-31": "31.36500", "2011-12-31": "31.08390", "2010-12-31": "30.20510", "2009-12-31": "31.74410", "2008-12-31": "30.17690", "2007-12-31": "27.71580", "2006-12-31": "27.33820", "2005-12-31": "29.82350"}, "Return On Tangible Equity": {"2019-12-31": "-141.33000", "2018-12-31": "231.27210", "2017-12-31": "192.62110", "2016-12-31": "110.76410", "2015-12-31": "112.57040", "2014-12-31": "186.93940", "2013-12-31": "126.05410", "2012-12-31": "16135.02000", "2011-12-31": "-410.26200", "2010-12-31": "-149.09620", "2009-12-31": "-118.19900", "2008-12-31": "-60.65790", "2007-12-31": "187.18660", "2006-12-31": "625.43670", "2005-12-31": "-184.30840"}, "ROA - Return On Assets": {"2019-12-31": "11.65730", "2018-12-31": "21.17340", "2017-12-31": "17.32910", "2016-12-31": "18.26100", "2015-12-31": "17.92830", "2014-12-31": "17.03420", "2013-12-31": "16.68390", "2012-12-31": "16.07670", "2011-12-31": "15.59840", "2010-12-31": "14.53960", "2009-12-31": "14.82520", "2008-12-31": "12.04050", "2007-12-31": "13.62100", "2006-12-31": "12.75640", "2005-12-31": "12.03710"}, "ROI - Return On Investment": {"2019-12-31": "18.57470", "2018-12-31": "32.54110", "2017-12-31": "27.39220", "2016-12-31": "29.43810", "2015-12-31": "29.03450", "2014-12-31": "29.75390", "2013-12-31": "28.14120", "2012-12-31": "31.36500", "2011-12-31": "31.08390", "2010-12-31": "30.20510", "2009-12-31": "31.74410", "2008-12-31": "30.17690", "2007-12-31": "27.64460", "2006-12-31": "27.32210", "2005-12-31": "29.72940"}, "Book Value Per Share": {"2019-12-31": "1.66090", "2018-12-31": "1.45000", "2017-12-31": "1.33320", "2016-12-31": "1.16020", "2015-12-31": "1.06570", "2014-12-31": "0.94210", "2013-12-31": "0.89020", "2012-12-31": "0.72030", "2011-12-31": "0.65640", "2010-12-31": "0.59990", "2009-12-31": "0.52840", "2008-12-31": "0.45100", "2007-12-31": "0.45840", "2006-12-31": "0.41020", "2005-12-31": "0.34260"}, "Operating Cash Flow Per Share": {"2019-12-31": 0.0463, "2018-12-31": 0.1032, "2017-12-31": 0.0186, "2016-12-31": 0.062, "2015-12-31": 0.0047, "2014-12-31": 0.0647, "2013-12-31": 0.0425, "2012-12-31": -0.0244, "2011-12-31": 0.0638, "2010-12-31": 0.0285, "2009-12-31": 0.0424, "2008-12-31": 0.0056, "2007-12-31": 0.0086, "2006-12-31": 0.018, "2005-12-31": 0.1449}, "Free Cash Flow Per Share": {"2019-12-31": 0.0463, "2018-12-31": 0.1012, "2017-12-31": 0.033, "2016-12-31": 0.0728, "2015-12-31": -0.0158, "2014-12-31": 0.0474, "2013-12-31": 0.044, "2012-12-31": -0.0268, "2011-12-31": 0.0538, "2010-12-31": 0.0334, "2009-12-31": 0.04, "2008-12-31": 0.0082, "2007-12-31": 0.013, "2006-12-31": 0.0292, "2005-12-31": 0.0981}}, "financial ratios, quarterly": {"Current Ratio": {"2020-09-30": "0.70730", "2020-06-30": "0.75940", "2020-03-31": "0.72950", "2019-12-31": "0.75550", "2019-09-30": "0.78900", "2019-06-30": "0.77190", "2019-03-31": "0.82200", "2018-12-31": "0.95650", "2018-09-30": "0.97960", "2018-06-30": "0.90360", "2018-03-31": "0.80480", "2017-12-31": "0.89210", "2017-09-30": "0.91630", "2017-06-30": "1.25960", "2017-03-31": "1.14290", "2016-12-31": "1.04760", "2016-09-30": "1.10400", "2016-06-30": "1.05640", "2016-03-31": "1.02760", "2015-12-31": "1.06500", "2015-09-30": "1.20470", "2015-06-30": "1.13310", "2015-03-31": "1.04410", "2014-12-31": "1.12380", "2014-09-30": "1.07280", "2014-06-30": "1.05410", "2014-03-31": "0.96210", "2013-12-31": "1.16390", "2013-09-30": "1.11310", "2013-06-30": "1.04340", "2013-03-31": "0.96300", "2012-12-31": "0.90180", "2012-09-30": "1.00450", "2012-06-30": "0.87360", "2012-03-31": "0.83370", "2011-12-31": "0.77850", "2011-09-30": "0.72860", "2011-06-30": "0.67990", "2011-03-31": "0.60870", "2010-12-31": "0.61280", "2010-09-30": "0.59010", "2010-06-30": "0.61610", "2010-03-31": "0.55880", "2009-12-31": "0.51780", "2009-09-30": "0.54250", "2009-06-30": "0.49300", "2009-03-31": "0.44460", "2008-12-31": "0.42820", "2008-09-30": "0.47730", "2008-06-30": "0.45540", "2008-03-31": "0.87290", "2007-12-31": "0.85230", "2007-09-30": "0.90020", "2007-06-30": "0.80440", "2007-03-31": "0.78400", "2006-12-31": "0.81570", "2006-09-30": "0.76990", "2006-06-30": "0.70590", "2006-03-31": "0.72820", "2005-12-31": "0.71950", "2005-09-30": "0.87160", "2005-06-30": "0.84110", "2005-03-31": "0.78250"}, "Long-term Debt / Capital": {"2020-09-30": "0.14200", "2020-06-30": "0.21940", "2020-03-31": "0.27740", "2019-12-31": "0.25490", "2019-09-30": "0.27980", "2019-06-30": "0.30840", "2019-03-31": "", "2018-12-31": "", "2018-09-30": "", "2018-06-30": "", "2018-03-31": "", "2017-12-31": "", "2017-09-30": "", "2017-06-30": "", "2017-03-31": "", "2016-12-31": "", "2016-09-30": "", "2016-06-30": "", "2016-03-31": "", "2015-12-31": "", "2015-09-30": "", "2015-06-30": "", "2015-03-31": "", "2014-12-31": "", "2014-09-30": "", "2014-06-30": "", "2014-03-31": "", "2013-12-31": "", "2013-09-30": "", "2013-06-30": "", "2013-03-31": "", "2012-12-31": "", "2012-09-30": "", "2012-06-30": "", "2012-03-31": "", "2011-12-31": "", "2011-09-30": "", "2011-06-30": "", "2011-03-31": "", "2010-12-31": "", "2010-09-30": "", "2010-06-30": "", "2010-03-31": "", "2009-12-31": "", "2009-09-30": "0.00020", "2009-06-30": "0.00040", "2009-03-31": "0.00050", "2008-12-31": "", "2008-09-30": "0.00140", "2008-06-30": "0.00180", "2008-03-31": "0.00320", "2007-12-31": "0.00260", "2007-09-30": "0.00390", "2007-06-30": "0.00480", "2007-03-31": "0.00460", "2006-12-31": "0.00060", "2006-09-30": "0.00100", "2006-06-30": "0.00150", "2006-03-31": "0.00240", "2005-12-31": "0.00320", "2005-09-30": "", "2005-06-30": "", "2005-03-31": ""}, "Debt/Equity Ratio": {"2020-09-30": "0.18230", "2020-06-30": "0.29550", "2020-03-31": "0.39960", "2019-12-31": "0.35730", "2019-09-30": "0.40400", "2019-06-30": "0.46240", "2019-03-31": "", "2018-12-31": "", "2018-09-30": "", "2018-06-30": "", "2018-03-31": "", "2017-12-31": "", "2017-09-30": "", "2017-06-30": "", "2017-03-31": "", "2016-12-31": "", "2016-09-30": "", "2016-06-30": "", "2016-03-31": "", "2015-12-31": "", "2015-09-30": "", "2015-06-30": "", "2015-03-31": "", "2014-12-31": "", "2014-09-30": "", "2014-06-30": "", "2014-03-31": "", "2013-12-31": "", "2013-09-30": "", "2013-06-30": "", "2013-03-31": "", "2012-12-31": "", "2012-09-30": "", "2012-06-30": "", "2012-03-31": "", "2011-12-31": "", "2011-09-30": "", "2011-06-30": "0.03190", "2011-03-31": "0.08300", "2010-12-31": "0.08730", "2010-09-30": "0.08380", "2010-06-30": "0.09070", "2010-03-31": "0.05520", "2009-12-31": "0.11340", "2009-09-30": "0.17900", "2009-06-30": "0.23340", "2009-03-31": "0.27380", "2008-12-31": "0.28450", "2008-09-30": "0.16160", "2008-06-30": "0.22160", "2008-03-31": "0.00660", "2007-12-31": "0.00770", "2007-09-30": "0.00940", "2007-06-30": "0.01100", "2007-03-31": "0.01040", "2006-12-31": "0.00290", "2006-09-30": "0.00410", "2006-06-30": "0.00530", "2006-03-31": "0.00670", "2005-12-31": "0.00780", "2005-09-30": "", "2005-06-30": "", "2005-03-31": ""}, "Gross Margin": {"2020-09-30": "52.80540", "2020-06-30": "53.80290", "2020-03-31": "48.52400", "2019-12-31": "49.74480", "2019-09-30": "51.70990", "2019-06-30": "51.65000", "2019-03-31": "49.36530", "2018-12-31": "50.24210", "2018-09-30": "51.55460", "2018-06-30": "51.96860", "2018-03-31": "49.56650", "2017-12-31": "49.96080", "2017-09-30": "51.42970", "2017-06-30": "52.83640", "2017-03-31": "49.58970", "2016-12-31": "49.95130", "2016-09-30": "51.50690", "2016-06-30": "52.34070", "2016-03-31": "49.59350", "2015-12-31": "49.72830", "2015-09-30": "51.09670", "2015-06-30": "51.49590", "2015-03-31": "49.21780", "2014-12-31": "49.12680", "2014-09-30": "50.94190", "2014-06-30": "50.55140", "2014-03-31": "48.52770", "2013-12-31": "48.45910", "2013-09-30": "49.98410", "2013-06-30": "50.29590", "2013-03-31": "48.08180", "2012-12-31": "46.79220", "2012-09-30": "49.88580", "2012-06-30": "50.43090", "2012-03-31": "48.84290", "2011-12-31": "47.69110", "2011-09-30": "49.03300", "2011-06-30": "50.17880", "2011-03-31": "48.13120", "2010-12-31": "47.26430", "2010-09-30": "48.85130", "2010-06-30": "50.32580", "2010-03-31": "48.23960", "2009-12-31": "47.38850", "2009-09-30": "48.60210", "2009-06-30": "50.22860", "2009-03-31": "48.40110", "2008-12-31": "46.36720", "2008-09-30": "47.67570", "2008-06-30": "48.65500", "2008-03-31": "47.66090", "2007-12-31": "45.72960", "2007-09-30": "48.33230", "2007-06-30": "49.25210", "2007-03-31": "46.90900", "2006-12-31": "44.97320", "2006-09-30": "47.67440", "2006-06-30": "48.74090", "2006-03-31": "44.89130", "2005-12-31": "42.23990", "2005-09-30": "47.41580", "2005-06-30": "46.67280", "2005-03-31": "45.49170"}, "Operating Margin": {"2020-09-30": "19.03780", "2020-06-30": "18.89090", "2020-03-31": "11.74210", "2019-12-31": "14.68430", "2019-09-30": "8.80410", "2019-06-30": "16.91090", "2019-03-31": "12.95780", "2018-12-31": "15.96520", "2018-09-30": "18.35260", "2018-06-30": "18.72040", "2018-03-31": "14.48250", "2017-12-31": "16.53310", "2017-09-30": "18.29670", "2017-06-30": "19.80400", "2017-03-31": "15.23240", "2016-12-31": "13.60660", "2016-09-30": "18.84370", "2016-06-30": "18.55730", "2016-03-31": "14.46950", "2015-12-31": "14.15840", "2015-09-30": "17.80060", "2015-06-30": "18.37920", "2015-03-31": "14.05520", "2014-12-31": "13.48010", "2014-09-30": "17.11180", "2014-06-30": "17.69430", "2014-03-31": "13.09370", "2013-12-31": "12.59880", "2013-09-30": "15.99200", "2013-06-30": "16.29170", "2013-03-31": "11.70450", "2012-12-31": "11.25420", "2012-09-30": "15.20260", "2012-06-30": "15.88610", "2012-03-31": "12.71030", "2011-12-31": "12.14890", "2011-09-30": "14.53990", "2011-06-30": "15.52450", "2011-03-31": "11.06120", "2010-12-31": "10.87420", "2010-09-30": "13.46000", "2010-06-30": "14.87440", "2010-03-31": "11.12510", "2009-12-31": "9.78440", "2009-09-30": "12.85050", "2009-06-30": "14.67280", "2009-03-31": "10.77660", "2008-12-31": "8.79170", "2008-09-30": "11.52350", "2008-06-30": "13.25420", "2008-03-31": "10.47520", "2007-12-31": "8.12020", "2007-09-30": "12.61910", "2007-06-30": "14.32240", "2007-03-31": "10.27120", "2006-12-31": "7.98470", "2006-09-30": "12.06060", "2006-06-30": "13.72570", "2006-03-31": "9.20760", "2005-12-31": "5.59470", "2005-09-30": "11.88890", "2005-06-30": "14.26290", "2005-03-31": "10.34830"}, "EBIT Margin": {"2020-09-30": "19.03780", "2020-06-30": "18.89090", "2020-03-31": "11.74210", "2019-12-31": "14.68430", "2019-09-30": "8.80410", "2019-06-30": "16.91090", "2019-03-31": "12.95780", "2018-12-31": "15.96520", "2018-09-30": "18.35260", "2018-06-30": "18.72040", "2018-03-31": "14.48250", "2017-12-31": "16.53310", "2017-09-30": "18.29670", "2017-06-30": "19.80400", "2017-03-31": "15.23240", "2016-12-31": "13.60660", "2016-09-30": "18.84370", "2016-06-30": "18.55730", "2016-03-31": "14.46950", "2015-12-31": "14.15840", "2015-09-30": "17.80060", "2015-06-30": "18.37920", "2015-03-31": "14.05520", "2014-12-31": "13.48010", "2014-09-30": "17.11180", "2014-06-30": "17.69430", "2014-03-31": "13.09370", "2013-12-31": "12.59880", "2013-09-30": "15.99200", "2013-06-30": "16.29170", "2013-03-31": "11.70450", "2012-12-31": "11.25420", "2012-09-30": "15.20260", "2012-06-30": "15.88610", "2012-03-31": "12.71030", "2011-12-31": "12.14890", "2011-09-30": "14.53990", "2011-06-30": "15.52450", "2011-03-31": "11.06120", "2010-12-31": "10.87420", "2010-09-30": "13.46000", "2010-06-30": "14.87440", "2010-03-31": "11.12510", "2009-12-31": "9.78440", "2009-09-30": "12.85050", "2009-06-30": "14.67280", "2009-03-31": "10.77660", "2008-12-31": "8.79170", "2008-09-30": "11.52350", "2008-06-30": "13.25420", "2008-03-31": "10.47520", "2007-12-31": "8.12020", "2007-09-30": "12.61910", "2007-06-30": "14.32240", "2007-03-31": "10.27120", "2006-12-31": "7.98470", "2006-09-30": "12.06060", "2006-06-30": "13.72570", "2006-03-31": "9.20760", "2005-12-31": "5.59460", "2005-09-30": "11.88890", "2005-06-30": "14.26290", "2005-03-31": "10.34830"}, "EBITDA Margin": {"2020-09-30": "", "2020-06-30": "", "2020-03-31": "", "2019-12-31": "", "2019-09-30": "", "2019-06-30": "", "2019-03-31": "", "2018-12-31": "", "2018-09-30": "", "2018-06-30": "", "2018-03-31": "", "2017-12-31": "", "2017-09-30": "", "2017-06-30": "", "2017-03-31": "", "2016-12-31": "", "2016-09-30": "", "2016-06-30": "", "2016-03-31": "", "2015-12-31": "", "2015-09-30": "", "2015-06-30": "", "2015-03-31": "", "2014-12-31": "", "2014-09-30": "", "2014-06-30": "", "2014-03-31": "", "2013-12-31": "", "2013-09-30": "", "2013-06-30": "", "2013-03-31": "", "2012-12-31": "", "2012-09-30": "", "2012-06-30": "", "2012-03-31": "", "2011-12-31": "", "2011-09-30": "", "2011-06-30": "", "2011-03-31": "", "2010-12-31": "", "2010-09-30": "", "2010-06-30": "", "2010-03-31": "", "2009-12-31": "", "2009-09-30": "", "2009-06-30": "", "2009-03-31": "", "2008-12-31": "", "2008-09-30": "", "2008-06-30": "", "2008-03-31": "", "2007-12-31": "", "2007-09-30": "", "2007-06-30": "", "2007-03-31": "", "2006-12-31": "", "2006-09-30": "", "2006-06-30": "", "2006-03-31": "", "2005-12-31": "", "2005-09-30": "", "2005-06-30": "", "2005-03-31": ""}, "Pre-Tax Profit Margin": {"2020-09-30": "18.65730", "2020-06-30": "18.70860", "2020-03-31": "11.35480", "2019-12-31": "14.23150", "2019-09-30": "8.29140", "2019-06-30": "16.59660", "2019-03-31": "13.06390", "2018-12-31": "16.07480", "2018-09-30": "18.42990", "2018-06-30": "18.76890", "2018-03-31": "14.48200", "2017-12-31": "16.52810", "2017-09-30": "18.32890", "2017-06-30": "19.86810", "2017-03-31": "15.25880", "2016-12-31": "13.62240", "2016-09-30": "18.86020", "2016-06-30": "18.71950", "2016-03-31": "14.50890", "2015-12-31": "14.28940", "2015-09-30": "18.11980", "2015-06-30": "18.44550", "2015-03-31": "14.08610", "2014-12-31": "13.52950", "2014-09-30": "17.12790", "2014-06-30": "17.77980", "2014-03-31": "13.19710", "2013-12-31": "12.68410", "2013-09-30": "16.01990", "2013-06-30": "16.32790", "2013-03-31": "11.71950", "2012-12-31": "11.43170", "2012-09-30": "15.19700", "2012-06-30": "15.88010", "2012-03-31": "12.69270", "2011-12-31": "11.98830", "2011-09-30": "14.51550", "2011-06-30": "15.46890", "2011-03-31": "10.99050", "2010-12-31": "10.76880", "2010-09-30": "13.42730", "2010-06-30": "14.85230", "2010-03-31": "11.08600", "2009-12-31": "8.60820", "2009-09-30": "12.78460", "2009-06-30": "14.58810", "2009-03-31": "10.60250", "2008-12-31": "8.41440", "2008-09-30": "11.51630", "2008-06-30": "13.12100", "2008-03-31": "10.82740", "2007-12-31": "8.43880", "2007-09-30": "12.82190", "2007-06-30": "14.57740", "2007-03-31": "10.54900", "2006-12-31": "8.28040", "2006-09-30": "12.21380", "2006-06-30": "13.87290", "2006-03-31": "9.35800", "2005-12-31": "5.96210", "2005-09-30": "12.12300", "2005-06-30": "14.68280", "2005-03-31": "10.59780"}, "Net Profit Margin": {"2020-09-30": "13.63360", "2020-06-30": "13.61900", "2020-03-31": "8.86820", "2019-12-31": "10.03290", "2019-09-30": "7.91800", "2019-06-30": "12.27100", "2019-03-31": "10.30740", "2018-12-31": "11.46320", "2018-09-30": "13.66060", "2018-06-30": "13.64150", "2018-03-31": "11.87180", "2017-12-31": "8.13450", "2017-09-30": "11.41770", "2017-06-30": "12.38340", "2017-03-31": "10.73160", "2016-12-31": "9.85620", "2016-09-30": "11.71030", "2016-06-30": "11.62230", "2016-03-31": "9.05150", "2015-12-31": "8.75830", "2015-09-30": "11.26870", "2015-06-30": "11.49380", "2015-03-31": "9.15090", "2014-12-31": "8.69800", "2014-09-30": "10.68440", "2014-06-30": "11.06250", "2014-03-31": "8.22180", "2013-12-31": "8.60990", "2013-09-30": "9.99570", "2013-06-30": "10.26060", "2013-03-31": "7.73370", "2012-12-31": "7.47860", "2012-09-30": "9.46880", "2012-06-30": "9.89240", "2012-03-31": "7.97330", "2011-12-31": "7.47090", "2011-09-30": "9.08070", "2011-06-30": "9.69340", "2011-03-31": "6.86190", "2010-12-31": "6.86110", "2010-09-30": "8.36170", "2010-06-30": "9.27030", "2010-03-31": "6.94870", "2009-12-31": "7.69010", "2009-09-30": "7.92500", "2009-06-30": "8.95470", "2009-03-31": "6.50610", "2008-12-31": "5.06010", "2008-09-30": "7.12600", "2008-06-30": "7.99230", "2008-03-31": "6.58760", "2007-12-31": "5.52620", "2007-09-30": "7.88060", "2007-06-30": "8.86370", "2007-03-31": "6.35730", "2006-12-31": "5.14970", "2006-09-30": "7.47840", "2006-06-30": "8.32390", "2006-03-31": "5.61470", "2005-12-31": "3.77460", "2005-09-30": "7.21290", "2005-06-30": "8.73620", "2005-03-31": "6.30450"}, "Asset Turnover": {"2020-09-30": "0.32320", "2020-06-30": "0.30130", "2020-03-31": "0.27540", "2019-12-31": "0.29010", "2019-09-30": "0.31530", "2019-06-30": "0.30290", "2019-03-31": "0.33730", "2018-12-31": "0.40640", "2018-09-30": "0.43180", "2018-06-30": "0.43470", "2018-03-31": "0.38900", "2017-12-31": "0.40120", "2017-09-30": "0.43040", "2017-06-30": "0.44220", "2017-03-31": "0.40570", "2016-12-31": "0.42070", "2016-09-30": "0.46010", "2016-06-30": "0.45400", "2016-03-31": "0.40400", "2015-12-31": "0.42710", "2015-09-30": "0.46360", "2015-06-30": "0.46200", "2015-03-31": "0.41300", "2014-12-31": "0.42560", "2014-09-30": "0.46560", "2014-06-30": "0.45910", "2014-03-31": "0.40930", "2013-12-31": "0.43930", "2013-09-30": "0.47600", "2013-06-30": "0.47590", "2013-03-31": "0.42370", "2012-12-31": "0.44240", "2012-09-30": "0.48180", "2012-06-30": "0.49190", "2012-03-31": "0.43670", "2011-12-31": "0.44770", "2011-09-30": "0.51220", "2011-06-30": "0.50290", "2011-03-31": "0.44230", "2010-12-31": "0.45220", "2010-09-30": "0.50210", "2010-06-30": "0.51300", "2010-03-31": "0.44760", "2009-12-31": "0.45820", "2009-09-30": "0.48990", "2009-06-30": "0.49180", "2009-03-31": "0.42860", "2008-12-31": "0.43330", "2008-09-30": "0.48140", "2008-06-30": "0.48320", "2008-03-31": "0.44250", "2007-12-31": "0.45440", "2007-09-30": "0.49260", "2007-06-30": "0.51710", "2007-03-31": "0.44900", "2006-12-31": "0.45160", "2006-09-30": "0.50160", "2006-06-30": "0.52390", "2006-03-31": "0.43410", "2005-12-31": "0.44440", "2005-09-30": "0.46020", "2005-06-30": "0.48250", "2005-03-31": "0.43910"}, "Inventory Turnover Ratio": {"2020-09-30": "9.06580", "2020-06-30": "7.50420", "2020-03-31": "11.66680", "2019-12-31": "13.05630", "2019-09-30": "15.35530", "2019-06-30": "14.41110", "2019-03-31": "13.10990", "2018-12-31": "14.01290", "2018-09-30": "14.68260", "2018-06-30": "14.33550", "2018-03-31": "12.97720", "2017-12-31": "13.85030", "2017-09-30": "14.22500", "2017-06-30": "13.18630", "2017-03-31": "12.83680", "2016-12-31": "14.06260", "2016-09-30": "14.91320", "2016-06-30": "13.38870", "2016-03-31": "13.05830", "2015-12-31": "14.23600", "2015-09-30": "15.07940", "2015-06-30": "13.55340", "2015-03-31": "12.20710", "2014-12-31": "12.42930", "2014-09-30": "15.07350", "2014-06-30": "13.90390", "2014-03-31": "12.71340", "2013-12-31": "13.66070", "2013-09-30": "15.30370", "2013-06-30": "14.38980", "2013-03-31": "13.18580", "2012-12-31": "13.76090", "2012-09-30": "15.61300", "2012-06-30": "13.64850", "2012-03-31": "13.61800", "2011-12-31": "13.59120", "2011-09-30": "15.56490", "2011-06-30": "12.97400", "2011-03-31": "11.11180", "2010-12-31": "12.40630", "2010-09-30": "13.97550", "2010-06-30": "13.34540", "2010-03-31": "11.95360", "2009-12-31": "13.37790", "2009-09-30": "14.25740", "2009-06-30": "12.65030", "2009-03-31": "10.84990", "2008-12-31": "12.21430", "2008-09-30": "13.08040", "2008-06-30": "14.23740", "2008-03-31": "12.61650", "2007-12-31": "13.24880", "2007-09-30": "14.92350", "2007-06-30": "13.91320", "2007-03-31": "12.29270", "2006-12-31": "13.40480", "2006-09-30": "14.19460", "2006-06-30": "13.93040", "2006-03-31": "12.02540", "2005-12-31": "12.39090", "2005-09-30": "14.96100", "2005-06-30": "14.07560", "2005-03-31": "11.65690"}, "Receiveable Turnover": {"2020-09-30": "3.59240", "2020-06-30": "3.62640", "2020-03-31": "3.35620", "2019-12-31": "3.48880", "2019-09-30": "3.56970", "2019-06-30": "3.44040", "2019-03-31": "3.46440", "2018-12-31": "3.63050", "2018-09-30": "3.41650", "2018-06-30": "3.58470", "2018-03-31": "3.60320", "2017-12-31": "3.60420", "2017-09-30": "3.53200", "2017-06-30": "3.67220", "2017-03-31": "3.73920", "2016-12-31": "3.69160", "2016-09-30": "3.68380", "2016-06-30": "3.66360", "2016-03-31": "3.55720", "2015-12-31": "3.86900", "2015-09-30": "3.80740", "2015-06-30": "3.83240", "2015-03-31": "3.73960", "2014-12-31": "3.81790", "2014-09-30": "3.82490", "2014-06-30": "3.73170", "2014-03-31": "3.62140", "2013-12-31": "3.81700", "2013-09-30": "3.86740", "2013-06-30": "3.83560", "2013-03-31": "3.78940", "2012-12-31": "3.79470", "2012-09-30": "3.73230", "2012-06-30": "3.86660", "2012-03-31": "3.85050", "2011-12-31": "3.94100", "2011-09-30": "3.88480", "2011-06-30": "3.83640", "2011-03-31": "3.90720", "2010-12-31": "3.97440", "2010-09-30": "3.85290", "2010-06-30": "3.97790", "2010-03-31": "4.02050", "2009-12-31": "4.13630", "2009-09-30": "3.92470", "2009-06-30": "4.03640", "2009-03-31": "4.00700", "2008-12-31": "4.19980", "2008-09-30": "3.98440", "2008-06-30": "3.78280", "2008-03-31": "3.89700", "2007-12-31": "3.96560", "2007-09-30": "3.87620", "2007-06-30": "3.85750", "2007-03-31": "3.96820", "2006-12-31": "3.88390", "2006-09-30": "3.94030", "2006-06-30": "4.10160", "2006-03-31": "4.28530", "2005-12-31": "3.83970", "2005-09-30": "4.27640", "2005-06-30": "4.41400", "2005-03-31": "4.15080"}, "Days Sales In Receivables": {"2020-09-30": "25.05310", "2020-06-30": "24.81780", "2020-03-31": "26.81640", "2019-12-31": "25.79720", "2019-09-30": "25.21220", "2019-06-30": "26.15950", "2019-03-31": "25.97860", "2018-12-31": "24.79020", "2018-09-30": "26.34260", "2018-06-30": "25.10670", "2018-03-31": "24.97770", "2017-12-31": "24.97110", "2017-09-30": "25.48160", "2017-06-30": "24.50820", "2017-03-31": "24.06940", "2016-12-31": "24.37990", "2016-09-30": "24.43130", "2016-06-30": "24.56620", "2016-03-31": "25.30100", "2015-12-31": "23.26200", "2015-09-30": "23.63840", "2015-06-30": "23.48420", "2015-03-31": "24.06650", "2014-12-31": "23.57290", "2014-09-30": "23.53000", "2014-06-30": "24.11740", "2014-03-31": "24.85200", "2013-12-31": "23.57880", "2013-09-30": "23.27120", "2013-06-30": "23.46430", "2013-03-31": "23.75020", "2012-12-31": "23.71750", "2012-09-30": "24.11370", "2012-06-30": "23.27620", "2012-03-31": "23.37360", "2011-12-31": "22.83690", "2011-09-30": "23.16700", "2011-06-30": "23.45940", "2011-03-31": "23.03450", "2010-12-31": "22.64500", "2010-09-30": "23.35880", "2010-06-30": "22.62480", "2010-03-31": "22.38500", "2009-12-31": "21.75880", "2009-09-30": "22.93140", "2009-06-30": "22.29700", "2009-03-31": "22.46070", "2008-12-31": "21.42980", "2008-09-30": "22.58780", "2008-06-30": "23.79170", "2008-03-31": "23.09490", "2007-12-31": "22.69530", "2007-09-30": "23.21850", "2007-06-30": "23.33140", "2007-03-31": "22.68020", "2006-12-31": "23.17270", "2006-09-30": "22.84090", "2006-06-30": "21.94250", "2006-03-31": "21.00220", "2005-12-31": "23.43940", "2005-09-30": "21.04580", "2005-06-30": "20.38970", "2005-03-31": "21.68240"}, "ROE - Return On Equity": {"2020-09-30": "8.53200", "2020-06-30": "8.73380", "2020-03-31": "5.40600", "2019-12-31": "6.22310", "2019-09-30": "5.46050", "2019-06-30": "8.54690", "2019-03-31": "6.15000", "2018-12-31": "7.15940", "2018-09-30": "9.06800", "2018-06-30": "9.41950", "2018-03-31": "7.32160", "2017-12-31": "5.15890", "2017-09-30": "7.90700", "2017-06-30": "8.69510", "2017-03-31": "6.90090", "2016-12-31": "6.68500", "2016-09-30": "8.64660", "2016-06-30": "8.55840", "2016-03-31": "5.89560", "2015-12-31": "6.05860", "2015-09-30": "8.67220", "2015-06-30": "9.06460", "2015-03-31": "6.48440", "2014-12-31": "6.46610", "2014-09-30": "8.37470", "2014-06-30": "8.59230", "2014-03-31": "5.72880", "2013-12-31": "6.37920", "2013-09-30": "8.88800", "2013-06-30": "9.35380", "2013-03-31": "6.35100", "2012-12-31": "6.45540", "2012-09-30": "8.73730", "2012-06-30": "9.62140", "2012-03-31": "6.86380", "2011-12-31": "6.66520", "2011-09-30": "9.00920", "2011-06-30": "9.91780", "2011-03-31": "6.18820", "2010-12-31": "6.44560", "2010-09-30": "8.90690", "2010-06-30": "10.05190", "2010-03-31": "6.47240", "2009-12-31": "7.54480", "2009-09-30": "8.97730", "2009-06-30": "10.73510", "2009-03-31": "6.92740", "2008-12-31": "5.49530", "2008-09-30": "7.52830", "2008-06-30": "9.11430", "2008-03-31": "5.85040", "2007-12-31": "5.10980", "2007-09-30": "8.35250", "2007-06-30": "10.19590", "2007-03-31": "6.24460", "2006-12-31": "4.98390", "2006-09-30": "8.56650", "2006-06-30": "10.27970", "2006-03-31": "5.92060", "2005-12-31": "4.15600", "2005-09-30": "8.45070", "2005-06-30": "10.68710", "2005-03-31": "6.87560"}, "Return On Tangible Equity": {"2020-09-30": "-103.50800", "2020-06-30": "-57.87950", "2020-03-31": "-22.74460", "2019-12-31": "-35.28260", "2019-09-30": "-27.30650", "2019-06-30": "-30.86150", "2019-03-31": "40.49670", "2018-12-31": "50.88200", "2018-09-30": "56.29080", "2018-06-30": "72.59780", "2018-03-31": "44.00480", "2017-12-31": "36.27700", "2017-09-30": "57.04490", "2017-06-30": "26.55220", "2017-03-31": "24.12920", "2016-12-31": "25.15290", "2016-09-30": "32.62440", "2016-06-30": "34.20030", "2016-03-31": "24.29870", "2015-12-31": "23.49010", "2015-09-30": "35.19270", "2015-06-30": "47.45480", "2015-03-31": "49.66540", "2014-12-31": "40.62550", "2014-09-30": "45.59530", "2014-06-30": "50.57180", "2014-03-31": "44.81430", "2013-12-31": "28.57450", "2013-09-30": "60.00530", "2013-06-30": "86.35590", "2013-03-31": "142.83310", "2012-12-31": "3320.85800", "2012-09-30": "131.81250", "2012-06-30": "-731.43820", "2012-03-31": "-158.49490", "2011-12-31": "-87.97060", "2011-09-30": "-117.66930", "2011-06-30": "-68.31250", "2011-03-31": "-32.33190", "2010-12-31": "-31.81640", "2010-09-30": "-42.71390", "2010-06-30": "-52.77400", "2010-03-31": "-29.32110", "2009-12-31": "-28.09310", "2009-09-30": "-28.63860", "2009-06-30": "-26.06640", "2009-03-31": "-14.42600", "2008-12-31": "-11.04590", "2008-09-30": "-28.18960", "2008-06-30": "-25.34410", "2008-03-31": "34.39710", "2007-12-31": "34.51030", "2007-09-30": "80.61610", "2007-06-30": "337.77070", "2007-03-31": "284.92270", "2006-12-31": "114.02160", "2006-09-30": "-636.42090", "2006-06-30": "-113.55890", "2006-03-31": "-47.30970", "2005-12-31": "-25.68370", "2005-09-30": "-134.70120", "2005-06-30": "-125.80800", "2005-03-31": "-47.19360"}, "ROA - Return On Assets": {"2020-09-30": "4.40620", "2020-06-30": "4.10360", "2020-03-31": "2.44250", "2019-12-31": "2.91020", "2019-09-30": "2.49670", "2019-06-30": "3.71700", "2019-03-31": "3.47670", "2018-12-31": "4.65830", "2018-09-30": "5.89850", "2018-06-30": "5.93040", "2018-03-31": "4.61840", "2017-12-31": "3.26360", "2017-09-30": "4.91440", "2017-06-30": "5.47550", "2017-03-31": "4.35410", "2016-12-31": "4.14680", "2016-09-30": "5.38800", "2016-06-30": "5.27640", "2016-03-31": "3.65720", "2015-12-31": "3.74110", "2015-09-30": "5.22370", "2015-06-30": "5.31040", "2015-03-31": "3.77920", "2014-12-31": "3.70190", "2014-09-30": "4.97450", "2014-06-30": "5.07840", "2014-03-31": "3.36520", "2013-12-31": "3.78200", "2013-09-30": "4.75770", "2013-06-30": "4.88340", "2013-03-31": "3.27650", "2012-12-31": "3.30890", "2012-09-30": "4.56230", "2012-06-30": "4.86610", "2012-03-31": "3.48220", "2011-12-31": "3.34470", "2011-09-30": "4.65120", "2011-06-30": "4.87510", "2011-03-31": "3.03480", "2010-12-31": "3.10270", "2010-09-30": "4.19880", "2010-06-30": "4.75610", "2010-03-31": "3.11020", "2009-12-31": "3.52360", "2009-09-30": "3.88250", "2009-06-30": "4.40380", "2009-03-31": "2.78840", "2008-12-31": "2.19260", "2008-09-30": "3.43040", "2008-06-30": "3.86170", "2008-03-31": "2.91510", "2007-12-31": "2.51120", "2007-09-30": "3.88180", "2007-06-30": "4.58360", "2007-03-31": "2.85440", "2006-12-31": "2.32560", "2006-09-30": "3.75110", "2006-06-30": "4.36120", "2006-03-31": "2.43740", "2005-12-31": "1.67740", "2005-09-30": "3.31940", "2005-06-30": "4.21520", "2005-03-31": "2.76860"}, "ROI - Return On Investment": {"2020-09-30": "7.32040", "2020-06-30": "6.81770", "2020-03-31": "3.90620", "2019-12-31": "4.63710", "2019-09-30": "3.93260", "2019-06-30": "5.91140", "2019-03-31": "6.15000", "2018-12-31": "7.15940", "2018-09-30": "9.06800", "2018-06-30": "9.41950", "2018-03-31": "7.32160", "2017-12-31": "5.15890", "2017-09-30": "7.90700", "2017-06-30": "8.69510", "2017-03-31": "6.90090", "2016-12-31": "6.68500", "2016-09-30": "8.64660", "2016-06-30": "8.55840", "2016-03-31": "5.89560", "2015-12-31": "6.05860", "2015-09-30": "8.67220", "2015-06-30": "9.06460", "2015-03-31": "6.48440", "2014-12-31": "6.46610", "2014-09-30": "8.37470", "2014-06-30": "8.59230", "2014-03-31": "5.72880", "2013-12-31": "6.37920", "2013-09-30": "8.88800", "2013-06-30": "9.35380", "2013-03-31": "6.35100", "2012-12-31": "6.45540", "2012-09-30": "8.73730", "2012-06-30": "9.62140", "2012-03-31": "6.86380", "2011-12-31": "6.66520", "2011-09-30": "9.00920", "2011-06-30": "9.91780", "2011-03-31": "6.18820", "2010-12-31": "6.44560", "2010-09-30": "8.90690", "2010-06-30": "10.05190", "2010-03-31": "6.47240", "2009-12-31": "7.54480", "2009-09-30": "8.97520", "2009-06-30": "10.73130", "2009-03-31": "6.92380", "2008-12-31": "5.49530", "2008-09-30": "7.51800", "2008-06-30": "9.09750", "2008-03-31": "5.83170", "2007-12-31": "5.09660", "2007-09-30": "8.31990", "2007-06-30": "10.14650", "2007-03-31": "6.21610", "2006-12-31": "4.98100", "2006-09-30": "8.55800", "2006-06-30": "10.26400", "2006-03-31": "5.90640", "2005-12-31": "4.14280", "2005-09-30": "8.45070", "2005-06-30": "10.68710", "2005-03-31": "6.87560"}, "Book Value Per Share": {"2020-09-30": "1.89720", "2020-06-30": "1.75500", "2020-03-31": "1.62790", "2019-12-31": "1.66090", "2019-09-30": "1.64280", "2019-06-30": "1.53140", "2019-03-31": "1.46370", "2018-12-31": "1.45000", "2018-09-30": "1.49650", "2018-06-30": "1.41720", "2018-03-31": "1.35000", "2017-12-31": "1.33320", "2017-09-30": "1.32620", "2017-06-30": "1.25890", "2017-03-31": "1.18970", "2016-12-31": "1.16020", "2016-09-30": "1.17160", "2016-06-30": "1.13670", "2016-03-31": "1.10060", "2015-12-31": "1.06570", "2015-09-30": "1.05610", "2015-06-30": "1.01100", "2015-03-31": "0.94930", "2014-12-31": "0.94210", "2014-09-30": "0.99830", "2014-06-30": "0.96670", "2014-03-31": "0.91260", "2013-12-31": "0.89020", "2013-09-30": "0.82730", "2013-06-30": "0.78050", "2013-03-31": "0.73930", "2012-12-31": "0.72030", "2012-09-30": "0.74800", "2012-06-30": "0.69840", "2012-03-31": "0.67870", "2011-12-31": "0.65640", "2011-09-30": "0.66130", "2011-06-30": "0.63170", "2011-03-31": "0.60540", "2010-12-31": "0.59990", "2010-09-30": "0.57670", "2010-06-30": "0.55230", "2010-03-31": "0.54020", "2009-12-31": "0.52840", "2009-09-30": "0.50510", "2009-06-30": "0.47280", "2009-03-31": "0.45130", "2008-12-31": "0.45100", "2008-09-30": "0.51520", "2008-06-30": "0.48850", "2008-03-31": "0.46300", "2007-12-31": "0.45840", "2007-09-30": "0.43860", "2007-06-30": "0.40720", "2007-03-31": "0.39710", "2006-12-31": "0.41020", "2006-09-30": "0.38640", "2006-06-30": "0.36480", "2006-03-31": "0.35430", "2005-12-31": "0.34260", "2005-09-30": "0.34410", "2005-06-30": "0.33630", "2005-03-31": "0.32520"}, "Operating Cash Flow Per Share": {"2020-09-30": 0.2153, "2020-06-30": 0.2904, "2020-03-31": "0.18710", "2019-12-31": 0.1329, "2019-09-30": 0.2071, "2019-06-30": 0.1644, "2019-03-31": "0.12500", "2018-12-31": 0.1487, "2018-09-30": 0.1686, "2018-06-30": 0.1176, "2018-03-31": "0.14820", "2017-12-31": 0.0938, "2017-09-30": 0.1416, "2017-06-30": 0.1287, "2017-03-31": "0.11580", "2016-12-31": 0.1389, "2016-09-30": 0.126, "2016-06-30": 0.1124, "2016-03-31": "0.08400", "2015-12-31": 0.1069, "2015-09-30": 0.1109, "2015-06-30": 0.0919, "2015-03-31": "0.08960", "2014-12-31": 0.0747, "2014-09-30": 0.1371, "2014-06-30": 0.0992, "2014-03-31": "0.08360", "2013-12-31": 0.0711, "2013-09-30": 0.1106, "2013-06-30": 0.0696, "2013-03-31": "0.07860", "2012-12-31": 0.0437, "2012-09-30": 0.0948, "2012-06-30": 0.074, "2012-03-31": "0.07490", "2011-12-31": 0.0792, "2011-09-30": 0.0831, "2011-06-30": 0.0833, "2011-03-31": "0.06620", "2010-12-31": 0.0627, "2010-09-30": 0.0677, "2010-06-30": 0.0615, "2010-03-31": "0.05610", "2009-12-31": 0.0363, "2009-09-30": 0.0565, "2009-06-30": 0.0861, "2009-03-31": "0.04060", "2008-12-31": 0.0251, "2008-09-30": 0.0492, "2008-06-30": 0.0723, "2008-03-31": "0.03050", "2007-12-31": 0.0179, "2007-09-30": 0.0651, "2007-06-30": 0.0542, "2007-03-31": "0.03430", "2006-12-31": 0.0424, "2006-09-30": 0.054, "2006-06-30": 0.0129, "2006-03-31": "0.05360", "2005-12-31": 0.0123, "2005-09-30": 0.0566, "2005-06-30": 0.0394, "2005-03-31": "0.03660"}, "Free Cash Flow Per Share": {"2020-09-30": 0.2046, "2020-06-30": 0.2787, "2020-03-31": "0.17350", "2019-12-31": 0.1193, "2019-09-30": 0.1964, "2019-06-30": 0.1503, "2019-03-31": "0.11180", "2018-12-31": 0.1371, "2018-09-30": 0.1576, "2018-06-30": 0.1011, "2018-03-31": "0.13570", "2017-12-31": 0.0793, "2017-09-30": 0.1294, "2017-06-30": 0.117, "2017-03-31": "0.10460", "2016-12-31": 0.1302, "2016-09-30": 0.1114, "2016-06-30": 0.0899, "2016-03-31": "0.06580", "2015-12-31": 0.0903, "2015-09-30": 0.0888, "2015-06-30": 0.0727, "2015-03-31": "0.07270", "2014-12-31": 0.0665, "2014-09-30": 0.1143, "2014-06-30": 0.0864, "2014-03-31": "0.07310", "2013-12-31": 0.0611, "2013-09-30": 0.1031, "2013-06-30": 0.0597, "2013-03-31": "0.06900", "2012-12-31": 0.0291, "2012-09-30": 0.0859, "2012-06-30": 0.0665, "2012-03-31": "0.06740", "2011-12-31": 0.0701, "2011-09-30": 0.0714, "2011-06-30": 0.0747, "2011-03-31": "0.05950", "2010-12-31": 0.0502, "2010-09-30": 0.0631, "2010-06-30": 0.0555, "2010-03-31": "0.05310", "2009-12-31": 0.0248, "2009-09-30": 0.049, "2009-06-30": 0.0809, "2009-03-31": "0.03380", "2008-12-31": 0.0161, "2008-09-30": 0.0435, "2008-06-30": 0.0638, "2008-03-31": "0.02510", "2007-12-31": 0.0129, "2007-09-30": 0.0586, "2007-06-30": 0.0463, "2007-03-31": "0.02250", "2006-12-31": 0.0368, "2006-09-30": 0.0456, "2006-06-30": 0.0016, "2006-03-31": "0.04330", "2005-12-31": -0.0026, "2005-09-30": 0.0514, "2005-06-30": 0.0248, "2005-03-31": "0.02450"}}, "revenue": {"Rollins Annual Revenue (Millions of US $)": {"2020": "$2,161", "2019": "$2,015", "2018": "$1,822", "2017": "$1,674", "2016": "$1,573", "2015": "$1,485", "2014": "$1,412", "2013": "$1,337", "2012": "$1,271", "2011": "$1,205", "2010": "$1,137", "2009": "$1,074", "2008": "$1,021", "2007": "$895", "2006": "$859", "2005": "$802"}, "Rollins Quarterly Revenue (Millions of US $)": {"2020-12-31": "$536", "2020-09-30": "$584", "2020-06-30": "$553", "2020-03-31": "$488", "2019-12-31": "$506", "2019-09-30": "$556", "2019-06-30": "$524", "2019-03-31": "$429", "2018-12-31": "$445", "2018-09-30": "$488", "2018-06-30": "$480", "2018-03-31": "$409", "2017-12-31": "$415", "2017-09-30": "$450", "2017-06-30": "$434", "2017-03-31": "$375", "2016-12-31": "$386", "2016-09-30": "$424", "2016-06-30": "$411", "2016-03-31": "$353", "2015-12-31": "$363", "2015-09-30": "$400", "2015-06-30": "$392", "2015-03-31": "$331", "2014-12-31": "$344", "2014-09-30": "$385", "2014-06-30": "$369", "2014-03-31": "$313", "2013-12-31": "$325", "2013-09-30": "$362", "2013-06-30": "$351", "2013-03-31": "$300", "2012-12-31": "$306", "2012-09-30": "$340", "2012-06-30": "$335", "2012-03-31": "$289", "2011-12-31": "$289", "2011-09-30": "$324", "2011-06-30": "$320", "2011-03-31": "$272", "2010-12-31": "$280", "2010-09-30": "$305", "2010-06-30": "$299", "2010-03-31": "$253", "2009-12-31": "$260", "2009-09-30": "$287", "2009-06-30": "$285", "2009-03-31": "$243", "2008-12-31": "$248", "2008-09-30": "$278", "2008-06-30": "$284", "2008-03-31": "$210", "2007-12-31": "$216", "2007-09-30": "$238", "2007-06-30": "$240", "2007-03-31": "$201", "2006-12-31": "$205", "2006-09-30": "$228", "2006-06-30": "$232", "2006-03-31": "$194", "2005-12-31": "$195", "2005-09-30": "$209", "2005-06-30": "$214", "2005-03-31": "$184"}}, "gross-profit": {"Rollins Annual Gross Profit (Millions of US $)": {"2020": "$1,113", "2019": "$1,022", "2018": "$927", "2017": "$854", "2016": "$801", "2015": "$749", "2014": "$704", "2013": "$659", "2012": "$623", "2011": "$588", "2010": "$554", "2009": "$523", "2008": "$486", "2007": "$426", "2006": "$401", "2005": "$365"}, "Rollins Quarterly Gross Profit (Millions of US $)": {"2020-12-31": "$270", "2020-09-30": "$308", "2020-06-30": "$298", "2020-03-31": "$237", "2019-12-31": "$252", "2019-09-30": "$288", "2019-06-30": "$271", "2019-03-31": "$212", "2018-12-31": "$223", "2018-09-30": "$251", "2018-06-30": "$250", "2018-03-31": "$203", "2017-12-31": "$207", "2017-09-30": "$232", "2017-06-30": "$229", "2017-03-31": "$186", "2016-12-31": "$193", "2016-09-30": "$218", "2016-06-30": "$215", "2016-03-31": "$175", "2015-12-31": "$180", "2015-09-30": "$204", "2015-06-30": "$202", "2015-03-31": "$163", "2014-12-31": "$169", "2014-09-30": "$196", "2014-06-30": "$187", "2014-03-31": "$152", "2013-12-31": "$157", "2013-09-30": "$181", "2013-06-30": "$176", "2013-03-31": "$144", "2012-12-31": "$143", "2012-09-30": "$170", "2012-06-30": "$169", "2012-03-31": "$141", "2011-12-31": "$138", "2011-09-30": "$159", "2011-06-30": "$161", "2011-03-31": "$131", "2010-12-31": "$132", "2010-09-30": "$149", "2010-06-30": "$150", "2010-03-31": "$122", "2009-12-31": "$123", "2009-09-30": "$139", "2009-06-30": "$143", "2009-03-31": "$118", "2008-12-31": "$115", "2008-09-30": "$132", "2008-06-30": "$138", "2008-03-31": "$100", "2007-12-31": "$99", "2007-09-30": "$115", "2007-06-30": "$118", "2007-03-31": "$94", "2006-12-31": "$92", "2006-09-30": "$109", "2006-06-30": "$113", "2006-03-31": "$87", "2005-12-31": "$82", "2005-09-30": "$99", "2005-06-30": "$100", "2005-03-31": "$84"}}, "operating-income": {"Rollins Annual Operating Income (Millions of US $)": {"2020": "$361", "2019": "$267", "2018": "$310", "2017": "$294", "2016": "$260", "2015": "$241", "2014": "$219", "2013": "$191", "2012": "$176", "2011": "$162", "2010": "$144", "2009": "$130", "2008": "$114", "2007": "$103", "2006": "$94", "2005": "$85"}, "Rollins Quarterly Operating Income (Millions of US $)": {"2020-12-31": "$88", "2020-09-30": "$111", "2020-06-30": "$105", "2020-03-31": "$57", "2019-12-31": "$74", "2019-09-30": "$49", "2019-06-30": "$89", "2019-03-31": "$56", "2018-12-31": "$71", "2018-09-30": "$90", "2018-06-30": "$90", "2018-03-31": "$59", "2017-12-31": "$69", "2017-09-30": "$82", "2017-06-30": "$86", "2017-03-31": "$57", "2016-12-31": "$52", "2016-09-30": "$80", "2016-06-30": "$76", "2016-03-31": "$51", "2015-12-31": "$51", "2015-09-30": "$71", "2015-06-30": "$72", "2015-03-31": "$47", "2014-12-31": "$46", "2014-09-30": "$66", "2014-06-30": "$65", "2014-03-31": "$41", "2013-12-31": "$41", "2013-09-30": "$58", "2013-06-30": "$57", "2013-03-31": "$35", "2012-12-31": "$34", "2012-09-30": "$52", "2012-06-30": "$53", "2012-03-31": "$37", "2011-12-31": "$35", "2011-09-30": "$47", "2011-06-30": "$50", "2011-03-31": "$30", "2010-12-31": "$30", "2010-09-30": "$41", "2010-06-30": "$44", "2010-03-31": "$28", "2009-12-31": "$25", "2009-09-30": "$37", "2009-06-30": "$42", "2009-03-31": "$26", "2008-12-31": "$22", "2008-09-30": "$32", "2008-06-30": "$38", "2008-03-31": "$22", "2007-12-31": "$18", "2007-09-30": "$30", "2007-06-30": "$34", "2007-03-31": "$21", "2006-12-31": "$16", "2006-09-30": "$27", "2006-06-30": "$32", "2006-03-31": "$18", "2005-12-31": "$11", "2005-09-30": "$25", "2005-06-30": "$31", "2005-03-31": "$19"}}, "ebitda": {"Rollins Annual EBITDA (Millions of US $)": {"2019": "$347", "2018": "$374", "2017": "$350", "2016": "$310", "2015": "$283", "2014": "$261", "2013": "$230", "2012": "$214", "2011": "$200", "2010": "$181", "2009": "$167", "2008": "$147", "2007": "$130", "2006": "$120", "2005": "$110"}, "Rollins Quarterly EBITDA (Millions of US $)": {"2020-09-30": "$134", "2020-06-30": "$126", "2020-03-31": "$79", "2019-12-31": "$95", "2019-09-30": "$71", "2019-06-30": "$109", "2019-03-31": "$72", "2018-12-31": "$86", "2018-09-30": "$106", "2018-06-30": "$106", "2018-03-31": "$76", "2017-12-31": "$82", "2017-09-30": "$97", "2017-06-30": "$99", "2017-03-31": "$71", "2016-12-31": "$65", "2016-09-30": "$93", "2016-06-30": "$89", "2016-03-31": "$63", "2015-12-31": "$60", "2015-09-30": "$82", "2015-06-30": "$83", "2015-03-31": "$57", "2014-12-31": "$56", "2014-09-30": "$77", "2014-06-30": "$76", "2014-03-31": "$51", "2013-12-31": "$50", "2013-09-30": "$68", "2013-06-30": "$67", "2013-03-31": "$45", "2012-12-31": "$44", "2012-09-30": "$61", "2012-06-30": "$63", "2012-03-31": "$47", "2011-12-31": "$45", "2011-09-30": "$56", "2011-06-30": "$59", "2011-03-31": "$39", "2010-12-31": "$40", "2010-09-30": "$50", "2010-06-30": "$53", "2010-03-31": "$37", "2009-12-31": "$34", "2009-09-30": "$46", "2009-06-30": "$51", "2009-03-31": "$36", "2008-12-31": "$31", "2008-09-30": "$41", "2008-06-30": "$46", "2008-03-31": "$29", "2007-12-31": "$24", "2007-09-30": "$37", "2007-06-30": "$41", "2007-03-31": "$27", "2006-12-31": "$23", "2006-09-30": "$34", "2006-06-30": "$39", "2006-03-31": "$25", "2005-12-31": "$17", "2005-09-30": "$31", "2005-06-30": "$37", "2005-03-31": "$25"}}, "net-income": {"Rollins Annual Net Income (Millions of US $)": {"2020": "$261", "2019": "$203", "2018": "$232", "2017": "$179", "2016": "$167", "2015": "$152", "2014": "$138", "2013": "$123", "2012": "$111", "2011": "$101", "2010": "$90", "2009": "$84", "2008": "$69", "2007": "$65", "2006": "$58", "2005": "$53"}, "Rollins Quarterly Net Income (Millions of US $)": {"2020-12-31": "$63", "2020-09-30": "$80", "2020-06-30": "$75", "2020-03-31": "$43", "2019-12-31": "$51", "2019-09-30": "$44", "2019-06-30": "$64", "2019-03-31": "$44", "2018-12-31": "$51", "2018-09-30": "$67", "2018-06-30": "$66", "2018-03-31": "$49", "2017-12-31": "$34", "2017-09-30": "$51", "2017-06-30": "$54", "2017-03-31": "$40", "2016-12-31": "$38", "2016-09-30": "$50", "2016-06-30": "$48", "2016-03-31": "$32", "2015-12-31": "$32", "2015-09-30": "$45", "2015-06-30": "$45", "2015-03-31": "$30", "2014-12-31": "$30", "2014-09-30": "$41", "2014-06-30": "$41", "2014-03-31": "$26", "2013-12-31": "$28", "2013-09-30": "$36", "2013-06-30": "$36", "2013-03-31": "$23", "2012-12-31": "$23", "2012-09-30": "$32", "2012-06-30": "$33", "2012-03-31": "$23", "2011-12-31": "$22", "2011-09-30": "$29", "2011-06-30": "$31", "2011-03-31": "$19", "2010-12-31": "$19", "2010-09-30": "$26", "2010-06-30": "$28", "2010-03-31": "$18", "2009-12-31": "$20", "2009-09-30": "$23", "2009-06-30": "$25", "2009-03-31": "$16", "2008-12-31": "$13", "2008-09-30": "$20", "2008-06-30": "$23", "2008-03-31": "$14", "2007-12-31": "$12", "2007-09-30": "$19", "2007-06-30": "$21", "2007-03-31": "$13", "2006-12-31": "$11", "2006-09-30": "$17", "2006-06-30": "$19", "2006-03-31": "$11", "2005-12-31": "$7", "2005-09-30": "$15", "2005-06-30": "$19", "2005-03-31": "$12"}}, "eps-earnings-per-share-diluted": {"Rollins Annual EPS": {"2020": "$0.53", "2019": "$0.41", "2018": "$0.47", "2017": "$0.37", "2016": "$0.34", "2015": "$0.31", "2014": "$0.28", "2013": "$0.25", "2012": "$0.23", "2011": "$0.20", "2010": "$0.18", "2009": "$0.17", "2008": "$0.13", "2007": "$0.13", "2006": "$0.11", "2005": "$0.10"}, "Rollins Quarterly EPS": {"2020-12-31": "$0.13", "2020-09-30": "$0.16", "2020-06-30": "$0.15", "2020-03-31": "$0.09", "2019-12-31": "$0.10", "2019-09-30": "$0.09", "2019-06-30": "$0.13", "2019-03-31": "$0.09", "2018-12-31": "$0.11", "2018-09-30": "$0.13", "2018-06-30": "$0.13", "2018-03-31": "$0.10", "2017-12-31": "$0.07", "2017-09-30": "$0.11", "2017-06-30": "$0.11", "2017-03-31": "$0.08", "2016-12-31": "$0.07", "2016-09-30": "$0.10", "2016-06-30": "$0.10", "2016-03-31": "$0.07", "2015-12-31": "$0.06", "2015-09-30": "$0.09", "2015-06-30": "$0.09", "2015-03-31": "$0.06", "2014-12-31": "$0.06", "2014-09-30": "$0.08", "2014-06-30": "$0.08", "2014-03-31": "$0.05", "2013-12-31": "$0.05", "2013-09-30": "$0.07", "2013-06-30": "$0.07", "2013-03-31": "$0.05", "2012-12-31": "$0.04", "2012-09-30": "$0.07", "2012-06-30": "$0.07", "2012-03-31": "$0.05", "2011-12-31": "$0.04", "2011-09-30": "$0.06", "2011-06-30": "$0.06", "2011-03-31": "$0.04", "2010-12-31": "$0.04", "2010-09-30": "$0.05", "2010-06-30": "$0.06", "2010-03-31": "$0.04", "2009-12-31": "$0.04", "2009-09-30": "$0.05", "2009-06-30": "$0.05", "2009-03-31": "$0.03", "2008-12-31": "$0.02", "2008-09-30": "$0.04", "2008-06-30": "$0.05", "2008-03-31": "$0.03", "2007-12-31": "$0.02", "2007-09-30": "$0.04", "2007-06-30": "$0.04", "2007-03-31": "$0.03", "2006-12-31": "$0.02", "2006-09-30": "$0.03", "2006-06-30": "$0.04", "2006-03-31": "$0.02", "2005-12-31": "$0.01", "2005-09-30": "$0.03", "2005-06-30": "$0.04", "2005-03-31": "$0.02"}}, "shares-outstanding": {"Rollins Annual Shares Outstanding (Millions of Shares)": {"2020": "492", "2019": "491", "2018": "491", "2017": "490", "2016": "491", "2015": "492", "2014": "492", "2013": "493", "2012": "494", "2011": "496", "2010": "500", "2009": "505", "2008": "512", "2007": "517", "2006": "523", "2005": "530"}, "Rollins Quarterly Shares Outstanding (Millions of Shares)": {"2020-12-31": "492", "2020-09-30": "492", "2020-06-30": "492", "2020-03-31": "492", "2019-12-31": "491", "2019-09-30": "491", "2019-06-30": "491", "2019-03-31": "491", "2018-12-31": "491", "2018-09-30": "491", "2018-06-30": "491", "2018-03-31": "491", "2017-12-31": "490", "2017-09-30": "490", "2017-06-30": "491", "2017-03-31": "490", "2016-12-31": "491", "2016-09-30": "491", "2016-06-30": "491", "2016-03-31": "492", "2015-12-31": "492", "2015-09-30": "492", "2015-06-30": "492", "2015-03-31": "492", "2014-12-31": "492", "2014-09-30": "492", "2014-06-30": "492", "2014-03-31": "493", "2013-12-31": "493", "2013-09-30": "493", "2013-06-30": "493", "2013-03-31": "494", "2012-12-31": "494", "2012-09-30": "493", "2012-06-30": "494", "2012-03-31": "495", "2011-12-31": "496", "2011-09-30": "495", "2011-06-30": "497", "2011-03-31": "498", "2010-12-31": "500", "2010-09-30": "499", "2010-06-30": "502", "2010-03-31": "503", "2009-12-31": "505", "2009-09-30": "503", "2009-06-30": "506", "2009-03-31": "509", "2008-12-31": "512", "2008-09-30": "511", "2008-06-30": "507", "2008-03-31": "508", "2007-12-31": "517", "2007-09-30": "511", "2007-06-30": "514", "2007-03-31": "522", "2006-12-31": "523", "2006-09-30": "522", "2006-06-30": "526", "2006-03-31": "528", "2005-12-31": "530", "2005-09-30": "532", "2005-06-30": "532", "2005-03-31": "532"}}, "total-assets": {"Rollins Annual Total Assets (Millions of US $)": {"2019": "$1,744", "2018": "$1,094", "2017": "$1,034", "2016": "$917", "2015": "$849", "2014": "$808", "2013": "$739", "2012": "$693", "2011": "$646", "2010": "$619", "2009": "$566", "2008": "$573", "2007": "$475", "2006": "$453", "2005": "$438"}, "Rollins Quarterly Total Assets (Millions of US $)": {"2020-09-30": "$1,806", "2020-06-30": "$1,836", "2020-03-31": "$1,771", "2019-12-31": "$1,744", "2019-09-30": "$1,765", "2019-06-30": "$1,730", "2019-03-31": "$1,272", "2018-12-31": "$1,094", "2018-09-30": "$1,130", "2018-06-30": "$1,105", "2018-03-31": "$1,051", "2017-12-31": "$1,034", "2017-09-30": "$1,047", "2017-06-30": "$981", "2017-03-31": "$925", "2016-12-31": "$917", "2016-09-30": "$922", "2016-06-30": "$906", "2016-03-31": "$873", "2015-12-31": "$849", "2015-09-30": "$862", "2015-06-30": "$849", "2015-03-31": "$801", "2014-12-31": "$808", "2014-09-30": "$827", "2014-06-30": "$805", "2014-03-31": "$766", "2013-12-31": "$739", "2013-09-30": "$761", "2013-06-30": "$737", "2013-03-31": "$707", "2012-12-31": "$693", "2012-09-30": "$706", "2012-06-30": "$681", "2012-03-31": "$663", "2011-12-31": "$646", "2011-09-30": "$632", "2011-06-30": "$637", "2011-03-31": "$614", "2010-12-31": "$619", "2010-09-30": "$608", "2010-06-30": "$582", "2010-03-31": "$565", "2009-12-31": "$566", "2009-09-30": "$586", "2009-06-30": "$579", "2009-03-31": "$567", "2008-12-31": "$573", "2008-09-30": "$577", "2008-06-30": "$589", "2008-03-31": "$475", "2007-12-31": "$475", "2007-09-30": "$483", "2007-06-30": "$463", "2007-03-31": "$448", "2006-12-31": "$453", "2006-09-30": "$454", "2006-06-30": "$443", "2006-03-31": "$447", "2005-12-31": "$438", "2005-09-30": "$455", "2005-06-30": "$444", "2005-03-31": "$419"}}, "cash-on-hand": {"Rollins Annual Cash on Hand (Millions of US $)": {"2019": "$94", "2018": "$115", "2017": "$107", "2016": "$143", "2015": "$135", "2014": "$108", "2013": "$118", "2012": "$65", "2011": "$46", "2010": "$21", "2009": "$10", "2008": "$14", "2007": "$71", "2006": "$63", "2005": "$43"}, "Rollins Quarterly Cash on Hand (Millions of US $)": {"2020-09-30": "$95", "2020-06-30": "$135", "2020-03-31": "$93", "2019-12-31": "$94", "2019-09-30": "$104", "2019-06-30": "$98", "2019-03-31": "$117", "2018-12-31": "$115", "2018-09-30": "$119", "2018-06-30": "$88", "2018-03-31": "$84", "2017-12-31": "$107", "2017-09-30": "$113", "2017-06-30": "$195", "2017-03-31": "$162", "2016-12-31": "$143", "2016-09-30": "$139", "2016-06-30": "$126", "2016-03-31": "$131", "2015-12-31": "$135", "2015-09-30": "$134", "2015-06-30": "$110", "2015-03-31": "$93", "2014-12-31": "$108", "2014-09-30": "$114", "2014-06-30": "$102", "2014-03-31": "$83", "2013-12-31": "$118", "2013-09-30": "$117", "2013-06-30": "$92", "2013-03-31": "$82", "2012-12-31": "$65", "2012-09-30": "$94", "2012-06-30": "$62", "2012-03-31": "$60", "2011-12-31": "$46", "2011-09-30": "$30", "2011-06-30": "$26", "2011-03-31": "$23", "2010-12-31": "$21", "2010-09-30": "$20", "2010-06-30": "$19", "2010-03-31": "$14", "2009-12-31": "$10", "2009-09-30": "$26", "2009-06-30": "$23", "2009-03-31": "$15", "2008-12-31": "$14", "2008-09-30": "$16", "2008-06-30": "$15", "2008-03-31": "$71", "2007-12-31": "$71", "2007-09-30": "$82", "2007-06-30": "$57", "2007-03-31": "$55", "2006-12-31": "$63", "2006-09-30": "$54", "2006-06-30": "$37", "2006-03-31": "$53", "2005-12-31": "$43", "2005-09-30": "$79", "2005-06-30": "$66", "2005-03-31": "$56"}}, "long-term-debt": {"Rollins Annual Long Term Debt (Millions of US $)": {"2019": "$279", "2018": "$", "2017": "$", "2016": "$", "2015": "$", "2014": "$", "2013": "$", "2012": "$", "2011": "$", "2010": "$", "2009": "$", "2008": "$", "2007": "$1", "2006": "$0", "2005": "$1"}, "Rollins Quarterly Long Term Debt (Millions of US $)": {"2020-09-30": "$154", "2020-06-30": "$243", "2020-03-31": "$307", "2019-12-31": "$279", "2019-09-30": "$314", "2019-06-30": "$335", "2019-03-31": "", "2018-12-31": "", "2018-09-30": "", "2018-06-30": "", "2018-03-31": "", "2017-12-31": "", "2017-09-30": "", "2017-06-30": "", "2017-03-31": "", "2016-12-31": "", "2016-09-30": "", "2016-06-30": "", "2016-03-31": "", "2015-12-31": "", "2015-09-30": "", "2015-06-30": "", "2015-03-31": "", "2014-12-31": "", "2014-09-30": "", "2014-06-30": "", "2014-03-31": "", "2013-12-31": "", "2013-09-30": "", "2013-06-30": "", "2013-03-31": "", "2012-12-31": "", "2012-09-30": "", "2012-06-30": "", "2012-03-31": "", "2011-12-31": "", "2011-09-30": "", "2011-06-30": "", "2011-03-31": "", "2010-12-31": "", "2010-09-30": "", "2010-06-30": "", "2010-03-31": "", "2009-12-31": "", "2009-09-30": "$0", "2009-06-30": "$0", "2009-03-31": "$0", "2008-12-31": "", "2008-09-30": "$0", "2008-06-30": "$0", "2008-03-31": "$1", "2007-12-31": "$1", "2007-09-30": "$1", "2007-06-30": "$1", "2007-03-31": "$1", "2006-12-31": "$0", "2006-09-30": "$0", "2006-06-30": "$0", "2006-03-31": "$0", "2005-12-31": "$1", "2005-09-30": "", "2005-06-30": "", "2005-03-31": ""}}, "total-liabilities": {"Rollins Annual Total Liabilities (Millions of US $)": {"2019": "$929", "2018": "$382", "2017": "$380", "2016": "$348", "2015": "$325", "2014": "$345", "2013": "$301", "2012": "$338", "2011": "$322", "2010": "$321", "2009": "$302", "2008": "$344", "2007": "$242", "2006": "$242", "2005": "$261"}, "Rollins Quarterly Total Liabilities (Millions of US $)": {"2020-09-30": "$873", "2020-06-30": "$974", "2020-03-31": "$971", "2019-12-31": "$929", "2019-09-30": "$958", "2019-06-30": "$978", "2019-03-31": "$553", "2018-12-31": "$382", "2018-09-30": "$395", "2018-06-30": "$409", "2018-03-31": "$388", "2017-12-31": "$380", "2017-09-30": "$396", "2017-06-30": "$363", "2017-03-31": "$341", "2016-12-31": "$348", "2016-09-30": "$347", "2016-06-30": "$347", "2016-03-31": "$331", "2015-12-31": "$325", "2015-09-30": "$343", "2015-06-30": "$352", "2015-03-31": "$334", "2014-12-31": "$345", "2014-09-30": "$336", "2014-06-30": "$329", "2014-03-31": "$316", "2013-12-31": "$301", "2013-09-30": "$354", "2013-06-30": "$352", "2013-03-31": "$342", "2012-12-31": "$338", "2012-09-30": "$337", "2012-06-30": "$336", "2012-03-31": "$327", "2011-12-31": "$322", "2011-09-30": "$306", "2011-06-30": "$324", "2011-03-31": "$313", "2010-12-31": "$321", "2010-09-30": "$321", "2010-06-30": "$307", "2010-03-31": "$294", "2009-12-31": "$302", "2009-09-30": "$332", "2009-06-30": "$341", "2009-03-31": "$339", "2008-12-31": "$344", "2008-09-30": "$314", "2008-06-30": "$339", "2008-03-31": "$238", "2007-12-31": "$242", "2007-09-30": "$259", "2007-06-30": "$255", "2007-03-31": "$243", "2006-12-31": "$242", "2006-09-30": "$255", "2006-06-30": "$255", "2006-03-31": "$263", "2005-12-31": "$261", "2005-09-30": "$276", "2005-06-30": "$269", "2005-03-31": "$250"}}, "total-share-holder-equity": {"Rollins Annual Share Holder Equity (Millions of US $)": {"2019": "$816", "2018": "$712", "2017": "$654", "2016": "$569", "2015": "$524", "2014": "$463", "2013": "$438", "2012": "$355", "2011": "$324", "2010": "$298", "2009": "$265", "2008": "$228", "2007": "$234", "2006": "$211", "2005": "$177"}, "Rollins Quarterly Share Holder Equity (Millions of US $)": {"2020-09-30": "$933", "2020-06-30": "$863", "2020-03-31": "$800", "2019-12-31": "$816", "2019-09-30": "$807", "2019-06-30": "$752", "2019-03-31": "$719", "2018-12-31": "$712", "2018-09-30": "$735", "2018-06-30": "$696", "2018-03-31": "$663", "2017-12-31": "$654", "2017-09-30": "$650", "2017-06-30": "$617", "2017-03-31": "$584", "2016-12-31": "$569", "2016-09-30": "$574", "2016-06-30": "$558", "2016-03-31": "$542", "2015-12-31": "$524", "2015-09-30": "$519", "2015-06-30": "$497", "2015-03-31": "$467", "2014-12-31": "$463", "2014-09-30": "$491", "2014-06-30": "$476", "2014-03-31": "$450", "2013-12-31": "$438", "2013-09-30": "$407", "2013-06-30": "$385", "2013-03-31": "$365", "2012-12-31": "$355", "2012-09-30": "$369", "2012-06-30": "$344", "2012-03-31": "$336", "2011-12-31": "$324", "2011-09-30": "$326", "2011-06-30": "$313", "2011-03-31": "$301", "2010-12-31": "$298", "2010-09-30": "$286", "2010-06-30": "$276", "2010-03-31": "$272", "2009-12-31": "$265", "2009-09-30": "$253", "2009-06-30": "$237", "2009-03-31": "$228", "2008-12-31": "$228", "2008-09-30": "$263", "2008-06-30": "$249", "2008-03-31": "$237", "2007-12-31": "$234", "2007-09-30": "$225", "2007-06-30": "$208", "2007-03-31": "$205", "2006-12-31": "$211", "2006-09-30": "$199", "2006-06-30": "$188", "2006-03-31": "$184", "2005-12-31": "$177", "2005-09-30": "$179", "2005-06-30": "$175", "2005-03-31": "$169"}}, "profit-margins": {"current": "12.07%"}, "gross margin": {"2020-12-31": "51.50%", "2020-09-30": "51.38%", "2020-06-30": "51.12%", "2020-03-31": "50.53%", "2019-12-31": "50.77%", "2019-09-30": "50.87%", "2019-06-30": "50.74%", "2019-03-31": "50.81%", "2018-12-31": "50.88%", "2018-09-30": "50.84%", "2018-06-30": "50.86%", "2018-03-31": "51.00%", "2017-12-31": "51.02%", "2017-09-30": "51.06%", "2017-06-30": "51.02%", "2017-03-31": "50.88%", "2016-12-31": "50.89%", "2016-09-30": "50.81%", "2016-06-30": "50.69%", "2016-03-31": "50.46%", "2015-12-31": "50.40%", "2015-09-30": "50.31%", "2015-06-30": "50.28%", "2015-03-31": "50.03%", "2014-12-31": "49.89%", "2014-09-30": "49.71%", "2014-06-30": "49.45%", "2014-03-31": "49.30%", "2013-12-31": "49.18%", "2013-09-30": "48.82%", "2013-06-30": "48.80%", "2013-03-31": "48.87%", "2012-12-31": "49.06%", "2012-09-30": "49.32%", "2012-06-30": "49.07%", "2012-03-31": "49.02%", "2011-12-31": "48.88%", "2011-09-30": "48.75%", "2011-06-30": "48.68%", "2011-03-31": "48.62%", "2010-12-31": "48.64%", "2010-09-30": "48.70%", "2010-06-30": "48.59%", "2010-03-31": "48.57%", "2009-12-31": "48.65%", "2009-09-30": "48.45%", "2009-06-30": "48.20%", "2009-03-31": "47.77%", "2008-12-31": "47.55%", "2008-09-30": "47.47%", "2008-06-30": "47.68%", "2008-03-31": "47.79%", "2007-12-31": "47.60%", "2007-09-30": "47.40%", "2007-06-30": "47.25%", "2007-03-31": "47.11%", "2006-12-31": "46.68%", "2006-09-30": "46.05%", "2006-06-30": "45.90%", "2006-03-31": "45.32%", "2005-12-31": "45.51%"}, "operating margin": {"2020-12-31": "16.71%", "2020-09-30": "16.28%", "2020-06-30": "13.55%", "2020-03-31": "12.97%", "2019-12-31": "13.30%", "2019-09-30": "13.56%", "2019-06-30": "16.22%", "2019-03-31": "16.67%", "2018-12-31": "17.01%", "2018-09-30": "17.19%", "2018-06-30": "17.10%", "2018-03-31": "17.33%", "2017-12-31": "17.56%", "2017-09-30": "16.84%", "2017-06-30": "16.99%", "2017-03-31": "16.60%", "2016-12-31": "16.45%", "2016-09-30": "16.63%", "2016-06-30": "16.31%", "2016-03-31": "16.25%", "2015-12-31": "16.22%", "2015-09-30": "16.09%", "2015-06-30": "15.91%", "2015-03-31": "15.68%", "2014-12-31": "15.45%", "2014-09-30": "15.30%", "2014-06-30": "14.97%", "2014-03-31": "14.58%", "2013-12-31": "14.28%", "2013-09-30": "13.95%", "2013-06-30": "13.72%", "2013-03-31": "13.58%", "2012-12-31": "13.86%", "2012-09-30": "14.13%", "2012-06-30": "13.90%", "2012-03-31": "13.83%", "2011-12-31": "13.44%", "2011-09-30": "13.13%", "2011-06-30": "12.83%", "2011-03-31": "12.54%", "2010-12-31": "12.58%", "2010-09-30": "12.35%", "2010-06-30": "12.19%", "2010-03-31": "12.17%", "2009-12-31": "12.09%", "2009-09-30": "11.95%", "2009-06-30": "11.57%", "2009-03-31": "11.21%", "2008-12-31": "11.18%", "2008-09-30": "11.13%", "2008-06-30": "11.39%", "2008-03-31": "11.50%", "2007-12-31": "11.51%", "2007-09-30": "11.43%", "2007-06-30": "11.21%", "2007-03-31": "11.09%", "2006-12-31": "10.83%", "2006-09-30": "10.37%", "2006-06-30": "10.36%", "2006-03-31": "10.47%", "2005-12-31": "10.72%"}, "ebitda margin": {"2020-09-30": "20.37%", "2020-06-30": "17.64%", "2020-03-31": "17.07%", "2019-12-31": "17.22%", "2019-09-30": "17.30%", "2019-06-30": "19.78%", "2019-03-31": "20.09%", "2018-12-31": "20.53%", "2018-09-30": "20.65%", "2018-06-30": "20.58%", "2018-03-31": "20.73%", "2017-12-31": "20.85%", "2017-09-30": "20.18%", "2017-06-30": "20.26%", "2017-03-31": "19.92%", "2016-12-31": "19.70%", "2016-09-30": "19.66%", "2016-06-30": "19.25%", "2016-03-31": "19.10%", "2015-12-31": "18.98%", "2015-09-30": "18.95%", "2015-06-30": "18.80%", "2015-03-31": "18.61%", "2014-12-31": "18.43%", "2014-09-30": "18.25%", "2014-06-30": "17.90%", "2014-03-31": "17.47%", "2013-12-31": "17.19%", "2013-09-30": "16.98%", "2013-06-30": "16.73%", "2013-03-31": "16.63%", "2012-12-31": "16.93%", "2012-09-30": "17.24%", "2012-06-30": "17.06%", "2012-03-31": "16.94%", "2011-12-31": "16.51%", "2011-09-30": "16.22%", "2011-06-30": "15.97%", "2011-03-31": "15.74%", "2010-12-31": "15.83%", "2010-09-30": "15.58%", "2010-06-30": "15.47%", "2010-03-31": "15.48%", "2009-12-31": "15.53%", "2009-09-30": "15.43%", "2009-06-30": "15.09%", "2009-03-31": "14.62%", "2008-12-31": "14.41%", "2008-09-30": "14.17%", "2008-06-30": "14.35%", "2008-03-31": "14.49%", "2007-12-31": "14.41%", "2007-09-30": "14.48%", "2007-06-30": "14.30%", "2007-03-31": "14.20%", "2006-12-31": "14.09%", "2006-09-30": "13.55%", "2006-06-30": "13.49%", "2006-03-31": "13.55%", "2005-12-31": "13.72%"}, "pre tax profit margin": {"2020-12-31": "16.43%", "2020-09-30": "15.95%", "2020-06-30": "13.17%", "2020-03-31": "12.54%", "2019-12-31": "12.95%", "2019-09-30": "13.31%", "2019-06-30": "16.12%", "2019-03-31": "16.67%", "2018-12-31": "17.01%", "2018-09-30": "17.19%", "2018-06-30": "17.16%", "2018-03-31": "17.39%", "2017-12-31": "17.62%", "2017-09-30": "16.96%", "2017-06-30": "17.05%", "2017-03-31": "16.73%", "2016-12-31": "16.58%", "2016-09-30": "16.76%", "2016-06-30": "16.50%", "2016-03-31": "16.38%", "2015-12-31": "16.35%", "2015-09-30": "16.22%", "2015-06-30": "15.98%", "2015-03-31": "15.82%", "2014-12-31": "15.59%", "2014-09-30": "15.37%", "2014-06-30": "15.05%", "2014-03-31": "14.58%", "2013-12-31": "14.28%", "2013-09-30": "14.03%", "2013-06-30": "13.80%", "2013-03-31": "13.66%", "2012-12-31": "13.94%", "2012-09-30": "14.13%", "2012-06-30": "13.90%", "2012-03-31": "13.83%", "2011-12-31": "13.44%", "2011-09-30": "13.13%", "2011-06-30": "12.83%", "2011-03-31": "12.54%", "2010-12-31": "12.58%", "2010-09-30": "12.09%", "2010-06-30": "11.92%", "2010-03-31": "11.89%", "2009-12-31": "11.81%", "2009-09-30": "11.85%", "2009-06-30": "11.48%", "2009-03-31": "11.02%", "2008-12-31": "11.08%", "2008-09-30": "11.13%", "2008-06-30": "11.50%", "2008-03-31": "11.84%", "2007-12-31": "11.73%", "2007-09-30": "11.76%", "2007-06-30": "11.56%", "2007-03-31": "11.32%", "2006-12-31": "11.06%", "2006-09-30": "10.60%", "2006-06-30": "10.48%", "2006-03-31": "10.59%", "2005-12-31": "10.85%"}, "net profit margin": {"2020-12-31": "12.08%", "2020-09-30": "11.68%", "2020-06-30": "10.13%", "2020-03-31": "9.74%", "2019-12-31": "10.07%", "2019-09-30": "10.39%", "2019-06-30": "11.98%", "2019-03-31": "12.38%", "2018-12-31": "12.79%", "2018-09-30": "12.05%", "2018-06-30": "11.40%", "2018-03-31": "11.01%", "2017-12-31": "10.69%", "2017-09-30": "11.12%", "2017-06-30": "11.24%", "2017-03-31": "11.03%", "2016-12-31": "10.67%", "2016-09-30": "10.44%", "2016-06-30": "10.28%", "2016-03-31": "10.21%", "2015-12-31": "10.23%", "2015-09-30": "10.22%", "2015-06-30": "10.06%", "2015-03-31": "9.94%", "2014-12-31": "9.78%", "2014-09-30": "9.77%", "2014-06-30": "9.57%", "2014-03-31": "9.33%", "2013-12-31": "9.19%", "2013-09-30": "8.95%", "2013-06-30": "8.79%", "2013-03-31": "8.67%", "2012-12-31": "8.74%", "2012-09-30": "8.78%", "2012-06-30": "8.65%", "2012-03-31": "8.59%", "2011-12-31": "8.38%", "2011-09-30": "8.19%", "2011-06-30": "8.07%", "2011-03-31": "7.96%", "2010-12-31": "8.00%", "2010-09-30": "8.24%", "2010-06-30": "8.10%", "2010-03-31": "7.93%", "2009-12-31": "7.81%", "2009-09-30": "7.24%", "2009-06-30": "7.02%", "2009-03-31": "6.84%", "2008-12-31": "6.86%", "2008-09-30": "6.98%", "2008-06-30": "7.17%", "2008-03-31": "7.30%", "2007-12-31": "7.26%", "2007-09-30": "7.24%", "2007-06-30": "7.09%", "2007-03-31": "6.93%", "2006-12-31": "6.75%", "2006-09-30": "6.36%", "2006-06-30": "6.27%", "2006-03-31": "6.40%", "2005-12-31": "6.61%"}, "pe ratio": {"current": "69.79", "2021-02-11": "94.13", "2020-12-31": "97.47", "2020-09-30": "70.89", "2020-06-30": "64.73", "2020-03-31": "57.75", "2019-12-31": "51.99", "2019-09-30": "53.21", "2019-06-30": "49.79", "2019-03-31": "57.60", "2018-12-31": "49.35", "2018-09-30": "60.12", "2018-06-30": "55.95", "2018-03-31": "57.29", "2017-12-31": "54.62", "2017-09-30": "52.62", "2017-06-30": "46.87", "2017-03-31": "44.22", "2016-12-31": "41.66", "2016-09-30": "36.84", "2016-06-30": "37.70", "2016-03-31": "35.29", "2015-12-31": "34.05", "2015-09-30": "35.59", "2015-06-30": "38.98", "2015-03-31": "34.87", "2014-12-31": "31.99", "2014-09-30": "28.72", "2014-06-30": "30.30", "2014-03-31": "31.49", "2013-12-31": "32.15", "2013-09-30": "29.08", "2013-06-30": "29.38", "2013-03-31": "28.48", "2012-12-31": "25.48", "2012-09-30": "27.25", "2012-06-30": "26.68", "2012-03-31": "25.98", "2011-12-31": "28.20", "2011-09-30": "24.38", "2011-06-30": "27.54", "2011-03-31": "28.36", "2010-12-31": "27.94", "2010-09-30": "21.85", "2010-06-30": "19.92", "2010-03-31": "21.25", "2009-12-31": "19.26", "2009-09-30": "20.44", "2009-06-30": "19.44", "2009-03-31": "19.99", "2008-12-31": "21.59", "2008-09-30": "22.91", "2008-06-30": "18.17", "2008-03-31": "22.38", "2007-12-31": "24.73", "2007-09-30": "23.59", "2007-06-30": "20.75", "2007-03-31": "21.62", "2006-12-31": "21.44"}, "price sales": {"2021-02-11": "8.56", "2020-12-31": "8.87", "2020-09-30": "8.28", "2020-06-30": "6.55", "2020-03-31": "5.65", "2019-12-31": "5.32", "2019-09-30": "5.62", "2019-06-30": "6.11", "2019-03-31": "7.23", "2018-12-31": "6.33", "2018-09-30": "7.17", "2018-06-30": "6.33", "2018-03-31": "6.29", "2017-12-31": "5.83", "2017-09-30": "5.86", "2017-06-30": "5.24", "2017-03-31": "4.84", "2016-12-31": "4.45", "2016-09-30": "3.89", "2016-06-30": "3.94", "2016-03-31": "3.69", "2015-12-31": "3.56", "2015-09-30": "3.71", "2015-06-30": "3.97", "2015-03-31": "3.49", "2014-12-31": "3.14", "2014-09-30": "2.80", "2014-06-30": "2.91", "2014-03-31": "2.96", "2013-12-31": "2.99", "2013-09-30": "2.64", "2013-06-30": "2.62", "2013-03-31": "2.50", "2012-12-31": "2.26", "2012-09-30": "2.42", "2012-06-30": "2.34", "2012-03-31": "2.25", "2011-12-31": "2.37", "2011-09-30": "2.01", "2011-06-30": "2.22", "2011-03-31": "2.25", "2010-12-31": "2.23", "2010-09-30": "1.79", "2010-06-30": "1.60", "2010-03-31": "1.70", "2009-12-31": "1.52", "2009-09-30": "1.50", "2009-06-30": "1.39", "2009-03-31": "1.38", "2008-12-31": "1.49", "2008-09-30": "1.61", "2008-06-30": "1.31", "2008-03-31": "1.64", "2007-12-31": "1.80", "2007-09-30": "1.69", "2007-06-30": "1.46", "2007-03-31": "1.50", "2006-12-31": "1.45"}, "price book": {"current": "19.80", "2021-02-11": "19.85", "2020-09-30": "18.93", "2020-06-30": "15.99", "2020-03-31": "14.67", "2019-12-31": "13.15", "2019-09-30": "13.60", "2019-06-30": "15.32", "2019-03-31": "18.54", "2018-12-31": "16.19", "2018-09-30": "17.50", "2018-06-30": "15.97", "2018-03-31": "16.22", "2017-12-31": "14.93", "2017-09-30": "14.82", "2017-06-30": "13.74", "2017-03-31": "13.22", "2016-12-31": "12.29", "2016-09-30": "10.48", "2016-06-30": "10.76", "2016-03-31": "10.26", "2015-12-31": "10.08", "2015-09-30": "10.48", "2015-06-30": "11.59", "2015-03-31": "10.67", "2014-12-31": "9.56", "2014-09-30": "7.93", "2014-06-30": "8.36", "2014-03-31": "8.89", "2013-12-31": "9.10", "2013-09-30": "8.54", "2013-06-30": "8.81", "2013-03-31": "8.79", "2012-12-31": "8.07", "2012-09-30": "8.20", "2012-06-30": "8.37", "2012-03-31": "8.17", "2011-12-31": "8.78", "2011-09-30": "7.32", "2011-06-30": "8.31", "2011-03-31": "8.61", "2010-12-31": "8.42", "2010-09-30": "6.89", "2010-06-30": "6.34", "2010-03-31": "6.76", "2009-12-31": "6.12", "2009-09-30": "6.24", "2009-06-30": "6.09", "2009-03-31": "6.30", "2008-12-31": "6.62", "2008-09-30": "6.06", "2008-06-30": "4.97", "2008-03-31": "6.24", "2007-12-31": "6.82", "2007-09-30": "6.59", "2007-06-30": "6.04", "2007-03-31": "6.24", "2006-12-31": "5.79", "2006-09-30": "5.85", "2006-06-30": "5.75", "2006-03-31": "6.08"}, "price fcf": {"2021-02-11": "", "2020-09-30": "$0.78", "2020-06-30": "$0.77", "2020-03-31": "$0.64", "2019-12-31": "$0.58", "2019-09-30": "$0.60", "2019-06-30": "$0.56", "2019-03-31": "$0.51", "2018-12-31": "$0.53", "2018-09-30": "$0.47", "2018-06-30": "$0.45", "2018-03-31": "$0.46", "2017-12-31": "$0.43", "2017-09-30": "$0.48", "2017-06-30": "$0.46", "2017-03-31": "$0.44", "2016-12-31": "$0.40", "2016-09-30": "$0.36", "2016-06-30": "$0.33", "2016-03-31": "$0.32", "2015-12-31": "$0.32", "2015-09-30": "$0.30", "2015-06-30": "$0.33", "2015-03-31": "$0.34", "2014-12-31": "$0.34", "2014-09-30": "$0.33", "2014-06-30": "$0.32", "2014-03-31": "$0.30", "2013-12-31": "$0.29", "2013-09-30": "$0.26", "2013-06-30": "$0.24", "2013-03-31": "$0.25", "2012-12-31": "$0.25", "2012-09-30": "$0.29", "2012-06-30": "$0.28", "2012-03-31": "$0.28", "2011-12-31": "$0.28", "2011-09-30": "$0.26", "2011-06-30": "$0.25", "2011-03-31": "$0.23", "2010-12-31": "$0.22", "2010-09-30": "$0.20", "2010-06-30": "$0.18", "2010-03-31": "$0.21", "2009-12-31": "$0.19", "2009-09-30": "$0.18", "2009-06-30": "$0.17", "2009-03-31": "$0.16", "2008-12-31": "$0.15", "2008-09-30": "$0.15", "2008-06-30": "$0.16", "2008-03-31": "$0.14", "2007-12-31": "$0.14", "2007-09-30": "$0.16", "2007-06-30": "$0.15", "2007-03-31": "$0.11", "2006-12-31": "$0.13"}, "net worth": {"value": "$18.64B"}, "current ratio": {"2020-12-31": "0.67", "2020-09-30": "0.71", "2020-06-30": "0.76", "2020-03-31": "0.73", "2019-12-31": "0.76", "2019-09-30": "0.79", "2019-06-30": "0.77", "2019-03-31": "0.82", "2018-12-31": "0.96", "2018-09-30": "0.98", "2018-06-30": "0.90", "2018-03-31": "0.81", "2017-12-31": "0.89", "2017-09-30": "0.92", "2017-06-30": "1.26", "2017-03-31": "1.14", "2016-12-31": "1.05", "2016-09-30": "1.10", "2016-06-30": "1.06", "2016-03-31": "1.03", "2015-12-31": "1.07", "2015-09-30": "1.21", "2015-06-30": "1.13", "2015-03-31": "1.04", "2014-12-31": "1.12", "2014-09-30": "1.07", "2014-06-30": "1.05", "2014-03-31": "0.96", "2013-12-31": "1.16", "2013-09-30": "1.11", "2013-06-30": "1.04", "2013-03-31": "0.96", "2012-12-31": "0.90", "2012-09-30": "1.00", "2012-06-30": "0.87", "2012-03-31": "0.83", "2011-12-31": "0.78", "2011-09-30": "0.73", "2011-06-30": "0.68", "2011-03-31": "0.61", "2010-12-31": "0.61", "2010-09-30": "0.59", "2010-06-30": "0.62", "2010-03-31": "0.56", "2009-12-31": "0.52", "2009-09-30": "0.54", "2009-06-30": "0.49", "2009-03-31": "0.45", "2008-12-31": "0.43", "2008-09-30": "0.48", "2008-06-30": "0.46", "2008-03-31": "0.87", "2007-12-31": "0.85", "2007-09-30": "0.90", "2007-06-30": "0.80", "2007-03-31": "0.78", "2006-12-31": "0.82", "2006-09-30": "0.77", "2006-06-30": "0.71", "2006-03-31": "0.73", "2005-12-31": "0.72", "2005-09-30": "0.87", "2005-06-30": "0.84", "2005-03-31": "0.78"}, "quick ratio": {"2020-12-31": "0.60", "2020-09-30": "0.64", "2020-06-30": "0.69", "2020-03-31": "0.68", "2019-12-31": "0.71", "2019-09-30": "0.75", "2019-06-30": "0.73", "2019-03-31": "0.78", "2018-12-31": "0.90", "2018-09-30": "0.93", "2018-06-30": "0.85", "2018-03-31": "0.75", "2017-12-31": "0.84", "2017-09-30": "0.87", "2017-06-30": "1.21", "2017-03-31": "1.09", "2016-12-31": "1.00", "2016-09-30": "1.05", "2016-06-30": "1.00", "2016-03-31": "0.98", "2015-12-31": "1.01", "2015-09-30": "1.16", "2015-06-30": "1.08", "2015-03-31": "0.99", "2014-12-31": "1.07", "2014-09-30": "1.03", "2014-06-30": "1.00", "2014-03-31": "0.91", "2013-12-31": "1.11", "2013-09-30": "1.07", "2013-06-30": "0.99", "2013-03-31": "0.91", "2012-12-31": "0.85", "2012-09-30": "0.96", "2012-06-30": "0.82", "2012-03-31": "0.79", "2011-12-31": "0.73", "2011-09-30": "0.68", "2011-06-30": "0.63", "2011-03-31": "0.56", "2010-12-31": "0.57", "2010-09-30": "0.55", "2010-06-30": "0.57", "2010-03-31": "0.51", "2009-12-31": "0.47", "2009-09-30": "0.50", "2009-06-30": "0.45", "2009-03-31": "0.40", "2008-12-31": "0.39", "2008-09-30": "0.43", "2008-06-30": "0.42", "2008-03-31": "0.83", "2007-12-31": "0.81", "2007-09-30": "0.86", "2007-06-30": "0.76", "2007-03-31": "0.74", "2006-12-31": "0.77", "2006-09-30": "0.73", "2006-06-30": "0.66", "2006-03-31": "0.68", "2005-12-31": "0.67", "2005-09-30": "0.84", "2005-06-30": "0.80", "2005-03-31": "0.74"}, "debt equity ratio": {"current": "0.20", "2020-12-31": "0.96", "2020-09-30": "0.94", "2020-06-30": "1.13", "2020-03-31": "1.21", "2019-12-31": "1.14", "2019-09-30": "1.19", "2019-06-30": "1.30", "2019-03-31": "0.77", "2018-12-31": "0.54", "2018-09-30": "0.54", "2018-06-30": "0.59", "2018-03-31": "0.59", "2017-12-31": "0.58", "2017-09-30": "0.61", "2017-06-30": "0.59", "2017-03-31": "0.59", "2016-12-31": "0.61", "2016-09-30": "0.61", "2016-06-30": "0.62", "2016-03-31": "0.61", "2015-12-31": "0.62", "2015-09-30": "0.66", "2015-06-30": "0.71", "2015-03-31": "0.72", "2014-12-31": "0.75", "2014-09-30": "0.68", "2014-06-30": "0.69", "2014-03-31": "0.70", "2013-12-31": "0.69", "2013-09-30": "0.87", "2013-06-30": "0.92", "2013-03-31": "0.94", "2012-12-31": "0.95", "2012-09-30": "0.92", "2012-06-30": "0.98", "2012-03-31": "0.97", "2011-12-31": "0.99", "2011-09-30": "0.94", "2011-06-30": "1.03", "2011-03-31": "1.04", "2010-12-31": "1.08", "2010-09-30": "1.12", "2010-06-30": "1.11", "2010-03-31": "1.08", "2009-12-31": "1.14", "2009-09-30": "1.31", "2009-06-30": "1.44", "2009-03-31": "1.48", "2008-12-31": "1.51", "2008-09-30": "1.20", "2008-06-30": "1.36", "2008-03-31": "1.01", "2007-12-31": "1.04", "2007-09-30": "1.15", "2007-06-30": "1.22", "2007-03-31": "1.19", "2006-12-31": "1.14", "2006-09-30": "1.28", "2006-06-30": "1.36", "2006-03-31": "1.43", "2005-12-31": "1.48", "2005-09-30": "1.55", "2005-06-30": "1.54", "2005-03-31": "1.48"}, "return on equity": {"2020-12-31": "29.52%", "2020-09-30": "29.19%", "2020-06-30": "25.93%", "2020-03-31": "25.45%", "2019-12-31": "26.24%", "2019-09-30": "27.16%", "2019-06-30": "30.98%", "2019-03-31": "31.87%", "2018-12-31": "33.21%", "2018-09-30": "31.44%", "2018-06-30": "30.04%", "2018-03-31": "29.10%", "2017-12-31": "28.58%", "2017-09-30": "30.25%", "2017-06-30": "31.06%", "2017-03-31": "30.81%", "2016-12-31": "29.96%", "2016-09-30": "29.48%", "2016-06-30": "29.30%", "2016-03-31": "29.59%", "2015-12-31": "30.29%", "2015-09-30": "30.83%", "2015-06-30": "30.45%", "2015-03-31": "29.94%", "2014-12-31": "29.36%", "2014-09-30": "29.33%", "2014-06-30": "29.59%", "2014-03-31": "30.00%", "2013-12-31": "30.85%", "2013-09-30": "31.22%", "2013-06-30": "30.94%", "2013-03-31": "30.98%", "2012-12-31": "31.62%", "2012-09-30": "32.05%", "2012-06-30": "32.18%", "2012-03-31": "32.33%", "2011-12-31": "31.96%", "2011-09-30": "31.66%", "2011-06-30": "31.72%", "2011-03-31": "31.70%", "2010-12-31": "32.16%", "2010-09-30": "33.48%", "2010-06-30": "33.40%", "2010-03-31": "33.50%", "2009-12-31": "34.18%", "2009-09-30": "32.56%", "2009-06-30": "30.96%", "2009-03-31": "29.75%", "2008-12-31": "28.66%", "2008-09-30": "28.08%", "2008-06-30": "28.78%", "2008-03-31": "29.20%", "2007-12-31": "29.82%", "2007-09-30": "30.15%", "2007-06-30": "30.13%", "2007-03-31": "29.89%", "2006-12-31": "29.67%", "2006-09-30": "28.88%", "2006-06-30": "28.57%", "2006-03-31": "29.09%", "2005-12-31": "30.29%"}, "return on assets": {"2020-12-31": "14.38%", "2020-09-30": "13.92%", "2020-06-30": "11.97%", "2020-03-31": "11.53%", "2019-12-31": "12.47%", "2019-09-30": "13.85%", "2019-06-30": "17.30%", "2019-03-31": "19.82%", "2018-12-31": "21.28%", "2018-09-30": "20.00%", "2018-06-30": "18.88%", "2018-03-31": "18.28%", "2017-12-31": "17.96%", "2017-09-30": "18.91%", "2017-06-30": "19.44%", "2017-03-31": "19.18%", "2016-12-31": "18.57%", "2016-09-30": "18.25%", "2016-06-30": "17.99%", "2016-03-31": "17.94%", "2015-12-31": "18.09%", "2015-09-30": "18.07%", "2015-06-30": "17.78%", "2015-03-31": "17.53%", "2014-12-31": "17.22%", "2014-09-30": "17.34%", "2014-06-30": "17.06%", "2014-03-31": "16.78%", "2013-12-31": "16.71%", "2013-09-30": "16.29%", "2013-06-30": "16.04%", "2013-03-31": "15.93%", "2012-12-31": "16.19%", "2012-09-30": "16.32%", "2012-06-30": "16.32%", "2012-03-31": "16.29%", "2011-12-31": "15.97%", "2011-09-30": "15.67%", "2011-06-30": "15.33%", "2011-03-31": "15.19%", "2010-12-31": "15.33%", "2010-09-30": "15.86%", "2010-06-30": "15.48%", "2010-03-31": "14.98%", "2009-12-31": "14.62%", "2009-09-30": "13.36%", "2009-06-30": "12.89%", "2009-03-31": "12.49%", "2008-12-31": "12.65%", "2008-09-30": "13.04%", "2008-06-30": "13.45%", "2008-03-31": "13.92%", "2007-12-31": "13.91%", "2007-09-30": "13.86%", "2007-06-30": "13.64%", "2007-03-31": "13.35%", "2006-12-31": "12.91%", "2006-09-30": "12.12%", "2006-06-30": "11.67%", "2006-03-31": "11.66%", "2005-12-31": "12.07%"}, "return on investments": {"2020-12-31": "32.62%", "2020-09-30": "31.58%", "2020-06-30": "25.75%", "2020-03-31": "24.39%", "2019-12-31": "32.46%", "2019-09-30": "48.01%", "2019-06-30": "112.50%", "2019-03-31": "inf%", "2018-12-31": "inf%", "2018-09-30": "inf%", "2018-06-30": "inf%", "2018-03-31": "inf%", "2017-12-31": "inf%", "2017-09-30": "inf%", "2017-06-30": "inf%", "2017-03-31": "inf%", "2016-12-31": "inf%", "2016-09-30": "inf%", "2016-06-30": "inf%", "2016-03-31": "inf%", "2015-12-31": "inf%", "2015-09-30": "inf%", "2015-06-30": "inf%", "2015-03-31": "inf%", "2014-12-31": "inf%", "2014-09-30": "inf%", "2014-06-30": "inf%", "2014-03-31": "inf%", "2013-12-31": "inf%", "2013-09-30": "inf%", "2013-06-30": "inf%", "2013-03-31": "inf%", "2012-12-31": "inf%", "2012-09-30": "inf%", "2012-06-30": "inf%", "2012-03-31": "inf%", "2011-12-31": "inf%", "2011-09-30": "inf%", "2011-06-30": "inf%", "2011-03-31": "inf%", "2010-12-31": "inf%", "2010-09-30": "inf%", "2010-06-30": "211.86%", "2010-03-31": "107.76%", "2009-12-31": "72.42%", "2009-09-30": "70.75%", "2009-06-30": "67.03%", "2009-03-31": "63.70%", "2008-12-31": "60.80%", "2008-09-30": "44.72%", "2008-06-30": "45.62%", "2008-03-31": "45.92%", "2007-12-31": "47.09%", "2007-09-30": "47.36%", "2007-06-30": "47.46%", "2007-03-31": "47.70%", "2006-12-31": "47.45%", "2006-09-30": "46.93%", "2006-06-30": "62.43%", "2006-03-31": "93.66%", "2005-12-31": "193.26%"}, "return on tangible equity": {"2020-09-30": "-184.10%", "2020-06-30": "-136.32%", "2020-03-31": "-114.94%", "2019-12-31": "-200.99%", "2019-09-30": "-507.50%", "2019-06-30": "759.66%", "2019-03-31": "218.71%", "2018-12-31": "222.97%", "2018-09-30": "210.22%", "2018-06-30": "208.88%", "2018-03-31": "151.92%", "2017-12-31": "129.71%", "2017-09-30": "120.00%", "2017-06-30": "108.33%", "2017-03-31": "115.41%", "2016-12-31": "117.07%", "2016-09-30": "116.13%", "2016-06-30": "117.60%", "2016-03-31": "125.97%", "2015-12-31": "145.11%", "2015-09-30": "167.60%", "2015-06-30": "182.50%", "2015-03-31": "185.62%", "2014-12-31": "182.78%", "2014-09-30": "166.87%", "2014-06-30": "177.03%", "2014-03-31": "196.11%", "2013-12-31": "227.78%", "2013-09-30": "396.64%", "2013-06-30": "549.40%", "2013-03-31": "1233.33%", "2012-12-31": "8880.00%", "2012-09-30": "-2095.24%", "2012-06-30": "-611.43%", "2012-03-31": "-381.82%", "2011-12-31": "-264.05%", "2011-09-30": "-208.51%", "2011-06-30": "-170.40%", "2011-03-31": "-160.00%", "2010-12-31": "-156.90%", "2010-09-30": "-151.44%", "2010-06-30": "-135.88%", "2010-03-31": "-111.69%", "2009-12-31": "-93.85%", "2009-09-30": "-76.81%", "2009-06-30": "-75.51%", "2009-03-31": "-75.00%", "2008-12-31": "-119.66%", "2008-09-30": "-324.71%", "2008-06-30": "3400.00%", "2008-03-31": "253.85%", "2007-12-31": "382.35%", "2007-09-30": "609.52%", "2007-06-30": "1550.00%", "2007-03-31": "-3428.57%", "2006-12-31": "-682.35%", "2006-09-30": "-300.00%", "2006-06-30": "-260.00%", "2006-03-31": "-266.67%", "2005-12-31": "-265.00%"}, "dividend yield history": {"last payout": "$0.32", "last yield": "0.84%"}}