{"ticker": "ROP", "price": {"title": "Roper Technologies Historical Annual Stock Price Data", "value": 404.95, "historical": {"2021": {"Average Stock Price": "415.5000", "Year Open": "419.5500", "Year High": "438.5300", "Year Low": "391.3600", "Year Close": "404.9500", "Annual % Change": "-6.06%"}, "2020": {"Average Stock Price": "385.1255", "Year Open": "365.1700", "Year High": "453.1800", "Year Low": "254.3000", "Year Close": "431.0900", "Annual % Change": "21.70%"}, "2019": {"Average Stock Price": "342.1743", "Year Open": "266.6100", "Year High": "384.4500", "Year Low": "258.8000", "Year Close": "354.2300", "Annual % Change": "32.91%"}, "2018": {"Average Stock Price": "282.4047", "Year Open": "260.5600", "Year High": "311.5100", "Year Low": "247.0100", "Year Close": "266.5200", "Annual % Change": "2.90%"}, "2017": {"Average Stock Price": "228.4784", "Year Open": "184.9300", "Year High": "267.2100", "Year Low": "184.9300", "Year Close": "259.0000", "Annual % Change": "41.47%"}, "2016": {"Average Stock Price": "175.2206", "Year Open": "186.5100", "Year High": "188.0400", "Year Low": "158.8900", "Year Close": "183.0800", "Annual % Change": "-3.54%"}, "2015": {"Average Stock Price": "171.0142", "Year Open": "156.6200", "Year High": "194.8300", "Year Low": "145.7500", "Year Close": "189.7900", "Annual % Change": "21.39%"}, "2014": {"Average Stock Price": "144.1148", "Year Open": "138.0800", "Year High": "160.4800", "Year Low": "128.9900", "Year Close": "156.3500", "Annual % Change": "12.74%"}, "2013": {"Average Stock Price": "125.4675", "Year Open": "114.4800", "Year High": "138.6800", "Year Low": "114.1400", "Year Close": "138.6800", "Annual % Change": "24.40%"}, "2012": {"Average Stock Price": "101.6413", "Year Open": "88.2100", "Year High": "113.1400", "Year Low": "88.0200", "Year Close": "111.4800", "Annual % Change": "28.33%"}, "2011": {"Average Stock Price": "80.3307", "Year Open": "77.0600", "Year High": "88.4500", "Year Low": "65.9100", "Year Close": "86.8700", "Annual % Change": "13.66%"}, "2010": {"Average Stock Price": "61.7907", "Year Open": "52.5400", "Year High": "78.4300", "Year Low": "50.0800", "Year Close": "76.4300", "Annual % Change": "45.94%"}, "2009": {"Average Stock Price": "46.6851", "Year Open": "44.8000", "Year High": "55.0400", "Year Low": "36.9600", "Year Close": "52.3700", "Annual % Change": "20.64%"}, "2008": {"Average Stock Price": "55.3273", "Year Open": "61.0100", "Year High": "67.7000", "Year Low": "35.1900", "Year Close": "43.4100", "Annual % Change": "-30.59%"}, "2007": {"Average Stock Price": "58.9016", "Year Open": "50.1100", "Year High": "70.8100", "Year Low": "48.6100", "Year Close": "62.5400", "Annual % Change": "24.48%"}, "2006": {"Average Stock Price": "45.8363", "Year Open": "39.5500", "Year High": "51.3100", "Year Low": "38.4600", "Year Close": "50.2400", "Annual % Change": "27.16%"}, "2005": {"Average Stock Price": "35.5236", "Year Open": "30.0300", "Year High": "40.7100", "Year Low": "28.3850", "Year Close": "39.5100", "Annual % Change": "30.03%"}, "2004": {"Average Stock Price": "27.1460", "Year Open": "25.0050", "Year High": "31.6550", "Year Low": "22.6350", "Year Close": "30.3850", "Annual % Change": "23.37%"}, "2003": {"Average Stock Price": "19.6081", "Year Open": "19.0350", "Year High": "25.7900", "Year Low": "13.3750", "Year Close": "24.6300", "Annual % Change": "34.59%"}, "2002": {"Average Stock Price": "20.2972", "Year Open": "24.9400", "Year High": "25.9000", "Year Low": "13.6800", "Year Close": "18.3000", "Annual % Change": "-26.06%"}, "2001": {"Average Stock Price": "19.8535", "Year Open": "16.7200", "Year High": "25.6850", "Year Low": "16.5000", "Year Close": "24.7500", "Annual % Change": "49.73%"}, "2000": {"Average Stock Price": "16.0125", "Year Open": "17.7800", "Year High": "18.2500", "Year Low": "12.5000", "Year Close": "16.5300", "Annual % Change": "-12.56%"}, "1999": {"Average Stock Price": "15.4137", "Year Open": "9.8450", "Year High": "19.1900", "Year Low": "9.8450", "Year Close": "18.9050", "Annual % Change": "85.53%"}, "1998": {"Average Stock Price": "12.1388", "Year Open": "14.5000", "Year High": "16.9400", "Year Low": "6.9400", "Year Close": "10.1900", "Annual % Change": "-27.86%"}, "1997": {"Average Stock Price": "12.7321", "Year Open": "9.7200", "Year High": "16.9400", "Year Low": "9.3125", "Year Close": "14.1250", "Annual % Change": "44.43%"}, "1996": {"Average Stock Price": "10.9755", "Year Open": "9.5000", "Year High": "12.6250", "Year Low": "8.9075", "Year Close": "9.7800", "Annual % Change": "6.45%"}, "1995": {"Average Stock Price": "7.9107", "Year Open": "6.1250", "Year High": "9.7825", "Year Low": "5.3125", "Year Close": "9.1875", "Annual % Change": "45.54%"}, "1994": {"Average Stock Price": "6.4050", "Year Open": "7.6250", "Year High": "8.3750", "Year Low": "5.3750", "Year Close": "6.3125", "Annual % Change": "-22.31%"}, "1993": {"Average Stock Price": "6.4141", "Year Open": "2.2500", "Year High": "9.5000", "Year Low": "2.2500", "Year Close": "8.1250", "Annual % Change": "261.11%"}}}, "market cap": {"value": "$42.47B"}, "income statement": {"Revenue": {"2020-12-31": "5527.10000", "2019-12-31": "5366.80000", "2018-12-31": "5191.20000", "2017-12-31": "4607.50000", "2016-12-31": "3789.90000", "2015-12-31": "3582.39500", "2014-12-31": "3549.49400", "2013-12-31": "3238.12800", "2012-12-31": "2993.48900", "2011-12-31": "2797.08900", "2010-12-31": "2386.11200", "2009-12-31": "2049.66800", "2008-12-31": "2306.37100", "2007-12-31": "2102.04900", "2006-12-31": "1700.73400", "2005-12-31": "1453.73100"}, "Cost Of Goods Sold": {"2020-12-31": "1984.10000", "2019-12-31": "1939.70000", "2018-12-31": "1911.70000", "2017-12-31": "1742.70000", "2016-12-31": "1457.50000", "2015-12-31": "1417.74900", "2014-12-31": "1447.59500", "2013-12-31": "1355.20000", "2012-12-31": "1321.77200", "2011-12-31": "1281.52500", "2010-12-31": "1110.98600", "2009-12-31": "1006.53000", "2008-12-31": "1118.08300", "2007-12-31": "1043.65400", "2006-12-31": "839.40900", "2005-12-31": "727.32400"}, "Gross Profit": {"2020-12-31": "3543.00000", "2019-12-31": "3427.10000", "2018-12-31": "3279.50000", "2017-12-31": "2864.80000", "2016-12-31": "2332.40000", "2015-12-31": "2164.64600", "2014-12-31": "2101.89900", "2013-12-31": "1882.92800", "2012-12-31": "1671.71700", "2011-12-31": "1515.56400", "2010-12-31": "1275.12600", "2009-12-31": "1043.13800", "2008-12-31": "1188.28800", "2007-12-31": "1058.39500", "2006-12-31": "861.32500", "2005-12-31": "726.40700"}, "Research And Development Expenses": {"2020-12-31": "", "2019-12-31": "", "2018-12-31": "", "2017-12-31": "", "2016-12-31": "", "2015-12-31": "", "2014-12-31": "", "2013-12-31": "", "2012-12-31": "", "2011-12-31": "", "2010-12-31": "", "2009-12-31": "", "2008-12-31": "", "2007-12-31": "", "2006-12-31": "", "2005-12-31": ""}, "SG&A Expenses": {"2020-12-31": "2111.90000", "2019-12-31": "1928.70000", "2018-12-31": "1883.10000", "2017-12-31": "1654.60000", "2016-12-31": "1277.80000", "2015-12-31": "1136.72800", "2014-12-31": "1102.42600", "2013-12-31": "1040.56700", "2012-12-31": "914.13000", "2011-12-31": "855.02500", "2010-12-31": "760.83200", "2009-12-31": "647.74200", "2008-12-31": "702.12700", "2007-12-31": "620.04100", "2006-12-31": "523.67200", "2005-12-31": "461.50800"}, "Other Operating Income Or Expenses": {"2020-12-31": "", "2019-12-31": "", "2018-12-31": "", "2017-12-31": "", "2016-12-31": "", "2015-12-31": "", "2014-12-31": "", "2013-12-31": "", "2012-12-31": "", "2011-12-31": "", "2010-12-31": "", "2009-12-31": "", "2008-12-31": "", "2007-12-31": "", "2006-12-31": "", "2005-12-31": ""}, "Operating Expenses": {"2020-12-31": "4096.00000", "2019-12-31": "3868.40000", "2018-12-31": "3794.80000", "2017-12-31": "3397.30000", "2016-12-31": "2735.30000", "2015-12-31": "2554.47700", "2014-12-31": "2550.02100", "2013-12-31": "2395.76700", "2012-12-31": "2235.90200", "2011-12-31": "2136.55000", "2010-12-31": "1871.81800", "2009-12-31": "1654.27200", "2008-12-31": "1820.21000", "2007-12-31": "1663.69500", "2006-12-31": "1363.08100", "2005-12-31": "1188.83200"}, "Operating Income": {"2020-12-31": "1431.10000", "2019-12-31": "1498.40000", "2018-12-31": "1396.40000", "2017-12-31": "1210.20000", "2016-12-31": "1054.60000", "2015-12-31": "1027.91800", "2014-12-31": "999.47290", "2013-12-31": "842.36080", "2012-12-31": "757.58720", "2011-12-31": "660.53910", "2010-12-31": "514.29420", "2009-12-31": "395.39600", "2008-12-31": "486.16110", "2007-12-31": "438.35400", "2006-12-31": "337.65300", "2005-12-31": "264.89890"}, "Total Non-Operating Income/Expense": {"2020-12-31": "-221.80000", "2019-12-31": "729.00000", "2018-12-31": "-198.00000", "2017-12-31": "-175.50000", "2016-12-31": "-114.00000", "2015-12-31": "-25.57300", "2014-12-31": "-78.01700", "2013-12-31": "-88.23100", "2012-12-31": "-70.90600", "2011-12-31": "-55.55200", "2010-12-31": "-65.90000", "2009-12-31": "-55.62800", "2008-12-31": "-57.34500", "2007-12-31": "-61.35700", "2006-12-31": "-44.78100", "2005-12-31": "-44.33200"}, "Pre-Tax Income": {"2020-12-31": "1209.30000", "2019-12-31": "2227.40000", "2018-12-31": "1198.40000", "2017-12-31": "1034.70000", "2016-12-31": "940.60000", "2015-12-31": "1002.34500", "2014-12-31": "921.45600", "2013-12-31": "754.13000", "2012-12-31": "686.68100", "2011-12-31": "604.98700", "2010-12-31": "448.39400", "2009-12-31": "339.76800", "2008-12-31": "428.81600", "2007-12-31": "376.99700", "2006-12-31": "292.87200", "2005-12-31": "220.56700"}, "Income Taxes": {"2020-12-31": "259.60000", "2019-12-31": "459.50000", "2018-12-31": "254.00000", "2017-12-31": "62.90000", "2016-12-31": "282.00000", "2015-12-31": "306.27800", "2014-12-31": "275.42300", "2013-12-31": "215.83700", "2012-12-31": "203.32100", "2011-12-31": "177.74000", "2010-12-31": "125.81400", "2009-12-31": "100.28700", "2008-12-31": "146.94200", "2007-12-31": "131.29200", "2006-12-31": "99.54800", "2005-12-31": "67.39200"}, "Income After Taxes": {"2020-12-31": "949.70010", "2019-12-31": "1767.90000", "2018-12-31": "944.40000", "2017-12-31": "971.79990", "2016-12-31": "658.60000", "2015-12-31": "696.06700", "2014-12-31": "646.03300", "2013-12-31": "538.29300", "2012-12-31": "483.36000", "2011-12-31": "427.24700", "2010-12-31": "322.58000", "2009-12-31": "239.48100", "2008-12-31": "281.87400", "2007-12-31": "245.70500", "2006-12-31": "193.32400", "2005-12-31": "153.17500"}, "Other Income": {"2020-12-31": "", "2019-12-31": "", "2018-12-31": "", "2017-12-31": "", "2016-12-31": "", "2015-12-31": "", "2014-12-31": "", "2013-12-31": "", "2012-12-31": "", "2011-12-31": "", "2010-12-31": "", "2009-12-31": "", "2008-12-31": "", "2007-12-31": "", "2006-12-31": "", "2005-12-31": ""}, "Income From Continuous Operations": {"2020-12-31": "949.70010", "2019-12-31": "1767.90000", "2018-12-31": "944.40000", "2017-12-31": "971.79990", "2016-12-31": "658.60000", "2015-12-31": "696.06700", "2014-12-31": "646.03300", "2013-12-31": "538.29300", "2012-12-31": "483.36000", "2011-12-31": "427.24700", "2010-12-31": "322.58000", "2009-12-31": "239.48100", "2008-12-31": "281.87400", "2007-12-31": "245.70500", "2006-12-31": "193.32400", "2005-12-31": "153.17500"}, "Income From Discontinued Operations": {"2020-12-31": "", "2019-12-31": "", "2018-12-31": "", "2017-12-31": "", "2016-12-31": "", "2015-12-31": "", "2014-12-31": "", "2013-12-31": "", "2012-12-31": "", "2011-12-31": "", "2010-12-31": "", "2009-12-31": "", "2008-12-31": "", "2007-12-31": "", "2006-12-31": "", "2005-12-31": ""}, "Net Income": {"2020-12-31": "949.70000", "2019-12-31": "1767.90000", "2018-12-31": "944.40000", "2017-12-31": "971.80000", "2016-12-31": "658.60000", "2015-12-31": "696.06700", "2014-12-31": "646.03300", "2013-12-31": "538.29300", "2012-12-31": "483.36000", "2011-12-31": "427.24700", "2010-12-31": "322.58000", "2009-12-31": "239.48100", "2008-12-31": "281.87400", "2007-12-31": "245.70500", "2006-12-31": "193.32400", "2005-12-31": "153.17500"}, "EBITDA": {"2020-12-31": "1431.10000", "2019-12-31": "1921.70000", "2018-12-31": "1769.70000", "2017-12-31": "1562.40000", "2016-12-31": "1300.70000", "2015-12-31": "1236.31500", "2014-12-31": "1200.76000", "2013-12-31": "1035.46900", "2012-12-31": "914.73410", "2011-12-31": "803.04410", "2010-12-31": "639.67720", "2009-12-31": "501.41700", "2008-12-31": "589.26920", "2007-12-31": "531.53400", "2006-12-31": "419.69700", "2005-12-31": "336.21790"}, "EBIT": {"2020-12-31": "1431.10000", "2019-12-31": "1498.40000", "2018-12-31": "1396.40000", "2017-12-31": "1210.20000", "2016-12-31": "1054.60000", "2015-12-31": "1027.91800", "2014-12-31": "999.47290", "2013-12-31": "842.36080", "2012-12-31": "757.58720", "2011-12-31": "660.53910", "2010-12-31": "514.29420", "2009-12-31": "395.39600", "2008-12-31": "486.16110", "2007-12-31": "438.35400", "2006-12-31": "337.65300", "2005-12-31": "264.89890"}, "Basic Shares Outstanding": {"2020-12-31": "104.60000", "2019-12-31": "103.90000", "2018-12-31": "103.20000", "2017-12-31": "102.20000", "2016-12-31": "101.30000", "2015-12-31": "100.61600", "2014-12-31": "99.91600", "2013-12-31": "99.12300", "2012-12-31": "97.70200", "2011-12-31": "95.95900", "2010-12-31": "94.24200", "2009-12-31": "90.68500", "2008-12-31": "89.46800", "2007-12-31": "88.39000", "2006-12-31": "86.84200", "2005-12-31": "85.49800"}, "Shares Outstanding": {"2020-12-31": "105.70000", "2019-12-31": "105.10000", "2018-12-31": "104.40000", "2017-12-31": "103.50000", "2016-12-31": "102.50000", "2015-12-31": "101.59700", "2014-12-31": "100.88400", "2013-12-31": "100.20900", "2012-12-31": "99.55800", "2011-12-31": "98.38600", "2010-12-31": "96.65300", "2009-12-31": "92.82000", "2008-12-31": "93.69900", "2007-12-31": "93.22900", "2006-12-31": "90.88000", "2005-12-31": "87.88400"}, "Basic EPS": {"2020-12-31": "9.08000", "2019-12-31": "17.02000", "2018-12-31": "9.15000", "2017-12-31": "9.51000", "2016-12-31": "6.50000", "2015-12-31": "6.92000", "2014-12-31": "6.47000", "2013-12-31": "5.43000", "2012-12-31": "4.95000", "2011-12-31": "4.45000", "2010-12-31": "3.42000", "2009-12-31": "2.64000", "2008-12-31": "3.15000", "2007-12-31": "2.78000", "2006-12-31": "2.23000", "2005-12-31": "1.79000"}, "EPS - Earnings Per Share": {"2020-12-31": "8.98000", "2019-12-31": "16.82000", "2018-12-31": "9.05000", "2017-12-31": "9.39000", "2016-12-31": "6.43000", "2015-12-31": "6.85000", "2014-12-31": "6.40000", "2013-12-31": "5.37000", "2012-12-31": "4.86000", "2011-12-31": "4.34000", "2010-12-31": "3.34000", "2009-12-31": "2.58000", "2008-12-31": "3.01000", "2007-12-31": "2.64000", "2006-12-31": "2.13000", "2005-12-31": "1.74000"}}, "income statement, quarterly": {"Revenue": {"2020-12-31": "1505.30000", "2020-09-30": "1366.10000", "2020-06-30": "1305.00000", "2020-03-31": "1350.70000", "2019-12-31": "1394.80000", "2019-09-30": "1354.50000", "2019-06-30": "1330.30000", "2019-03-31": "1287.20000", "2018-12-31": "1376.30000", "2018-09-30": "1318.70000", "2018-06-30": "1293.70000", "2018-03-31": "1202.50000", "2017-12-31": "1226.60000", "2017-09-30": "1159.90000", "2017-06-30": "1134.70000", "2017-03-31": "1086.30000", "2016-12-31": "1010.77500", "2016-09-30": "945.14400", "2016-06-30": "931.55800", "2016-03-31": "902.42300", "2015-12-31": "943.63990", "2015-09-30": "883.93300", "2015-06-30": "889.54100", "2015-03-31": "865.28100", "2014-12-31": "946.14480", "2014-09-30": "884.12200", "2014-06-30": "885.17500", "2014-03-31": "834.05200", "2013-12-31": "889.17290", "2013-09-30": "827.81000", "2013-06-30": "784.01000", "2013-03-31": "737.13500", "2012-12-31": "809.91010", "2012-09-30": "747.64100", "2012-06-30": "724.87200", "2012-03-31": "711.06600", "2011-12-31": "739.20400", "2011-09-30": "712.70500", "2011-06-30": "699.87100", "2011-03-31": "645.30900", "2010-12-31": "679.47910", "2010-09-30": "605.08800", "2010-06-30": "567.10400", "2010-03-31": "534.44100", "2009-12-31": "553.63790", "2009-09-30": "485.67600", "2009-06-30": "504.91000", "2009-03-31": "505.44400", "2008-12-31": "575.86220", "2008-09-30": "593.10000", "2008-06-30": "594.41400", "2008-03-31": "542.99500", "2007-12-31": "560.08410", "2007-09-30": "532.90200", "2007-06-30": "530.63600", "2007-03-31": "478.42700", "2006-12-31": "465.48400", "2006-09-30": "427.21700", "2006-06-30": "425.31000", "2006-03-31": "382.72300", "2005-12-31": "393.16590", "2005-09-30": "365.16400", "2005-06-30": "361.56400", "2005-03-31": "333.83700"}, "Cost Of Goods Sold": {"2020-12-31": "538.70000", "2020-09-30": "490.20000", "2020-06-30": "461.30000", "2020-03-31": "493.90000", "2019-12-31": "501.89990", "2019-09-30": "480.90000", "2019-06-30": "480.30000", "2019-03-31": "476.60000", "2018-12-31": "503.20000", "2018-09-30": "478.70000", "2018-06-30": "477.80000", "2018-03-31": "452.00000", "2017-12-31": "461.49990", "2017-09-30": "433.50000", "2017-06-30": "429.00000", "2017-03-31": "418.70000", "2016-12-31": "383.90700", "2016-09-30": "366.65100", "2016-06-30": "364.03800", "2016-03-31": "342.90400", "2015-12-31": "364.54910", "2015-09-30": "350.45000", "2015-06-30": "355.63000", "2015-03-31": "347.12000", "2014-12-31": "380.40390", "2014-09-30": "360.08200", "2014-06-30": "361.99300", "2014-03-31": "345.11600", "2013-12-31": "355.95300", "2013-09-30": "345.18500", "2013-06-30": "338.50300", "2013-03-31": "315.55900", "2012-12-31": "343.54900", "2012-09-30": "331.08600", "2012-06-30": "327.26400", "2012-03-31": "319.87300", "2011-12-31": "333.35500", "2011-09-30": "330.14900", "2011-06-30": "322.80800", "2011-03-31": "295.21300", "2010-12-31": "307.61400", "2010-09-30": "283.33900", "2010-06-30": "265.15700", "2010-03-31": "254.87600", "2009-12-31": "262.22610", "2009-09-30": "240.15600", "2009-06-30": "249.84000", "2009-03-31": "254.30800", "2008-12-31": "278.05400", "2008-09-30": "284.34000", "2008-06-30": "289.08400", "2008-03-31": "266.60500", "2007-12-31": "274.01100", "2007-09-30": "261.12300", "2007-06-30": "268.24100", "2007-03-31": "240.27900", "2006-12-31": "229.68900", "2006-09-30": "208.96700", "2006-06-30": "210.42700", "2006-03-31": "190.32600", "2005-12-31": "194.08200", "2005-09-30": "180.40700", "2005-06-30": "181.62200", "2005-03-31": "171.21300"}, "Gross Profit": {"2020-12-31": "966.60000", "2020-09-30": "875.90000", "2020-06-30": "843.70000", "2020-03-31": "856.79990", "2019-12-31": "892.89990", "2019-09-30": "873.60000", "2019-06-30": "850.00010", "2019-03-31": "810.60000", "2018-12-31": "873.10030", "2018-09-30": "839.99990", "2018-06-30": "815.90000", "2018-03-31": "750.50000", "2017-12-31": "765.10020", "2017-09-30": "726.40000", "2017-06-30": "705.70000", "2017-03-31": "667.60000", "2016-12-31": "626.86790", "2016-09-30": "578.49300", "2016-06-30": "567.52000", "2016-03-31": "559.51900", "2015-12-31": "579.09080", "2015-09-30": "533.48300", "2015-06-30": "533.91100", "2015-03-31": "518.16100", "2014-12-31": "565.74080", "2014-09-30": "524.04000", "2014-06-30": "523.18200", "2014-03-31": "488.93600", "2013-12-31": "533.21980", "2013-09-30": "482.62500", "2013-06-30": "445.50700", "2013-03-31": "421.57600", "2012-12-31": "466.36110", "2012-09-30": "416.55500", "2012-06-30": "397.60800", "2012-03-31": "391.19300", "2011-12-31": "405.84910", "2011-09-30": "382.55600", "2011-06-30": "377.06300", "2011-03-31": "350.09600", "2010-12-31": "371.86510", "2010-09-30": "321.74900", "2010-06-30": "301.94700", "2010-03-31": "279.56500", "2009-12-31": "291.41190", "2009-09-30": "245.52000", "2009-06-30": "255.07000", "2009-03-31": "251.13600", "2008-12-31": "297.80810", "2008-09-30": "308.76000", "2008-06-30": "305.33000", "2008-03-31": "276.39000", "2007-12-31": "286.07310", "2007-09-30": "271.77900", "2007-06-30": "262.39500", "2007-03-31": "238.14800", "2006-12-31": "235.79500", "2006-09-30": "218.25000", "2006-06-30": "214.88300", "2006-03-31": "192.39700", "2005-12-31": "199.08390", "2005-09-30": "184.75700", "2005-06-30": "179.94200", "2005-03-31": "162.62400"}, "Research And Development Expenses": {"2020-12-31": "", "2020-09-30": "", "2020-06-30": "", "2020-03-31": "", "2019-12-31": "", "2019-09-30": "", "2019-06-30": "", "2019-03-31": "", "2018-12-31": "", "2018-09-30": "", "2018-06-30": "", "2018-03-31": "", "2017-12-31": "", "2017-09-30": "", "2017-06-30": "", "2017-03-31": "", "2016-12-31": "", "2016-09-30": "", "2016-06-30": "", "2016-03-31": "", "2015-12-31": "", "2015-09-30": "", "2015-06-30": "", "2015-03-31": "", "2014-12-31": "", "2014-09-30": "", "2014-06-30": "", "2014-03-31": "", "2013-12-31": "", "2013-09-30": "", "2013-06-30": "", "2013-03-31": "", "2012-12-31": "", "2012-09-30": "", "2012-06-30": "", "2012-03-31": "", "2011-12-31": "", "2011-09-30": "", "2011-06-30": "", "2011-03-31": "", "2010-12-31": "", "2010-09-30": "", "2010-06-30": "", "2010-03-31": "", "2009-12-31": "", "2009-09-30": "", "2009-06-30": "", "2009-03-31": "", "2008-12-31": "", "2008-09-30": "", "2008-06-30": "", "2008-03-31": "", "2007-12-31": "", "2007-09-30": "", "2007-06-30": "", "2007-03-31": "", "2006-12-31": "", "2006-09-30": "", "2006-06-30": "", "2006-03-31": "", "2005-12-31": "", "2005-09-30": "", "2005-06-30": "", "2005-03-31": ""}, "SG&A Expenses": {"2020-12-31": "585.90000", "2020-09-30": "508.30000", "2020-06-30": "510.10000", "2020-03-31": "507.60000", "2019-12-31": "494.49990", "2019-09-30": "488.40000", "2019-06-30": "481.60000", "2019-03-31": "464.20000", "2018-12-31": "508.70000", "2018-09-30": "462.50000", "2018-06-30": "461.60000", "2018-03-31": "450.30000", "2017-12-31": "418.20000", "2017-09-30": "415.60000", "2017-06-30": "411.50000", "2017-03-31": "409.30000", "2016-12-31": "337.72700", "2016-09-30": "311.10300", "2016-06-30": "314.44200", "2016-03-31": "314.52800", "2015-12-31": "300.41400", "2015-09-30": "283.11200", "2015-06-30": "281.93700", "2015-03-31": "271.26500", "2014-12-31": "281.99210", "2014-09-30": "278.38200", "2014-06-30": "276.51600", "2014-03-31": "265.53600", "2013-12-31": "275.13100", "2013-09-30": "263.27600", "2013-06-30": "265.76100", "2013-03-31": "236.39900", "2012-12-31": "241.11900", "2012-09-30": "233.29800", "2012-06-30": "218.82400", "2012-03-31": "220.88900", "2011-12-31": "218.49500", "2011-09-30": "215.34100", "2011-06-30": "213.09300", "2011-03-31": "208.09600", "2010-12-31": "205.70700", "2010-09-30": "193.51600", "2010-06-30": "182.76000", "2010-03-31": "178.84900", "2009-12-31": "170.64400", "2009-09-30": "153.64800", "2009-06-30": "159.10600", "2009-03-31": "164.34400", "2008-12-31": "178.75300", "2008-09-30": "176.46100", "2008-06-30": "178.78900", "2008-03-31": "168.12400", "2007-12-31": "162.26400", "2007-09-30": "158.04100", "2007-06-30": "154.43900", "2007-03-31": "145.29700", "2006-12-31": "138.53000", "2006-09-30": "130.73000", "2006-06-30": "129.49100", "2006-03-31": "124.92100", "2005-12-31": "118.21700", "2005-09-30": "114.98100", "2005-06-30": "117.55000", "2005-03-31": "110.76000"}, "Other Operating Income Or Expenses": {"2020-12-31": "", "2020-09-30": "", "2020-06-30": "", "2020-03-31": "", "2019-12-31": "", "2019-09-30": "", "2019-06-30": "", "2019-03-31": "", "2018-12-31": "", "2018-09-30": "", "2018-06-30": "", "2018-03-31": "", "2017-12-31": "", "2017-09-30": "", "2017-06-30": "", "2017-03-31": "", "2016-12-31": "", "2016-09-30": "", "2016-06-30": "", "2016-03-31": "", "2015-12-31": "", "2015-09-30": "", "2015-06-30": "", "2015-03-31": "", "2014-12-31": "", "2014-09-30": "", "2014-06-30": "", "2014-03-31": "", "2013-12-31": "", "2013-09-30": "", "2013-06-30": "", "2013-03-31": "", "2012-12-31": "", "2012-09-30": "", "2012-06-30": "", "2012-03-31": "", "2011-12-31": "", "2011-09-30": "", "2011-06-30": "", "2011-03-31": "", "2010-12-31": "", "2010-09-30": "", "2010-06-30": "", "2010-03-31": "", "2009-12-31": "", "2009-09-30": "", "2009-06-30": "", "2009-03-31": "", "2008-12-31": "", "2008-09-30": "", "2008-06-30": "", "2008-03-31": "", "2007-12-31": "", "2007-09-30": "", "2007-06-30": "", "2007-03-31": "", "2006-12-31": "", "2006-09-30": "", "2006-06-30": "", "2006-03-31": "", "2005-12-31": "", "2005-09-30": "", "2005-06-30": "", "2005-03-31": ""}, "Operating Expenses": {"2020-12-31": "1124.60000", "2020-09-30": "998.50000", "2020-06-30": "971.40000", "2020-03-31": "1001.50000", "2019-12-31": "996.39980", "2019-09-30": "969.30000", "2019-06-30": "961.90000", "2019-03-31": "940.80000", "2018-12-31": "1011.90000", "2018-09-30": "941.20000", "2018-06-30": "939.40000", "2018-03-31": "902.30000", "2017-12-31": "879.69970", "2017-09-30": "849.10000", "2017-06-30": "840.50000", "2017-03-31": "828.00000", "2016-12-31": "721.63390", "2016-09-30": "677.75400", "2016-06-30": "678.48000", "2016-03-31": "657.43200", "2015-12-31": "664.96300", "2015-09-30": "633.56200", "2015-06-30": "637.56700", "2015-03-31": "618.38500", "2014-12-31": "662.39600", "2014-09-30": "638.46400", "2014-06-30": "638.50900", "2014-03-31": "610.65200", "2013-12-31": "631.08420", "2013-09-30": "608.46100", "2013-06-30": "604.26400", "2013-03-31": "551.95800", "2012-12-31": "584.66780", "2012-09-30": "564.38400", "2012-06-30": "546.08800", "2012-03-31": "540.76200", "2011-12-31": "551.85000", "2011-09-30": "545.49000", "2011-06-30": "535.90100", "2011-03-31": "503.30900", "2010-12-31": "513.32090", "2010-09-30": "476.85500", "2010-06-30": "447.91700", "2010-03-31": "433.72500", "2009-12-31": "432.87010", "2009-09-30": "393.80400", "2009-06-30": "408.94600", "2009-03-31": "418.65200", "2008-12-31": "456.80690", "2008-09-30": "460.80100", "2008-06-30": "467.87300", "2008-03-31": "434.72900", "2007-12-31": "436.27500", "2007-09-30": "419.16400", "2007-06-30": "422.68000", "2007-03-31": "385.57600", "2006-12-31": "368.21910", "2006-09-30": "339.69700", "2006-06-30": "339.91800", "2006-03-31": "315.24700", "2005-12-31": "312.29900", "2005-09-30": "295.38800", "2005-06-30": "299.17200", "2005-03-31": "281.97300"}, "Operating Income": {"2020-12-31": "380.70000", "2020-09-30": "367.60000", "2020-06-30": "333.60000", "2020-03-31": "349.20000", "2019-12-31": "398.40000", "2019-09-30": "385.20000", "2019-06-30": "368.40000", "2019-03-31": "346.39990", "2018-12-31": "364.40050", "2018-09-30": "377.49990", "2018-06-30": "354.29990", "2018-03-31": "300.20000", "2017-12-31": "346.90040", "2017-09-30": "310.80000", "2017-06-30": "294.20000", "2017-03-31": "258.30000", "2016-12-31": "289.14100", "2016-09-30": "267.39000", "2016-06-30": "253.07800", "2016-03-31": "244.99100", "2015-12-31": "278.67690", "2015-09-30": "250.37100", "2015-06-30": "251.97400", "2015-03-31": "246.89600", "2014-12-31": "283.74880", "2014-09-30": "245.65800", "2014-06-30": "246.66600", "2014-03-31": "223.40000", "2013-12-31": "258.08860", "2013-09-30": "219.34900", "2013-06-30": "179.74600", "2013-03-31": "185.17700", "2012-12-31": "225.24220", "2012-09-30": "183.25700", "2012-06-30": "178.78400", "2012-03-31": "170.30400", "2011-12-31": "187.35400", "2011-09-30": "167.21500", "2011-06-30": "163.97000", "2011-03-31": "142.00000", "2010-12-31": "166.15810", "2010-09-30": "128.23300", "2010-06-30": "119.18700", "2010-03-31": "100.71600", "2009-12-31": "120.76790", "2009-09-30": "91.87200", "2009-06-30": "95.96400", "2009-03-31": "86.79200", "2008-12-31": "119.05530", "2008-09-30": "132.29900", "2008-06-30": "126.54100", "2008-03-31": "108.26600", "2007-12-31": "123.80910", "2007-09-30": "113.73800", "2007-06-30": "107.95600", "2007-03-31": "92.85100", "2006-12-31": "97.26490", "2006-09-30": "87.52000", "2006-06-30": "85.39200", "2006-03-31": "67.47600", "2005-12-31": "80.86690", "2005-09-30": "69.77600", "2005-06-30": "62.39200", "2005-03-31": "51.86400"}, "Total Non-Operating Income/Expense": {"2020-12-31": "-63.20000", "2020-09-30": "-64.50000", "2020-06-30": "-49.50000", "2020-03-31": "-44.60000", "2019-12-31": "749.60000", "2019-09-30": "-47.30000", "2019-06-30": "-46.10000", "2019-03-31": "72.80000", "2018-12-31": "-46.30000", "2018-09-30": "-65.90000", "2018-06-30": "-40.90000", "2018-03-31": "-44.90000", "2017-12-31": "-43.50000", "2017-09-30": "-46.20000", "2017-06-30": "-38.80000", "2017-03-31": "-47.00000", "2016-12-31": "-30.92700", "2016-09-30": "-27.33400", "2016-06-30": "-28.19700", "2016-03-31": "-27.54200", "2015-12-31": "36.75700", "2015-09-30": "-20.11800", "2015-06-30": "-21.69700", "2015-03-31": "-20.51500", "2014-12-31": "-19.70700", "2014-09-30": "-19.46100", "2014-06-30": "-20.44200", "2014-03-31": "-18.40700", "2013-12-31": "-20.76000", "2013-09-30": "-24.29600", "2013-06-30": "-19.82500", "2013-03-31": "-23.35000", "2012-12-31": "-20.40300", "2012-09-30": "-18.87900", "2012-06-30": "-15.65100", "2012-03-31": "-15.97300", "2011-12-31": "-15.93100", "2011-09-30": "-14.68300", "2011-06-30": "-8.95300", "2011-03-31": "-15.98500", "2010-12-31": "-17.71300", "2010-09-30": "-14.50300", "2010-06-30": "-17.95000", "2010-03-31": "-15.73400", "2009-12-31": "-16.83700", "2009-09-30": "-14.33200", "2009-06-30": "-10.59400", "2009-03-31": "-13.86500", "2008-12-31": "-13.50900", "2008-09-30": "-18.95800", "2008-06-30": "-12.69100", "2008-03-31": "-12.18700", "2007-12-31": "-19.51600", "2007-09-30": "-13.52300", "2007-06-30": "-14.59600", "2007-03-31": "-13.72200", "2006-12-31": "-11.77300", "2006-09-30": "-10.79900", "2006-06-30": "-11.28200", "2006-03-31": "-10.92700", "2005-12-31": "-12.67100", "2005-09-30": "-10.57000", "2005-06-30": "-10.72600", "2005-03-31": "-10.36500"}, "Pre-Tax Income": {"2020-12-31": "317.50000", "2020-09-30": "303.10000", "2020-06-30": "284.10000", "2020-03-31": "304.60000", "2019-12-31": "1148.00000", "2019-09-30": "337.90000", "2019-06-30": "322.30000", "2019-03-31": "419.20000", "2018-12-31": "318.10000", "2018-09-30": "311.60000", "2018-06-30": "313.40000", "2018-03-31": "255.30000", "2017-12-31": "303.40000", "2017-09-30": "264.60000", "2017-06-30": "255.40000", "2017-03-31": "211.30000", "2016-12-31": "258.21400", "2016-09-30": "240.05600", "2016-06-30": "224.88100", "2016-03-31": "217.44900", "2015-12-31": "315.43400", "2015-09-30": "230.25300", "2015-06-30": "230.27700", "2015-03-31": "226.38100", "2014-12-31": "264.04200", "2014-09-30": "226.19700", "2014-06-30": "226.22400", "2014-03-31": "204.99300", "2013-12-31": "237.32900", "2013-09-30": "195.05300", "2013-06-30": "159.92100", "2013-03-31": "161.82700", "2012-12-31": "204.83910", "2012-09-30": "164.37800", "2012-06-30": "163.13300", "2012-03-31": "154.33100", "2011-12-31": "171.42300", "2011-09-30": "152.53200", "2011-06-30": "155.01700", "2011-03-31": "126.01500", "2010-12-31": "148.44500", "2010-09-30": "113.73000", "2010-06-30": "101.23700", "2010-03-31": "84.98200", "2009-12-31": "103.93100", "2009-09-30": "77.54000", "2009-06-30": "85.37000", "2009-03-31": "72.92700", "2008-12-31": "105.54600", "2008-09-30": "113.34100", "2008-06-30": "113.85000", "2008-03-31": "96.07900", "2007-12-31": "104.29300", "2007-09-30": "100.21500", "2007-06-30": "93.36000", "2007-03-31": "79.12900", "2006-12-31": "85.55400", "2006-09-30": "76.72100", "2006-06-30": "74.04800", "2006-03-31": "56.54900", "2005-12-31": "68.19600", "2005-09-30": "59.20600", "2005-06-30": "51.66600", "2005-03-31": "41.49900"}, "Income Taxes": {"2020-12-31": "61.70000", "2020-09-30": "68.70000", "2020-06-30": "64.90000", "2020-03-31": "64.30000", "2019-12-31": "276.90000", "2019-09-30": "60.40000", "2019-06-30": "72.60000", "2019-03-31": "49.60000", "2018-12-31": "61.00000", "2018-09-30": "64.00000", "2018-06-30": "85.00000", "2018-03-31": "44.00000", "2017-12-31": "-140.50000", "2017-09-30": "74.30000", "2017-06-30": "75.90000", "2017-03-31": "53.20000", "2016-12-31": "76.17800", "2016-09-30": "72.97700", "2016-06-30": "66.81200", "2016-03-31": "66.03300", "2015-12-31": "106.83700", "2015-09-30": "69.83600", "2015-06-30": "58.99700", "2015-03-31": "70.60800", "2014-12-31": "78.10600", "2014-09-30": "70.68700", "2014-06-30": "68.86300", "2014-03-31": "57.76700", "2013-12-31": "71.62600", "2013-09-30": "58.73000", "2013-06-30": "48.56800", "2013-03-31": "36.91300", "2012-12-31": "61.30900", "2012-09-30": "47.67000", "2012-06-30": "48.32000", "2012-03-31": "46.02200", "2011-12-31": "49.74700", "2011-09-30": "42.25100", "2011-06-30": "48.70600", "2011-03-31": "37.03600", "2010-12-31": "41.13400", "2010-09-30": "29.46700", "2010-06-30": "29.95600", "2010-03-31": "25.25700", "2009-12-31": "32.00700", "2009-09-30": "21.13000", "2009-06-30": "25.78200", "2009-03-31": "21.36800", "2008-12-31": "34.67500", "2008-09-30": "39.31200", "2008-06-30": "39.32700", "2008-03-31": "33.62800", "2007-12-31": "36.39100", "2007-09-30": "35.07500", "2007-06-30": "32.13100", "2007-03-31": "27.69500", "2006-12-31": "28.82300", "2006-09-30": "25.90700", "2006-06-30": "25.95500", "2006-03-31": "18.86300", "2005-12-31": "17.78800", "2005-09-30": "20.01200", "2005-06-30": "16.10400", "2005-03-31": "13.48800"}, "Income After Taxes": {"2020-12-31": "255.80000", "2020-09-30": "234.40000", "2020-06-30": "219.20000", "2020-03-31": "240.30000", "2019-12-31": "871.10000", "2019-09-30": "277.50000", "2019-06-30": "249.70000", "2019-03-31": "369.60000", "2018-12-31": "257.10000", "2018-09-30": "247.60000", "2018-06-30": "228.40000", "2018-03-31": "211.30000", "2017-12-31": "443.89990", "2017-09-30": "190.30000", "2017-06-30": "179.50000", "2017-03-31": "158.10000", "2016-12-31": "182.03590", "2016-09-30": "167.07900", "2016-06-30": "158.06900", "2016-03-31": "151.41600", "2015-12-31": "208.59700", "2015-09-30": "160.41700", "2015-06-30": "171.28000", "2015-03-31": "155.77300", "2014-12-31": "185.93600", "2014-09-30": "155.51000", "2014-06-30": "157.36100", "2014-03-31": "147.22600", "2013-12-31": "165.70300", "2013-09-30": "136.32300", "2013-06-30": "111.35300", "2013-03-31": "124.91400", "2012-12-31": "143.53010", "2012-09-30": "116.70800", "2012-06-30": "114.81300", "2012-03-31": "108.30900", "2011-12-31": "121.67600", "2011-09-30": "110.28100", "2011-06-30": "106.31100", "2011-03-31": "88.97900", "2010-12-31": "107.31100", "2010-09-30": "84.26300", "2010-06-30": "71.28100", "2010-03-31": "59.72500", "2009-12-31": "71.92400", "2009-09-30": "56.41000", "2009-06-30": "59.58800", "2009-03-31": "51.55900", "2008-12-31": "70.87100", "2008-09-30": "74.02900", "2008-06-30": "74.52300", "2008-03-31": "62.45100", "2007-12-31": "67.90200", "2007-09-30": "65.14000", "2007-06-30": "61.22900", "2007-03-31": "51.43400", "2006-12-31": "56.73100", "2006-09-30": "50.81400", "2006-06-30": "48.09300", "2006-03-31": "37.68600", "2005-12-31": "50.40800", "2005-09-30": "39.19400", "2005-06-30": "35.56200", "2005-03-31": "28.01100"}, "Other Income": {"2020-12-31": "", "2020-09-30": "", "2020-06-30": "", "2020-03-31": "", "2019-12-31": "", "2019-09-30": "", "2019-06-30": "", "2019-03-31": "", "2018-12-31": "", "2018-09-30": "", "2018-06-30": "", "2018-03-31": "", "2017-12-31": "", "2017-09-30": "", "2017-06-30": "", "2017-03-31": "", "2016-12-31": "", "2016-09-30": "", "2016-06-30": "", "2016-03-31": "", "2015-12-31": "", "2015-09-30": "", "2015-06-30": "", "2015-03-31": "", "2014-12-31": "", "2014-09-30": "", "2014-06-30": "", "2014-03-31": "", "2013-12-31": "", "2013-09-30": "", "2013-06-30": "", "2013-03-31": "", "2012-12-31": "", "2012-09-30": "", "2012-06-30": "", "2012-03-31": "", "2011-12-31": "", "2011-09-30": "", "2011-06-30": "", "2011-03-31": "", "2010-12-31": "", "2010-09-30": "", "2010-06-30": "", "2010-03-31": "", "2009-12-31": "", "2009-09-30": "", "2009-06-30": "", "2009-03-31": "", "2008-12-31": "", "2008-09-30": "", "2008-06-30": "", "2008-03-31": "", "2007-12-31": "", "2007-09-30": "", "2007-06-30": "", "2007-03-31": "", "2006-12-31": "", "2006-09-30": "", "2006-06-30": "", "2006-03-31": "", "2005-12-31": "", "2005-09-30": "", "2005-06-30": "", "2005-03-31": ""}, "Income From Continuous Operations": {"2020-12-31": "255.80000", "2020-09-30": "234.40000", "2020-06-30": "219.20000", "2020-03-31": "240.30000", "2019-12-31": "871.10000", "2019-09-30": "277.50000", "2019-06-30": "249.70000", "2019-03-31": "369.60000", "2018-12-31": "257.10000", "2018-09-30": "247.60000", "2018-06-30": "228.40000", "2018-03-31": "211.30000", "2017-12-31": "443.89990", "2017-09-30": "190.30000", "2017-06-30": "179.50000", "2017-03-31": "158.10000", "2016-12-31": "182.03590", "2016-09-30": "167.07900", "2016-06-30": "158.06900", "2016-03-31": "151.41600", "2015-12-31": "208.59700", "2015-09-30": "160.41700", "2015-06-30": "171.28000", "2015-03-31": "155.77300", "2014-12-31": "185.93600", "2014-09-30": "155.51000", "2014-06-30": "157.36100", "2014-03-31": "147.22600", "2013-12-31": "165.70300", "2013-09-30": "136.32300", "2013-06-30": "111.35300", "2013-03-31": "124.91400", "2012-12-31": "143.53010", "2012-09-30": "116.70800", "2012-06-30": "114.81300", "2012-03-31": "108.30900", "2011-12-31": "121.67600", "2011-09-30": "110.28100", "2011-06-30": "106.31100", "2011-03-31": "88.97900", "2010-12-31": "107.31100", "2010-09-30": "84.26300", "2010-06-30": "71.28100", "2010-03-31": "59.72500", "2009-12-31": "71.92400", "2009-09-30": "56.41000", "2009-06-30": "59.58800", "2009-03-31": "51.55900", "2008-12-31": "70.87100", "2008-09-30": "74.02900", "2008-06-30": "74.52300", "2008-03-31": "62.45100", "2007-12-31": "67.90200", "2007-09-30": "65.14000", "2007-06-30": "61.22900", "2007-03-31": "51.43400", "2006-12-31": "56.73100", "2006-09-30": "50.81400", "2006-06-30": "48.09300", "2006-03-31": "37.68600", "2005-12-31": "50.40800", "2005-09-30": "39.19400", "2005-06-30": "35.56200", "2005-03-31": "28.01100"}, "Income From Discontinued Operations": {"2020-12-31": "", "2020-09-30": "", "2020-06-30": "", "2020-03-31": "", "2019-12-31": "", "2019-09-30": "", "2019-06-30": "", "2019-03-31": "", "2018-12-31": "", "2018-09-30": "", "2018-06-30": "", "2018-03-31": "", "2017-12-31": "", "2017-09-30": "", "2017-06-30": "", "2017-03-31": "", "2016-12-31": "", "2016-09-30": "", "2016-06-30": "", "2016-03-31": "", "2015-12-31": "", "2015-09-30": "", "2015-06-30": "", "2015-03-31": "", "2014-12-31": "", "2014-09-30": "", "2014-06-30": "", "2014-03-31": "", "2013-12-31": "", "2013-09-30": "", "2013-06-30": "", "2013-03-31": "", "2012-12-31": "", "2012-09-30": "", "2012-06-30": "", "2012-03-31": "", "2011-12-31": "", "2011-09-30": "", "2011-06-30": "", "2011-03-31": "", "2010-12-31": "", "2010-09-30": "", "2010-06-30": "", "2010-03-31": "", "2009-12-31": "", "2009-09-30": "", "2009-06-30": "", "2009-03-31": "", "2008-12-31": "", "2008-09-30": "", "2008-06-30": "", "2008-03-31": "", "2007-12-31": "", "2007-09-30": "", "2007-06-30": "", "2007-03-31": "", "2006-12-31": "", "2006-09-30": "", "2006-06-30": "", "2006-03-31": "", "2005-12-31": "", "2005-09-30": "", "2005-06-30": "", "2005-03-31": ""}, "Net Income": {"2020-12-31": "255.80000", "2020-09-30": "234.40000", "2020-06-30": "219.20000", "2020-03-31": "240.30000", "2019-12-31": "871.10010", "2019-09-30": "277.50000", "2019-06-30": "249.70000", "2019-03-31": "369.60000", "2018-12-31": "257.10000", "2018-09-30": "247.60000", "2018-06-30": "228.40000", "2018-03-31": "211.30000", "2017-12-31": "443.90000", "2017-09-30": "190.30000", "2017-06-30": "179.50000", "2017-03-31": "158.10000", "2016-12-31": "182.03600", "2016-09-30": "167.07900", "2016-06-30": "158.06900", "2016-03-31": "151.41600", "2015-12-31": "208.59700", "2015-09-30": "160.41700", "2015-06-30": "171.28000", "2015-03-31": "155.77300", "2014-12-31": "185.93600", "2014-09-30": "155.51000", "2014-06-30": "157.36100", "2014-03-31": "147.22600", "2013-12-31": "165.70300", "2013-09-30": "136.32300", "2013-06-30": "111.35300", "2013-03-31": "124.91400", "2012-12-31": "143.53000", "2012-09-30": "116.70800", "2012-06-30": "114.81300", "2012-03-31": "108.30900", "2011-12-31": "121.67600", "2011-09-30": "110.28100", "2011-06-30": "106.31100", "2011-03-31": "88.97900", "2010-12-31": "107.31100", "2010-09-30": "84.26300", "2010-06-30": "71.28100", "2010-03-31": "59.72500", "2009-12-31": "71.92400", "2009-09-30": "56.41000", "2009-06-30": "59.58800", "2009-03-31": "51.55900", "2008-12-31": "70.87100", "2008-09-30": "74.02900", "2008-06-30": "74.52300", "2008-03-31": "62.45100", "2007-12-31": "67.90200", "2007-09-30": "65.14000", "2007-06-30": "61.22900", "2007-03-31": "51.43400", "2006-12-31": "56.73100", "2006-09-30": "50.81400", "2006-06-30": "48.09300", "2006-03-31": "37.68600", "2005-12-31": "50.40800", "2005-09-30": "39.19400", "2005-06-30": "35.56200", "2005-03-31": "28.01100"}, "EBITDA": {"2020-12-31": "", "2020-09-30": "500.70000", "2020-06-30": "449.30000", "2020-03-31": "465.90000", "2019-12-31": "517.40000", "2019-09-30": "493.40000", "2019-06-30": "468.20000", "2019-03-31": "442.69990", "2018-12-31": "460.20040", "2018-09-30": "473.59990", "2018-06-30": "446.19990", "2018-03-31": "389.70000", "2017-12-31": "435.40040", "2017-09-30": "399.40000", "2017-06-30": "382.09990", "2017-03-31": "345.50010", "2016-12-31": "354.05800", "2016-09-30": "327.08500", "2016-06-30": "313.95600", "2016-03-31": "305.60100", "2015-12-31": "335.85190", "2015-09-30": "301.41600", "2015-06-30": "302.84200", "2015-03-31": "296.20500", "2014-12-31": "334.41180", "2014-09-30": "296.69600", "2014-06-30": "296.54700", "2014-03-31": "273.10500", "2013-12-31": "308.80160", "2013-09-30": "269.40600", "2013-06-30": "227.80600", "2013-03-31": "229.45500", "2012-12-31": "269.83920", "2012-09-30": "223.38700", "2012-06-30": "215.14600", "2012-03-31": "206.36200", "2011-12-31": "223.36200", "2011-09-30": "203.40000", "2011-06-30": "199.38100", "2011-03-31": "176.90100", "2010-12-31": "201.06810", "2010-09-30": "161.07500", "2010-06-30": "147.72400", "2010-03-31": "129.81000", "2009-12-31": "148.10090", "2009-09-30": "117.37900", "2009-06-30": "122.24300", "2009-03-31": "113.69400", "2008-12-31": "146.80030", "2008-09-30": "158.89000", "2008-06-30": "151.79200", "2008-03-31": "131.78700", "2007-12-31": "146.78610", "2007-09-30": "137.66900", "2007-06-30": "131.60100", "2007-03-31": "115.47800", "2006-12-31": "118.98290", "2006-09-30": "108.38300", "2006-06-30": "105.84600", "2006-03-31": "86.48500", "2005-12-31": "99.35890", "2005-09-30": "87.91100", "2005-06-30": "79.35600", "2005-03-31": "69.59200"}, "EBIT": {"2020-12-31": "380.70000", "2020-09-30": "367.60000", "2020-06-30": "333.60000", "2020-03-31": "349.20000", "2019-12-31": "398.40000", "2019-09-30": "385.20000", "2019-06-30": "368.40000", "2019-03-31": "346.39990", "2018-12-31": "364.40050", "2018-09-30": "377.49990", "2018-06-30": "354.29990", "2018-03-31": "300.20000", "2017-12-31": "346.90010", "2017-09-30": "310.80000", "2017-06-30": "294.20000", "2017-03-31": "258.30000", "2016-12-31": "289.14090", "2016-09-30": "267.39000", "2016-06-30": "253.07800", "2016-03-31": "244.99100", "2015-12-31": "278.67700", "2015-09-30": "250.37100", "2015-06-30": "251.97400", "2015-03-31": "246.89600", "2014-12-31": "283.74890", "2014-09-30": "245.65800", "2014-06-30": "246.66600", "2014-03-31": "223.40000", "2013-12-31": "258.08880", "2013-09-30": "219.34900", "2013-06-30": "179.74600", "2013-03-31": "185.17700", "2012-12-31": "225.24220", "2012-09-30": "183.25700", "2012-06-30": "178.78400", "2012-03-31": "170.30400", "2011-12-31": "187.35410", "2011-09-30": "167.21500", "2011-06-30": "163.97000", "2011-03-31": "142.00000", "2010-12-31": "166.15820", "2010-09-30": "128.23300", "2010-06-30": "119.18700", "2010-03-31": "100.71600", "2009-12-31": "120.76800", "2009-09-30": "91.87200", "2009-06-30": "95.96400", "2009-03-31": "86.79200", "2008-12-31": "119.05520", "2008-09-30": "132.29900", "2008-06-30": "126.54100", "2008-03-31": "108.26600", "2007-12-31": "123.80900", "2007-09-30": "113.73800", "2007-06-30": "107.95600", "2007-03-31": "92.85100", "2006-12-31": "97.26500", "2006-09-30": "87.52000", "2006-06-30": "85.39200", "2006-03-31": "67.47600", "2005-12-31": "80.86690", "2005-09-30": "69.77600", "2005-06-30": "62.39200", "2005-03-31": "51.86400"}, "Basic Shares Outstanding": {"2020-12-31": "104.90000", "2020-09-30": "104.70000", "2020-06-30": "104.50000", "2020-03-31": "104.30000", "2019-12-31": "103.90000", "2019-09-30": "104.00000", "2019-06-30": "103.90000", "2019-03-31": "103.60000", "2018-12-31": "103.20000", "2018-09-30": "103.40000", "2018-06-30": "103.20000", "2018-03-31": "102.90000", "2017-12-31": "102.20000", "2017-09-30": "102.30000", "2017-06-30": "102.10000", "2017-03-31": "101.90000", "2016-12-31": "101.30000", "2016-09-30": "101.37200", "2016-06-30": "101.24900", "2016-03-31": "101.07100", "2015-12-31": "100.61600", "2015-09-30": "100.68100", "2015-06-30": "100.57300", "2015-03-31": "100.37700", "2014-12-31": "99.91600", "2014-09-30": "100.06800", "2014-06-30": "99.88100", "2014-03-31": "99.55700", "2013-12-31": "99.12300", "2013-09-30": "99.20700", "2013-06-30": "99.08900", "2013-03-31": "98.87600", "2012-12-31": "97.70200", "2012-09-30": "97.87600", "2012-06-30": "97.46000", "2012-03-31": "97.03900", "2011-12-31": "95.95900", "2011-09-30": "96.08300", "2011-06-30": "95.91100", "2011-03-31": "95.37400", "2010-12-31": "94.24200", "2010-09-30": "94.31200", "2010-06-30": "94.01100", "2010-03-31": "93.81000", "2009-12-31": "90.68500", "2009-09-30": "90.87700", "2009-06-30": "90.56200", "2009-03-31": "90.13200", "2008-12-31": "89.46800", "2008-09-30": "89.62900", "2008-06-30": "89.47600", "2008-03-31": "89.03700", "2007-12-31": "88.39000", "2007-09-30": "88.57500", "2007-06-30": "88.35900", "2007-03-31": "87.91800", "2006-12-31": "86.84200", "2006-09-30": "87.05000", "2006-06-30": "86.91900", "2006-03-31": "86.06100", "2005-12-31": "85.49800", "2005-09-30": "85.43100", "2005-06-30": "85.43200", "2005-03-31": "84.92200"}, "Shares Outstanding": {"2020-12-31": "106.00000", "2020-09-30": "105.90000", "2020-06-30": "105.50000", "2020-03-31": "105.30000", "2019-12-31": "105.10000", "2019-09-30": "105.20000", "2019-06-30": "105.10000", "2019-03-31": "104.70000", "2018-12-31": "104.40000", "2018-09-30": "104.60000", "2018-06-30": "104.40000", "2018-03-31": "104.20000", "2017-12-31": "103.50000", "2017-09-30": "103.70000", "2017-06-30": "103.40000", "2017-03-31": "103.10000", "2016-12-31": "102.50000", "2016-09-30": "102.52200", "2016-06-30": "102.46600", "2016-03-31": "102.31800", "2015-12-31": "101.59700", "2015-09-30": "101.60700", "2015-06-30": "101.56900", "2015-03-31": "101.36100", "2014-12-31": "100.88400", "2014-09-30": "101.00600", "2014-06-30": "100.82300", "2014-03-31": "100.57200", "2013-12-31": "100.20900", "2013-09-30": "100.30200", "2013-06-30": "100.16200", "2013-03-31": "99.98600", "2012-12-31": "99.55800", "2012-09-30": "99.75700", "2012-06-30": "99.61900", "2012-03-31": "99.30700", "2011-12-31": "98.38600", "2011-09-30": "98.30800", "2011-06-30": "98.41200", "2011-03-31": "98.15300", "2010-12-31": "96.65300", "2010-09-30": "96.67100", "2010-06-30": "96.44900", "2010-03-31": "96.03600", "2009-12-31": "92.82000", "2009-09-30": "92.90800", "2009-06-30": "92.71200", "2009-03-31": "92.30200", "2008-12-31": "93.69900", "2008-09-30": "94.25100", "2008-06-30": "94.39800", "2008-03-31": "93.44700", "2007-12-31": "93.22900", "2007-09-30": "93.55900", "2007-06-30": "92.91500", "2007-03-31": "92.30000", "2006-12-31": "90.88000", "2006-09-30": "90.96300", "2006-06-30": "91.04300", "2006-03-31": "89.71100", "2005-12-31": "87.88400", "2005-09-30": "87.09600", "2005-06-30": "86.92800", "2005-03-31": "86.31400"}, "Basic EPS": {"2020-12-31": "2.44000", "2020-09-30": "2.24000", "2020-06-30": "2.10000", "2020-03-31": "2.30000", "2019-12-31": "8.38000", "2019-09-30": "2.67000", "2019-06-30": "2.40000", "2019-03-31": "3.57000", "2018-12-31": "2.50000", "2018-09-30": "2.39000", "2018-06-30": "2.21000", "2018-03-31": "2.05000", "2017-12-31": "4.34000", "2017-09-30": "1.86000", "2017-06-30": "1.76000", "2017-03-31": "1.55000", "2016-12-31": "1.79000", "2016-09-30": "1.65000", "2016-06-30": "1.56000", "2016-03-31": "1.50000", "2015-12-31": "2.08000", "2015-09-30": "1.59000", "2015-06-30": "1.70000", "2015-03-31": "1.55000", "2014-12-31": "1.86000", "2014-09-30": "1.55000", "2014-06-30": "1.58000", "2014-03-31": "1.48000", "2013-12-31": "1.68000", "2013-09-30": "1.37000", "2013-06-30": "1.12000", "2013-03-31": "1.26000", "2012-12-31": "1.46000", "2012-09-30": "1.19000", "2012-06-30": "1.18000", "2012-03-31": "1.12000", "2011-12-31": "1.26000", "2011-09-30": "1.15000", "2011-06-30": "1.11000", "2011-03-31": "0.93000", "2010-12-31": "1.13000", "2010-09-30": "0.89000", "2010-06-30": "0.76000", "2010-03-31": "0.64000", "2009-12-31": "0.79000", "2009-09-30": "0.62000", "2009-06-30": "0.66000", "2009-03-31": "0.57000", "2008-12-31": "0.79000", "2008-09-30": "0.83000", "2008-06-30": "0.83000", "2008-03-31": "0.70000", "2007-12-31": "0.76000", "2007-09-30": "0.74000", "2007-06-30": "0.69000", "2007-03-31": "0.59000", "2006-12-31": "0.66000", "2006-09-30": "0.58000", "2006-06-30": "0.55000", "2006-03-31": "0.44000", "2005-12-31": "0.58000", "2005-09-30": "0.46000", "2005-06-30": "0.42000", "2005-03-31": "0.33000"}, "EPS - Earnings Per Share": {"2020-12-31": "2.41000", "2020-09-30": "2.21000", "2020-06-30": "2.08000", "2020-03-31": "2.28000", "2019-12-31": "8.27000", "2019-09-30": "2.64000", "2019-06-30": "2.38000", "2019-03-31": "3.53000", "2018-12-31": "2.46000", "2018-09-30": "2.37000", "2018-06-30": "2.19000", "2018-03-31": "2.03000", "2017-12-31": "4.28000", "2017-09-30": "1.84000", "2017-06-30": "1.74000", "2017-03-31": "1.53000", "2016-12-31": "1.78000", "2016-09-30": "1.63000", "2016-06-30": "1.54000", "2016-03-31": "1.48000", "2015-12-31": "2.04000", "2015-09-30": "1.58000", "2015-06-30": "1.69000", "2015-03-31": "1.54000", "2014-12-31": "1.84000", "2014-09-30": "1.54000", "2014-06-30": "1.56000", "2014-03-31": "1.46000", "2013-12-31": "1.65000", "2013-09-30": "1.36000", "2013-06-30": "1.11000", "2013-03-31": "1.25000", "2012-12-31": "1.45000", "2012-09-30": "1.17000", "2012-06-30": "1.15000", "2012-03-31": "1.09000", "2011-12-31": "1.23000", "2011-09-30": "1.12000", "2011-06-30": "1.08000", "2011-03-31": "0.91000", "2010-12-31": "1.11000", "2010-09-30": "0.87000", "2010-06-30": "0.74000", "2010-03-31": "0.62000", "2009-12-31": "0.77000", "2009-09-30": "0.61000", "2009-06-30": "0.64000", "2009-03-31": "0.56000", "2008-12-31": "0.76000", "2008-09-30": "0.79000", "2008-06-30": "0.79000", "2008-03-31": "0.67000", "2007-12-31": "0.72000", "2007-09-30": "0.70000", "2007-06-30": "0.66000", "2007-03-31": "0.56000", "2006-12-31": "0.62000", "2006-09-30": "0.56000", "2006-06-30": "0.53000", "2006-03-31": "0.42000", "2005-12-31": "0.56000", "2005-09-30": "0.45000", "2005-06-30": "0.41000", "2005-03-31": "0.32000"}}, "balance sheet": {"Cash On Hand": {"2020-12-31": "308.30000", "2019-12-31": "709.70000", "2018-12-31": "364.40000", "2017-12-31": "671.30000", "2016-12-31": "757.20000", "2015-12-31": "778.51100", "2014-12-31": "610.43000", "2013-12-31": "459.72000", "2012-12-31": "370.59000", "2011-12-31": "338.10100", "2010-12-31": "270.39400", "2009-12-31": "167.70800", "2008-12-31": "178.06900", "2007-12-31": "308.76800", "2006-12-31": "69.47800", "2005-12-31": "53.11600"}, "Receivables": {"2020-12-31": "1126.60000", "2019-12-31": "993.60000", "2018-12-31": "891.90000", "2017-12-31": "809.70010", "2016-12-31": "749.81900", "2015-12-31": "610.31300", "2014-12-31": "607.94700", "2013-12-31": "606.02000", "2012-12-31": "598.60100", "2011-12-31": "502.96300", "2010-12-31": "478.95700", "2009-12-31": "438.81100", "2008-12-31": "438.02300", "2007-12-31": "420.02600", "2006-12-31": "353.76100", "2005-12-31": "257.21000"}, "Inventory": {"2020-12-31": "198.40000", "2019-12-31": "198.60000", "2018-12-31": "190.80000", "2017-12-31": "204.90000", "2016-12-31": "181.95200", "2015-12-31": "189.86800", "2014-12-31": "193.76600", "2013-12-31": "204.92300", "2012-12-31": "190.86700", "2011-12-31": "204.75800", "2010-12-31": "178.55900", "2009-12-31": "178.79500", "2008-12-31": "185.91900", "2007-12-31": "174.13800", "2006-12-31": "168.31900", "2005-12-31": "131.83800"}, "Pre-Paid Expenses": {"2020-12-31": "", "2019-12-31": "", "2018-12-31": "", "2017-12-31": "", "2016-12-31": "31.67900", "2015-12-31": "0.00000", "2014-12-31": "", "2013-12-31": "", "2012-12-31": "", "2011-12-31": "", "2010-12-31": "", "2009-12-31": "", "2008-12-31": "", "2007-12-31": "", "2006-12-31": "", "2005-12-31": ""}, "Other Current Assets": {"2020-12-31": "119.00000", "2019-12-31": "97.60000", "2018-12-31": "163.60000", "2017-12-31": "73.50000", "2016-12-31": "55.85100", "2015-12-31": "39.35500", "2014-12-31": "45.76300", "2013-12-31": "38.21000", "2012-12-31": "43.49200", "2011-12-31": "31.64700", "2010-12-31": "37.28700", "2009-12-31": "58.12500", "2008-12-31": "26.90600", "2007-12-31": "20.40500", "2006-12-31": "18.02900", "2005-12-31": "36.89800"}, "Total Current Assets": {"2020-12-31": "1752.30000", "2019-12-31": "1999.50000", "2018-12-31": "1610.70000", "2017-12-31": "1759.40000", "2016-12-31": "1776.50100", "2015-12-31": "1618.04700", "2014-12-31": "1512.10500", "2013-12-31": "1373.33700", "2012-12-31": "1245.54200", "2011-12-31": "1115.47300", "2010-12-31": "998.09100", "2009-12-31": "870.74500", "2008-12-31": "858.30700", "2007-12-31": "951.13700", "2006-12-31": "627.49500", "2005-12-31": "498.20700"}, "Property, Plant, And Equipment": {"2020-12-31": "140.60000", "2019-12-31": "139.90000", "2018-12-31": "128.70000", "2017-12-31": "142.50000", "2016-12-31": "141.31800", "2015-12-31": "105.51000", "2014-12-31": "110.87600", "2013-12-31": "117.31000", "2012-12-31": "110.39700", "2011-12-31": "108.77500", "2010-12-31": "103.48700", "2009-12-31": "109.49300", "2008-12-31": "112.46300", "2007-12-31": "107.51300", "2006-12-31": "107.00300", "2005-12-31": "97.46200"}, "Long-Term Investments": {"2020-12-31": "", "2019-12-31": "", "2018-12-31": "", "2017-12-31": "", "2016-12-31": "", "2015-12-31": "", "2014-12-31": "", "2013-12-31": "", "2012-12-31": "", "2011-12-31": "", "2010-12-31": "", "2009-12-31": "", "2008-12-31": "", "2007-12-31": "", "2006-12-31": "", "2005-12-31": ""}, "Goodwill And Intangible Assets": {"2020-12-31": "21602.10000", "2019-12-31": "15483.10000", "2018-12-31": "13188.90000", "2017-12-31": "12295.50000", "2016-12-31": "12302.98000", "2015-12-31": "8353.72300", "2014-12-31": "6689.42000", "2013-12-31": "6589.13400", "2012-12-31": "5567.72400", "2011-12-31": "3960.56800", "2010-12-31": "3832.29300", "2009-12-31": "3257.33200", "2008-12-31": "2922.87200", "2007-12-31": "2319.58800", "2006-12-31": "2195.34400", "2005-12-31": "1855.07700"}, "Other Long-Term Assets": {"2020-12-31": "425.80000", "2019-12-31": "390.80000", "2018-12-31": "269.00000", "2017-12-31": "88.30000", "2016-12-31": "73.50300", "2015-12-31": "59.55400", "2014-12-31": "60.28800", "2013-12-31": "76.42700", "2012-12-31": "68.79700", "2011-12-31": "71.59500", "2010-12-31": "77.80300", "2009-12-31": "57.04300", "2008-12-31": "49.84600", "2007-12-31": "51.09200", "2006-12-31": "43.81500", "2005-12-31": "45.70800"}, "Total Long-Term Assets": {"2020-12-31": "22272.50000", "2019-12-31": "16109.40000", "2018-12-31": "13638.80000", "2017-12-31": "12557.00000", "2016-12-31": "12548.43000", "2015-12-31": "8550.31800", "2014-12-31": "6888.08000", "2013-12-31": "6811.64400", "2012-12-31": "5825.56200", "2011-12-31": "4203.94400", "2010-12-31": "4071.43300", "2009-12-31": "3456.99100", "2008-12-31": "3113.23100", "2007-12-31": "2502.04700", "2006-12-31": "2367.86400", "2005-12-31": "2024.09900"}, "Total Assets": {"2020-12-31": "24024.80000", "2019-12-31": "18108.90000", "2018-12-31": "15249.50000", "2017-12-31": "14316.40000", "2016-12-31": "14324.93000", "2015-12-31": "10168.37000", "2014-12-31": "8400.18500", "2013-12-31": "8184.98100", "2012-12-31": "7071.10400", "2011-12-31": "5319.41700", "2010-12-31": "5069.52400", "2009-12-31": "4327.73600", "2008-12-31": "3971.53800", "2007-12-31": "3453.18400", "2006-12-31": "2995.35900", "2005-12-31": "2522.30600"}, "Total Current Liabilities": {"2020-12-31": "2444.40000", "2019-12-31": "2397.40000", "2018-12-31": "1448.20000", "2017-12-31": "2029.40000", "2016-12-31": "1445.27200", "2015-12-31": "720.12800", "2014-12-31": "627.94700", "2013-12-31": "643.09100", "2012-12-31": "1086.21000", "2011-12-31": "554.19600", "2010-12-31": "539.64500", "2009-12-31": "478.01100", "2008-12-31": "618.90700", "2007-12-31": "667.53000", "2006-12-31": "587.64900", "2005-12-31": "505.62500"}, "Long Term Debt": {"2020-12-31": "9064.50000", "2019-12-31": "4673.10000", "2018-12-31": "4940.20000", "2017-12-31": "4354.60000", "2016-12-31": "5808.56100", "2015-12-31": "3264.41700", "2014-12-31": "2190.28200", "2013-12-31": "2453.83600", "2012-12-31": "1503.10700", "2011-12-31": "1015.11000", "2010-12-31": "1247.70300", "2009-12-31": "1040.96200", "2008-12-31": "1033.68900", "2007-12-31": "727.48900", "2006-12-31": "726.88100", "2005-12-31": "620.95800"}, "Other Non-Current Liabilities": {"2020-12-31": "473.60000", "2019-12-31": "438.40000", "2018-12-31": "191.50000", "2017-12-31": "239.20000", "2016-12-31": "104.02400", "2015-12-31": "74.01700", "2014-12-31": "90.77000", "2013-12-31": "91.19900", "2012-12-31": "86.78300", "2011-12-31": "72.41200", "2010-12-31": "66.26800", "2009-12-31": "58.97400", "2008-12-31": "42.82600", "2007-12-31": "46.94800", "2006-12-31": "23.99600", "2005-12-31": "21.73300"}, "Total Long Term Liabilities": {"2020-12-31": "11100.60000", "2019-12-31": "6219.60000", "2018-12-31": "6062.80000", "2017-12-31": "5423.40000", "2016-12-31": "7090.79000", "2015-12-31": "4149.29000", "2014-12-31": "3016.87800", "2013-12-31": "3328.84000", "2012-12-31": "2297.16800", "2011-12-31": "1570.12500", "2010-12-31": "1778.97200", "2009-12-31": "1428.23500", "2008-12-31": "1348.69700", "2007-12-31": "995.84800", "2006-12-31": "920.87100", "2005-12-31": "766.89300"}, "Total Liabilities": {"2020-12-31": "13545.00000", "2019-12-31": "8617.00000", "2018-12-31": "7511.00000", "2017-12-31": "7452.80000", "2016-12-31": "8536.06200", "2015-12-31": "4869.41800", "2014-12-31": "3644.82500", "2013-12-31": "3971.93100", "2012-12-31": "3383.37800", "2011-12-31": "2124.32100", "2010-12-31": "2318.61700", "2009-12-31": "1906.24600", "2008-12-31": "1967.60400", "2007-12-31": "1663.37800", "2006-12-31": "1508.52000", "2005-12-31": "1272.51800"}, "Common Stock Net": {"2020-12-31": "1.10000", "2019-12-31": "1.10000", "2018-12-31": "1.10000", "2017-12-31": "1.00000", "2016-12-31": "1.03600", "2015-12-31": "1.02800", "2014-12-31": "1.02100", "2013-12-31": "1.01300", "2012-12-31": "1.00600", "2011-12-31": "0.98700", "2010-12-31": "0.97100", "2009-12-31": "0.95800", "2008-12-31": "0.91900", "2007-12-31": "0.91000", "2006-12-31": "0.90000", "2005-12-31": "0.88300"}, "Retained Earnings (Accumulated Deficit)": {"2020-12-31": "8546.20000", "2019-12-31": "7818.00000", "2018-12-31": "6247.70000", "2017-12-31": "5464.60000", "2016-12-31": "4642.40200", "2015-12-31": "4110.53000", "2014-12-31": "3520.20100", "2013-12-31": "2959.19600", "2012-12-31": "2489.85800", "2011-12-31": "2063.11000", "2010-12-31": "1680.84900", "2009-12-31": "1395.58600", "2008-12-31": "1187.46700", "2007-12-31": "944.88600", "2006-12-31": "721.89900", "2005-12-31": "549.60300"}, "Comprehensive Income": {"2020-12-31": "-147.00000", "2019-12-31": "-212.80000", "2018-12-31": "-243.30000", "2017-12-31": "-186.20000", "2016-12-31": "-324.73900", "2015-12-31": "-212.77900", "2014-12-31": "-71.92700", "2013-12-31": "43.08300", "2012-12-31": "58.53700", "2011-12-31": "33.80000", "2010-12-31": "43.97800", "2009-12-31": "63.94500", "2008-12-31": "21.51300", "2007-12-31": "108.73200", "2006-12-31": "68.66600", "2005-12-31": "51.73100"}, "Other Share Holders Equity": {"2020-12-31": "", "2019-12-31": "", "2018-12-31": "", "2017-12-31": "", "2016-12-31": "", "2015-12-31": "", "2014-12-31": "", "2013-12-31": "", "2012-12-31": "", "2011-12-31": "", "2010-12-31": "", "2009-12-31": "", "2008-12-31": "", "2007-12-31": "", "2006-12-31": "", "2005-12-31": ""}, "Share Holder Equity": {"2020-12-31": "10479.80000", "2019-12-31": "9491.90000", "2018-12-31": "7738.50000", "2017-12-31": "6863.60000", "2016-12-31": "5788.86500", "2015-12-31": "5298.94700", "2014-12-31": "4755.36000", "2013-12-31": "4213.05000", "2012-12-31": "3687.72600", "2011-12-31": "3195.09600", "2010-12-31": "2750.90700", "2009-12-31": "2421.49000", "2008-12-31": "2003.93400", "2007-12-31": "1789.80600", "2006-12-31": "1486.83900", "2005-12-31": "1249.78800"}, "Total Liabilities And Share Holders Equity": {"2020-12-31": "24024.80000", "2019-12-31": "18108.90000", "2018-12-31": "15249.50000", "2017-12-31": "14316.40000", "2016-12-31": "14324.93000", "2015-12-31": "10168.37000", "2014-12-31": "8400.18500", "2013-12-31": "8184.98100", "2012-12-31": "7071.10400", "2011-12-31": "5319.41700", "2010-12-31": "5069.52400", "2009-12-31": "4327.73600", "2008-12-31": "3971.53800", "2007-12-31": "3453.18400", "2006-12-31": "2995.35900", "2005-12-31": "2522.30600"}}, "balance sheet, quarterly": {"Cash On Hand": {"2020-12-31": "308.30000", "2020-09-30": "302.10000", "2020-06-30": "1870.80000", "2020-03-31": "999.80000", "2019-12-31": "709.70000", "2019-09-30": "323.00000", "2019-06-30": "320.80000", "2019-03-31": "392.50000", "2018-12-31": "364.40000", "2018-09-30": "363.40000", "2018-06-30": "421.80000", "2018-03-31": "366.20000", "2017-12-31": "671.30000", "2017-09-30": "605.61600", "2017-06-30": "663.34400", "2017-03-31": "730.66600", "2016-12-31": "757.20000", "2016-09-30": "882.27000", "2016-06-30": "622.29400", "2016-03-31": "523.03300", "2015-12-31": "778.51100", "2015-09-30": "700.57800", "2015-06-30": "678.57100", "2015-03-31": "615.49300", "2014-12-31": "610.43000", "2014-09-30": "564.11200", "2014-06-30": "565.28200", "2014-03-31": "502.88500", "2013-12-31": "459.72000", "2013-09-30": "459.98000", "2013-06-30": "374.57100", "2013-03-31": "430.02200", "2012-12-31": "370.59000", "2012-09-30": "355.10900", "2012-06-30": "518.89800", "2012-03-31": "451.71800", "2011-12-31": "338.10100", "2011-09-30": "246.45400", "2011-06-30": "196.02700", "2011-03-31": "261.44700", "2010-12-31": "270.39400", "2010-09-30": "250.81300", "2010-06-30": "290.74000", "2010-03-31": "191.28500", "2009-12-31": "167.70800", "2009-09-30": "256.02400", "2009-06-30": "220.82600", "2009-03-31": "177.50900", "2008-12-31": "178.06900", "2008-09-30": "156.27200", "2008-06-30": "146.18600", "2008-03-31": "151.20000", "2007-12-31": "308.76800", "2007-09-30": "125.93100", "2007-06-30": "120.10400", "2007-03-31": "80.44200", "2006-12-31": "69.47800", "2006-09-30": "40.87800", "2006-06-30": "53.38300", "2006-03-31": "67.15700", "2005-12-31": "53.11600", "2005-09-30": "79.09600", "2005-06-30": "68.39900", "2005-03-31": "98.22500"}, "Receivables": {"2020-12-31": "1126.60000", "2020-09-30": "1066.40000", "2020-06-30": "987.60000", "2020-03-31": "956.60000", "2019-12-31": "993.60000", "2019-09-30": "930.30000", "2019-06-30": "939.10000", "2019-03-31": "842.20000", "2018-12-31": "891.90000", "2018-09-30": "896.60000", "2018-06-30": "897.20000", "2018-03-31": "835.00000", "2017-12-31": "809.70010", "2017-09-30": "761.72600", "2017-06-30": "723.30600", "2017-03-31": "693.42700", "2016-12-31": "749.81900", "2016-09-30": "617.11500", "2016-06-30": "628.49000", "2016-03-31": "635.36210", "2015-12-31": "610.31300", "2015-09-30": "594.97000", "2015-06-30": "589.59800", "2015-03-31": "606.78500", "2014-12-31": "607.94700", "2014-09-30": "631.85800", "2014-06-30": "625.16600", "2014-03-31": "609.35500", "2013-12-31": "606.02000", "2013-09-30": "590.65900", "2013-06-30": "631.89100", "2013-03-31": "568.80900", "2012-12-31": "598.60100", "2012-09-30": "560.04500", "2012-06-30": "513.19500", "2012-03-31": "481.19600", "2011-12-31": "502.96300", "2011-09-30": "495.09900", "2011-06-30": "512.22900", "2011-03-31": "492.44300", "2010-12-31": "478.95700", "2010-09-30": "455.25100", "2010-06-30": "428.00800", "2010-03-31": "416.63500", "2009-12-31": "438.81100", "2009-09-30": "384.30300", "2009-06-30": "382.83700", "2009-03-31": "407.33100", "2008-12-31": "438.02300", "2008-09-30": "466.06600", "2008-06-30": "453.95800", "2008-03-31": "436.42300", "2007-12-31": "420.02600", "2007-09-30": "364.75100", "2007-06-30": "330.82400", "2007-03-31": "319.24900", "2006-12-31": "353.76100", "2006-09-30": "304.38500", "2006-06-30": "277.04100", "2006-03-31": "250.85300", "2005-12-31": "257.21000", "2005-09-30": "254.97300", "2005-06-30": "249.06200", "2005-03-31": "245.66800"}, "Inventory": {"2020-12-31": "198.40000", "2020-09-30": "214.90000", "2020-06-30": "216.60000", "2020-03-31": "206.20000", "2019-12-31": "198.60000", "2019-09-30": "205.00000", "2019-06-30": "203.50000", "2019-03-31": "207.50000", "2018-12-31": "190.80000", "2018-09-30": "212.20000", "2018-06-30": "201.90000", "2018-03-31": "216.70000", "2017-12-31": "204.90000", "2017-09-30": "209.30600", "2017-06-30": "199.84200", "2017-03-31": "191.42600", "2016-12-31": "181.95200", "2016-09-30": "197.52900", "2016-06-30": "191.39000", "2016-03-31": "196.32100", "2015-12-31": "189.86800", "2015-09-30": "200.82000", "2015-06-30": "197.02600", "2015-03-31": "194.73700", "2014-12-31": "193.76600", "2014-09-30": "213.44000", "2014-06-30": "212.05000", "2014-03-31": "209.38300", "2013-12-31": "204.92300", "2013-09-30": "204.72200", "2013-06-30": "197.45800", "2013-03-31": "200.02300", "2012-12-31": "190.86700", "2012-09-30": "210.42600", "2012-06-30": "209.62600", "2012-03-31": "214.02000", "2011-12-31": "204.75800", "2011-09-30": "211.58200", "2011-06-30": "211.68700", "2011-03-31": "198.78800", "2010-12-31": "178.55900", "2010-09-30": "180.92900", "2010-06-30": "170.94300", "2010-03-31": "174.53500", "2009-12-31": "178.79500", "2009-09-30": "174.05500", "2009-06-30": "177.36000", "2009-03-31": "186.72400", "2008-12-31": "185.91900", "2008-09-30": "196.08900", "2008-06-30": "192.42600", "2008-03-31": "190.04000", "2007-12-31": "174.13800", "2007-09-30": "183.02100", "2007-06-30": "181.30400", "2007-03-31": "186.16100", "2006-12-31": "168.31900", "2006-09-30": "161.61600", "2006-06-30": "147.33200", "2006-03-31": "140.93000", "2005-12-31": "131.83800", "2005-09-30": "134.35000", "2005-06-30": "138.36300", "2005-03-31": "136.60100"}, "Pre-Paid Expenses": {"2020-12-31": "", "2020-09-30": "", "2020-06-30": "", "2020-03-31": "", "2019-12-31": "", "2019-09-30": "", "2019-06-30": "", "2019-03-31": "", "2018-12-31": "", "2018-09-30": "", "2018-06-30": "", "2018-03-31": "", "2017-12-31": "", "2017-09-30": "", "2017-06-30": "43.47700", "2017-03-31": "28.10000", "2016-12-31": "31.67900", "2016-09-30": "31.93300", "2016-06-30": "62.12000", "2016-03-31": "31.12400", "2015-12-31": "", "2015-09-30": "", "2015-06-30": "", "2015-03-31": "", "2014-12-31": "", "2014-09-30": "", "2014-06-30": "", "2014-03-31": "", "2013-12-31": "", "2013-09-30": "", "2013-06-30": "", "2013-03-31": "", "2012-12-31": "", "2012-09-30": "", "2012-06-30": "", "2012-03-31": "", "2011-12-31": "", "2011-09-30": "", "2011-06-30": "", "2011-03-31": "", "2010-12-31": "", "2010-09-30": "", "2010-06-30": "", "2010-03-31": "", "2009-12-31": "", "2009-09-30": "", "2009-06-30": "", "2009-03-31": "", "2008-12-31": "", "2008-09-30": "", "2008-06-30": "", "2008-03-31": "", "2007-12-31": "", "2007-09-30": "", "2007-06-30": "", "2007-03-31": "", "2006-12-31": "", "2006-09-30": "", "2006-06-30": "", "2006-03-31": "", "2005-12-31": "", "2005-09-30": "", "2005-06-30": "", "2005-03-31": ""}, "Other Current Assets": {"2020-12-31": "119.00000", "2020-09-30": "122.80000", "2020-06-30": "104.20000", "2020-03-31": "110.80000", "2019-12-31": "97.60000", "2019-09-30": "161.10000", "2019-06-30": "138.90000", "2019-03-31": "143.80000", "2018-12-31": "163.60000", "2018-09-30": "135.80000", "2018-06-30": "130.20000", "2018-03-31": "84.10000", "2017-12-31": "73.50000", "2017-09-30": "115.40800", "2017-06-30": "71.14200", "2017-03-31": "69.00400", "2016-12-31": "55.85100", "2016-09-30": "45.96400", "2016-06-30": "45.87900", "2016-03-31": "46.49200", "2015-12-31": "39.35500", "2015-09-30": "89.00500", "2015-06-30": "63.89300", "2015-03-31": "44.78700", "2014-12-31": "45.76300", "2014-09-30": "58.05100", "2014-06-30": "58.22300", "2014-03-31": "40.47800", "2013-12-31": "38.21000", "2013-09-30": "45.41700", "2013-06-30": "65.63300", "2013-03-31": "38.83000", "2012-12-31": "43.49200", "2012-09-30": "51.30800", "2012-06-30": "43.32300", "2012-03-31": "32.56800", "2011-12-31": "31.64700", "2011-09-30": "42.74700", "2011-06-30": "48.77700", "2011-03-31": "43.12800", "2010-12-31": "37.28700", "2010-09-30": "41.70800", "2010-06-30": "68.89300", "2010-03-31": "53.36300", "2009-12-31": "58.12500", "2009-09-30": "65.57200", "2009-06-30": "57.10500", "2009-03-31": "43.65900", "2008-12-31": "26.90600", "2008-09-30": "29.46200", "2008-06-30": "26.90300", "2008-03-31": "26.82900", "2007-12-31": "20.40500", "2007-09-30": "71.32100", "2007-06-30": "71.34800", "2007-03-31": "53.23000", "2006-12-31": "18.02900", "2006-09-30": "48.54800", "2006-06-30": "48.54300", "2006-03-31": "37.01500", "2005-12-31": "36.89800", "2005-09-30": "45.26700", "2005-06-30": "50.71100", "2005-03-31": "32.94800"}, "Total Current Assets": {"2020-12-31": "1752.30000", "2020-09-30": "1706.20000", "2020-06-30": "3179.20000", "2020-03-31": "2273.40000", "2019-12-31": "1999.50000", "2019-09-30": "1619.40000", "2019-06-30": "1602.30000", "2019-03-31": "1586.00000", "2018-12-31": "1610.70000", "2018-09-30": "1608.00000", "2018-06-30": "1651.10000", "2018-03-31": "1502.00000", "2017-12-31": "1759.40000", "2017-09-30": "1692.05600", "2017-06-30": "1701.11100", "2017-03-31": "1712.62300", "2016-12-31": "1776.50100", "2016-09-30": "1774.81100", "2016-06-30": "1550.17300", "2016-03-31": "1432.33200", "2015-12-31": "1618.04700", "2015-09-30": "1647.87900", "2015-06-30": "1587.28200", "2015-03-31": "1521.82200", "2014-12-31": "1512.10500", "2014-09-30": "1532.69100", "2014-06-30": "1524.52500", "2014-03-31": "1432.17000", "2013-12-31": "1373.33700", "2013-09-30": "1389.19900", "2013-06-30": "1328.13500", "2013-03-31": "1285.05600", "2012-12-31": "1245.54200", "2012-09-30": "1217.66400", "2012-06-30": "1325.37700", "2012-03-31": "1215.91200", "2011-12-31": "1115.47300", "2011-09-30": "1030.02300", "2011-06-30": "1002.05900", "2011-03-31": "1029.64000", "2010-12-31": "998.09100", "2010-09-30": "957.64200", "2010-06-30": "985.46800", "2010-03-31": "862.32300", "2009-12-31": "870.74500", "2009-09-30": "907.49400", "2009-06-30": "865.43700", "2009-03-31": "843.88200", "2008-12-31": "858.30700", "2008-09-30": "881.60300", "2008-06-30": "850.32400", "2008-03-31": "836.15700", "2007-12-31": "951.13700", "2007-09-30": "764.11000", "2007-06-30": "722.75300", "2007-03-31": "656.57000", "2006-12-31": "627.49500", "2006-09-30": "575.25400", "2006-06-30": "545.41900", "2006-03-31": "515.47600", "2005-12-31": "498.20700", "2005-09-30": "536.08800", "2005-06-30": "527.19700", "2005-03-31": "533.98900"}, "Property, Plant, And Equipment": {"2020-12-31": "140.60000", "2020-09-30": "146.60000", "2020-06-30": "129.60000", "2020-03-31": "133.40000", "2019-12-31": "139.90000", "2019-09-30": "142.60000", "2019-06-30": "134.20000", "2019-03-31": "132.20000", "2018-12-31": "128.70000", "2018-09-30": "130.20000", "2018-06-30": "138.60000", "2018-03-31": "140.90000", "2017-12-31": "142.50000", "2017-09-30": "141.27900", "2017-06-30": "142.64100", "2017-03-31": "144.11300", "2016-12-31": "141.31800", "2016-09-30": "103.84700", "2016-06-30": "104.28200", "2016-03-31": "106.21200", "2015-12-31": "105.51000", "2015-09-30": "105.28000", "2015-06-30": "112.37400", "2015-03-31": "110.97300", "2014-12-31": "110.87600", "2014-09-30": "115.24300", "2014-06-30": "116.39400", "2014-03-31": "116.59000", "2013-12-31": "117.31000", "2013-09-30": "117.78500", "2013-06-30": "115.67700", "2013-03-31": "110.63700", "2012-12-31": "110.39700", "2012-09-30": "110.34800", "2012-06-30": "108.08900", "2012-03-31": "109.56500", "2011-12-31": "108.77500", "2011-09-30": "106.96500", "2011-06-30": "107.49100", "2011-03-31": "103.63900", "2010-12-31": "103.48700", "2010-09-30": "105.87800", "2010-06-30": "104.50500", "2010-03-31": "107.19300", "2009-12-31": "109.49300", "2009-09-30": "104.74800", "2009-06-30": "106.58800", "2009-03-31": "107.83200", "2008-12-31": "112.46300", "2008-09-30": "115.76200", "2008-06-30": "112.03200", "2008-03-31": "112.11900", "2007-12-31": "107.51300", "2007-09-30": "105.52800", "2007-06-30": "105.52400", "2007-03-31": "106.51600", "2006-12-31": "107.00300", "2006-09-30": "103.23400", "2006-06-30": "102.23100", "2006-03-31": "100.62100", "2005-12-31": "97.46200", "2005-09-30": "94.47900", "2005-06-30": "100.00000", "2005-03-31": "97.31200"}, "Long-Term Investments": {"2020-12-31": "", "2020-09-30": "", "2020-06-30": "", "2020-03-31": "", "2019-12-31": "", "2019-09-30": "", "2019-06-30": "", "2019-03-31": "", "2018-12-31": "", "2018-09-30": "", "2018-06-30": "", "2018-03-31": "", "2017-12-31": "", "2017-09-30": "", "2017-06-30": "", "2017-03-31": "", "2016-12-31": "", "2016-09-30": "", "2016-06-30": "", "2016-03-31": "", "2015-12-31": "", "2015-09-30": "", "2015-06-30": "", "2015-03-31": "", "2014-12-31": "", "2014-09-30": "", "2014-06-30": "", "2014-03-31": "", "2013-12-31": "", "2013-09-30": "", "2013-06-30": "", "2013-03-31": "", "2012-12-31": "", "2012-09-30": "", "2012-06-30": "", "2012-03-31": "", "2011-12-31": "", "2011-09-30": "", "2011-06-30": "", "2011-03-31": "", "2010-12-31": "", "2010-09-30": "", "2010-06-30": "", "2010-03-31": "", "2009-12-31": "", "2009-09-30": "", "2009-06-30": "", "2009-03-31": "", "2008-12-31": "", "2008-09-30": "", "2008-06-30": "", "2008-03-31": "", "2007-12-31": "", "2007-09-30": "", "2007-06-30": "", "2007-03-31": "", "2006-12-31": "", "2006-09-30": "", "2006-06-30": "", "2006-03-31": "", "2005-12-31": "", "2005-09-30": "", "2005-06-30": "", "2005-03-31": ""}, "Goodwill And Intangible Assets": {"2020-12-31": "21602.10000", "2020-09-30": "21281.10000", "2020-06-30": "15358.40000", "2020-03-31": "15350.50000", "2019-12-31": "15483.10000", "2019-09-30": "15477.50000", "2019-06-30": "13600.80000", "2019-03-31": "13132.20000", "2018-12-31": "13188.90000", "2018-09-30": "13288.30000", "2018-06-30": "13353.40000", "2018-03-31": "12307.60000", "2017-12-31": "12295.50000", "2017-09-30": "12296.64000", "2017-06-30": "12258.82000", "2017-03-31": "12268.95000", "2016-12-31": "12302.98000", "2016-09-30": "8510.81100", "2016-06-30": "8555.06300", "2016-03-31": "8597.96000", "2015-12-31": "8353.72300", "2015-09-30": "7572.55400", "2015-06-30": "7220.62600", "2015-03-31": "7230.33900", "2014-12-31": "6689.42000", "2014-09-30": "6752.19200", "2014-06-30": "6517.67800", "2014-03-31": "6537.94600", "2013-12-31": "6589.13400", "2013-09-30": "6593.45700", "2013-06-30": "6606.45100", "2013-03-31": "5505.97100", "2012-12-31": "5567.72400", "2012-09-30": "5580.94200", "2012-06-30": "3938.48500", "2012-03-31": "3972.04100", "2011-12-31": "3960.56800", "2011-09-30": "3984.13800", "2011-06-30": "4017.60300", "2011-03-31": "3831.99200", "2010-12-31": "3832.29300", "2010-09-30": "3855.68400", "2010-06-30": "3198.89100", "2010-03-31": "3230.55300", "2009-12-31": "3257.33200", "2009-09-30": "2902.00600", "2009-06-30": "2908.80300", "2009-03-31": "2890.63600", "2008-12-31": "2922.87200", "2008-09-30": "2992.28100", "2008-06-30": "2731.50300", "2008-03-31": "2738.27400", "2007-12-31": "2319.58800", "2007-09-30": "2315.99700", "2007-06-30": "2304.99800", "2007-03-31": "2279.60200", "2006-12-31": "2195.34400", "2006-09-30": "1932.77000", "2006-06-30": "1909.79700", "2006-03-31": "1846.76200", "2005-12-31": "1855.07700", "2005-09-30": "1742.19700", "2005-06-30": "1755.99700", "2005-03-31": "1650.98600"}, "Other Long-Term Assets": {"2020-12-31": "425.80000", "2020-09-30": "423.00000", "2020-06-30": "382.50000", "2020-03-31": "380.50000", "2019-12-31": "390.80000", "2019-09-30": "488.50000", "2019-06-30": "478.90000", "2019-03-31": "470.70000", "2018-12-31": "269.00000", "2018-09-30": "191.20000", "2018-06-30": "188.00000", "2018-03-31": "92.20000", "2017-12-31": "88.30000", "2017-09-30": "84.23600", "2017-06-30": "79.17300", "2017-03-31": "74.06600", "2016-12-31": "73.50300", "2016-09-30": "59.99700", "2016-06-30": "57.09400", "2016-03-31": "56.65000", "2015-12-31": "59.55400", "2015-09-30": "75.75200", "2015-06-30": "79.21500", "2015-03-31": "76.31100", "2014-12-31": "60.28800", "2014-09-30": "81.08900", "2014-06-30": "77.91000", "2014-03-31": "75.80100", "2013-12-31": "76.42700", "2013-09-30": "77.08600", "2013-06-30": "76.90000", "2013-03-31": "69.03800", "2012-12-31": "68.79700", "2012-09-30": "62.48100", "2012-06-30": "68.81100", "2012-03-31": "70.14200", "2011-12-31": "71.59500", "2011-09-30": "76.72500", "2011-06-30": "78.61700", "2011-03-31": "75.99400", "2010-12-31": "77.80300", "2010-09-30": "76.09500", "2010-06-30": "68.61500", "2010-03-31": "59.52700", "2009-12-31": "57.04300", "2009-09-30": "56.38300", "2009-06-30": "50.67300", "2009-03-31": "50.46100", "2008-12-31": "49.84600", "2008-09-30": "50.02300", "2008-06-30": "43.38900", "2008-03-31": "50.40700", "2007-12-31": "51.09200", "2007-09-30": "41.63800", "2007-06-30": "45.33000", "2007-03-31": "43.58000", "2006-12-31": "43.81500", "2006-09-30": "43.29700", "2006-06-30": "47.08300", "2006-03-31": "47.54900", "2005-12-31": "45.70800", "2005-09-30": "43.43300", "2005-06-30": "45.46600", "2005-03-31": "44.54100"}, "Total Long-Term Assets": {"2020-12-31": "22272.50000", "2020-09-30": "21945.80000", "2020-06-30": "15963.10000", "2020-03-31": "15864.40000", "2019-12-31": "16109.40000", "2019-09-30": "16199.70000", "2019-06-30": "14306.00000", "2019-03-31": "13828.10000", "2018-12-31": "13638.80000", "2018-09-30": "13637.10000", "2018-06-30": "13709.90000", "2018-03-31": "12572.10000", "2017-12-31": "12557.00000", "2017-09-30": "12554.62000", "2017-06-30": "12512.18000", "2017-03-31": "12517.43000", "2016-12-31": "12548.43000", "2016-09-30": "8705.31700", "2016-06-30": "8746.94400", "2016-03-31": "8792.07600", "2015-12-31": "8550.31800", "2015-09-30": "7785.12000", "2015-06-30": "7446.81400", "2015-03-31": "7452.80000", "2014-12-31": "6888.08000", "2014-09-30": "6977.57500", "2014-06-30": "6737.62200", "2014-03-31": "6757.53200", "2013-12-31": "6811.64400", "2013-09-30": "6856.37600", "2013-06-30": "6885.60700", "2013-03-31": "5767.93400", "2012-12-31": "5825.56200", "2012-09-30": "5831.97500", "2012-06-30": "4176.80400", "2012-03-31": "4214.87000", "2011-12-31": "4203.94400", "2011-09-30": "4228.41500", "2011-06-30": "4261.93400", "2011-03-31": "4067.25400", "2010-12-31": "4071.43300", "2010-09-30": "4098.48500", "2010-06-30": "3401.85900", "2010-03-31": "3427.23900", "2009-12-31": "3456.99100", "2009-09-30": "3094.32700", "2009-06-30": "3094.21300", "2009-03-31": "3076.98600", "2008-12-31": "3113.23100", "2008-09-30": "3191.82800", "2008-06-30": "2912.15900", "2008-03-31": "2925.54700", "2007-12-31": "2502.04700", "2007-09-30": "2487.95800", "2007-06-30": "2481.55200", "2007-03-31": "2456.21000", "2006-12-31": "2367.86400", "2006-09-30": "2104.62400", "2006-06-30": "2081.32500", "2006-03-31": "2018.02900", "2005-12-31": "2024.09900", "2005-09-30": "1888.02600", "2005-06-30": "1922.45400", "2005-03-31": "1822.08500"}, "Total Assets": {"2020-12-31": "24024.80000", "2020-09-30": "23652.00000", "2020-06-30": "19142.30000", "2020-03-31": "18137.80000", "2019-12-31": "18108.90000", "2019-09-30": "17819.10000", "2019-06-30": "15908.30000", "2019-03-31": "15414.10000", "2018-12-31": "15249.50000", "2018-09-30": "15245.10000", "2018-06-30": "15361.00000", "2018-03-31": "14074.10000", "2017-12-31": "14316.40000", "2017-09-30": "14246.67000", "2017-06-30": "14213.29000", "2017-03-31": "14230.05000", "2016-12-31": "14324.93000", "2016-09-30": "10480.13000", "2016-06-30": "10297.12000", "2016-03-31": "10224.41000", "2015-12-31": "10168.37000", "2015-09-30": "9432.99900", "2015-06-30": "9034.09600", "2015-03-31": "8974.62200", "2014-12-31": "8400.18500", "2014-09-30": "8510.26600", "2014-06-30": "8262.14600", "2014-03-31": "8189.70300", "2013-12-31": "8184.98100", "2013-09-30": "8245.57500", "2013-06-30": "8213.74200", "2013-03-31": "7052.99000", "2012-12-31": "7071.10400", "2012-09-30": "7049.63800", "2012-06-30": "5502.18100", "2012-03-31": "5430.78200", "2011-12-31": "5319.41700", "2011-09-30": "5258.43800", "2011-06-30": "5263.99200", "2011-03-31": "5096.89400", "2010-12-31": "5069.52400", "2010-09-30": "5056.12700", "2010-06-30": "4387.32700", "2010-03-31": "4289.56100", "2009-12-31": "4327.73600", "2009-09-30": "4001.82100", "2009-06-30": "3959.65000", "2009-03-31": "3920.86800", "2008-12-31": "3971.53800", "2008-09-30": "4073.43100", "2008-06-30": "3762.48300", "2008-03-31": "3761.70400", "2007-12-31": "3453.18400", "2007-09-30": "3252.06800", "2007-06-30": "3204.30500", "2007-03-31": "3112.78000", "2006-12-31": "2995.35900", "2006-09-30": "2679.87800", "2006-06-30": "2626.74400", "2006-03-31": "2533.50500", "2005-12-31": "2522.30600", "2005-09-30": "2424.11400", "2005-06-30": "2449.65100", "2005-03-31": "2356.07400"}, "Total Current Liabilities": {"2020-12-31": "2444.40000", "2020-09-30": "2339.90000", "2020-06-30": "2498.60000", "2020-03-31": "2366.10000", "2019-12-31": "2397.40000", "2019-09-30": "1500.90000", "2019-06-30": "1443.20000", "2019-03-31": "1444.70000", "2018-12-31": "1448.20000", "2018-09-30": "2119.30000", "2018-06-30": "2066.40000", "2018-03-31": "2047.50000", "2017-12-31": "2029.40000", "2017-09-30": "1576.77800", "2017-06-30": "1498.49600", "2017-03-31": "1538.53800", "2016-12-31": "1445.27200", "2016-09-30": "771.74000", "2016-06-30": "733.04100", "2016-03-31": "779.48800", "2015-12-31": "720.12800", "2015-09-30": "657.03200", "2015-06-30": "654.94100", "2015-03-31": "699.38400", "2014-12-31": "627.94700", "2014-09-30": "662.00500", "2014-06-30": "635.27200", "2014-03-31": "667.97300", "2013-12-31": "643.09100", "2013-09-30": "634.13700", "2013-06-30": "1126.85100", "2013-03-31": "1082.77300", "2012-12-31": "1086.21000", "2012-09-30": "1112.07600", "2012-06-30": "512.61000", "2012-03-31": "521.35800", "2011-12-31": "554.19600", "2011-09-30": "525.82900", "2011-06-30": "541.62300", "2011-03-31": "507.54100", "2010-12-31": "539.64500", "2010-09-30": "509.34600", "2010-06-30": "474.18000", "2010-03-31": "448.30400", "2009-12-31": "478.01100", "2009-09-30": "445.97500", "2009-06-30": "474.25800", "2009-03-31": "484.64600", "2008-12-31": "618.90700", "2008-09-30": "654.17000", "2008-06-30": "856.37000", "2008-03-31": "771.99600", "2007-12-31": "667.53000", "2007-09-30": "638.04900", "2007-06-30": "601.91600", "2007-03-31": "587.39800", "2006-12-31": "587.64900", "2006-09-30": "546.90600", "2006-06-30": "528.81100", "2006-03-31": "498.29300", "2005-12-31": "505.62500", "2005-09-30": "468.38600", "2005-06-30": "244.14000", "2005-03-31": "232.57500"}, "Long Term Debt": {"2020-12-31": "9064.50000", "2020-09-30": "9101.20000", "2020-06-30": "5263.80000", "2020-03-31": "4674.20000", "2019-12-31": "4673.10000", "2019-09-30": "6195.10000", "2019-06-30": "4718.90000", "2019-03-31": "4487.00000", "2018-12-31": "4940.20000", "2018-09-30": "4414.30000", "2018-06-30": "4821.70000", "2018-03-31": "3820.70000", "2017-12-31": "4354.60000", "2017-09-30": "4932.72100", "2017-06-30": "5241.10300", "2017-03-31": "5439.70000", "2016-12-31": "5808.56100", "2016-09-30": "3087.15100", "2016-06-30": "3086.26300", "2016-03-31": "3105.34000", "2015-12-31": "3264.41700", "2015-09-30": "2792.06700", "2015-06-30": "2517.49900", "2015-03-31": "2617.72200", "2014-12-31": "2190.28200", "2014-09-30": "2358.47400", "2014-06-30": "2233.80900", "2014-03-31": "2304.14300", "2013-12-31": "2453.83600", "2013-09-30": "2593.60700", "2013-06-30": "2245.42400", "2013-03-31": "1403.25900", "2012-12-31": "1503.10700", "2012-09-30": "1552.97600", "2012-06-30": "1011.81700", "2012-03-31": "1014.09900", "2011-12-31": "1015.11000", "2011-09-30": "1103.29600", "2011-06-30": "1173.69400", "2011-03-31": "1159.96100", "2010-12-31": "1247.70300", "2010-09-30": "1380.74200", "2010-06-30": "1016.40000", "2010-03-31": "1007.44300", "2009-12-31": "1040.96200", "2009-09-30": "1004.35700", "2009-06-30": "1014.48700", "2009-03-31": "1084.52300", "2008-12-31": "1033.68900", "2008-09-30": "1113.67400", "2008-06-30": "651.51200", "2008-03-31": "802.84800", "2007-12-31": "727.48900", "2007-09-30": "656.19800", "2007-06-30": "736.01600", "2007-03-31": "748.08400", "2006-12-31": "726.88100", "2006-09-30": "564.07200", "2006-06-30": "584.43600", "2006-03-31": "587.30800", "2005-12-31": "620.95800", "2005-09-30": "597.72400", "2005-06-30": "883.25900", "2005-03-31": "844.53900"}, "Other Non-Current Liabilities": {"2020-12-31": "473.60000", "2020-09-30": "486.10000", "2020-06-30": "429.90000", "2020-03-31": "425.10000", "2019-12-31": "438.40000", "2019-09-30": "452.10000", "2019-06-30": "446.30000", "2019-03-31": "424.50000", "2018-12-31": "191.50000", "2018-09-30": "198.40000", "2018-06-30": "206.30000", "2018-03-31": "220.60000", "2017-12-31": "239.20000", "2017-09-30": "114.81900", "2017-06-30": "114.23800", "2017-03-31": "111.87500", "2016-12-31": "104.02400", "2016-09-30": "87.38100", "2016-06-30": "92.19800", "2016-03-31": "71.92000", "2015-12-31": "74.01700", "2015-09-30": "85.26500", "2015-06-30": "88.01000", "2015-03-31": "90.30800", "2014-12-31": "90.77000", "2014-09-30": "87.76500", "2014-06-30": "89.20800", "2014-03-31": "89.09900", "2013-12-31": "91.19900", "2013-09-30": "92.03200", "2013-06-30": "95.36800", "2013-03-31": "83.21500", "2012-12-31": "86.78300", "2012-09-30": "89.55600", "2012-06-30": "80.09100", "2012-03-31": "78.17800", "2011-12-31": "72.41200", "2011-09-30": "74.55500", "2011-06-30": "75.96800", "2011-03-31": "73.07800", "2010-12-31": "66.26800", "2010-09-30": "63.30800", "2010-06-30": "60.69200", "2010-03-31": "59.56300", "2009-12-31": "58.97400", "2009-09-30": "42.66200", "2009-06-30": "45.18200", "2009-03-31": "43.46300", "2008-12-31": "42.82600", "2008-09-30": "42.68100", "2008-06-30": "42.18500", "2008-03-31": "49.33800", "2007-12-31": "46.94800", "2007-09-30": "44.67500", "2007-06-30": "44.85600", "2007-03-31": "44.16500", "2006-12-31": "23.99600", "2006-09-30": "22.28200", "2006-06-30": "23.41200", "2006-03-31": "22.17700", "2005-12-31": "21.73300", "2005-09-30": "19.40000", "2005-06-30": "19.15600", "2005-03-31": "17.41100"}, "Total Long Term Liabilities": {"2020-12-31": "11100.60000", "2020-09-30": "11151.20000", "2020-06-30": "6764.00000", "2020-03-31": "6180.40000", "2019-12-31": "6219.60000", "2019-09-30": "7746.90000", "2019-06-30": "6114.10000", "2019-03-31": "5832.00000", "2018-12-31": "6062.80000", "2018-09-30": "5570.90000", "2018-06-30": "5991.70000", "2018-03-31": "4871.10000", "2017-12-31": "5423.40000", "2017-09-30": "6210.91100", "2017-06-30": "6514.30600", "2017-03-31": "6720.72600", "2016-12-31": "7090.79000", "2016-09-30": "3995.88100", "2016-06-30": "4013.06000", "2016-03-31": "4003.68500", "2015-12-31": "4149.29000", "2015-09-30": "3647.06200", "2015-06-30": "3359.80600", "2015-03-31": "3467.84300", "2014-12-31": "3016.87800", "2014-09-30": "3200.03700", "2014-06-30": "3078.85900", "2014-03-31": "3164.48500", "2013-12-31": "3328.84000", "2013-09-30": "3548.62500", "2013-06-30": "3197.34300", "2013-03-31": "2188.04100", "2012-12-31": "2297.16800", "2012-09-30": "2350.94400", "2012-06-30": "1575.56000", "2012-03-31": "1577.08000", "2011-12-31": "1570.12500", "2011-09-30": "1663.94600", "2011-06-30": "1738.81500", "2011-03-31": "1707.22400", "2010-12-31": "1778.97200", "2010-09-30": "1910.40600", "2010-06-30": "1405.67000", "2010-03-31": "1393.09100", "2009-12-31": "1428.23500", "2009-09-30": "1333.37100", "2009-06-30": "1340.15400", "2009-03-31": "1396.38100", "2008-12-31": "1348.69700", "2008-09-30": "1409.16900", "2008-06-30": "948.59300", "2008-03-31": "1113.94000", "2007-12-31": "995.84800", "2007-09-30": "900.82800", "2007-06-30": "978.97600", "2007-03-31": "987.05190", "2006-12-31": "920.87100", "2006-09-30": "713.49300", "2006-06-30": "736.48000", "2006-03-31": "736.24100", "2005-12-31": "766.89300", "2005-09-30": "754.14100", "2005-06-30": "1044.03200", "2005-03-31": "990.51600"}, "Total Liabilities": {"2020-12-31": "13545.00000", "2020-09-30": "13491.10000", "2020-06-30": "9262.60000", "2020-03-31": "8546.50000", "2019-12-31": "8617.00000", "2019-09-30": "9247.80000", "2019-06-30": "7557.30000", "2019-03-31": "7276.70000", "2018-12-31": "7511.00000", "2018-09-30": "7690.20000", "2018-06-30": "8058.10000", "2018-03-31": "6918.60000", "2017-12-31": "7452.80000", "2017-09-30": "7787.68900", "2017-06-30": "8012.80200", "2017-03-31": "8259.26400", "2016-12-31": "8536.06200", "2016-09-30": "4767.62100", "2016-06-30": "4746.10100", "2016-03-31": "4783.17300", "2015-12-31": "4869.41800", "2015-09-30": "4304.09400", "2015-06-30": "4014.74700", "2015-03-31": "4167.22700", "2014-12-31": "3644.82500", "2014-09-30": "3862.04200", "2014-06-30": "3714.13100", "2014-03-31": "3832.45800", "2013-12-31": "3971.93100", "2013-09-30": "4182.76200", "2013-06-30": "4324.19400", "2013-03-31": "3270.81400", "2012-12-31": "3383.37800", "2012-09-30": "3463.02000", "2012-06-30": "2088.17000", "2012-03-31": "2098.43800", "2011-12-31": "2124.32100", "2011-09-30": "2189.77500", "2011-06-30": "2280.43800", "2011-03-31": "2214.76500", "2010-12-31": "2318.61700", "2010-09-30": "2419.75200", "2010-06-30": "1879.85000", "2010-03-31": "1841.39500", "2009-12-31": "1906.24600", "2009-09-30": "1779.34600", "2009-06-30": "1814.41200", "2009-03-31": "1881.02700", "2008-12-31": "1967.60400", "2008-09-30": "2063.33900", "2008-06-30": "1804.96300", "2008-03-31": "1885.93600", "2007-12-31": "1663.37800", "2007-09-30": "1538.87700", "2007-06-30": "1580.89200", "2007-03-31": "1574.45000", "2006-12-31": "1508.52000", "2006-09-30": "1260.39900", "2006-06-30": "1265.29100", "2006-03-31": "1234.53400", "2005-12-31": "1272.51800", "2005-09-30": "1222.52700", "2005-06-30": "1288.17200", "2005-03-31": "1223.09100"}, "Common Stock Net": {"2020-12-31": "1.10000", "2020-09-30": "1.10000", "2020-06-30": "1.10000", "2020-03-31": "1.10000", "2019-12-31": "1.10000", "2019-09-30": "1.10000", "2019-06-30": "1.10000", "2019-03-31": "1.10000", "2018-12-31": "1.10000", "2018-09-30": "1.10000", "2018-06-30": "1.10000", "2018-03-31": "1.00000", "2017-12-31": "1.00000", "2017-09-30": "1.04300", "2017-06-30": "1.04100", "2017-03-31": "1.03900", "2016-12-31": "1.03600", "2016-09-30": "1.03300", "2016-06-30": "1.03300", "2016-03-31": "1.03100", "2015-12-31": "1.02800", "2015-09-30": "1.02600", "2015-06-30": "1.02600", "2015-03-31": "1.02500", "2014-12-31": "1.02100", "2014-09-30": "1.02100", "2014-06-30": "1.02000", "2014-03-31": "1.01700", "2013-12-31": "1.01300", "2013-09-30": "1.01300", "2013-06-30": "1.01200", "2013-03-31": "1.01000", "2012-12-31": "1.00600", "2012-09-30": "1.00300", "2012-06-30": "0.99600", "2012-03-31": "0.99300", "2011-12-31": "0.98700", "2011-09-30": "0.98200", "2011-06-30": "0.98100", "2011-03-31": "0.97700", "2010-12-31": "0.97100", "2010-09-30": "0.96700", "2010-06-30": "0.96300", "2010-03-31": "0.96000", "2009-12-31": "0.95800", "2009-09-30": "0.93100", "2009-06-30": "0.92800", "2009-03-31": "0.92700", "2008-12-31": "0.91900", "2008-09-30": "0.91900", "2008-06-30": "0.91800", "2008-03-31": "0.91600", "2007-12-31": "0.91000", "2007-09-30": "0.90900", "2007-06-30": "0.90800", "2007-03-31": "0.90500", "2006-12-31": "0.90000", "2006-09-30": "0.89500", "2006-06-30": "0.89300", "2006-03-31": "0.89100", "2005-12-31": "0.88300", "2005-09-30": "0.88100", "2005-06-30": "0.44000", "2005-03-31": "0.43700"}, "Retained Earnings (Accumulated Deficit)": {"2020-12-31": "8546.20000", "2020-09-30": "8349.40000", "2020-06-30": "8168.70000", "2020-03-31": "8003.10000", "2019-12-31": "7818.00000", "2019-09-30": "7000.30000", "2019-06-30": "6771.00000", "2019-03-31": "6569.40000", "2018-12-31": "6247.70000", "2018-09-30": "6038.40000", "2018-06-30": "5833.40000", "2018-03-31": "5647.60000", "2017-12-31": "5464.60000", "2017-09-30": "5062.92600", "2017-06-30": "4908.49200", "2017-03-31": "4764.71100", "2016-12-31": "4642.40200", "2016-09-30": "4495.90700", "2016-06-30": "4359.25800", "2016-03-31": "4231.58900", "2015-12-31": "4110.53000", "2015-09-30": "3932.19500", "2015-06-30": "3796.95700", "2015-03-31": "3650.84300", "2014-12-31": "3520.20100", "2014-09-30": "3359.29700", "2014-06-30": "3223.81800", "2014-03-31": "3086.46500", "2013-12-31": "2959.19600", "2013-09-30": "2813.35600", "2013-06-30": "2693.42100", "2013-03-31": "2598.43400", "2012-12-31": "2489.85800", "2012-09-30": "2362.60600", "2012-06-30": "2259.42200", "2012-03-31": "2158.03700", "2011-12-31": "2063.11000", "2011-09-30": "1954.72800", "2011-06-30": "1855.02500", "2011-03-31": "1759.28200", "2010-12-31": "1680.84900", "2010-09-30": "1583.99700", "2010-06-30": "1508.72400", "2010-03-31": "1446.39000", "2009-12-31": "1395.58600", "2009-09-30": "1332.55500", "2009-06-30": "1283.65200", "2009-03-31": "1231.55800", "2008-12-31": "1187.46700", "2008-09-30": "1139.86300", "2008-06-30": "1071.16500", "2008-03-31": "1001.98900", "2007-12-31": "944.88600", "2007-09-30": "879.09300", "2007-06-30": "819.71800", "2007-03-31": "764.24500", "2006-12-31": "721.89900", "2006-09-30": "670.87300", "2006-06-30": "625.18000", "2006-03-31": "582.18700", "2005-12-31": "549.60300", "2005-09-30": "504.31100", "2005-06-30": "469.69000", "2005-03-31": "438.67400"}, "Comprehensive Income": {"2020-12-31": "-147.00000", "2020-09-30": "-241.40000", "2020-06-30": "-284.80000", "2020-03-31": "-341.00000", "2019-12-31": "-212.80000", "2019-09-30": "-285.10000", "2019-06-30": "-243.20000", "2019-03-31": "-214.60000", "2018-12-31": "-243.30000", "2018-09-30": "-199.60000", "2018-06-30": "-204.60000", "2018-03-31": "-128.40000", "2017-12-31": "-186.20000", "2017-09-30": "-177.27700", "2017-06-30": "-244.81200", "2017-03-31": "-294.32700", "2016-12-31": "-324.73900", "2016-09-30": "-248.45200", "2016-06-30": "-257.50600", "2016-03-31": "-211.03600", "2015-12-31": "-212.77900", "2015-09-30": "-177.47200", "2015-06-30": "-127.78800", "2015-03-31": "-165.00000", "2014-12-31": "-71.92700", "2014-09-30": "-10.68000", "2014-06-30": "50.07500", "2014-03-31": "30.27200", "2013-12-31": "43.08300", "2013-09-30": "48.31800", "2013-06-30": "16.41600", "2013-03-31": "20.04800", "2012-12-31": "58.53700", "2012-09-30": "56.14800", "2012-06-30": "19.75300", "2012-03-31": "52.96100", "2011-12-31": "33.80000", "2011-09-30": "45.68100", "2011-06-30": "73.42700", "2011-03-31": "81.18800", "2010-12-31": "43.97800", "2010-09-30": "52.51400", "2010-06-30": "15.67700", "2010-03-31": "32.69400", "2009-12-31": "63.94500", "2009-09-30": "63.42500", "2009-06-30": "46.67300", "2009-03-31": "2.01400", "2008-12-31": "21.51300", "2008-09-30": "100.43100", "2008-06-30": "127.57400", "2008-03-31": "130.21900", "2007-12-31": "108.73200", "2007-09-30": "105.98800", "2007-06-30": "84.63800", "2007-03-31": "69.53200", "2006-12-31": "68.66600", "2006-09-30": "70.95800", "2006-06-30": "67.71000", "2006-03-31": "55.34500", "2005-12-31": "51.73100", "2005-09-30": "53.08500", "2005-06-30": "54.39500", "2005-03-31": "63.87000"}, "Other Share Holders Equity": {"2020-12-31": "", "2020-09-30": "", "2020-06-30": "", "2020-03-31": "", "2019-12-31": "", "2019-09-30": "", "2019-06-30": "", "2019-03-31": "", "2018-12-31": "", "2018-09-30": "", "2018-06-30": "", "2018-03-31": "", "2017-12-31": "", "2017-09-30": "", "2017-06-30": "", "2017-03-31": "", "2016-12-31": "", "2016-09-30": "", "2016-06-30": "", "2016-03-31": "", "2015-12-31": "", "2015-09-30": "", "2015-06-30": "", "2015-03-31": "", "2014-12-31": "", "2014-09-30": "", "2014-06-30": "", "2014-03-31": "", "2013-12-31": "", "2013-09-30": "", "2013-06-30": "", "2013-03-31": "", "2012-12-31": "", "2012-09-30": "", "2012-06-30": "", "2012-03-31": "", "2011-12-31": "", "2011-09-30": "", "2011-06-30": "", "2011-03-31": "", "2010-12-31": "", "2010-09-30": "", "2010-06-30": "", "2010-03-31": "", "2009-12-31": "", "2009-09-30": "", "2009-06-30": "", "2009-03-31": "", "2008-12-31": "", "2008-09-30": "", "2008-06-30": "", "2008-03-31": "", "2007-12-31": "", "2007-09-30": "", "2007-06-30": "", "2007-03-31": "", "2006-12-31": "", "2006-09-30": "", "2006-06-30": "", "2006-03-31": "", "2005-12-31": "", "2005-09-30": "-8.65900", "2005-06-30": "-9.23500", "2005-03-31": "-4.71800"}, "Share Holder Equity": {"2020-12-31": "10479.80000", "2020-09-30": "10160.90000", "2020-06-30": "9879.70000", "2020-03-31": "9591.30000", "2019-12-31": "9491.90000", "2019-09-30": "8571.30000", "2019-06-30": "8351.00000", "2019-03-31": "8137.40000", "2018-12-31": "7738.50000", "2018-09-30": "7554.90000", "2018-06-30": "7302.90000", "2018-03-31": "7155.50000", "2017-12-31": "6863.60000", "2017-09-30": "6458.98400", "2017-06-30": "6200.48600", "2017-03-31": "5970.79000", "2016-12-31": "5788.86500", "2016-09-30": "5712.50700", "2016-06-30": "5551.01700", "2016-03-31": "5441.23500", "2015-12-31": "5298.94700", "2015-09-30": "5128.90500", "2015-06-30": "5019.34900", "2015-03-31": "4807.39500", "2014-12-31": "4755.36000", "2014-09-30": "4648.22400", "2014-06-30": "4548.01500", "2014-03-31": "4357.24500", "2013-12-31": "4213.05000", "2013-09-30": "4062.81300", "2013-06-30": "3889.54800", "2013-03-31": "3782.17600", "2012-12-31": "3687.72600", "2012-09-30": "3586.61800", "2012-06-30": "3414.01100", "2012-03-31": "3332.34400", "2011-12-31": "3195.09600", "2011-09-30": "3068.66300", "2011-06-30": "2983.55400", "2011-03-31": "2882.12900", "2010-12-31": "2750.90700", "2010-09-30": "2636.37500", "2010-06-30": "2507.47700", "2010-03-31": "2448.16600", "2009-12-31": "2421.49000", "2009-09-30": "2222.47500", "2009-06-30": "2145.23800", "2009-03-31": "2039.84100", "2008-12-31": "2003.93400", "2008-09-30": "2010.09200", "2008-06-30": "1957.52000", "2008-03-31": "1875.76800", "2007-12-31": "1789.80600", "2007-09-30": "1713.19100", "2007-06-30": "1623.41300", "2007-03-31": "1538.33000", "2006-12-31": "1486.83900", "2006-09-30": "1419.47900", "2006-06-30": "1361.45300", "2006-03-31": "1298.97100", "2005-12-31": "1249.78800", "2005-09-30": "1201.58700", "2005-06-30": "1161.47900", "2005-03-31": "1132.98300"}, "Total Liabilities And Share Holders Equity": {"2020-12-31": "24024.80000", "2020-09-30": "23652.00000", "2020-06-30": "19142.30000", "2020-03-31": "18137.80000", "2019-12-31": "18108.90000", "2019-09-30": "17819.10000", "2019-06-30": "15908.30000", "2019-03-31": "15414.10000", "2018-12-31": "15249.50000", "2018-09-30": "15245.10000", "2018-06-30": "15361.00000", "2018-03-31": "14074.10000", "2017-12-31": "14316.40000", "2017-09-30": "14246.67000", "2017-06-30": "14213.29000", "2017-03-31": "14230.05000", "2016-12-31": "14324.93000", "2016-09-30": "10480.13000", "2016-06-30": "10297.12000", "2016-03-31": "10224.41000", "2015-12-31": "10168.37000", "2015-09-30": "9432.99900", "2015-06-30": "9034.09600", "2015-03-31": "8974.62200", "2014-12-31": "8400.18500", "2014-09-30": "8510.26600", "2014-06-30": "8262.14600", "2014-03-31": "8189.70300", "2013-12-31": "8184.98100", "2013-09-30": "8245.57500", "2013-06-30": "8213.74200", "2013-03-31": "7052.99000", "2012-12-31": "7071.10400", "2012-09-30": "7049.63800", "2012-06-30": "5502.18100", "2012-03-31": "5430.78200", "2011-12-31": "5319.41700", "2011-09-30": "5258.43800", "2011-06-30": "5263.99200", "2011-03-31": "5096.89400", "2010-12-31": "5069.52400", "2010-09-30": "5056.12700", "2010-06-30": "4387.32700", "2010-03-31": "4289.56100", "2009-12-31": "4327.73600", "2009-09-30": "4001.82100", "2009-06-30": "3959.65000", "2009-03-31": "3920.86800", "2008-12-31": "3971.53800", "2008-09-30": "4073.43100", "2008-06-30": "3762.48300", "2008-03-31": "3761.70400", "2007-12-31": "3453.18400", "2007-09-30": "3252.06800", "2007-06-30": "3204.30500", "2007-03-31": "3112.78000", "2006-12-31": "2995.35900", "2006-09-30": "2679.87800", "2006-06-30": "2626.74400", "2006-03-31": "2533.50500", "2005-12-31": "2522.30600", "2005-09-30": "2424.11400", "2005-06-30": "2449.65100", "2005-03-31": "2356.07400"}}, "cash flow statement": {"Net Income/Loss": {"2020-12-31": "0.00000", "2019-12-31": "1767.90000", "2018-12-31": "944.40000", "2017-12-31": "971.80000", "2016-12-31": "658.60000", "2015-12-31": "696.06700", "2014-12-31": "646.03300", "2013-12-31": "538.29300", "2012-12-31": "483.36000", "2011-12-31": "427.24700", "2010-12-31": "322.58000", "2009-12-31": "239.48100", "2008-12-31": "281.87400", "2007-12-31": "245.70500", "2006-12-31": "193.32400", "2005-12-31": "153.17500"}, "Total Depreciation And Amortization - Cash Flow": {"2020-12-31": "", "2019-12-31": "423.30000", "2018-12-31": "373.30000", "2017-12-31": "352.20000", "2016-12-31": "246.10000", "2015-12-31": "208.39700", "2014-12-31": "201.28700", "2013-12-31": "193.10800", "2012-12-31": "157.14700", "2011-12-31": "142.50500", "2010-12-31": "125.38300", "2009-12-31": "106.02100", "2008-12-31": "103.10800", "2007-12-31": "93.18000", "2006-12-31": "82.04400", "2005-12-31": "71.31900"}, "Other Non-Cash Items": {"2020-12-31": "", "2019-12-31": "-622.20000", "2018-12-31": "149.70000", "2017-12-31": "73.70000", "2016-12-31": "79.70000", "2015-12-31": "-9.09400", "2014-12-31": "63.02700", "2013-12-31": "53.13300", "2012-12-31": "40.77300", "2011-12-31": "31.73000", "2010-12-31": "25.15000", "2009-12-31": "27.47600", "2008-12-31": "30.90500", "2007-12-31": "20.68800", "2006-12-31": "15.41500", "2005-12-31": "4.32300"}, "Total Non-Cash Items": {"2020-12-31": "", "2019-12-31": "-198.90000", "2018-12-31": "523.00000", "2017-12-31": "425.90000", "2016-12-31": "325.80000", "2015-12-31": "199.30300", "2014-12-31": "264.31400", "2013-12-31": "246.24100", "2012-12-31": "197.92000", "2011-12-31": "174.23500", "2010-12-31": "150.53300", "2009-12-31": "133.49700", "2008-12-31": "134.01300", "2007-12-31": "113.86800", "2006-12-31": "97.45900", "2005-12-31": "75.64200"}, "Change In Accounts Receivable": {"2020-12-31": "", "2019-12-31": "-46.70000", "2018-12-31": "-83.50000", "2017-12-31": "-6.70000", "2016-12-31": "-20.70000", "2015-12-31": "52.59700", "2014-12-31": "-0.40400", "2013-12-31": "32.80000", "2012-12-31": "-16.45500", "2011-12-31": "-33.33300", "2010-12-31": "-9.69700", "2009-12-31": "26.97800", "2008-12-31": "14.60900", "2007-12-31": "-21.24300", "2006-12-31": "-34.58000", "2005-12-31": "-10.53100"}, "Change In Inventories": {"2020-12-31": "", "2019-12-31": "-17.30000", "2018-12-31": "-21.80000", "2017-12-31": "-15.30000", "2016-12-31": "6.30000", "2015-12-31": "-1.15000", "2014-12-31": "6.34900", "2013-12-31": "-12.68700", "2012-12-31": "18.36100", "2011-12-31": "-23.03300", "2010-12-31": "-5.68700", "2009-12-31": "31.08100", "2008-12-31": "-8.72800", "2007-12-31": "-0.48900", "2006-12-31": "-14.44200", "2005-12-31": "9.88100"}, "Change In Accounts Payable": {"2020-12-31": "", "2019-12-31": "", "2018-12-31": "", "2017-12-31": "", "2016-12-31": "", "2015-12-31": "", "2014-12-31": "", "2013-12-31": "", "2012-12-31": "", "2011-12-31": "", "2010-12-31": "", "2009-12-31": "", "2008-12-31": "", "2007-12-31": "", "2006-12-31": "", "2005-12-31": ""}, "Change In Assets/Liabilities": {"2020-12-31": "", "2019-12-31": "96.80000", "2018-12-31": "72.60000", "2017-12-31": "61.40000", "2016-12-31": "24.00000", "2015-12-31": "-13.60500", "2014-12-31": "-38.50700", "2013-12-31": "-14.75400", "2012-12-31": "-5.12200", "2011-12-31": "11.75900", "2010-12-31": "-16.11500", "2009-12-31": "4.01500", "2008-12-31": "-0.95000", "2007-12-31": "-30.97100", "2006-12-31": "-5.03200", "2005-12-31": "-3.87700"}, "Total Change In Assets/Liabilities": {"2020-12-31": "", "2019-12-31": "-84.80000", "2018-12-31": "-31.50000", "2017-12-31": "-144.30000", "2016-12-31": "-17.80000", "2015-12-31": "32.51900", "2014-12-31": "-71.43400", "2013-12-31": "22.23700", "2012-12-31": "-9.99500", "2011-12-31": "-5.73400", "2010-12-31": "31.16400", "2009-12-31": "-2.95200", "2008-12-31": "11.46500", "2007-12-31": "-16.97600", "2006-12-31": "-25.61700", "2005-12-31": "48.34600"}, "Cash Flow From Operating Activities": {"2020-12-31": "", "2019-12-31": "1461.80000", "2018-12-31": "1430.10000", "2017-12-31": "1234.50000", "2016-12-31": "963.80000", "2015-12-31": "928.82500", "2014-12-31": "840.44100", "2013-12-31": "802.55300", "2012-12-31": "677.85200", "2011-12-31": "601.61800", "2010-12-31": "499.54000", "2009-12-31": "367.49900", "2008-12-31": "434.43800", "2007-12-31": "343.80700", "2006-12-31": "262.53800", "2005-12-31": "281.30100"}, "Net Change In Property, Plant, And Equipment": {"2020-12-31": "", "2019-12-31": "-62.90000", "2018-12-31": "-58.60000", "2017-12-31": "-59.60000", "2016-12-31": "-40.10000", "2015-12-31": "-38.69900", "2014-12-31": "-40.23200", "2013-12-31": "-42.52800", "2012-12-31": "-38.40500", "2011-12-31": "-40.70200", "2010-12-31": "-28.59100", "2009-12-31": "-25.88500", "2008-12-31": "-30.04700", "2007-12-31": "-30.10700", "2006-12-31": "-32.15300", "2005-12-31": "-24.76200"}, "Net Change In Intangible Assets": {"2020-12-31": "", "2019-12-31": "", "2018-12-31": "", "2017-12-31": "", "2016-12-31": "", "2015-12-31": "", "2014-12-31": "", "2013-12-31": "", "2012-12-31": "", "2011-12-31": "", "2010-12-31": "", "2009-12-31": "", "2008-12-31": "", "2007-12-31": "", "2006-12-31": "", "2005-12-31": ""}, "Net Acquisitions/Divestitures": {"2020-12-31": "", "2019-12-31": "-1230.50000", "2018-12-31": "-1275.80000", "2017-12-31": "-153.70000", "2016-12-31": "-3721.80000", "2015-12-31": "-1657.25900", "2014-12-31": "-305.37900", "2013-12-31": "-1074.41300", "2012-12-31": "-1467.77200", "2011-12-31": "-233.59400", "2010-12-31": "-536.41300", "2009-12-31": "-354.56100", "2008-12-31": "-704.76400", "2007-12-31": "-106.94200", "2006-12-31": "-352.12500", "2005-12-31": "-329.93400"}, "Net Change In Short-term Investments": {"2020-12-31": "", "2019-12-31": "", "2018-12-31": "", "2017-12-31": "", "2016-12-31": "", "2015-12-31": "", "2014-12-31": "", "2013-12-31": "", "2012-12-31": "", "2011-12-31": "", "2010-12-31": "", "2009-12-31": "", "2008-12-31": "", "2007-12-31": "", "2006-12-31": "", "2005-12-31": ""}, "Net Change In Long-Term Investments": {"2020-12-31": "", "2019-12-31": "", "2018-12-31": "", "2017-12-31": "", "2016-12-31": "", "2015-12-31": "", "2014-12-31": "", "2013-12-31": "", "2012-12-31": "", "2011-12-31": "", "2010-12-31": "", "2009-12-31": "", "2008-12-31": "", "2007-12-31": "", "2006-12-31": "", "2005-12-31": ""}, "Net Change In Investments - Total": {"2020-12-31": "", "2019-12-31": "", "2018-12-31": "", "2017-12-31": "", "2016-12-31": "", "2015-12-31": "", "2014-12-31": "", "2013-12-31": "", "2012-12-31": "", "2011-12-31": "", "2010-12-31": "", "2009-12-31": "", "2008-12-31": "", "2007-12-31": "", "2006-12-31": "", "2005-12-31": ""}, "Investing Activities - Other": {"2020-12-31": "", "2019-12-31": "-2.60000", "2018-12-31": "-0.70000", "2017-12-31": "3.70000", "2016-12-31": "9.00000", "2015-12-31": "-2.37400", "2014-12-31": "-2.49400", "2013-12-31": "1.07800", "2012-12-31": "0.63200", "2011-12-31": "-1.45300", "2010-12-31": "1.73000", "2009-12-31": "6.25400", "2008-12-31": "-4.48300", "2007-12-31": "-5.33900", "2006-12-31": "-2.38700", "2005-12-31": "-1.17400"}, "Cash Flow From Investing Activities": {"2020-12-31": "", "2019-12-31": "-1296.00000", "2018-12-31": "-1335.10000", "2017-12-31": "-209.60000", "2016-12-31": "-3752.90000", "2015-12-31": "-1698.33200", "2014-12-31": "-348.10500", "2013-12-31": "-1115.86300", "2012-12-31": "-1505.54500", "2011-12-31": "-275.74900", "2010-12-31": "-563.27400", "2009-12-31": "-374.19200", "2008-12-31": "-739.29400", "2007-12-31": "-142.38800", "2006-12-31": "-386.66500", "2005-12-31": "-355.87000"}, "Net Long-Term Debt": {"2020-12-31": "", "2019-12-31": "1200.00000", "2018-12-31": "200.00000", "2017-12-31": "-400.00000", "2016-12-31": "1181.50000", "2015-12-31": "882.86800", "2014-12-31": "-252.07900", "2013-12-31": "437.17400", "2012-12-31": "766.05500", "2011-12-31": "-26.45700", "2010-12-31": "-23.41100", "2009-12-31": "25.73000", "2008-12-31": "-107.74500", "2007-12-31": "234.50000", "2006-12-31": "-32.75000", "2005-12-31": "7.84800"}, "Net Current Debt": {"2020-12-31": "", "2019-12-31": "-865.00000", "2018-12-31": "-405.00000", "2017-12-31": "-660.00000", "2016-12-31": "1750.00000", "2015-12-31": "180.00000", "2014-12-31": "", "2013-12-31": "", "2012-12-31": "100.00000", "2011-12-31": "-230.00000", "2010-12-31": "190.00000", "2009-12-31": "-139.00000", "2008-12-31": "313.00000", "2007-12-31": "-206.90000", "2006-12-31": "158.41300", "2005-12-31": ""}, "Debt Issuance/Retirement Net - Total": {"2020-12-31": "", "2019-12-31": "335.00000", "2018-12-31": "-205.00000", "2017-12-31": "-1060.00000", "2016-12-31": "2931.50000", "2015-12-31": "1062.86800", "2014-12-31": "-252.07900", "2013-12-31": "437.17400", "2012-12-31": "866.05500", "2011-12-31": "-256.45700", "2010-12-31": "166.58900", "2009-12-31": "-113.27000", "2008-12-31": "205.25500", "2007-12-31": "27.60000", "2006-12-31": "125.66300", "2005-12-31": "7.84800"}, "Net Common Equity Issued/Repurchased": {"2020-12-31": "", "2019-12-31": "41.70000", "2018-12-31": "16.00000", "2017-12-31": "32.70000", "2016-12-31": "13.30000", "2015-12-31": "21.20100", "2014-12-31": "13.21400", "2013-12-31": "10.39300", "2012-12-31": "39.87400", "2011-12-31": "30.27100", "2010-12-31": "30.74400", "2009-12-31": "133.64900", "2008-12-31": "12.93100", "2007-12-31": "17.02600", "2006-12-31": "22.25900", "2005-12-31": "15.68600"}, "Net Total Equity Issued/Repurchased": {"2020-12-31": "", "2019-12-31": "41.70000", "2018-12-31": "16.00000", "2017-12-31": "32.70000", "2016-12-31": "13.30000", "2015-12-31": "21.20100", "2014-12-31": "13.21400", "2013-12-31": "10.39300", "2012-12-31": "39.87400", "2011-12-31": "30.27100", "2010-12-31": "30.74400", "2009-12-31": "133.64900", "2008-12-31": "12.93100", "2007-12-31": "17.02600", "2006-12-31": "22.25900", "2005-12-31": "15.68600"}, "Total Common And Preferred Stock Dividends Paid": {"2020-12-31": "", "2019-12-31": "-191.70000", "2018-12-31": "-170.10000", "2017-12-31": "-142.80000", "2016-12-31": "-121.10000", "2015-12-31": "-100.33400", "2014-12-31": "-79.85900", "2013-12-31": "-49.09200", "2012-12-31": "-69.90300", "2011-12-31": "-42.09000", "2010-12-31": "-35.70600", "2009-12-31": "-29.82300", "2008-12-31": "-25.88700", "2007-12-31": "-22.95400", "2006-12-31": "-20.40200", "2005-12-31": "-18.15100"}, "Financial Activities - Other": {"2020-12-31": "", "2019-12-31": "-8.00000", "2018-12-31": "-29.00000", "2017-12-31": "0.10000", "2016-12-31": "-18.40000", "2015-12-31": "12.50700", "2014-12-31": "20.62000", "2013-12-31": "5.15800", "2012-12-31": "17.84400", "2011-12-31": "11.59700", "2010-12-31": "5.98200", "2009-12-31": "-4.15300", "2008-12-31": "-4.38000", "2007-12-31": "7.87600", "2006-12-31": "10.77100", "2005-12-31": ""}, "Cash Flow From Financial Activities": {"2020-12-31": "", "2019-12-31": "177.00000", "2018-12-31": "-388.10000", "2017-12-31": "-1170.00000", "2016-12-31": "2805.30000", "2015-12-31": "996.24200", "2014-12-31": "-298.10400", "2013-12-31": "403.63300", "2012-12-31": "853.87000", "2011-12-31": "-256.67900", "2010-12-31": "167.60900", "2009-12-31": "-13.59700", "2008-12-31": "187.91900", "2007-12-31": "29.54800", "2006-12-31": "138.29100", "2005-12-31": "5.38300"}, "Net Cash Flow": {"2020-12-31": "", "2019-12-31": "345.30000", "2018-12-31": "-306.90000", "2017-12-31": "-85.90000", "2016-12-31": "-21.30000", "2015-12-31": "168.08100", "2014-12-31": "150.71000", "2013-12-31": "89.13000", "2012-12-31": "32.48900", "2011-12-31": "67.70700", "2010-12-31": "102.68600", "2009-12-31": "-10.36100", "2008-12-31": "-130.69900", "2007-12-31": "239.29000", "2006-12-31": "16.36200", "2005-12-31": "-76.30300"}, "Stock-Based Compensation": {"2020-12-31": "", "2019-12-31": "104.50000", "2018-12-31": "133.80000", "2017-12-31": "83.10000", "2016-12-31": "78.80000", "2015-12-31": "61.76600", "2014-12-31": "63.02700", "2013-12-31": "53.13300", "2012-12-31": "40.77300", "2011-12-31": "31.73000", "2010-12-31": "25.15000", "2009-12-31": "27.47600", "2008-12-31": "30.90500", "2007-12-31": "20.68800", "2006-12-31": "15.41500", "2005-12-31": "4.32300"}, "Common Stock Dividends Paid": {"2020-12-31": "", "2019-12-31": "-191.70000", "2018-12-31": "-170.10000", "2017-12-31": "-142.80000", "2016-12-31": "-121.10000", "2015-12-31": "-100.33400", "2014-12-31": "-79.85900", "2013-12-31": "-49.09200", "2012-12-31": "-69.90300", "2011-12-31": "-42.09000", "2010-12-31": "-35.70600", "2009-12-31": "-29.82300", "2008-12-31": "-25.88700", "2007-12-31": "-22.95400", "2006-12-31": "-20.40200", "2005-12-31": "-18.15100"}}, "cash flow statement, quarterly": {"Net Income/Loss": {"2020-12-31": -693.9, "2020-09-30": 234.4, "2020-06-30": 219.2, "2020-03-31": "240.30000", "2019-12-31": 871.1, "2019-09-30": 277.5, "2019-06-30": 249.7, "2019-03-31": "369.60000", "2018-12-31": 257.1, "2018-09-30": 247.6, "2018-06-30": 228.4, "2018-03-31": "211.30000", "2017-12-31": 443.9, "2017-09-30": 190.3, "2017-06-30": 179.5, "2017-03-31": "158.10000", "2016-12-31": 182.036, "2016-09-30": 167.079, "2016-06-30": 158.069, "2016-03-31": "151.41600", "2015-12-31": 208.597, "2015-09-30": 160.417, "2015-06-30": 171.28, "2015-03-31": "155.77300", "2014-12-31": 185.936, "2014-09-30": 155.51, "2014-06-30": 157.361, "2014-03-31": "147.22600", "2013-12-31": 165.703, "2013-09-30": 136.323, "2013-06-30": 111.353, "2013-03-31": "124.91400", "2012-12-31": 143.53, "2012-09-30": 116.708, "2012-06-30": 114.813, "2012-03-31": "108.30900", "2011-12-31": 121.676, "2011-09-30": 110.281, "2011-06-30": 106.311, "2011-03-31": "88.97900", "2010-12-31": 107.311, "2010-09-30": 84.263, "2010-06-30": 71.281, "2010-03-31": "59.72500", "2009-12-31": 71.924, "2009-09-30": 56.41, "2009-06-30": 59.588, "2009-03-31": "51.55900", "2008-12-31": 70.871, "2008-09-30": 74.029, "2008-06-30": 74.523, "2008-03-31": "62.45100", "2007-12-31": 67.902, "2007-09-30": 65.14, "2007-06-30": 61.229, "2007-03-31": "51.43400", "2006-12-31": 56.731, "2006-09-30": 50.814, "2006-06-30": 48.093, "2006-03-31": "37.68600", "2005-12-31": 50.408, "2005-09-30": 39.194, "2005-06-30": 35.562, "2005-03-31": "28.01100"}, "Total Depreciation And Amortization - Cash Flow": {"2020-12-31": -365.5, "2020-09-30": 133.1, "2020-06-30": 115.7, "2020-03-31": "116.70000", "2019-12-31": 119, "2019-09-30": 108.2, "2019-06-30": 99.8, "2019-03-31": "96.30000", "2018-12-31": 95.8, "2018-09-30": 96.1, "2018-06-30": 91.9, "2018-03-31": "89.50000", "2017-12-31": 88.5, "2017-09-30": 88.6, "2017-06-30": 87.9, "2017-03-31": "87.20000", "2016-12-31": 64.917, "2016-09-30": 59.695, "2016-06-30": 60.878, "2016-03-31": "60.61000", "2015-12-31": 57.175, "2015-09-30": 51.045, "2015-06-30": 50.868, "2015-03-31": "49.30900", "2014-12-31": 50.663, "2014-09-30": 51.038, "2014-06-30": 49.881, "2014-03-31": "49.70500", "2013-12-31": 50.713, "2013-09-30": 50.057, "2013-06-30": 48.06, "2013-03-31": "44.27800", "2012-12-31": 44.597, "2012-09-30": 40.13, "2012-06-30": 36.362, "2012-03-31": "36.05800", "2011-12-31": 36.008, "2011-09-30": 36.185, "2011-06-30": 35.411, "2011-03-31": "34.90100", "2010-12-31": 34.91, "2010-09-30": 32.842, "2010-06-30": 28.537, "2010-03-31": "29.09400", "2009-12-31": 27.333, "2009-09-30": 25.507, "2009-06-30": 26.279, "2009-03-31": "26.90200", "2008-12-31": 27.745, "2008-09-30": 26.591, "2008-06-30": 25.251, "2008-03-31": "23.52100", "2007-12-31": 22.977, "2007-09-30": 23.931, "2007-06-30": 23.645, "2007-03-31": "22.62700", "2006-12-31": 21.718, "2006-09-30": 20.863, "2006-06-30": 20.454, "2006-03-31": "19.00900", "2005-12-31": 18.492, "2005-09-30": 18.135, "2005-06-30": 16.964, "2005-03-31": "17.72800"}, "Other Non-Cash Items": {"2020-12-31": -84.4, "2020-09-30": 36.2, "2020-06-30": 20.5, "2020-03-31": "27.70000", "2019-12-31": -726.2, "2019-09-30": 177.6, "2019-06-30": 30.1, "2019-03-31": "-103.70000", "2018-12-31": 52.7, "2018-09-30": 43, "2018-06-30": 28, "2018-03-31": "26.00000", "2017-12-31": 15.5, "2017-09-30": 23.7, "2017-06-30": 13.5, "2017-03-31": "21.00000", "2016-12-31": 19.22, "2016-09-30": 21.388, "2016-06-30": 20.113, "2016-03-31": "18.97900", "2015-12-31": -56.129, "2015-09-30": 17.597, "2015-06-30": 15.637, "2015-03-31": "13.80100", "2014-12-31": 16.016, "2014-09-30": 16.998, "2014-06-30": 15.442, "2014-03-31": "14.57100", "2013-12-31": 13.093, "2013-09-30": 13.756, "2013-06-30": 13.307, "2013-03-31": "12.97700", "2012-12-31": 10.63, "2012-09-30": 10.439, "2012-06-30": 9.75, "2012-03-31": "9.95400", "2011-12-31": 8.264, "2011-09-30": 7.658, "2011-06-30": 7.696, "2011-03-31": "8.11200", "2010-12-31": 5.766, "2010-09-30": 6.266, "2010-06-30": 6.11, "2010-03-31": "7.00800", "2009-12-31": 6.655, "2009-09-30": 6.74, "2009-06-30": 7.096, "2009-03-31": "6.98500", "2008-12-31": 8.057, "2008-09-30": 22.848, "2008-06-30": 0, "2008-03-31": "", "2007-12-31": 20.688, "2007-09-30": 0, "2007-06-30": 0, "2007-03-31": "", "2006-12-31": 15.415, "2006-09-30": 0, "2006-06-30": 0, "2006-03-31": "", "2005-12-31": 4.323, "2005-09-30": 0, "2005-06-30": 0, "2005-03-31": ""}, "Total Non-Cash Items": {"2020-12-31": -449.9, "2020-09-30": 169.3, "2020-06-30": 136.2, "2020-03-31": "144.40000", "2019-12-31": -607.2, "2019-09-30": 285.8, "2019-06-30": 129.9, "2019-03-31": "-7.40000", "2018-12-31": 148.5, "2018-09-30": 139.1, "2018-06-30": 119.9, "2018-03-31": "115.50000", "2017-12-31": 104, "2017-09-30": 112.3, "2017-06-30": 101.4, "2017-03-31": "108.20000", "2016-12-31": 84.137, "2016-09-30": 81.083, "2016-06-30": 80.991, "2016-03-31": "79.58900", "2015-12-31": 1.046, "2015-09-30": 68.642, "2015-06-30": 66.505, "2015-03-31": "63.11000", "2014-12-31": 66.679, "2014-09-30": 68.036, "2014-06-30": 65.323, "2014-03-31": "64.27600", "2013-12-31": 63.806, "2013-09-30": 63.813, "2013-06-30": 61.367, "2013-03-31": "57.25500", "2012-12-31": 55.227, "2012-09-30": 50.569, "2012-06-30": 46.112, "2012-03-31": "46.01200", "2011-12-31": 44.272, "2011-09-30": 43.843, "2011-06-30": 43.107, "2011-03-31": "43.01300", "2010-12-31": 40.676, "2010-09-30": 39.108, "2010-06-30": 34.647, "2010-03-31": "36.10200", "2009-12-31": 33.988, "2009-09-30": 32.247, "2009-06-30": 33.375, "2009-03-31": "33.88700", "2008-12-31": 35.802, "2008-09-30": 49.439, "2008-06-30": 25.251, "2008-03-31": "23.52100", "2007-12-31": 43.665, "2007-09-30": 23.931, "2007-06-30": 23.645, "2007-03-31": "22.62700", "2006-12-31": 37.133, "2006-09-30": 20.863, "2006-06-30": 20.454, "2006-03-31": "19.00900", "2005-12-31": 22.815, "2005-09-30": 18.135, "2005-06-30": 16.964, "2005-03-31": "17.72800"}, "Change In Accounts Receivable": {"2020-12-31": -126.1, "2020-09-30": 76.5, "2020-06-30": -19.5, "2020-03-31": "69.10000", "2019-12-31": -98.8, "2019-09-30": 13.6, "2019-06-30": -50.4, "2019-03-31": "88.90000", "2018-12-31": -53.4, "2018-09-30": -1.7, "2018-06-30": -45.7, "2018-03-31": "17.30000", "2017-12-31": -36.8, "2017-09-30": -20, "2017-06-30": -23, "2017-03-31": "73.10000", "2016-12-31": -19.04, "2016-09-30": 12.296, "2016-06-30": 2.399, "2016-03-31": "-16.35500", "2015-12-31": 17.382, "2015-09-30": -5.645, "2015-06-30": 20.556, "2015-03-31": "20.30400", "2014-12-31": 4.821, "2014-09-30": -5.255, "2014-06-30": -4.552, "2014-03-31": "4.58200", "2013-12-31": -10.301, "2013-09-30": 32.465, "2013-06-30": -16.954, "2013-03-31": "27.59000", "2012-12-31": -23.14, "2012-09-30": 9.006, "2012-06-30": -22.987, "2012-03-31": "20.66600", "2011-12-31": -13.812, "2011-09-30": 7.214, "2011-06-30": -11.564, "2011-03-31": "-15.17100", "2010-12-31": -13.974, "2010-09-30": -14.117, "2010-06-30": 8.636, "2010-03-31": "9.75800", "2009-12-31": -26.325, "2009-09-30": 4.374, "2009-06-30": 18.515, "2009-03-31": "30.41400", "2008-12-31": 20.126, "2008-09-30": -5.517, "2008-06-30": 0, "2008-03-31": "", "2007-12-31": -21.243, "2007-09-30": 0, "2007-06-30": 0, "2007-03-31": "", "2006-12-31": -34.58, "2006-09-30": 0, "2006-06-30": 0, "2006-03-31": "", "2005-12-31": -10.531, "2005-09-30": 0, "2005-06-30": 0, "2005-03-31": ""}, "Change In Inventories": {"2020-12-31": 15.2, "2020-09-30": 3.9, "2020-06-30": -8.8, "2020-03-31": "-10.30000", "2019-12-31": 7.9, "2019-09-30": -6.8, "2019-06-30": 1.1, "2019-03-31": "-19.50000", "2018-12-31": 8.6, "2018-09-30": -15.2, "2018-06-30": -6.2, "2018-03-31": "-9.00000", "2017-12-31": 4.3, "2017-09-30": -6.4, "2017-06-30": -5.3, "2017-03-31": "-7.90000", "2016-12-31": 12.216, "2016-09-30": -5.812, "2016-06-30": 3.803, "2016-03-31": "-3.90700", "2015-12-31": 5.897, "2015-09-30": 0.925, "2015-06-30": -0.292, "2015-03-31": "-7.68000", "2014-12-31": 15.182, "2014-09-30": -2.318, "2014-06-30": -1.803, "2014-03-31": "-4.71200", "2013-12-31": 2.515, "2013-09-30": -4.84, "2013-06-30": 1.325, "2013-03-31": "-11.68700", "2012-12-31": 21.346, "2012-09-30": 2.467, "2012-06-30": 2.01, "2012-03-31": "-7.46200", "2011-12-31": 5.389, "2011-09-30": -3.11, "2011-06-30": -8.953, "2011-03-31": "-16.35900", "2010-12-31": 1.59, "2010-09-30": -6.279, "2010-06-30": 1.346, "2010-03-31": "-2.34400", "2009-12-31": 16.585, "2009-09-30": 5.756, "2009-06-30": 11.595, "2009-03-31": "-2.85500", "2008-12-31": 3.429, "2008-09-30": -12.157, "2008-06-30": 0, "2008-03-31": "", "2007-12-31": -0.489, "2007-09-30": 0, "2007-06-30": 0, "2007-03-31": "", "2006-12-31": -14.442, "2006-09-30": 0, "2006-06-30": 0, "2006-03-31": "", "2005-12-31": 9.881, "2005-09-30": 0, "2005-06-30": 0, "2005-03-31": ""}, "Change In Accounts Payable": {"2020-12-31": 0, "2020-09-30": 0, "2020-06-30": 0, "2020-03-31": "", "2019-12-31": 0, "2019-09-30": 0, "2019-06-30": 0, "2019-03-31": "", "2018-12-31": 0, "2018-09-30": 0, "2018-06-30": 0, "2018-03-31": "", "2017-12-31": 0, "2017-09-30": 0, "2017-06-30": 0, "2017-03-31": "", "2016-12-31": 0, "2016-09-30": 0, "2016-06-30": 0, "2016-03-31": "", "2015-12-31": 0, "2015-09-30": 0, "2015-06-30": 0, "2015-03-31": "", "2014-12-31": 0, "2014-09-30": 0, "2014-06-30": 0, "2014-03-31": "", "2013-12-31": 0, "2013-09-30": 0, "2013-06-30": 0, "2013-03-31": "", "2012-12-31": 0, "2012-09-30": 0, "2012-06-30": 0, "2012-03-31": "", "2011-12-31": 0, "2011-09-30": 0, "2011-06-30": 0, "2011-03-31": "", "2010-12-31": 0, "2010-09-30": 0, "2010-06-30": 0, "2010-03-31": "", "2009-12-31": 0, "2009-09-30": 0, "2009-06-30": 0, "2009-03-31": "", "2008-12-31": 0, "2008-09-30": 0, "2008-06-30": 0, "2008-03-31": "", "2007-12-31": 0, "2007-09-30": 0, "2007-06-30": 0, "2007-03-31": "", "2006-12-31": 0, "2006-09-30": 0, "2006-06-30": 0, "2006-03-31": "", "2005-12-31": 0, "2005-09-30": 0, "2005-06-30": 0, "2005-03-31": ""}, "Change In Assets/Liabilities": {"2020-12-31": 106.6, "2020-09-30": -60, "2020-06-30": -7.1, "2020-03-31": "-39.50000", "2019-12-31": 96.9, "2019-09-30": -14.3, "2019-06-30": 27.6, "2019-03-31": "-13.40000", "2018-12-31": 60.3, "2018-09-30": -3.2, "2018-06-30": -0.3, "2018-03-31": "15.80000", "2017-12-31": 38, "2017-09-30": 7, "2017-06-30": -4.4, "2017-03-31": "20.80000", "2016-12-31": 0.624, "2016-09-30": 9.788, "2016-06-30": 11, "2016-03-31": "2.58800", "2015-12-31": -4.441, "2015-09-30": 2.008, "2015-06-30": -0.13, "2015-03-31": "-11.04200", "2014-12-31": -21.892, "2014-09-30": 3.09, "2014-06-30": -11.359, "2014-03-31": "-8.34600", "2013-12-31": -1.497, "2013-09-30": -0.774, "2013-06-30": 0.653, "2013-03-31": "-13.13600", "2012-12-31": -2.424, "2012-09-30": 7.546, "2012-06-30": -5.546, "2012-03-31": "-4.69800", "2011-12-31": 8.769, "2011-09-30": -0.998, "2011-06-30": 6.998, "2011-03-31": "-3.01000", "2010-12-31": 1.28, "2010-09-30": 5.999, "2010-06-30": -16.417, "2010-03-31": "-6.97700", "2009-12-31": 3.191, "2009-09-30": -3.429, "2009-06-30": 7.403, "2009-03-31": "-3.15000", "2008-12-31": -0.95, "2008-09-30": 0, "2008-06-30": 0, "2008-03-31": "", "2007-12-31": -30.971, "2007-09-30": 0, "2007-06-30": 0, "2007-03-31": "", "2006-12-31": -5.032, "2006-09-30": 0, "2006-06-30": 0, "2006-03-31": "", "2005-12-31": -3.877, "2005-09-30": 0, "2005-06-30": 0, "2005-03-31": ""}, "Total Change In Assets/Liabilities": {"2020-12-31": 178.5, "2020-09-30": -257.9, "2020-06-30": 90.1, "2020-03-31": "-10.70000", "2019-12-31": 202.6, "2019-09-30": -150.1, "2019-06-30": -82.9, "2019-03-31": "-54.40000", "2018-12-31": 58.4, "2018-09-30": 30.7, "2018-06-30": -85, "2018-03-31": "-35.60000", "2017-12-31": -178.1, "2017-09-30": 16.2, "2017-06-30": -105.2, "2017-03-31": "122.80000", "2016-12-31": 1.855, "2016-09-30": 66.3, "2016-06-30": -68.385, "2016-03-31": "-17.57000", "2015-12-31": 57.368, "2015-09-30": -6.685, "2015-06-30": -67.288, "2015-03-31": "49.12400", "2014-12-31": 3.075, "2014-09-30": 1.261, "2014-06-30": -79.236, "2014-03-31": "3.46600", "2013-12-31": 7.183, "2013-09-30": 54.279, "2013-06-30": -32.83, "2013-03-31": "-6.39500", "2012-12-31": 11.878, "2012-09-30": 35.13, "2012-06-30": -43.293, "2012-03-31": "-13.71000", "2011-12-31": 16.615, "2011-09-30": 6.089, "2011-06-30": 19.29, "2011-03-31": "-47.72800", "2010-12-31": 7.506, "2010-09-30": 12.12, "2010-06-30": 11.609, "2010-03-31": "-0.07100", "2009-12-31": 17.3, "2009-09-30": -3.676, "2009-06-30": 18.449, "2009-03-31": "-35.02500", "2008-12-31": 18.945, "2008-09-30": 0.199, "2008-06-30": -9.985, "2008-03-31": "2.30600", "2007-12-31": -39.61, "2007-09-30": 14.009, "2007-06-30": -1.596, "2007-03-31": "10.22100", "2006-12-31": -24.847, "2006-09-30": -13.872, "2006-06-30": 2.741, "2006-03-31": "10.36100", "2005-12-31": 13.254, "2005-09-30": 17.385, "2005-06-30": 17.707, "2005-03-31": ""}, "Cash Flow From Operating Activities": {"2020-12-31": -950.9, "2020-09-30": 137.9, "2020-06-30": 449.1, "2020-03-31": "363.90000", "2019-12-31": 466.2, "2019-09-30": 404.5, "2019-06-30": 300.8, "2019-03-31": "290.30000", "2018-12-31": 464.1, "2018-09-30": 418.2, "2018-06-30": 266.1, "2018-03-31": "281.70000", "2017-12-31": 368.8, "2017-09-30": 315.6, "2017-06-30": 171.9, "2017-03-31": "378.20000", "2016-12-31": 270.427, "2016-09-30": 316.541, "2016-06-30": 169.76, "2016-03-31": "207.07200", "2015-12-31": 269.258, "2015-09-30": 226.619, "2015-06-30": 172.549, "2015-03-31": "260.39900", "2014-12-31": 261.209, "2014-09-30": 226.102, "2014-06-30": 140.502, "2014-03-31": "212.62800", "2013-12-31": 235.78, "2013-09-30": 255.766, "2013-06-30": 139.739, "2013-03-31": "171.26800", "2012-12-31": 211.638, "2012-09-30": 205.431, "2012-06-30": 119.326, "2012-03-31": "141.45700", "2011-12-31": 192.544, "2011-09-30": 166.557, "2011-06-30": 155.933, "2011-03-31": "86.58400", "2010-12-31": 155.122, "2010-09-30": 139.063, "2010-06-30": 110.269, "2010-03-31": "95.08600", "2009-12-31": 119.65, "2009-09-30": 86.987, "2009-06-30": 110.285, "2009-03-31": "50.57700", "2008-12-31": 128.899, "2008-09-30": 138.243, "2008-06-30": 95.703, "2008-03-31": "71.59300", "2007-12-31": 116.836, "2007-09-30": 91.419, "2007-06-30": 78.464, "2007-03-31": "57.08800", "2006-12-31": 109.005, "2006-09-30": 47.777, "2006-06-30": 48.426, "2006-03-31": "57.33000", "2005-12-31": 105.376, "2005-09-30": 74.542, "2005-06-30": 62.76, "2005-03-31": "38.62300"}, "Net Change In Property, Plant, And Equipment": {"2020-12-31": 32.8, "2020-09-30": -12.1, "2020-06-30": -10.2, "2020-03-31": "-10.50000", "2019-12-31": -13, "2019-09-30": -17.1, "2019-06-30": -15, "2019-03-31": "-17.80000", "2018-12-31": -17.2, "2018-09-30": -13.9, "2018-06-30": -15.9, "2018-03-31": "-11.60000", "2017-12-31": -15.7, "2017-09-30": -13.4, "2017-06-30": -12.4, "2017-03-31": "-18.10000", "2016-12-31": -11.639, "2016-09-30": -8.864, "2016-06-30": -9.443, "2016-03-31": "-10.15400", "2015-12-31": -11.196, "2015-09-30": -6.83, "2015-06-30": -10.723, "2015-03-31": "-9.95000", "2014-12-31": -10.397, "2014-09-30": -9.275, "2014-06-30": -10.082, "2014-03-31": "-10.47800", "2013-12-31": -9.179, "2013-09-30": -11.46, "2013-06-30": -10.684, "2013-03-31": "-11.20500", "2012-12-31": -9.169, "2012-09-30": -8.704, "2012-06-30": -10.524, "2012-03-31": "-10.00800", "2011-12-31": -11.559, "2011-09-30": -9.753, "2011-06-30": -10.577, "2011-03-31": "-8.81300", "2010-12-31": -8.2, "2010-09-30": -6.278, "2010-06-30": -7.628, "2010-03-31": "-6.48500", "2009-12-31": -7.177, "2009-09-30": -6.349, "2009-06-30": -7.131, "2009-03-31": "-5.22800", "2008-12-31": -9.26, "2008-09-30": -6.451, "2008-06-30": -7.956, "2008-03-31": "-6.38000", "2007-12-31": -10.516, "2007-09-30": -6.866, "2007-06-30": -6.669, "2007-03-31": "-6.05600", "2006-12-31": -8.606, "2006-09-30": -6.74, "2006-06-30": -7.035, "2006-03-31": "-9.77200", "2005-12-31": -8.703, "2005-09-30": -5.559, "2005-06-30": -5.438, "2005-03-31": "-5.06200"}, "Net Change In Intangible Assets": {"2020-12-31": 0, "2020-09-30": 0, "2020-06-30": 0, "2020-03-31": "", "2019-12-31": 0, "2019-09-30": 0, "2019-06-30": 0, "2019-03-31": "", "2018-12-31": 0, "2018-09-30": 0, "2018-06-30": 0, "2018-03-31": "", "2017-12-31": 0, "2017-09-30": 0, "2017-06-30": 0, "2017-03-31": "", "2016-12-31": 0, "2016-09-30": 0, "2016-06-30": 0, "2016-03-31": "", "2015-12-31": 0, "2015-09-30": 0, "2015-06-30": 0, "2015-03-31": "", "2014-12-31": 0, "2014-09-30": 0, "2014-06-30": 0, "2014-03-31": "", "2013-12-31": 0, "2013-09-30": 0, "2013-06-30": 0, "2013-03-31": "", "2012-12-31": 0, "2012-09-30": 0, "2012-06-30": 0, "2012-03-31": "", "2011-12-31": 0, "2011-09-30": 0, "2011-06-30": 0, "2011-03-31": "", "2010-12-31": 0, "2010-09-30": 0, "2010-06-30": 0, "2010-03-31": "", "2009-12-31": 0, "2009-09-30": 0, "2009-06-30": 0, "2009-03-31": "", "2008-12-31": 0, "2008-09-30": 0, "2008-06-30": 0, "2008-03-31": "", "2007-12-31": 0, "2007-09-30": 0, "2007-06-30": 0, "2007-03-31": "", "2006-12-31": 0, "2006-09-30": 0, "2006-06-30": 0, "2006-03-31": "", "2005-12-31": 0, "2005-09-30": 0, "2005-06-30": 0, "2005-03-31": ""}, "Net Acquisitions/Divestitures": {"2020-12-31": 5657.5, "2020-09-30": -5500.7, "2020-06-30": -150.3, "2020-03-31": "-6.50000", "2019-12-31": 900.9, "2019-09-30": -1812.7, "2019-06-30": -535.9, "2019-03-31": "217.20000", "2018-12-31": -87.5, "2018-09-30": -6, "2018-06-30": -1143.4, "2018-03-31": "-38.90000", "2017-12-31": -65.6, "2017-09-30": -52.6, "2017-06-30": -32.7, "2017-03-31": "-2.80000", "2016-12-31": -3444.213, "2016-09-30": -2.619, "2016-06-30": -9.72, "2016-03-31": "-265.24800", "2015-12-31": -632.48, "2015-09-30": -435.052, "2015-06-30": -0.15, "2015-03-31": "-589.57700", "2014-12-31": -0.125, "2014-09-30": -302.528, "2014-06-30": -0.58, "2014-03-31": "-2.14600", "2013-12-31": -59.461, "2013-09-30": -7.439, "2013-06-30": -1005.273, "2013-03-31": "-2.24000", "2012-12-31": -22.223, "2012-09-30": -1408.677, "2012-06-30": -17.865, "2012-03-31": "-19.00700", "2011-12-31": -6.397, "2011-09-30": -22.585, "2011-06-30": -204.612, "2011-03-31": "", "2010-12-31": 0, "2010-09-30": -521.762, "2010-06-30": 0.349, "2010-03-31": "-15.00000", "2009-12-31": -353.313, "2009-09-30": 0, "2009-06-30": -0.565, "2009-03-31": "-0.68300", "2008-12-31": -2.829, "2008-09-30": -302.227, "2008-06-30": -22.074, "2008-03-31": "-377.63400", "2007-12-31": -0.655, "2007-09-30": -5.526, "2007-06-30": -31.026, "2007-03-31": "-69.73500", "2006-12-31": -248.731, "2006-09-30": -39.94, "2006-06-30": -57.616, "2006-03-31": "-5.83800", "2005-12-31": -148.848, "2005-09-30": -3.711, "2005-06-30": -124.852, "2005-03-31": "-52.52300"}, "Net Change In Short-term Investments": {"2020-12-31": 0, "2020-09-30": 0, "2020-06-30": 0, "2020-03-31": "", "2019-12-31": 0, "2019-09-30": 0, "2019-06-30": 0, "2019-03-31": "", "2018-12-31": 0, "2018-09-30": 0, "2018-06-30": 0, "2018-03-31": "", "2017-12-31": 0, "2017-09-30": 0, "2017-06-30": 0, "2017-03-31": "", "2016-12-31": 0, "2016-09-30": 0, "2016-06-30": 0, "2016-03-31": "", "2015-12-31": 0, "2015-09-30": 0, "2015-06-30": 0, "2015-03-31": "", "2014-12-31": 0, "2014-09-30": 0, "2014-06-30": 0, "2014-03-31": "", "2013-12-31": 0, "2013-09-30": 0, "2013-06-30": 0, "2013-03-31": "", "2012-12-31": 0, "2012-09-30": 0, "2012-06-30": 0, "2012-03-31": "", "2011-12-31": 0, "2011-09-30": 0, "2011-06-30": 0, "2011-03-31": "", "2010-12-31": 0, "2010-09-30": 0, "2010-06-30": 0, "2010-03-31": "", "2009-12-31": 0, "2009-09-30": 0, "2009-06-30": 0, "2009-03-31": "", "2008-12-31": 0, "2008-09-30": 0, "2008-06-30": 0, "2008-03-31": "", "2007-12-31": 0, "2007-09-30": 0, "2007-06-30": 0, "2007-03-31": "", "2006-12-31": 0, "2006-09-30": 0, "2006-06-30": 0, "2006-03-31": "", "2005-12-31": 0, "2005-09-30": 0, "2005-06-30": 0, "2005-03-31": ""}, "Net Change In Long-Term Investments": {"2020-12-31": 0, "2020-09-30": 0, "2020-06-30": 0, "2020-03-31": "", "2019-12-31": 0, "2019-09-30": 0, "2019-06-30": 0, "2019-03-31": "", "2018-12-31": 0, "2018-09-30": 0, "2018-06-30": 0, "2018-03-31": "", "2017-12-31": 0, "2017-09-30": 0, "2017-06-30": 0, "2017-03-31": "", "2016-12-31": 0, "2016-09-30": 0, "2016-06-30": 0, "2016-03-31": "", "2015-12-31": 0, "2015-09-30": 0, "2015-06-30": 0, "2015-03-31": "", "2014-12-31": 0, "2014-09-30": 0, "2014-06-30": 0, "2014-03-31": "", "2013-12-31": 0, "2013-09-30": 0, "2013-06-30": 0, "2013-03-31": "", "2012-12-31": 0, "2012-09-30": 0, "2012-06-30": 0, "2012-03-31": "", "2011-12-31": 0, "2011-09-30": 0, "2011-06-30": 0, "2011-03-31": "", "2010-12-31": 0, "2010-09-30": 0, "2010-06-30": 0, "2010-03-31": "", "2009-12-31": 0, "2009-09-30": 0, "2009-06-30": 0, "2009-03-31": "", "2008-12-31": 0, "2008-09-30": 0, "2008-06-30": 0, "2008-03-31": "", "2007-12-31": 0, "2007-09-30": 0, "2007-06-30": 0, "2007-03-31": "", "2006-12-31": 0, "2006-09-30": 0, "2006-06-30": 0, "2006-03-31": "", "2005-12-31": 0, "2005-09-30": 0, "2005-06-30": 0, "2005-03-31": ""}, "Net Change In Investments - Total": {"2020-12-31": 0, "2020-09-30": 0, "2020-06-30": 0, "2020-03-31": "", "2019-12-31": 0, "2019-09-30": 0, "2019-06-30": 0, "2019-03-31": "", "2018-12-31": 0, "2018-09-30": 0, "2018-06-30": 0, "2018-03-31": "", "2017-12-31": 0, "2017-09-30": 0, "2017-06-30": 0, "2017-03-31": "", "2016-12-31": 0, "2016-09-30": 0, "2016-06-30": 0, "2016-03-31": "", "2015-12-31": 0, "2015-09-30": 0, "2015-06-30": 0, "2015-03-31": "", "2014-12-31": 0, "2014-09-30": 0, "2014-06-30": 0, "2014-03-31": "", "2013-12-31": 0, "2013-09-30": 0, "2013-06-30": 0, "2013-03-31": "", "2012-12-31": 0, "2012-09-30": 0, "2012-06-30": 0, "2012-03-31": "", "2011-12-31": 0, "2011-09-30": 0, "2011-06-30": 0, "2011-03-31": "", "2010-12-31": 0, "2010-09-30": 0, "2010-06-30": 0, "2010-03-31": "", "2009-12-31": 0, "2009-09-30": 0, "2009-06-30": 0, "2009-03-31": "", "2008-12-31": 0, "2008-09-30": 0, "2008-06-30": 0, "2008-03-31": "", "2007-12-31": 0, "2007-09-30": 0, "2007-06-30": 0, "2007-03-31": "", "2006-12-31": 0, "2006-09-30": 0, "2006-06-30": 0, "2006-03-31": "", "2005-12-31": 0, "2005-09-30": 0, "2005-06-30": 0, "2005-03-31": ""}, "Investing Activities - Other": {"2020-12-31": 2.7, "2020-09-30": -2.7, "2020-06-30": 0, "2020-03-31": "", "2019-12-31": -0.1, "2019-09-30": 0.1, "2019-06-30": -0.4, "2019-03-31": "-2.20000", "2018-12-31": 0, "2018-09-30": 0.1, "2018-06-30": 0.2, "2018-03-31": "-1.00000", "2017-12-31": 0, "2017-09-30": -0.2, "2017-06-30": 4.3, "2017-03-31": "-0.40000", "2016-12-31": 6.57, "2016-09-30": 1.102, "2016-06-30": -0.118, "2016-03-31": "1.44600", "2015-12-31": 1.995, "2015-09-30": -0.441, "2015-06-30": -0.332, "2015-03-31": "-3.59600", "2014-12-31": 2.81, "2014-09-30": -5.83, "2014-06-30": 0.418, "2014-03-31": "0.10800", "2013-12-31": -0.518, "2013-09-30": 0.282, "2013-06-30": 1.079, "2013-03-31": "0.23500", "2012-12-31": -0.022, "2012-09-30": 0.11, "2012-06-30": 0.325, "2012-03-31": "0.21900", "2011-12-31": -1.321, "2011-09-30": 0.106, "2011-06-30": -0.04, "2011-03-31": "-0.19800", "2010-12-31": -0.085, "2010-09-30": -0.338, "2010-06-30": -0.688, "2010-03-31": "2.84100", "2009-12-31": -0.729, "2009-09-30": -1.031, "2009-06-30": 8.977, "2009-03-31": "-0.96300", "2008-12-31": -0.399, "2008-09-30": -1.813, "2008-06-30": -1.438, "2008-03-31": "-0.83300", "2007-12-31": -1.743, "2007-09-30": -0.837, "2007-06-30": -2.433, "2007-03-31": "-0.32600", "2006-12-31": -1.004, "2006-09-30": -0.513, "2006-06-30": 0.04, "2006-03-31": "-0.91000", "2005-12-31": -0.16, "2005-09-30": 0.586, "2005-06-30": -0.632, "2005-03-31": "-0.96800"}, "Cash Flow From Investing Activities": {"2020-12-31": 5693, "2020-09-30": -5515.5, "2020-06-30": -160.5, "2020-03-31": "-17.00000", "2019-12-31": 887.8, "2019-09-30": -1829.7, "2019-06-30": -551.3, "2019-03-31": "197.20000", "2018-12-31": -104.7, "2018-09-30": -19.8, "2018-06-30": -1159.1, "2018-03-31": "-51.50000", "2017-12-31": -81.3, "2017-09-30": -66.2, "2017-06-30": -40.8, "2017-03-31": "-21.30000", "2016-12-31": -3449.282, "2016-09-30": -10.381, "2016-06-30": -19.281, "2016-03-31": "-273.95600", "2015-12-31": -641.681, "2015-09-30": -442.323, "2015-06-30": -11.205, "2015-03-31": "-603.12300", "2014-12-31": -7.712, "2014-09-30": -317.633, "2014-06-30": -10.244, "2014-03-31": "-12.51600", "2013-12-31": -69.158, "2013-09-30": -18.617, "2013-06-30": -1014.878, "2013-03-31": "-13.21000", "2012-12-31": -31.414, "2012-09-30": -1417.271, "2012-06-30": -28.064, "2012-03-31": "-28.79600", "2011-12-31": -19.277, "2011-09-30": -32.232, "2011-06-30": -215.229, "2011-03-31": "-9.01100", "2010-12-31": -8.285, "2010-09-30": -528.378, "2010-06-30": -7.967, "2010-03-31": "-18.64400", "2009-12-31": -361.219, "2009-09-30": -7.38, "2009-06-30": 1.281, "2009-03-31": "-6.87400", "2008-12-31": -12.488, "2008-09-30": -310.491, "2008-06-30": -31.468, "2008-03-31": "-384.84700", "2007-12-31": -12.914, "2007-09-30": -13.229, "2007-06-30": -40.128, "2007-03-31": "-76.11700", "2006-12-31": -258.341, "2006-09-30": -47.193, "2006-06-30": -64.611, "2006-03-31": "-16.52000", "2005-12-31": -157.711, "2005-09-30": -8.684, "2005-06-30": -130.922, "2005-03-31": "-58.55300"}, "Net Long-Term Debt": {"2020-12-31": -3300, "2020-09-30": 2700, "2020-06-30": 600, "2020-03-31": "", "2019-12-31": 0, "2019-09-30": 1200, "2019-06-30": 0, "2019-03-31": "", "2018-12-31": -800, "2018-09-30": 1000, "2018-06-30": 0, "2018-03-31": "", "2017-12-31": -400, "2017-09-30": 0, "2017-06-30": 0, "2017-03-31": "", "2016-12-31": 1198.818, "2016-09-30": -16.114, "2016-06-30": 0, "2016-03-31": "-1.20400", "2015-12-31": 900, "2015-09-30": -0.527, "2015-06-30": -1.915, "2015-03-31": "-14.69000", "2014-12-31": -250, "2014-09-30": 0, "2014-06-30": -0.472, "2014-03-31": "-1.60700", "2013-12-31": 144.389, "2013-09-30": -501.504, "2013-06-30": 794.45, "2013-03-31": "-0.16100", "2012-12-31": 812.03, "2012-09-30": -13.611, "2012-06-30": -19.491, "2012-03-31": "-12.87300", "2011-12-31": -1.4, "2011-09-30": -1.521, "2011-06-30": -11.568, "2011-03-31": "-11.96800", "2010-12-31": -3.288, "2010-09-30": -17.11, "2010-06-30": -0.014, "2010-03-31": "-2.99900", "2009-12-31": -8.084, "2009-09-30": 138.918, "2009-06-30": -21.187, "2009-03-31": "-83.91700", "2008-12-31": -49.125, "2008-09-30": -58.62, "2008-06-30": 0, "2008-03-31": "", "2007-12-31": 234.5, "2007-09-30": -56.372, "2007-06-30": 11.649, "2007-03-31": "44.72300", "2006-12-31": -13.457, "2006-09-30": -6.347, "2006-06-30": 9.376, "2006-03-31": "-22.32200", "2005-12-31": 5.301, "2005-09-30": -46.697, "2005-06-30": 49.463, "2005-03-31": "-0.21900"}, "Net Current Debt": {"2020-12-31": -1160, "2020-09-30": 1160, "2020-06-30": 0, "2020-03-31": "", "2019-12-31": -925, "2019-09-30": 285, "2019-06-30": 230, "2019-03-31": "-455.00000", "2018-12-31": 525, "2018-09-30": -1395, "2018-06-30": 1000, "2018-03-31": "-535.00000", "2017-12-31": 220, "2017-09-30": -310, "2017-06-30": -200, "2017-03-31": "-370.00000", "2016-12-31": 1930, "2016-09-30": 0, "2016-06-30": -20, "2016-03-31": "-160.00000", "2015-12-31": -410, "2015-09-30": 275, "2015-06-30": -100, "2015-03-31": "415.00000", "2014-12-31": 95, "2014-09-30": 125, "2014-06-30": -70, "2014-03-31": "-150.00000", "2013-12-31": -290, "2013-09-30": 348, "2013-06-30": 42, "2013-03-31": "-100.00000", "2012-12-31": -950, "2012-09-30": 1050, "2012-06-30": 0, "2012-03-31": "", "2011-12-31": -85, "2011-09-30": -70, "2011-06-30": 10, "2011-03-31": "-85.00000", "2010-12-31": -128, "2010-09-30": 358, "2010-06-30": 0, "2010-03-31": "-40.00000", "2009-12-31": 40, "2009-09-30": -179, "2009-06-30": -51, "2009-03-31": "51.00000", "2008-12-31": -30.875, "2008-09-30": 259, "2008-06-30": -69.562, "2008-03-31": "154.43700", "2007-12-31": -156.775, "2007-09-30": -17.374, "2007-06-30": -16.376, "2007-03-31": "-16.37500", "2006-12-31": 182.976, "2006-09-30": -8.187, "2006-06-30": -8.188, "2006-03-31": "-8.18800", "2005-12-31": 24.563, "2005-09-30": -8.212, "2005-06-30": -8.163, "2005-03-31": "-8.18800"}, "Debt Issuance/Retirement Net - Total": {"2020-12-31": -4460, "2020-09-30": 3860, "2020-06-30": 600, "2020-03-31": "", "2019-12-31": -925, "2019-09-30": 1485, "2019-06-30": 230, "2019-03-31": "-455.00000", "2018-12-31": -275, "2018-09-30": -395, "2018-06-30": 1000, "2018-03-31": "-535.00000", "2017-12-31": -180, "2017-09-30": -310, "2017-06-30": -200, "2017-03-31": "-370.00000", "2016-12-31": 3128.818, "2016-09-30": -16.114, "2016-06-30": -20, "2016-03-31": "-161.20400", "2015-12-31": 490, "2015-09-30": 274.473, "2015-06-30": -101.915, "2015-03-31": "400.31000", "2014-12-31": -155, "2014-09-30": 125, "2014-06-30": -70.472, "2014-03-31": "-151.60700", "2013-12-31": -145.611, "2013-09-30": -153.504, "2013-06-30": 836.45, "2013-03-31": "-100.16100", "2012-12-31": -137.97, "2012-09-30": 1036.389, "2012-06-30": -19.491, "2012-03-31": "-12.87300", "2011-12-31": -86.4, "2011-09-30": -71.521, "2011-06-30": -1.568, "2011-03-31": "-96.96800", "2010-12-31": -131.288, "2010-09-30": 340.89, "2010-06-30": -0.014, "2010-03-31": "-42.99900", "2009-12-31": 31.916, "2009-09-30": -40.082, "2009-06-30": -72.187, "2009-03-31": "-32.91700", "2008-12-31": -80, "2008-09-30": 200.38, "2008-06-30": -69.562, "2008-03-31": "154.43700", "2007-12-31": 77.725, "2007-09-30": -73.746, "2007-06-30": -4.727, "2007-03-31": "28.34800", "2006-12-31": 169.519, "2006-09-30": -14.534, "2006-06-30": 1.188, "2006-03-31": "-30.51000", "2005-12-31": 29.864, "2005-09-30": -54.909, "2005-06-30": 41.3, "2005-03-31": "-8.40700"}, "Net Common Equity Issued/Repurchased": {"2020-12-31": -79.8, "2020-09-30": 27.6, "2020-06-30": 37.3, "2020-03-31": "14.90000", "2019-12-31": -2.3, "2019-09-30": 7.4, "2019-06-30": 12.4, "2019-03-31": "24.20000", "2018-12-31": -34.7, "2018-09-30": 15.2, "2018-06-30": 10.1, "2018-03-31": "25.40000", "2017-12-31": -3.4, "2017-09-30": 13.4, "2017-06-30": 14.1, "2017-03-31": "8.60000", "2016-12-31": -3.171, "2016-09-30": 6.24, "2016-06-30": 8.662, "2016-03-31": "1.56900", "2015-12-31": -0.153, "2015-09-30": 4.562, "2015-06-30": 9.738, "2015-03-31": "7.05400", "2014-12-31": -15.29, "2014-09-30": 5.362, "2014-06-30": 14.387, "2014-03-31": "8.75500", "2013-12-31": -8.279, "2013-09-30": 6.424, "2013-06-30": 5.377, "2013-03-31": "6.87100", "2012-12-31": -1.854, "2012-09-30": 12.291, "2012-06-30": 11.964, "2012-03-31": "17.47300", "2011-12-31": 14.203, "2011-09-30": 2.095, "2011-06-30": 4.787, "2011-03-31": "9.18600", "2010-12-31": 12.553, "2010-09-30": 8.927, "2010-06-30": 6.413, "2010-03-31": "2.85100", "2009-12-31": 127.508, "2009-09-30": 2.213, "2009-06-30": 2.248, "2009-03-31": "1.68000", "2008-12-31": 2.881, "2008-09-30": 2.268, "2008-06-30": 5.189, "2008-03-31": "2.59300", "2007-12-31": 4.107, "2007-09-30": 2.317, "2007-06-30": 5.345, "2007-03-31": "5.25700", "2006-12-31": 9.002, "2006-09-30": 3.134, "2006-06-30": 2.189, "2006-03-31": "7.93400", "2005-12-31": 4.518, "2005-09-30": 11.168, "2005-06-30": 0, "2005-03-31": ""}, "Net Total Equity Issued/Repurchased": {"2020-12-31": -79.8, "2020-09-30": 27.6, "2020-06-30": 37.3, "2020-03-31": "14.90000", "2019-12-31": -2.3, "2019-09-30": 7.4, "2019-06-30": 12.4, "2019-03-31": "24.20000", "2018-12-31": -34.7, "2018-09-30": 15.2, "2018-06-30": 10.1, "2018-03-31": "25.40000", "2017-12-31": -3.4, "2017-09-30": 13.4, "2017-06-30": 14.1, "2017-03-31": "8.60000", "2016-12-31": -3.171, "2016-09-30": 6.24, "2016-06-30": 8.662, "2016-03-31": "1.56900", "2015-12-31": -0.153, "2015-09-30": 4.562, "2015-06-30": 9.738, "2015-03-31": "7.05400", "2014-12-31": -15.29, "2014-09-30": 5.362, "2014-06-30": 14.387, "2014-03-31": "8.75500", "2013-12-31": -8.279, "2013-09-30": 6.424, "2013-06-30": 5.377, "2013-03-31": "6.87100", "2012-12-31": -1.854, "2012-09-30": 12.291, "2012-06-30": 11.964, "2012-03-31": "17.47300", "2011-12-31": 14.203, "2011-09-30": 2.095, "2011-06-30": 4.787, "2011-03-31": "9.18600", "2010-12-31": 12.553, "2010-09-30": 8.927, "2010-06-30": 6.413, "2010-03-31": "2.85100", "2009-12-31": 127.508, "2009-09-30": 2.213, "2009-06-30": 2.248, "2009-03-31": "1.68000", "2008-12-31": 2.881, "2008-09-30": 2.268, "2008-06-30": 5.189, "2008-03-31": "2.59300", "2007-12-31": 4.107, "2007-09-30": 2.317, "2007-06-30": 5.345, "2007-03-31": "5.25700", "2006-12-31": 9.002, "2006-09-30": 3.134, "2006-06-30": 2.189, "2006-03-31": "7.93400", "2005-12-31": 4.518, "2005-09-30": 11.168, "2005-06-30": 0, "2005-03-31": ""}, "Total Common And Preferred Stock Dividends Paid": {"2020-12-31": 160, "2020-09-30": -53.4, "2020-06-30": -53.5, "2020-03-31": "-53.10000", "2019-12-31": -48.2, "2019-09-30": -47.9, "2019-06-30": -47.9, "2019-03-31": "-47.70000", "2018-12-31": -43.4, "2018-09-30": -42.2, "2018-06-30": -42.4, "2018-03-31": "-42.10000", "2017-12-31": -36.3, "2017-09-30": -35.6, "2017-06-30": -35.5, "2017-03-31": "-35.40000", "2016-12-31": -30.468, "2016-09-30": -30.249, "2016-06-30": -30.21, "2016-03-31": "-30.17300", "2015-12-31": -25.124, "2015-09-30": -25.111, "2015-06-30": -25.075, "2015-03-31": "-25.02400", "2014-12-31": -20.032, "2014-09-30": -20.006, "2014-06-30": -19.958, "2014-03-31": "-19.86300", "2013-12-31": -16.386, "2013-09-30": -16.368, "2013-06-30": -16.338, "2013-03-31": "", "2012-12-31": -29.801, "2012-09-30": -13.429, "2012-06-30": -13.383, "2012-03-31": "-13.29000", "2011-12-31": -10.561, "2011-09-30": -10.527, "2011-06-30": -10.544, "2011-03-31": "-10.45800", "2010-12-31": -8.984, "2010-09-30": -8.929, "2010-06-30": -8.915, "2010-03-31": "-8.87800", "2009-12-31": -7.48, "2009-09-30": -7.493, "2009-06-30": -7.456, "2009-03-31": "-7.39400", "2008-12-31": -6.494, "2008-09-30": -6.486, "2008-06-30": -6.479, "2008-03-31": "-6.42800", "2007-12-31": -5.772, "2007-09-30": -5.745, "2007-06-30": -5.745, "2007-03-31": "-5.69200", "2006-12-31": -5.111, "2006-09-30": -5.102, "2006-06-30": -5.143, "2006-03-31": "-5.04600", "2005-12-31": -4.558, "2005-09-30": -4.561, "2005-06-30": -4.525, "2005-03-31": "-4.50700"}, "Financial Activities - Other": {"2020-12-31": 43.4, "2020-09-30": -30.7, "2020-06-30": -12.2, "2020-03-31": "-0.50000", "2019-12-31": 0.4, "2019-09-30": -9.5, "2019-06-30": -13.1, "2019-03-31": "14.20000", "2018-12-31": 5.8, "2018-09-30": -35.2, "2018-06-30": 0.3, "2018-03-31": "0.10000", "2017-12-31": -0.1, "2017-09-30": 0.4, "2017-06-30": 0.1, "2017-03-31": "-0.30000", "2016-12-31": -10.584, "2016-09-30": -7.195, "2016-06-30": -0.247, "2016-03-31": "-0.37400", "2015-12-31": 2.187, "2015-09-30": 2.167, "2015-06-30": 4.349, "2015-03-31": "3.80400", "2014-12-31": 5.69, "2014-09-30": 2.517, "2014-06-30": 4.329, "2014-03-31": "8.08400", "2013-12-31": 4.389, "2013-09-30": 2.056, "2013-06-30": -5.773, "2013-03-31": "4.48600", "2012-12-31": 3.501, "2012-09-30": 4.38, "2012-06-30": 3.547, "2012-03-31": "6.41600", "2011-12-31": 8.033, "2011-09-30": -0.058, "2011-06-30": 1.464, "2011-03-31": "2.15800", "2010-12-31": 2.009, "2010-09-30": 0.996, "2010-06-30": 1.998, "2010-03-31": "0.97900", "2009-12-31": 1.002, "2009-09-30": -3.329, "2009-06-30": 0.437, "2009-03-31": "-2.26300", "2008-12-31": 0.183, "2008-09-30": -8.536, "2008-06-30": 2.19, "2008-03-31": "1.78300", "2007-12-31": 0.53, "2007-09-30": 0.95, "2007-06-30": 4.952, "2007-03-31": "1.44400", "2006-12-31": 4.529, "2006-09-30": 2.951, "2006-06-30": 2.846, "2006-03-31": "0.44500", "2005-12-31": -1.956, "2005-09-30": -6.829, "2005-06-30": 4.486, "2005-03-31": "4.29900"}, "Cash Flow From Financial Activities": {"2020-12-31": -4336.4, "2020-09-30": 3803.5, "2020-06-30": 571.6, "2020-03-31": "-38.70000", "2019-12-31": -975.1, "2019-09-30": 1435, "2019-06-30": 181.4, "2019-03-31": "-464.30000", "2018-12-31": -347.3, "2018-09-30": -457.2, "2018-06-30": 968, "2018-03-31": "-551.60000", "2017-12-31": -219.8, "2017-09-30": -331.8, "2017-06-30": -221.3, "2017-03-31": "-397.10000", "2016-12-31": 3084.595, "2016-09-30": -47.318, "2016-06-30": -41.795, "2016-03-31": "-190.18200", "2015-12-31": 466.91, "2015-09-30": 256.091, "2015-06-30": -112.903, "2015-03-31": "386.14400", "2014-12-31": -184.632, "2014-09-30": 112.873, "2014-06-30": -71.714, "2014-03-31": "-154.63100", "2013-12-31": -165.887, "2013-09-30": -161.392, "2013-06-30": 819.716, "2013-03-31": "-88.80400", "2012-12-31": -166.124, "2012-09-30": 1039.631, "2012-06-30": -17.363, "2012-03-31": "-2.27400", "2011-12-31": -74.725, "2011-09-30": -80.011, "2011-06-30": -5.861, "2011-03-31": "-96.08200", "2010-12-31": -125.71, "2010-09-30": 341.884, "2010-06-30": -0.518, "2010-03-31": "-48.04700", "2009-12-31": 152.946, "2009-09-30": -48.691, "2009-06-30": -76.958, "2009-03-31": "-40.89400", "2008-12-31": -83.43, "2008-09-30": 187.626, "2008-06-30": -68.662, "2008-03-31": "152.38500", "2007-12-31": 76.59, "2007-09-30": -76.224, "2007-06-30": -0.175, "2007-03-31": "29.35700", "2006-12-31": 177.939, "2006-09-30": -13.551, "2006-06-30": 1.08, "2006-03-31": "-27.17700", "2005-12-31": 27.868, "2005-09-30": -55.131, "2005-06-30": 41.261, "2005-03-31": "-8.61500"}, "Net Cash Flow": {"2020-12-31": 407.6, "2020-09-30": -1568.7, "2020-06-30": 871, "2020-03-31": "290.10000", "2019-12-31": 386.7, "2019-09-30": 2.2, "2019-06-30": -71.7, "2019-03-31": "28.10000", "2018-12-31": 1, "2018-09-30": -58.4, "2018-06-30": 55.6, "2018-03-31": "-305.10000", "2017-12-31": 65.7, "2017-09-30": -57.7, "2017-06-30": -67.4, "2017-03-31": "-26.50000", "2016-12-31": -125.059, "2016-09-30": 259.976, "2016-06-30": 99.261, "2016-03-31": "-255.47800", "2015-12-31": 77.933, "2015-09-30": 22.007, "2015-06-30": 63.078, "2015-03-31": "5.06300", "2014-12-31": 46.318, "2014-09-30": -1.17, "2014-06-30": 62.397, "2014-03-31": "43.16500", "2013-12-31": -0.26, "2013-09-30": 85.409, "2013-06-30": -55.451, "2013-03-31": "59.43200", "2012-12-31": 15.481, "2012-09-30": -163.789, "2012-06-30": 67.18, "2012-03-31": "113.61700", "2011-12-31": 91.647, "2011-09-30": 50.427, "2011-06-30": -65.42, "2011-03-31": "-8.94700", "2010-12-31": 19.581, "2010-09-30": -39.927, "2010-06-30": 99.455, "2010-03-31": "23.57700", "2009-12-31": -88.316, "2009-09-30": 35.198, "2009-06-30": 43.317, "2009-03-31": "-0.56000", "2008-12-31": 21.797, "2008-09-30": 10.086, "2008-06-30": -5.014, "2008-03-31": "-157.56800", "2007-12-31": 182.837, "2007-09-30": 5.827, "2007-06-30": 39.662, "2007-03-31": "10.96400", "2006-12-31": 28.6, "2006-09-30": -12.505, "2006-06-30": -13.774, "2006-03-31": "14.04100", "2005-12-31": -25.98, "2005-09-30": 10.697, "2005-06-30": -29.826, "2005-03-31": "-31.19400"}, "Stock-Based Compensation": {"2020-12-31": -88.4, "2020-09-30": 30.2, "2020-06-30": 30.5, "2020-03-31": "27.70000", "2019-12-31": 24.1, "2019-09-30": 26.1, "2019-06-30": 29, "2019-03-31": "25.30000", "2018-12-31": 52.7, "2018-09-30": 27.1, "2018-06-30": 28, "2018-03-31": "26.00000", "2017-12-31": 15.5, "2017-09-30": 23.7, "2017-06-30": 22.9, "2017-03-31": "21.00000", "2016-12-31": 18.32, "2016-09-30": 21.388, "2016-06-30": 20.113, "2016-03-31": "18.97900", "2015-12-31": 14.731, "2015-09-30": 17.597, "2015-06-30": 15.637, "2015-03-31": "13.80100", "2014-12-31": 16.016, "2014-09-30": 16.998, "2014-06-30": 15.442, "2014-03-31": "14.57100", "2013-12-31": 13.093, "2013-09-30": 13.756, "2013-06-30": 13.307, "2013-03-31": "12.97700", "2012-12-31": 10.63, "2012-09-30": 10.439, "2012-06-30": 9.75, "2012-03-31": "9.95400", "2011-12-31": 8.264, "2011-09-30": 7.658, "2011-06-30": 7.696, "2011-03-31": "8.11200", "2010-12-31": 5.766, "2010-09-30": 6.266, "2010-06-30": 6.11, "2010-03-31": "7.00800", "2009-12-31": 6.655, "2009-09-30": 6.74, "2009-06-30": 7.096, "2009-03-31": "6.98500", "2008-12-31": 8.057, "2008-09-30": 22.848, "2008-06-30": 0, "2008-03-31": "", "2007-12-31": 20.688, "2007-09-30": 0, "2007-06-30": 0, "2007-03-31": "", "2006-12-31": 15.415, "2006-09-30": 0, "2006-06-30": 0, "2006-03-31": "", "2005-12-31": 4.323, "2005-09-30": 0, "2005-06-30": 0, "2005-03-31": ""}, "Common Stock Dividends Paid": {"2020-12-31": 160, "2020-09-30": -53.4, "2020-06-30": -53.5, "2020-03-31": "-53.10000", "2019-12-31": -48.2, "2019-09-30": -47.9, "2019-06-30": -47.9, "2019-03-31": "-47.70000", "2018-12-31": -43.4, "2018-09-30": -42.2, "2018-06-30": -42.4, "2018-03-31": "-42.10000", "2017-12-31": -36.3, "2017-09-30": -35.6, "2017-06-30": -35.5, "2017-03-31": "-35.40000", "2016-12-31": -30.468, "2016-09-30": -30.249, "2016-06-30": -30.21, "2016-03-31": "-30.17300", "2015-12-31": -25.124, "2015-09-30": -25.111, "2015-06-30": -25.075, "2015-03-31": "-25.02400", "2014-12-31": -20.032, "2014-09-30": -20.006, "2014-06-30": -19.958, "2014-03-31": "-19.86300", "2013-12-31": -16.386, "2013-09-30": -16.368, "2013-06-30": -16.338, "2013-03-31": "0.00000", "2012-12-31": -29.801, "2012-09-30": -13.429, "2012-06-30": -13.383, "2012-03-31": "-13.29000", "2011-12-31": -10.561, "2011-09-30": -10.527, "2011-06-30": -10.544, "2011-03-31": "-10.45800", "2010-12-31": -8.984, "2010-09-30": -8.929, "2010-06-30": -8.915, "2010-03-31": "-8.87800", "2009-12-31": -7.48, "2009-09-30": -7.493, "2009-06-30": -7.456, "2009-03-31": "-7.39400", "2008-12-31": -6.494, "2008-09-30": -6.486, "2008-06-30": -6.479, "2008-03-31": "-6.42800", "2007-12-31": -5.772, "2007-09-30": -5.745, "2007-06-30": -5.745, "2007-03-31": "-5.69200", "2006-12-31": -5.111, "2006-09-30": -5.102, "2006-06-30": -5.143, "2006-03-31": "-5.04600", "2005-12-31": -4.558, "2005-09-30": -4.561, "2005-06-30": -4.525, "2005-03-31": "-4.50700"}}, "financial ratios": {"Current Ratio": {"2019-12-31": "0.83400", "2018-12-31": "1.11220", "2017-12-31": "0.86700", "2016-12-31": "1.22920", "2015-12-31": "2.24690", "2014-12-31": "2.40800", "2013-12-31": "2.13550", "2012-12-31": "1.14670", "2011-12-31": "2.01280", "2010-12-31": "1.84950", "2009-12-31": "1.82160", "2008-12-31": "1.38680", "2007-12-31": "1.42490", "2006-12-31": "1.06780", "2005-12-31": "0.98530"}, "Long-term Debt / Capital": {"2019-12-31": "0.32990", "2018-12-31": "0.38960", "2017-12-31": "0.38820", "2016-12-31": "0.50080", "2015-12-31": "0.38120", "2014-12-31": "0.31530", "2013-12-31": "0.36810", "2012-12-31": "0.28960", "2011-12-31": "0.24110", "2010-12-31": "0.31200", "2009-12-31": "0.30060", "2008-12-31": "0.34030", "2007-12-31": "0.28900", "2006-12-31": "0.32840", "2005-12-31": "0.33190"}, "Debt/Equity Ratio": {"2019-12-31": "0.55580", "2018-12-31": "0.63860", "2017-12-31": "0.75110", "2016-12-31": "1.07270", "2015-12-31": "0.61730", "2014-12-31": "0.46290", "2013-12-31": "0.58510", "2012-12-31": "0.54830", "2011-12-31": "0.33960", "2010-12-31": "0.48750", "2009-12-31": "0.47650", "2008-12-31": "0.63240", "2007-12-31": "0.59150", "2006-12-31": "0.69060", "2005-12-31": "0.71550"}, "Gross Margin": {"2019-12-31": "63.85740", "2018-12-31": "63.17420", "2017-12-31": "62.17690", "2016-12-31": "61.54250", "2015-12-31": "60.42460", "2014-12-31": "59.21690", "2013-12-31": "58.14870", "2012-12-31": "55.84510", "2011-12-31": "54.18360", "2010-12-31": "53.43950", "2009-12-31": "50.89300", "2008-12-31": "51.52200", "2007-12-31": "50.35060", "2006-12-31": "50.64430", "2005-12-31": "49.96850"}, "Operating Margin": {"2019-12-31": "27.91980", "2018-12-31": "26.89940", "2017-12-31": "26.26590", "2016-12-31": "27.82660", "2015-12-31": "28.69360", "2014-12-31": "28.15820", "2013-12-31": "26.01380", "2012-12-31": "25.30780", "2011-12-31": "23.61520", "2010-12-31": "21.55370", "2009-12-31": "19.29070", "2008-12-31": "21.07910", "2007-12-31": "20.85370", "2006-12-31": "19.85340", "2005-12-31": "18.22200"}, "EBIT Margin": {"2019-12-31": "27.91980", "2018-12-31": "26.89940", "2017-12-31": "26.26590", "2016-12-31": "27.82660", "2015-12-31": "28.69360", "2014-12-31": "28.15820", "2013-12-31": "26.01380", "2012-12-31": "25.30780", "2011-12-31": "23.61520", "2010-12-31": "21.55370", "2009-12-31": "19.29070", "2008-12-31": "21.07910", "2007-12-31": "20.85370", "2006-12-31": "19.85340", "2005-12-31": "18.22200"}, "EBITDA Margin": {"2019-12-31": "35.80720", "2018-12-31": "34.09040", "2017-12-31": "33.90990", "2016-12-31": "34.32020", "2015-12-31": "34.51090", "2014-12-31": "33.82900", "2013-12-31": "31.97740", "2012-12-31": "30.55750", "2011-12-31": "28.71000", "2010-12-31": "26.80840", "2009-12-31": "24.46330", "2008-12-31": "25.54960", "2007-12-31": "25.28650", "2006-12-31": "24.67740", "2005-12-31": "23.12790"}, "Pre-Tax Profit Margin": {"2019-12-31": "41.50330", "2018-12-31": "23.08520", "2017-12-31": "22.45690", "2016-12-31": "24.81860", "2015-12-31": "27.97970", "2014-12-31": "25.96020", "2013-12-31": "23.28910", "2012-12-31": "22.93920", "2011-12-31": "21.62920", "2010-12-31": "18.79180", "2009-12-31": "16.57670", "2008-12-31": "18.59270", "2007-12-31": "17.93470", "2006-12-31": "17.22030", "2005-12-31": "15.17250"}, "Net Profit Margin": {"2019-12-31": "32.94140", "2018-12-31": "18.19230", "2017-12-31": "21.09170", "2016-12-31": "17.37780", "2015-12-31": "19.43020", "2014-12-31": "18.20070", "2013-12-31": "16.62360", "2012-12-31": "16.14710", "2011-12-31": "15.27470", "2010-12-31": "13.51910", "2009-12-31": "11.68390", "2008-12-31": "12.22150", "2007-12-31": "11.68880", "2006-12-31": "11.36710", "2005-12-31": "10.53670"}, "Asset Turnover": {"2019-12-31": "0.29640", "2018-12-31": "0.34040", "2017-12-31": "0.32180", "2016-12-31": "0.26460", "2015-12-31": "0.35230", "2014-12-31": "0.42250", "2013-12-31": "0.39560", "2012-12-31": "0.42330", "2011-12-31": "0.52580", "2010-12-31": "0.47070", "2009-12-31": "0.47360", "2008-12-31": "0.58070", "2007-12-31": "0.60870", "2006-12-31": "0.56780", "2005-12-31": "0.57640"}, "Inventory Turnover Ratio": {"2019-12-31": "9.76690", "2018-12-31": "10.01940", "2017-12-31": "8.50510", "2016-12-31": "8.01040", "2015-12-31": "7.46700", "2014-12-31": "7.47080", "2013-12-31": "6.61320", "2012-12-31": "6.92510", "2011-12-31": "6.25870", "2010-12-31": "6.22200", "2009-12-31": "5.62950", "2008-12-31": "6.01380", "2007-12-31": "5.99330", "2006-12-31": "4.98700", "2005-12-31": "5.51680"}, "Receiveable Turnover": {"2019-12-31": "5.40140", "2018-12-31": "5.82040", "2017-12-31": "5.69040", "2016-12-31": "5.05440", "2015-12-31": "5.86980", "2014-12-31": "5.83850", "2013-12-31": "5.34330", "2012-12-31": "5.00080", "2011-12-31": "5.56120", "2010-12-31": "4.98190", "2009-12-31": "4.67100", "2008-12-31": "5.26540", "2007-12-31": "5.00460", "2006-12-31": "4.80760", "2005-12-31": "5.65190"}, "Days Sales In Receivables": {"2019-12-31": "67.57550", "2018-12-31": "62.71060", "2017-12-31": "64.14340", "2016-12-31": "72.21400", "2015-12-31": "62.18300", "2014-12-31": "62.51610", "2013-12-31": "68.31020", "2012-12-31": "72.98820", "2011-12-31": "65.63310", "2010-12-31": "73.26530", "2009-12-31": "78.14240", "2008-12-31": "69.32030", "2007-12-31": "72.93340", "2006-12-31": "75.92180", "2005-12-31": "64.57980"}, "ROE - Return On Equity": {"2019-12-31": "18.62540", "2018-12-31": "12.20390", "2017-12-31": "14.15880", "2016-12-31": "11.37700", "2015-12-31": "13.13600", "2014-12-31": "13.58540", "2013-12-31": "12.77680", "2012-12-31": "13.10730", "2011-12-31": "13.37200", "2010-12-31": "11.72630", "2009-12-31": "9.88980", "2008-12-31": "14.06600", "2007-12-31": "13.72800", "2006-12-31": "13.00240", "2005-12-31": "12.25610"}, "Return On Tangible Equity": {"2019-12-31": "-29.50830", "2018-12-31": "-17.32720", "2017-12-31": "-17.89060", "2016-12-31": "-10.11040", "2015-12-31": "-22.78620", "2014-12-31": "-33.40290", "2013-12-31": "-22.65460", "2012-12-31": "-25.71070", "2011-12-31": "-55.81490", "2010-12-31": "-29.83020", "2009-12-31": "-28.65150", "2008-12-31": "-30.67390", "2007-12-31": "-46.37850", "2006-12-31": "-27.28620", "2005-12-31": "-25.30610"}, "ROA - Return On Assets": {"2019-12-31": "9.76260", "2018-12-31": "6.19300", "2017-12-31": "6.78800", "2016-12-31": "4.59760", "2015-12-31": "6.84540", "2014-12-31": "7.69070", "2013-12-31": "6.57660", "2012-12-31": "6.83570", "2011-12-31": "8.03180", "2010-12-31": "6.36310", "2009-12-31": "5.53360", "2008-12-31": "7.09740", "2007-12-31": "7.11530", "2006-12-31": "6.45410", "2005-12-31": "6.07280"}, "ROI - Return On Investment": {"2019-12-31": "12.48080", "2018-12-31": "7.44870", "2017-12-31": "8.66270", "2016-12-31": "5.67880", "2015-12-31": "8.12840", "2014-12-31": "9.30130", "2013-12-31": "8.07410", "2012-12-31": "9.31180", "2011-12-31": "10.14790", "2010-12-31": "8.06730", "2009-12-31": "6.91650", "2008-12-31": "9.27940", "2007-12-31": "9.76070", "2006-12-31": "8.73300", "2005-12-31": "8.18790"}, "Book Value Per Share": {"2019-12-31": "91.18060", "2018-12-31": "74.84040", "2017-12-31": "66.96200", "2016-12-31": "56.93670", "2015-12-31": "52.53240", "2014-12-31": "47.49380", "2013-12-31": "42.42240", "2012-12-31": "37.39940", "2011-12-31": "33.04880", "2010-12-31": "28.93010", "2009-12-31": "25.86570", "2008-12-31": "22.33520", "2007-12-31": "20.16160", "2006-12-31": "16.93840", "2005-12-31": "14.53920"}, "Operating Cash Flow Per Share": {"2019-12-31": 0.2104, "2018-12-31": 1.7708, "2017-12-31": 2.5246, "2016-12-31": 0.2607, "2015-12-31": 0.8114, "2014-12-31": 0.322, "2013-12-31": 1.2002, "2012-12-31": 0.6937, "2011-12-31": 0.9465, "2010-12-31": 1.2091, "2009-12-31": -0.6772, "2008-12-31": 0.9487, "2007-12-31": 0.799, "2006-12-31": -0.312, "2005-12-31": 3.2008}, "Free Cash Flow Per Share": {"2019-12-31": 0.1732, "2018-12-31": 1.7853, "2017-12-31": 2.34, "2016-12-31": 0.2504, "2015-12-31": 0.8293, "2014-12-31": 0.3476, "2013-12-31": 1.1615, "2012-12-31": 0.7217, "2011-12-31": 0.8286, "2010-12-31": 1.1922, "2009-12-31": -0.6355, "2008-12-31": 0.9511, "2007-12-31": 0.8298, "2006-12-31": -0.3841, "2005-12-31": 2.9191}}, "financial ratios, quarterly": {"Current Ratio": {"2020-09-30": "0.72920", "2020-06-30": "1.27240", "2020-03-31": "0.96080", "2019-12-31": "0.83400", "2019-09-30": "1.07900", "2019-06-30": "1.11020", "2019-03-31": "1.09780", "2018-12-31": "1.11220", "2018-09-30": "0.75870", "2018-06-30": "0.79900", "2018-03-31": "0.73360", "2017-12-31": "0.86700", "2017-09-30": "1.07310", "2017-06-30": "1.13520", "2017-03-31": "1.11320", "2016-12-31": "1.22920", "2016-09-30": "2.29980", "2016-06-30": "2.11470", "2016-03-31": "1.83750", "2015-12-31": "2.24690", "2015-09-30": "2.50810", "2015-06-30": "2.42360", "2015-03-31": "2.17590", "2014-12-31": "2.40800", "2014-09-30": "2.31520", "2014-06-30": "2.39980", "2014-03-31": "2.14410", "2013-12-31": "2.13550", "2013-09-30": "2.19070", "2013-06-30": "1.17860", "2013-03-31": "1.18680", "2012-12-31": "1.14670", "2012-09-30": "1.09490", "2012-06-30": "2.58550", "2012-03-31": "2.33220", "2011-12-31": "2.01280", "2011-09-30": "1.95890", "2011-06-30": "1.85010", "2011-03-31": "2.02870", "2010-12-31": "1.84950", "2010-09-30": "1.88010", "2010-06-30": "2.07830", "2010-03-31": "1.92350", "2009-12-31": "1.82160", "2009-09-30": "2.03490", "2009-06-30": "1.82480", "2009-03-31": "1.74120", "2008-12-31": "1.38680", "2008-09-30": "1.34770", "2008-06-30": "0.99290", "2008-03-31": "1.08310", "2007-12-31": "1.42490", "2007-09-30": "1.19760", "2007-06-30": "1.20080", "2007-03-31": "1.11780", "2006-12-31": "1.06780", "2006-09-30": "1.05180", "2006-06-30": "1.03140", "2006-03-31": "1.03450", "2005-12-31": "0.98530", "2005-09-30": "1.14450", "2005-06-30": "2.15940", "2005-03-31": "2.29600"}, "Long-term Debt / Capital": {"2020-09-30": "0.47250", "2020-06-30": "0.34760", "2020-03-31": "0.32770", "2019-12-31": "0.32990", "2019-09-30": "0.41950", "2019-06-30": "0.36110", "2019-03-31": "0.35540", "2018-12-31": "0.38960", "2018-09-30": "0.36880", "2018-06-30": "0.39770", "2018-03-31": "0.34810", "2017-12-31": "0.38820", "2017-09-30": "0.43300", "2017-06-30": "0.45810", "2017-03-31": "0.47670", "2016-12-31": "0.50080", "2016-09-30": "0.35080", "2016-06-30": "0.35730", "2016-03-31": "0.36330", "2015-12-31": "0.38120", "2015-09-30": "0.35250", "2015-06-30": "0.33400", "2015-03-31": "0.35250", "2014-12-31": "0.31530", "2014-09-30": "0.33660", "2014-06-30": "0.32940", "2014-03-31": "0.34590", "2013-12-31": "0.36810", "2013-09-30": "0.38960", "2013-06-30": "0.36600", "2013-03-31": "0.27060", "2012-12-31": "0.28960", "2012-09-30": "0.30220", "2012-06-30": "0.22860", "2012-03-31": "0.23330", "2011-12-31": "0.24110", "2011-09-30": "0.26450", "2011-06-30": "0.28230", "2011-03-31": "0.28700", "2010-12-31": "0.31200", "2010-09-30": "0.34370", "2010-06-30": "0.28840", "2010-03-31": "0.29150", "2009-12-31": "0.30060", "2009-09-30": "0.31130", "2009-06-30": "0.32110", "2009-03-31": "0.34710", "2008-12-31": "0.34030", "2008-09-30": "0.35650", "2008-06-30": "0.24970", "2008-03-31": "0.29970", "2007-12-31": "0.28900", "2007-09-30": "0.27690", "2007-06-30": "0.31190", "2007-03-31": "0.32720", "2006-12-31": "0.32840", "2006-09-30": "0.28440", "2006-06-30": "0.30030", "2006-03-31": "0.31140", "2005-12-31": "0.33190", "2005-09-30": "0.33220", "2005-06-30": "0.43200", "2005-03-31": "0.42710"}, "Debt/Equity Ratio": {"2020-09-30": "0.95500", "2020-06-30": "0.59380", "2020-03-31": "0.55010", "2019-12-31": "0.55580", "2019-09-30": "0.72310", "2019-06-30": "0.56530", "2019-03-31": "0.55330", "2018-12-31": "0.63860", "2018-09-30": "0.69040", "2018-06-30": "0.77000", "2018-03-31": "0.64590", "2017-12-31": "0.75110", "2017-09-30": "0.82590", "2017-06-30": "0.91000", "2017-03-31": "0.97820", "2016-12-31": "1.07270", "2016-09-30": "0.54080", "2016-06-30": "0.55700", "2016-03-31": "0.57190", "2015-12-31": "0.61730", "2015-09-30": "0.54570", "2015-06-30": "0.50300", "2015-03-31": "0.54610", "2014-12-31": "0.46290", "2014-09-30": "0.50980", "2014-06-30": "0.49360", "2014-03-31": "0.53130", "2013-12-31": "0.58510", "2013-09-30": "0.64140", "2013-06-30": "0.70910", "2013-03-31": "0.50760", "2012-12-31": "0.54830", "2012-09-30": "0.58680", "2012-06-30": "0.31320", "2012-03-31": "0.32340", "2011-12-31": "0.33960", "2011-09-30": "0.38270", "2011-06-30": "0.41760", "2011-03-31": "0.43090", "2010-12-31": "0.48750", "2010-09-30": "0.56010", "2010-06-30": "0.45000", "2010-03-31": "0.45680", "2009-12-31": "0.47650", "2009-09-30": "0.50580", "2009-06-30": "0.54220", "2009-03-31": "0.60500", "2008-12-31": "0.63240", "2008-09-30": "0.66980", "2008-06-30": "0.58530", "2008-03-31": "0.64820", "2007-12-31": "0.59150", "2007-09-30": "0.57110", "2007-06-30": "0.64700", "2007-03-31": "0.68650", "2006-12-31": "0.69060", "2006-09-30": "0.60270", "2006-06-30": "0.63840", "2006-03-31": "0.66570", "2005-12-31": "0.71550", "2005-09-30": "0.71880", "2005-06-30": "0.79140", "2005-03-31": "0.77750"}, "Gross Margin": {"2020-09-30": "64.11680", "2020-06-30": "64.65130", "2020-03-31": "63.43380", "2019-12-31": "64.01640", "2019-09-30": "64.49610", "2019-06-30": "63.89540", "2019-03-31": "62.97390", "2018-12-31": "63.43820", "2018-09-30": "63.69910", "2018-06-30": "63.06720", "2018-03-31": "62.41160", "2017-12-31": "62.37570", "2017-09-30": "62.62610", "2017-06-30": "62.19270", "2017-03-31": "61.45630", "2016-12-31": "62.01860", "2016-09-30": "61.20690", "2016-06-30": "60.92160", "2016-03-31": "62.00190", "2015-12-31": "61.36780", "2015-09-30": "60.35330", "2015-06-30": "60.02100", "2015-03-31": "59.88360", "2014-12-31": "59.79430", "2014-09-30": "59.27240", "2014-06-30": "59.10490", "2014-03-31": "58.62180", "2013-12-31": "59.96810", "2013-09-30": "58.30140", "2013-06-30": "56.82420", "2013-03-31": "57.19120", "2012-12-31": "57.58180", "2012-09-30": "55.71590", "2012-06-30": "54.85220", "2012-03-31": "55.01500", "2011-12-31": "54.90350", "2011-09-30": "53.67660", "2011-06-30": "53.87610", "2011-03-31": "54.25250", "2010-12-31": "54.72800", "2010-09-30": "53.17390", "2010-06-30": "53.24370", "2010-03-31": "52.30980", "2009-12-31": "52.63580", "2009-09-30": "50.55220", "2009-06-30": "50.51790", "2009-03-31": "49.68620", "2008-12-31": "51.71520", "2008-09-30": "52.05870", "2008-06-30": "51.36660", "2008-03-31": "50.90100", "2007-12-31": "51.07680", "2007-09-30": "50.99980", "2007-06-30": "49.44920", "2007-03-31": "49.77730", "2006-12-31": "50.65590", "2006-09-30": "51.08650", "2006-06-30": "50.52390", "2006-03-31": "50.27060", "2005-12-31": "50.63610", "2005-09-30": "50.59560", "2005-06-30": "49.76770", "2005-03-31": "48.71360"}, "Operating Margin": {"2020-09-30": "26.90870", "2020-06-30": "25.56320", "2020-03-31": "25.85330", "2019-12-31": "28.56320", "2019-09-30": "28.43850", "2019-06-30": "27.69300", "2019-03-31": "26.91110", "2018-12-31": "26.47680", "2018-09-30": "28.62670", "2018-06-30": "27.38660", "2018-03-31": "24.96470", "2017-12-31": "28.28150", "2017-09-30": "26.79540", "2017-06-30": "25.92760", "2017-03-31": "23.77800", "2016-12-31": "28.60590", "2016-09-30": "28.29090", "2016-06-30": "27.16720", "2016-03-31": "27.14810", "2015-12-31": "29.53210", "2015-09-30": "28.32470", "2015-06-30": "28.32630", "2015-03-31": "28.53360", "2014-12-31": "29.99000", "2014-09-30": "27.78550", "2014-06-30": "27.86640", "2014-03-31": "26.78490", "2013-12-31": "29.02570", "2013-09-30": "26.49750", "2013-06-30": "22.92650", "2013-03-31": "25.12120", "2012-12-31": "27.81080", "2012-09-30": "24.51140", "2012-06-30": "24.66420", "2012-03-31": "23.95050", "2011-12-31": "25.34540", "2011-09-30": "23.46200", "2011-06-30": "23.42860", "2011-03-31": "22.00500", "2010-12-31": "24.45380", "2010-09-30": "21.19250", "2010-06-30": "21.01680", "2010-03-31": "18.84510", "2009-12-31": "21.81350", "2009-09-30": "18.91630", "2009-06-30": "19.00620", "2009-03-31": "17.17140", "2008-12-31": "20.67430", "2008-09-30": "22.30640", "2008-06-30": "21.28840", "2008-03-31": "19.93870", "2007-12-31": "22.10550", "2007-09-30": "21.34310", "2007-06-30": "20.34460", "2007-03-31": "19.40760", "2006-12-31": "20.89540", "2006-09-30": "20.48610", "2006-06-30": "20.07760", "2006-03-31": "17.63050", "2005-12-31": "20.56810", "2005-09-30": "19.10810", "2005-06-30": "17.25610", "2005-03-31": "15.53570"}, "EBIT Margin": {"2020-09-30": "26.90870", "2020-06-30": "25.56320", "2020-03-31": "25.85330", "2019-12-31": "28.56320", "2019-09-30": "28.43850", "2019-06-30": "27.69300", "2019-03-31": "26.91110", "2018-12-31": "26.47680", "2018-09-30": "28.62670", "2018-06-30": "27.38660", "2018-03-31": "24.96470", "2017-12-31": "28.28140", "2017-09-30": "26.79540", "2017-06-30": "25.92760", "2017-03-31": "23.77800", "2016-12-31": "28.60590", "2016-09-30": "28.29090", "2016-06-30": "27.16720", "2016-03-31": "27.14810", "2015-12-31": "29.53210", "2015-09-30": "28.32470", "2015-06-30": "28.32630", "2015-03-31": "28.53360", "2014-12-31": "29.99000", "2014-09-30": "27.78550", "2014-06-30": "27.86640", "2014-03-31": "26.78490", "2013-12-31": "29.02570", "2013-09-30": "26.49750", "2013-06-30": "22.92650", "2013-03-31": "25.12120", "2012-12-31": "27.81080", "2012-09-30": "24.51140", "2012-06-30": "24.66420", "2012-03-31": "23.95050", "2011-12-31": "25.34540", "2011-09-30": "23.46200", "2011-06-30": "23.42860", "2011-03-31": "22.00500", "2010-12-31": "24.45380", "2010-09-30": "21.19250", "2010-06-30": "21.01680", "2010-03-31": "18.84510", "2009-12-31": "21.81350", "2009-09-30": "18.91630", "2009-06-30": "19.00620", "2009-03-31": "17.17140", "2008-12-31": "20.67430", "2008-09-30": "22.30640", "2008-06-30": "21.28840", "2008-03-31": "19.93870", "2007-12-31": "22.10540", "2007-09-30": "21.34310", "2007-06-30": "20.34460", "2007-03-31": "19.40760", "2006-12-31": "20.89540", "2006-09-30": "20.48610", "2006-06-30": "20.07760", "2006-03-31": "17.63050", "2005-12-31": "20.56810", "2005-09-30": "19.10810", "2005-06-30": "17.25610", "2005-03-31": "15.53570"}, "EBITDA Margin": {"2020-09-30": "", "2020-06-30": "", "2020-03-31": "", "2019-12-31": "", "2019-09-30": "", "2019-06-30": "", "2019-03-31": "", "2018-12-31": "", "2018-09-30": "", "2018-06-30": "", "2018-03-31": "", "2017-12-31": "", "2017-09-30": "", "2017-06-30": "", "2017-03-31": "", "2016-12-31": "", "2016-09-30": "", "2016-06-30": "", "2016-03-31": "", "2015-12-31": "", "2015-09-30": "", "2015-06-30": "", "2015-03-31": "", "2014-12-31": "", "2014-09-30": "", "2014-06-30": "", "2014-03-31": "", "2013-12-31": "", "2013-09-30": "", "2013-06-30": "", "2013-03-31": "", "2012-12-31": "", "2012-09-30": "", "2012-06-30": "", "2012-03-31": "", "2011-12-31": "", "2011-09-30": "", "2011-06-30": "", "2011-03-31": "", "2010-12-31": "", "2010-09-30": "", "2010-06-30": "", "2010-03-31": "", "2009-12-31": "", "2009-09-30": "", "2009-06-30": "", "2009-03-31": "", "2008-12-31": "", "2008-09-30": "", "2008-06-30": "", "2008-03-31": "", "2007-12-31": "", "2007-09-30": "", "2007-06-30": "", "2007-03-31": "", "2006-12-31": "", "2006-09-30": "", "2006-06-30": "", "2006-03-31": "", "2005-12-31": "", "2005-09-30": "", "2005-06-30": "", "2005-03-31": ""}, "Pre-Tax Profit Margin": {"2020-09-30": "22.18730", "2020-06-30": "21.77010", "2020-03-31": "22.55130", "2019-12-31": "82.30570", "2019-09-30": "24.94650", "2019-06-30": "24.22760", "2019-03-31": "32.56680", "2018-12-31": "23.11270", "2018-09-30": "23.62930", "2018-06-30": "24.22510", "2018-03-31": "21.23080", "2017-12-31": "24.73500", "2017-09-30": "22.81230", "2017-06-30": "22.50820", "2017-03-31": "19.45140", "2016-12-31": "25.54610", "2016-09-30": "25.39890", "2016-06-30": "24.14030", "2016-03-31": "24.09610", "2015-12-31": "33.42740", "2015-09-30": "26.04870", "2015-06-30": "25.88720", "2015-03-31": "26.16270", "2014-12-31": "27.90710", "2014-09-30": "25.58440", "2014-06-30": "25.55700", "2014-03-31": "24.57800", "2013-12-31": "26.69100", "2013-09-30": "23.56250", "2013-06-30": "20.39780", "2013-03-31": "21.95350", "2012-12-31": "25.29160", "2012-09-30": "21.98620", "2012-06-30": "22.50510", "2012-03-31": "21.70420", "2011-12-31": "23.19020", "2011-09-30": "21.40180", "2011-06-30": "22.14940", "2011-03-31": "19.52790", "2010-12-31": "21.84690", "2010-09-30": "18.79560", "2010-06-30": "17.85160", "2010-03-31": "15.90110", "2009-12-31": "18.77240", "2009-09-30": "15.96540", "2009-06-30": "16.90800", "2009-03-31": "14.42830", "2008-12-31": "18.32830", "2008-09-30": "19.10990", "2008-06-30": "19.15330", "2008-03-31": "17.69430", "2007-12-31": "18.62100", "2007-09-30": "18.80550", "2007-06-30": "17.59400", "2007-03-31": "16.53940", "2006-12-31": "18.37960", "2006-09-30": "17.95830", "2006-06-30": "17.41040", "2006-03-31": "14.77540", "2005-12-31": "17.34540", "2005-09-30": "16.21350", "2005-06-30": "14.28960", "2005-03-31": "12.43090"}, "Net Profit Margin": {"2020-09-30": "17.15830", "2020-06-30": "16.79690", "2020-03-31": "17.79080", "2019-12-31": "62.45340", "2019-09-30": "20.48730", "2019-06-30": "18.77020", "2019-03-31": "28.71350", "2018-12-31": "18.68050", "2018-09-30": "18.77610", "2018-06-30": "17.65480", "2018-03-31": "17.57170", "2017-12-31": "36.18950", "2017-09-30": "16.40660", "2017-06-30": "15.81920", "2017-03-31": "14.55400", "2016-12-31": "18.00960", "2016-09-30": "17.67760", "2016-06-30": "16.96820", "2016-03-31": "16.77880", "2015-12-31": "22.10560", "2015-09-30": "18.14810", "2015-06-30": "19.25490", "2015-03-31": "18.00260", "2014-12-31": "19.65200", "2014-09-30": "17.58920", "2014-06-30": "17.77740", "2014-03-31": "17.65190", "2013-12-31": "18.63560", "2013-09-30": "16.46790", "2013-06-30": "14.20300", "2013-03-31": "16.94590", "2012-12-31": "17.72170", "2012-09-30": "15.61020", "2012-06-30": "15.83910", "2012-03-31": "15.23190", "2011-12-31": "16.46040", "2011-09-30": "15.47360", "2011-06-30": "15.19010", "2011-03-31": "13.78860", "2010-12-31": "15.79310", "2010-09-30": "13.92570", "2010-06-30": "12.56930", "2010-03-31": "11.17520", "2009-12-31": "12.99120", "2009-09-30": "11.61470", "2009-06-30": "11.80170", "2009-03-31": "10.20070", "2008-12-31": "12.30690", "2008-09-30": "12.48170", "2008-06-30": "12.53720", "2008-03-31": "11.50120", "2007-12-31": "12.12350", "2007-09-30": "12.22360", "2007-06-30": "11.53880", "2007-03-31": "10.75070", "2006-12-31": "12.18750", "2006-09-30": "11.89420", "2006-06-30": "11.30780", "2006-03-31": "9.84680", "2005-12-31": "12.82110", "2005-09-30": "10.73330", "2005-06-30": "9.83560", "2005-03-31": "8.39060"}, "Asset Turnover": {"2020-09-30": "0.05780", "2020-06-30": "0.06820", "2020-03-31": "0.07450", "2019-12-31": "0.07700", "2019-09-30": "0.07600", "2019-06-30": "0.08360", "2019-03-31": "0.08350", "2018-12-31": "0.09030", "2018-09-30": "0.08650", "2018-06-30": "0.08420", "2018-03-31": "0.08540", "2017-12-31": "0.08570", "2017-09-30": "0.08140", "2017-06-30": "0.07980", "2017-03-31": "0.07630", "2016-12-31": "0.07060", "2016-09-30": "0.09020", "2016-06-30": "0.09050", "2016-03-31": "0.08830", "2015-12-31": "0.09280", "2015-09-30": "0.09370", "2015-06-30": "0.09850", "2015-03-31": "0.09640", "2014-12-31": "0.11260", "2014-09-30": "0.10390", "2014-06-30": "0.10710", "2014-03-31": "0.10180", "2013-12-31": "0.10860", "2013-09-30": "0.10040", "2013-06-30": "0.09550", "2013-03-31": "0.10450", "2012-12-31": "0.11450", "2012-09-30": "0.10610", "2012-06-30": "0.13170", "2012-03-31": "0.13090", "2011-12-31": "0.13900", "2011-09-30": "0.13550", "2011-06-30": "0.13300", "2011-03-31": "0.12660", "2010-12-31": "0.13400", "2010-09-30": "0.11970", "2010-06-30": "0.12930", "2010-03-31": "0.12460", "2009-12-31": "0.12790", "2009-09-30": "0.12140", "2009-06-30": "0.12750", "2009-03-31": "0.12890", "2008-12-31": "0.14500", "2008-09-30": "0.14560", "2008-06-30": "0.15800", "2008-03-31": "0.14430", "2007-12-31": "0.16220", "2007-09-30": "0.16390", "2007-06-30": "0.16560", "2007-03-31": "0.15370", "2006-12-31": "0.15540", "2006-09-30": "0.15940", "2006-06-30": "0.16190", "2006-03-31": "0.15110", "2005-12-31": "0.15590", "2005-09-30": "0.15060", "2005-06-30": "0.14760", "2005-03-31": "0.14170"}, "Inventory Turnover Ratio": {"2020-09-30": "2.28110", "2020-06-30": "2.12970", "2020-03-31": "2.39520", "2019-12-31": "2.52720", "2019-09-30": "2.34590", "2019-06-30": "2.36020", "2019-03-31": "2.29690", "2018-12-31": "2.63730", "2018-09-30": "2.25590", "2018-06-30": "2.36650", "2018-03-31": "2.08580", "2017-12-31": "2.25230", "2017-09-30": "2.07110", "2017-06-30": "2.14670", "2017-03-31": "2.18730", "2016-12-31": "2.10990", "2016-09-30": "1.85620", "2016-06-30": "1.90210", "2016-03-31": "1.74670", "2015-12-31": "1.92000", "2015-09-30": "1.74510", "2015-06-30": "1.80500", "2015-03-31": "1.78250", "2014-12-31": "1.96320", "2014-09-30": "1.68700", "2014-06-30": "1.70710", "2014-03-31": "1.64830", "2013-12-31": "1.73700", "2013-09-30": "1.68610", "2013-06-30": "1.71430", "2013-03-31": "1.57760", "2012-12-31": "1.79990", "2012-09-30": "1.57340", "2012-06-30": "1.56120", "2012-03-31": "1.49460", "2011-12-31": "1.62800", "2011-09-30": "1.56040", "2011-06-30": "1.52490", "2011-03-31": "1.48510", "2010-12-31": "1.72280", "2010-09-30": "1.56600", "2010-06-30": "1.55110", "2010-03-31": "1.46030", "2009-12-31": "1.46660", "2009-09-30": "1.37980", "2009-06-30": "1.40870", "2009-03-31": "1.36190", "2008-12-31": "1.49560", "2008-09-30": "1.45010", "2008-06-30": "1.50230", "2008-03-31": "1.40290", "2007-12-31": "1.57350", "2007-09-30": "1.42670", "2007-06-30": "1.47950", "2007-03-31": "1.29070", "2006-12-31": "1.36460", "2006-09-30": "1.29300", "2006-06-30": "1.42830", "2006-03-31": "1.35050", "2005-12-31": "1.47210", "2005-09-30": "1.34280", "2005-06-30": "1.31260", "2005-03-31": "1.25340"}, "Receiveable Turnover": {"2020-09-30": "1.28100", "2020-06-30": "1.32140", "2020-03-31": "1.41200", "2019-12-31": "1.40380", "2019-09-30": "1.45600", "2019-06-30": "1.41660", "2019-03-31": "1.52840", "2018-12-31": "1.54310", "2018-09-30": "1.47080", "2018-06-30": "1.44190", "2018-03-31": "1.44010", "2017-12-31": "1.51490", "2017-09-30": "1.52270", "2017-06-30": "1.56880", "2017-03-31": "1.56660", "2016-12-31": "1.34800", "2016-09-30": "1.53160", "2016-06-30": "1.48220", "2016-03-31": "1.42030", "2015-12-31": "1.54620", "2015-09-30": "1.48570", "2015-06-30": "1.50870", "2015-03-31": "1.42600", "2014-12-31": "1.55630", "2014-09-30": "1.39920", "2014-06-30": "1.41590", "2014-03-31": "1.36870", "2013-12-31": "1.46720", "2013-09-30": "1.40150", "2013-06-30": "1.24070", "2013-03-31": "1.29590", "2012-12-31": "1.35300", "2012-09-30": "1.33500", "2012-06-30": "1.41250", "2012-03-31": "1.47770", "2011-12-31": "1.46970", "2011-09-30": "1.43950", "2011-06-30": "1.36630", "2011-03-31": "1.31040", "2010-12-31": "1.41870", "2010-09-30": "1.32910", "2010-06-30": "1.32500", "2010-03-31": "1.28280", "2009-12-31": "1.26170", "2009-09-30": "1.26380", "2009-06-30": "1.31890", "2009-03-31": "1.24090", "2008-12-31": "1.31470", "2008-09-30": "1.27260", "2008-06-30": "1.30940", "2008-03-31": "1.24420", "2007-12-31": "1.33350", "2007-09-30": "1.46100", "2007-06-30": "1.60400", "2007-03-31": "1.49860", "2006-12-31": "1.31580", "2006-09-30": "1.40350", "2006-06-30": "1.53520", "2006-03-31": "1.52570", "2005-12-31": "1.52860", "2005-09-30": "1.43220", "2005-06-30": "1.45170", "2005-03-31": "1.35890"}, "Days Sales In Receivables": {"2020-09-30": "70.25550", "2020-06-30": "68.11030", "2020-03-31": "63.74030", "2019-12-31": "64.11240", "2019-09-30": "61.81400", "2019-06-30": "63.53380", "2019-03-31": "58.88600", "2018-12-31": "58.32380", "2018-09-30": "61.19210", "2018-06-30": "62.41630", "2018-03-31": "62.49480", "2017-12-31": "59.41060", "2017-09-30": "59.10450", "2017-06-30": "57.36980", "2017-03-31": "57.45050", "2016-12-31": "66.76430", "2016-09-30": "58.76390", "2016-06-30": "60.71990", "2016-03-31": "63.36560", "2015-12-31": "58.20880", "2015-09-30": "60.57850", "2015-06-30": "59.65300", "2015-03-31": "63.11320", "2014-12-31": "57.82970", "2014-09-30": "64.32060", "2014-06-30": "63.56360", "2014-03-31": "65.75360", "2013-12-31": "61.33990", "2013-09-30": "64.21680", "2013-06-30": "72.53760", "2013-03-31": "69.44840", "2012-12-31": "66.51860", "2012-09-30": "67.41750", "2012-06-30": "63.71820", "2012-03-31": "60.90520", "2011-12-31": "61.23700", "2011-09-30": "62.52080", "2011-06-30": "65.87020", "2011-03-31": "68.68010", "2010-12-31": "63.44000", "2010-09-30": "67.71340", "2010-06-30": "67.92530", "2010-03-31": "70.16140", "2009-12-31": "71.33360", "2009-09-30": "71.21470", "2009-06-30": "68.24050", "2009-03-31": "72.52990", "2008-12-31": "68.45750", "2008-09-30": "70.72320", "2008-06-30": "68.73360", "2008-03-31": "72.33600", "2007-12-31": "67.49400", "2007-09-30": "61.60160", "2007-06-30": "56.11030", "2007-03-31": "60.05600", "2006-12-31": "68.39870", "2006-09-30": "64.12350", "2006-06-30": "58.62470", "2006-03-31": "58.98980", "2005-12-31": "58.87820", "2005-09-30": "62.84180", "2005-06-30": "61.99620", "2005-03-31": "66.23030"}, "ROE - Return On Equity": {"2020-09-30": "2.30690", "2020-06-30": "2.21870", "2020-03-31": "2.50540", "2019-12-31": "9.17730", "2019-09-30": "3.23750", "2019-06-30": "2.99010", "2019-03-31": "4.54200", "2018-12-31": "3.32240", "2018-09-30": "3.27730", "2018-06-30": "3.12750", "2018-03-31": "2.95300", "2017-12-31": "6.46750", "2017-09-30": "2.94630", "2017-06-30": "2.89490", "2017-03-31": "2.64790", "2016-12-31": "3.14460", "2016-09-30": "2.92480", "2016-06-30": "2.84760", "2016-03-31": "2.78280", "2015-12-31": "3.93660", "2015-09-30": "3.12770", "2015-06-30": "3.41240", "2015-03-31": "3.24030", "2014-12-31": "3.91000", "2014-09-30": "3.34560", "2014-06-30": "3.46000", "2014-03-31": "3.37890", "2013-12-31": "3.93310", "2013-09-30": "3.35540", "2013-06-30": "2.86290", "2013-03-31": "3.30270", "2012-12-31": "3.89210", "2012-09-30": "3.25400", "2012-06-30": "3.36300", "2012-03-31": "3.25020", "2011-12-31": "3.80820", "2011-09-30": "3.59380", "2011-06-30": "3.56320", "2011-03-31": "3.08730", "2010-12-31": "3.90090", "2010-09-30": "3.19620", "2010-06-30": "2.84270", "2010-03-31": "2.43960", "2009-12-31": "2.97020", "2009-09-30": "2.53820", "2009-06-30": "2.77770", "2009-03-31": "2.52760", "2008-12-31": "3.53660", "2008-09-30": "3.68290", "2008-06-30": "3.80700", "2008-03-31": "3.32940", "2007-12-31": "3.79380", "2007-09-30": "3.80230", "2007-06-30": "3.77160", "2007-03-31": "3.34350", "2006-12-31": "3.81550", "2006-09-30": "3.57980", "2006-06-30": "3.53250", "2006-03-31": "2.90120", "2005-12-31": "4.03330", "2005-09-30": "3.26190", "2005-06-30": "3.06180", "2005-03-31": "2.47230"}, "Return On Tangible Equity": {"2020-09-30": "-2.10790", "2020-06-30": "-4.00100", "2020-03-31": "-4.17250", "2019-12-31": "-14.53970", "2019-09-30": "-4.01810", "2019-06-30": "-4.75640", "2019-03-31": "-7.39970", "2018-12-31": "-4.71710", "2018-09-30": "-4.31860", "2018-06-30": "-3.77490", "2018-03-31": "-4.10120", "2017-12-31": "-8.17210", "2017-09-30": "-3.25990", "2017-06-30": "-2.96290", "2017-03-31": "-2.51030", "2016-12-31": "-2.79450", "2016-09-30": "-5.97070", "2016-06-30": "-5.26190", "2016-03-31": "-4.79660", "2015-12-31": "-6.82860", "2015-09-30": "-6.56460", "2015-06-30": "-7.78090", "2015-03-31": "-6.42910", "2014-12-31": "-9.61380", "2014-09-30": "-7.39130", "2014-06-30": "-7.98920", "2014-03-31": "-6.75130", "2013-12-31": "-6.97380", "2013-09-30": "-5.38690", "2013-06-30": "-4.09850", "2013-03-31": "-7.24650", "2012-12-31": "-7.63460", "2012-09-30": "-5.85200", "2012-06-30": "-21.89110", "2012-03-31": "-16.93130", "2011-12-31": "-15.89560", "2011-09-30": "-12.04630", "2011-06-30": "-10.28100", "2011-03-31": "-9.36760", "2010-12-31": "-9.92350", "2010-09-30": "-6.91070", "2010-06-30": "-10.30950", "2010-03-31": "-7.63370", "2009-12-31": "-8.60500", "2009-09-30": "-8.30130", "2009-06-30": "-7.80390", "2009-03-31": "-6.06010", "2008-12-31": "-7.71230", "2008-09-30": "-7.53710", "2008-06-30": "-9.62850", "2008-03-31": "-7.24060", "2007-12-31": "-12.81700", "2007-09-30": "-10.80610", "2007-06-30": "-8.98330", "2007-03-31": "-6.93860", "2006-12-31": "-8.00710", "2006-09-30": "-9.89960", "2006-06-30": "-8.77060", "2006-03-31": "-6.87960", "2005-12-31": "-8.32790", "2005-09-30": "-7.25000", "2005-06-30": "-5.98170", "2005-03-31": "-5.40750"}, "ROA - Return On Assets": {"2020-09-30": "0.99100", "2020-06-30": "1.14510", "2020-03-31": "1.32490", "2019-12-31": "4.81030", "2019-09-30": "1.55730", "2019-06-30": "1.56960", "2019-03-31": "2.39780", "2018-12-31": "1.68600", "2018-09-30": "1.62410", "2018-06-30": "1.48690", "2018-03-31": "1.50130", "2017-12-31": "3.10060", "2017-09-30": "1.33580", "2017-06-30": "1.26290", "2017-03-31": "1.11100", "2016-12-31": "1.27080", "2016-09-30": "1.59420", "2016-06-30": "1.53510", "2016-03-31": "1.48090", "2015-12-31": "2.05140", "2015-09-30": "1.70060", "2015-06-30": "1.89590", "2015-03-31": "1.73570", "2014-12-31": "2.21350", "2014-09-30": "1.82730", "2014-06-30": "1.90460", "2014-03-31": "1.79770", "2013-12-31": "2.02450", "2013-09-30": "1.65330", "2013-06-30": "1.35570", "2013-03-31": "1.77110", "2012-12-31": "2.02980", "2012-09-30": "1.65550", "2012-06-30": "2.08670", "2012-03-31": "1.99440", "2011-12-31": "2.28740", "2011-09-30": "2.09720", "2011-06-30": "2.01960", "2011-03-31": "1.74570", "2010-12-31": "2.11680", "2010-09-30": "1.66660", "2010-06-30": "1.62470", "2010-03-31": "1.39230", "2009-12-31": "1.66190", "2009-09-30": "1.40960", "2009-06-30": "1.50490", "2009-03-31": "1.31500", "2008-12-31": "1.78450", "2008-09-30": "1.81740", "2008-06-30": "1.98070", "2008-03-31": "1.66020", "2007-12-31": "1.96640", "2007-09-30": "2.00300", "2007-06-30": "1.91080", "2007-03-31": "1.65230", "2006-12-31": "1.89400", "2006-09-30": "1.89610", "2006-06-30": "1.83090", "2006-03-31": "1.48750", "2005-12-31": "1.99850", "2005-09-30": "1.61680", "2005-06-30": "1.45170", "2005-03-31": "1.18890"}, "ROI - Return On Investment": {"2020-09-30": "1.21690", "2020-06-30": "1.44750", "2020-03-31": "1.68450", "2019-12-31": "6.14970", "2019-09-30": "1.87930", "2019-06-30": "1.91050", "2019-03-31": "2.92770", "2018-12-31": "2.02780", "2018-09-30": "2.06860", "2018-06-30": "1.88380", "2018-03-31": "1.92510", "2017-12-31": "3.95700", "2017-09-30": "1.67050", "2017-06-30": "1.56880", "2017-03-31": "1.38560", "2016-12-31": "1.56960", "2016-09-30": "1.89870", "2016-06-30": "1.83010", "2016-03-31": "1.77170", "2015-12-31": "2.43590", "2015-09-30": "2.02520", "2015-06-30": "2.27260", "2015-03-31": "2.09790", "2014-12-31": "2.67700", "2014-09-30": "2.21940", "2014-06-30": "2.32030", "2014-03-31": "2.21010", "2013-12-31": "2.48550", "2013-09-30": "2.04800", "2013-06-30": "1.81510", "2013-03-31": "2.40890", "2012-12-31": "2.76510", "2012-09-30": "2.27080", "2012-06-30": "2.59420", "2012-03-31": "2.49190", "2011-12-31": "2.89000", "2011-09-30": "2.64340", "2011-06-30": "2.55720", "2011-03-31": "2.20130", "2010-12-31": "2.68370", "2010-09-30": "2.09760", "2010-06-30": "2.02280", "2010-03-31": "1.72840", "2009-12-31": "2.07730", "2009-09-30": "1.74820", "2009-06-30": "1.88590", "2009-03-31": "1.65020", "2008-12-31": "2.33310", "2008-09-30": "2.36990", "2008-06-30": "2.85630", "2008-03-31": "2.33150", "2007-12-31": "2.69740", "2007-09-30": "2.74920", "2007-06-30": "2.59510", "2007-03-31": "2.24950", "2006-12-31": "2.56270", "2006-09-30": "2.56180", "2006-06-30": "2.47150", "2006-03-31": "1.99790", "2005-12-31": "2.69450", "2005-09-30": "2.17830", "2005-06-30": "1.73920", "2005-03-31": "1.41650"}, "Book Value Per Share": {"2020-09-30": "96.88860", "2020-06-30": "94.35210", "2020-03-31": "91.87420", "2019-12-31": "91.18060", "2019-09-30": "82.37040", "2019-06-30": "80.29650", "2019-03-31": "78.36400", "2018-12-31": "74.84040", "2018-09-30": "73.04290", "2018-06-30": "70.66530", "2018-03-31": "69.36310", "2017-12-31": "66.96200", "2017-09-30": "63.09940", "2017-06-30": "60.65830", "2017-03-31": "58.51880", "2016-12-31": "56.93670", "2016-09-30": "56.31750", "2016-06-30": "54.77620", "2016-03-31": "53.76660", "2015-12-31": "52.53240", "2015-09-30": "50.87950", "2015-06-30": "49.86140", "2015-03-31": "47.82480", "2014-12-31": "47.49380", "2014-09-30": "45.52350", "2014-06-30": "45.46470", "2014-03-31": "43.66550", "2013-12-31": "42.42240", "2013-09-30": "40.91040", "2013-06-30": "39.21590", "2013-03-31": "38.19690", "2012-12-31": "37.39940", "2012-09-30": "36.46720", "2012-06-30": "34.90490", "2012-03-31": "34.20210", "2011-12-31": "33.04880", "2011-09-30": "31.80720", "2011-06-30": "31.05510", "2011-03-31": "30.05440", "2010-12-31": "28.93010", "2010-09-30": "27.84780", "2010-06-30": "26.62460", "2010-03-31": "26.05320", "2009-12-31": "25.86570", "2009-09-30": "24.40810", "2009-06-30": "23.61970", "2009-03-31": "22.52870", "2008-12-31": "22.33520", "2008-09-30": "22.40630", "2008-06-30": "21.84490", "2008-03-31": "20.98030", "2007-12-31": "20.16160", "2007-09-30": "19.32210", "2007-06-30": "18.32810", "2007-03-31": "17.42560", "2006-12-31": "16.93840", "2006-09-30": "16.27970", "2006-06-30": "15.64850", "2006-03-31": "14.95720", "2005-12-31": "14.53920", "2005-09-30": "14.00500", "2005-06-30": "13.57120", "2005-03-31": "13.29760"}, "Operating Cash Flow Per Share": {"2020-09-30": 1.273, "2020-06-30": 4.2504, "2020-03-31": "3.45580", "2019-12-31": 4.4448, "2019-09-30": 3.8397, "2019-06-30": 2.8515, "2019-03-31": "2.77270", "2018-12-31": 4.4631, "2018-09-30": 3.9881, "2018-06-30": 2.5436, "2018-03-31": "2.70350", "2017-12-31": 3.5794, "2017-09-30": 3.028, "2017-06-30": 1.6518, "2017-03-31": "3.66830", "2016-12-31": 2.6397, "2016-09-30": 3.0856, "2016-06-30": 1.6538, "2016-03-31": "2.02380", "2015-12-31": 2.6508, "2015-09-30": 2.2288, "2015-06-30": 1.6936, "2015-03-31": "2.56900", "2014-12-31": 2.5962, "2014-09-30": 2.2321, "2014-06-30": 1.3883, "2014-03-31": "2.11420", "2013-12-31": 2.3581, "2013-09-30": 2.5457, "2013-06-30": 1.3921, "2013-03-31": "1.71290", "2012-12-31": 2.1351, "2012-09-30": 2.0557, "2012-06-30": 1.1934, "2012-03-31": "1.42440", "2011-12-31": 1.9538, "2011-09-30": 1.6968, "2011-06-30": 1.5822, "2011-03-31": "0.88210", "2010-12-31": 1.6056, "2010-09-30": 1.4336, "2010-06-30": 1.1391, "2010-03-31": "0.99010", "2009-12-31": 1.2916, "2009-09-30": 0.9326, "2009-06-30": 1.1871, "2009-03-31": "0.54800", "2008-12-31": 1.3947, "2008-09-30": 1.4696, "2008-06-30": 1.0061, "2008-03-31": "0.76610", "2007-12-31": 1.2618, "2007-09-30": 0.9671, "2007-06-30": 0.8404, "2007-03-31": "0.61850", "2006-12-31": 1.2009, "2006-09-30": 0.5263, "2006-06-30": 0.5225, "2006-03-31": "0.63910", "2005-12-31": 1.1809, "2005-09-30": 0.8536, "2005-06-30": 0.7188, "2005-03-31": "0.44750"}, "Free Cash Flow Per Share": {"2020-09-30": 1.1595, "2020-06-30": 4.1539, "2020-03-31": "3.35610", "2019-12-31": 4.3207, "2019-09-30": 3.6774, "2019-06-30": 2.7094, "2019-03-31": "2.60270", "2018-12-31": 4.2976, "2018-09-30": 3.8557, "2018-06-30": 2.3916, "2018-03-31": "2.59210", "2017-12-31": 3.4269, "2017-09-30": 2.8997, "2017-06-30": 1.5324, "2017-03-31": "3.49270", "2016-12-31": 2.5261, "2016-09-30": 2.9992, "2016-06-30": 1.5618, "2016-03-31": "1.92460", "2015-12-31": 2.5406, "2015-09-30": 2.1616, "2015-06-30": 1.5882, "2015-03-31": "2.47090", "2014-12-31": 2.4927, "2014-09-30": 2.1407, "2014-06-30": 1.2886, "2014-03-31": "2.01000", "2013-12-31": 2.2662, "2013-09-30": 2.4317, "2013-06-30": 1.2856, "2013-03-31": "1.60090", "2012-12-31": 2.0425, "2012-09-30": 1.9687, "2012-06-30": 1.088, "2012-03-31": "1.32370", "2011-12-31": 1.8365, "2011-09-30": 1.5974, "2011-06-30": 1.475, "2011-03-31": "0.79230", "2010-12-31": 1.5207, "2010-09-30": 1.3691, "2010-06-30": 1.0602, "2010-03-31": "0.92260", "2009-12-31": 1.2141, "2009-09-30": 0.8645, "2009-06-30": 1.1105, "2009-03-31": "0.49130", "2008-12-31": 1.2947, "2008-09-30": 1.4008, "2008-06-30": 0.9225, "2008-03-31": "0.69790", "2007-12-31": 1.1482, "2007-09-30": 0.8947, "2007-06-30": 0.769, "2007-03-31": "0.55290", "2006-12-31": 1.106, "2006-09-30": 0.452, "2006-06-30": 0.4469, "2006-03-31": "0.53010", "2005-12-31": 1.0836, "2005-09-30": 0.79, "2005-06-30": 0.6567, "2005-03-31": "0.38880"}}, "revenue": {"Roper Technologies Annual Revenue (Millions of US $)": {"2020": "$5,527", "2019": "$5,367", "2018": "$5,191", "2017": "$4,608", "2016": "$3,790", "2015": "$3,582", "2014": "$3,549", "2013": "$3,238", "2012": "$2,993", "2011": "$2,797", "2010": "$2,386", "2009": "$2,050", "2008": "$2,306", "2007": "$2,102", "2006": "$1,701", "2005": "$1,454"}, "Roper Technologies Quarterly Revenue (Millions of US $)": {"2020-12-31": "$1,505", "2020-09-30": "$1,366", "2020-06-30": "$1,305", "2020-03-31": "$1,351", "2019-12-31": "$1,395", "2019-09-30": "$1,355", "2019-06-30": "$1,330", "2019-03-31": "$1,287", "2018-12-31": "$1,376", "2018-09-30": "$1,319", "2018-06-30": "$1,294", "2018-03-31": "$1,203", "2017-12-31": "$1,227", "2017-09-30": "$1,160", "2017-06-30": "$1,135", "2017-03-31": "$1,086", "2016-12-31": "$1,011", "2016-09-30": "$945", "2016-06-30": "$932", "2016-03-31": "$902", "2015-12-31": "$944", "2015-09-30": "$884", "2015-06-30": "$890", "2015-03-31": "$865", "2014-12-31": "$946", "2014-09-30": "$884", "2014-06-30": "$885", "2014-03-31": "$834", "2013-12-31": "$889", "2013-09-30": "$828", "2013-06-30": "$784", "2013-03-31": "$737", "2012-12-31": "$810", "2012-09-30": "$748", "2012-06-30": "$725", "2012-03-31": "$711", "2011-12-31": "$739", "2011-09-30": "$713", "2011-06-30": "$700", "2011-03-31": "$645", "2010-12-31": "$679", "2010-09-30": "$605", "2010-06-30": "$567", "2010-03-31": "$534", "2009-12-31": "$554", "2009-09-30": "$486", "2009-06-30": "$505", "2009-03-31": "$505", "2008-12-31": "$576", "2008-09-30": "$593", "2008-06-30": "$594", "2008-03-31": "$543", "2007-12-31": "$560", "2007-09-30": "$533", "2007-06-30": "$531", "2007-03-31": "$478", "2006-12-31": "$465", "2006-09-30": "$427", "2006-06-30": "$425", "2006-03-31": "$383", "2005-12-31": "$393", "2005-09-30": "$365", "2005-06-30": "$362", "2005-03-31": "$334"}}, "gross-profit": {"Roper Technologies Annual Gross Profit (Millions of US $)": {"2020": "$3,543", "2019": "$3,427", "2018": "$3,280", "2017": "$2,865", "2016": "$2,332", "2015": "$2,165", "2014": "$2,102", "2013": "$1,883", "2012": "$1,672", "2011": "$1,516", "2010": "$1,275", "2009": "$1,043", "2008": "$1,188", "2007": "$1,058", "2006": "$861", "2005": "$726"}, "Roper Technologies Quarterly Gross Profit (Millions of US $)": {"2020-12-31": "$967", "2020-09-30": "$876", "2020-06-30": "$844", "2020-03-31": "$857", "2019-12-31": "$893", "2019-09-30": "$874", "2019-06-30": "$850", "2019-03-31": "$811", "2018-12-31": "$873", "2018-09-30": "$840", "2018-06-30": "$816", "2018-03-31": "$751", "2017-12-31": "$765", "2017-09-30": "$726", "2017-06-30": "$706", "2017-03-31": "$668", "2016-12-31": "$627", "2016-09-30": "$578", "2016-06-30": "$568", "2016-03-31": "$560", "2015-12-31": "$579", "2015-09-30": "$533", "2015-06-30": "$534", "2015-03-31": "$518", "2014-12-31": "$566", "2014-09-30": "$524", "2014-06-30": "$523", "2014-03-31": "$489", "2013-12-31": "$533", "2013-09-30": "$483", "2013-06-30": "$446", "2013-03-31": "$422", "2012-12-31": "$466", "2012-09-30": "$417", "2012-06-30": "$398", "2012-03-31": "$391", "2011-12-31": "$406", "2011-09-30": "$383", "2011-06-30": "$377", "2011-03-31": "$350", "2010-12-31": "$372", "2010-09-30": "$322", "2010-06-30": "$302", "2010-03-31": "$280", "2009-12-31": "$291", "2009-09-30": "$246", "2009-06-30": "$255", "2009-03-31": "$251", "2008-12-31": "$298", "2008-09-30": "$309", "2008-06-30": "$305", "2008-03-31": "$276", "2007-12-31": "$286", "2007-09-30": "$272", "2007-06-30": "$262", "2007-03-31": "$238", "2006-12-31": "$236", "2006-09-30": "$218", "2006-06-30": "$215", "2006-03-31": "$192", "2005-12-31": "$199", "2005-09-30": "$185", "2005-06-30": "$180", "2005-03-31": "$163"}}, "operating-income": {"Roper Technologies Annual Operating Income (Millions of US $)": {"2020": "$1,431", "2019": "$1,498", "2018": "$1,396", "2017": "$1,210", "2016": "$1,055", "2015": "$1,028", "2014": "$999", "2013": "$842", "2012": "$758", "2011": "$661", "2010": "$514", "2009": "$395", "2008": "$486", "2007": "$438", "2006": "$338", "2005": "$265"}, "Roper Technologies Quarterly Operating Income (Millions of US $)": {"2020-12-31": "$381", "2020-09-30": "$368", "2020-06-30": "$334", "2020-03-31": "$349", "2019-12-31": "$398", "2019-09-30": "$385", "2019-06-30": "$368", "2019-03-31": "$346", "2018-12-31": "$364", "2018-09-30": "$378", "2018-06-30": "$354", "2018-03-31": "$300", "2017-12-31": "$347", "2017-09-30": "$311", "2017-06-30": "$294", "2017-03-31": "$258", "2016-12-31": "$289", "2016-09-30": "$267", "2016-06-30": "$253", "2016-03-31": "$245", "2015-12-31": "$279", "2015-09-30": "$250", "2015-06-30": "$252", "2015-03-31": "$247", "2014-12-31": "$284", "2014-09-30": "$246", "2014-06-30": "$247", "2014-03-31": "$223", "2013-12-31": "$258", "2013-09-30": "$219", "2013-06-30": "$180", "2013-03-31": "$185", "2012-12-31": "$225", "2012-09-30": "$183", "2012-06-30": "$179", "2012-03-31": "$170", "2011-12-31": "$187", "2011-09-30": "$167", "2011-06-30": "$164", "2011-03-31": "$142", "2010-12-31": "$166", "2010-09-30": "$128", "2010-06-30": "$119", "2010-03-31": "$101", "2009-12-31": "$121", "2009-09-30": "$92", "2009-06-30": "$96", "2009-03-31": "$87", "2008-12-31": "$119", "2008-09-30": "$132", "2008-06-30": "$127", "2008-03-31": "$108", "2007-12-31": "$124", "2007-09-30": "$114", "2007-06-30": "$108", "2007-03-31": "$93", "2006-12-31": "$97", "2006-09-30": "$88", "2006-06-30": "$85", "2006-03-31": "$67", "2005-12-31": "$81", "2005-09-30": "$70", "2005-06-30": "$62", "2005-03-31": "$52"}}, "ebitda": {"Roper Technologies Annual EBITDA (Millions of US $)": {"2019": "$1,922", "2018": "$1,770", "2017": "$1,562", "2016": "$1,301", "2015": "$1,236", "2014": "$1,201", "2013": "$1,035", "2012": "$915", "2011": "$803", "2010": "$640", "2009": "$501", "2008": "$589", "2007": "$532", "2006": "$420", "2005": "$336"}, "Roper Technologies Quarterly EBITDA (Millions of US $)": {"2020-09-30": "$501", "2020-06-30": "$449", "2020-03-31": "$466", "2019-12-31": "$517", "2019-09-30": "$493", "2019-06-30": "$468", "2019-03-31": "$443", "2018-12-31": "$460", "2018-09-30": "$474", "2018-06-30": "$446", "2018-03-31": "$390", "2017-12-31": "$435", "2017-09-30": "$399", "2017-06-30": "$382", "2017-03-31": "$346", "2016-12-31": "$354", "2016-09-30": "$327", "2016-06-30": "$314", "2016-03-31": "$306", "2015-12-31": "$336", "2015-09-30": "$301", "2015-06-30": "$303", "2015-03-31": "$296", "2014-12-31": "$334", "2014-09-30": "$297", "2014-06-30": "$297", "2014-03-31": "$273", "2013-12-31": "$309", "2013-09-30": "$269", "2013-06-30": "$228", "2013-03-31": "$229", "2012-12-31": "$270", "2012-09-30": "$223", "2012-06-30": "$215", "2012-03-31": "$206", "2011-12-31": "$223", "2011-09-30": "$203", "2011-06-30": "$199", "2011-03-31": "$177", "2010-12-31": "$201", "2010-09-30": "$161", "2010-06-30": "$148", "2010-03-31": "$130", "2009-12-31": "$148", "2009-09-30": "$117", "2009-06-30": "$122", "2009-03-31": "$114", "2008-12-31": "$147", "2008-09-30": "$159", "2008-06-30": "$152", "2008-03-31": "$132", "2007-12-31": "$147", "2007-09-30": "$138", "2007-06-30": "$132", "2007-03-31": "$115", "2006-12-31": "$119", "2006-09-30": "$108", "2006-06-30": "$106", "2006-03-31": "$86", "2005-12-31": "$99", "2005-09-30": "$88", "2005-06-30": "$79", "2005-03-31": "$70"}}, "net-income": {"Roper Technologies Annual Net Income (Millions of US $)": {"2020": "$950", "2019": "$1,768", "2018": "$944", "2017": "$972", "2016": "$659", "2015": "$696", "2014": "$646", "2013": "$538", "2012": "$483", "2011": "$427", "2010": "$323", "2009": "$239", "2008": "$282", "2007": "$246", "2006": "$193", "2005": "$153"}, "Roper Technologies Quarterly Net Income (Millions of US $)": {"2020-12-31": "$256", "2020-09-30": "$234", "2020-06-30": "$219", "2020-03-31": "$240", "2019-12-31": "$871", "2019-09-30": "$278", "2019-06-30": "$250", "2019-03-31": "$370", "2018-12-31": "$257", "2018-09-30": "$248", "2018-06-30": "$228", "2018-03-31": "$211", "2017-12-31": "$444", "2017-09-30": "$190", "2017-06-30": "$180", "2017-03-31": "$158", "2016-12-31": "$182", "2016-09-30": "$167", "2016-06-30": "$158", "2016-03-31": "$151", "2015-12-31": "$209", "2015-09-30": "$160", "2015-06-30": "$171", "2015-03-31": "$156", "2014-12-31": "$186", "2014-09-30": "$156", "2014-06-30": "$157", "2014-03-31": "$147", "2013-12-31": "$166", "2013-09-30": "$136", "2013-06-30": "$111", "2013-03-31": "$125", "2012-12-31": "$144", "2012-09-30": "$117", "2012-06-30": "$115", "2012-03-31": "$108", "2011-12-31": "$122", "2011-09-30": "$110", "2011-06-30": "$106", "2011-03-31": "$89", "2010-12-31": "$107", "2010-09-30": "$84", "2010-06-30": "$71", "2010-03-31": "$60", "2009-12-31": "$72", "2009-09-30": "$56", "2009-06-30": "$60", "2009-03-31": "$52", "2008-12-31": "$71", "2008-09-30": "$74", "2008-06-30": "$75", "2008-03-31": "$62", "2007-12-31": "$68", "2007-09-30": "$65", "2007-06-30": "$61", "2007-03-31": "$51", "2006-12-31": "$57", "2006-09-30": "$51", "2006-06-30": "$48", "2006-03-31": "$38", "2005-12-31": "$50", "2005-09-30": "$39", "2005-06-30": "$36", "2005-03-31": "$28"}}, "eps-earnings-per-share-diluted": {"Roper Technologies Annual EPS": {"2020": "$8.98", "2019": "$16.82", "2018": "$9.05", "2017": "$9.39", "2016": "$6.43", "2015": "$6.85", "2014": "$6.40", "2013": "$5.37", "2012": "$4.86", "2011": "$4.34", "2010": "$3.34", "2009": "$2.58", "2008": "$3.01", "2007": "$2.64", "2006": "$2.13", "2005": "$1.74"}, "Roper Technologies Quarterly EPS": {"2020-12-31": "$2.41", "2020-09-30": "$2.21", "2020-06-30": "$2.08", "2020-03-31": "$2.28", "2019-12-31": "$8.27", "2019-09-30": "$2.64", "2019-06-30": "$2.38", "2019-03-31": "$3.53", "2018-12-31": "$2.46", "2018-09-30": "$2.37", "2018-06-30": "$2.19", "2018-03-31": "$2.03", "2017-12-31": "$4.28", "2017-09-30": "$1.84", "2017-06-30": "$1.74", "2017-03-31": "$1.53", "2016-12-31": "$1.78", "2016-09-30": "$1.63", "2016-06-30": "$1.54", "2016-03-31": "$1.48", "2015-12-31": "$2.04", "2015-09-30": "$1.58", "2015-06-30": "$1.69", "2015-03-31": "$1.54", "2014-12-31": "$1.84", "2014-09-30": "$1.54", "2014-06-30": "$1.56", "2014-03-31": "$1.46", "2013-12-31": "$1.65", "2013-09-30": "$1.36", "2013-06-30": "$1.11", "2013-03-31": "$1.25", "2012-12-31": "$1.45", "2012-09-30": "$1.17", "2012-06-30": "$1.15", "2012-03-31": "$1.09", "2011-12-31": "$1.23", "2011-09-30": "$1.12", "2011-06-30": "$1.08", "2011-03-31": "$0.91", "2010-12-31": "$1.11", "2010-09-30": "$0.87", "2010-06-30": "$0.74", "2010-03-31": "$0.62", "2009-12-31": "$0.77", "2009-09-30": "$0.61", "2009-06-30": "$0.64", "2009-03-31": "$0.56", "2008-12-31": "$0.76", "2008-09-30": "$0.79", "2008-06-30": "$0.79", "2008-03-31": "$0.67", "2007-12-31": "$0.72", "2007-09-30": "$0.70", "2007-06-30": "$0.66", "2007-03-31": "$0.56", "2006-12-31": "$0.62", "2006-09-30": "$0.56", "2006-06-30": "$0.53", "2006-03-31": "$0.42", "2005-12-31": "$0.56", "2005-09-30": "$0.45", "2005-06-30": "$0.41", "2005-03-31": "$0.32"}}, "shares-outstanding": {"Roper Technologies Annual Shares Outstanding (Millions of Shares)": {"2020": "106", "2019": "105", "2018": "104", "2017": "104", "2016": "103", "2015": "102", "2014": "101", "2013": "100", "2012": "100", "2011": "98", "2010": "97", "2009": "93", "2008": "94", "2007": "93", "2006": "91", "2005": "88"}, "Roper Technologies Quarterly Shares Outstanding (Millions of Shares)": {"2020-12-31": "106", "2020-09-30": "106", "2020-06-30": "106", "2020-03-31": "105", "2019-12-31": "105", "2019-09-30": "105", "2019-06-30": "105", "2019-03-31": "105", "2018-12-31": "104", "2018-09-30": "105", "2018-06-30": "104", "2018-03-31": "104", "2017-12-31": "104", "2017-09-30": "104", "2017-06-30": "103", "2017-03-31": "103", "2016-12-31": "103", "2016-09-30": "103", "2016-06-30": "102", "2016-03-31": "102", "2015-12-31": "102", "2015-09-30": "102", "2015-06-30": "102", "2015-03-31": "101", "2014-12-31": "101", "2014-09-30": "101", "2014-06-30": "101", "2014-03-31": "101", "2013-12-31": "100", "2013-09-30": "100", "2013-06-30": "100", "2013-03-31": "100", "2012-12-31": "100", "2012-09-30": "100", "2012-06-30": "100", "2012-03-31": "99", "2011-12-31": "98", "2011-09-30": "98", "2011-06-30": "98", "2011-03-31": "98", "2010-12-31": "97", "2010-09-30": "97", "2010-06-30": "96", "2010-03-31": "96", "2009-12-31": "93", "2009-09-30": "93", "2009-06-30": "93", "2009-03-31": "92", "2008-12-31": "94", "2008-09-30": "94", "2008-06-30": "94", "2008-03-31": "93", "2007-12-31": "93", "2007-09-30": "94", "2007-06-30": "93", "2007-03-31": "92", "2006-12-31": "91", "2006-09-30": "91", "2006-06-30": "91", "2006-03-31": "90", "2005-12-31": "88", "2005-09-30": "87", "2005-06-30": "87", "2005-03-31": "86"}}, "total-assets": {"Roper Technologies Annual Total Assets (Millions of US $)": {"2019": "$18,109", "2018": "$15,250", "2017": "$14,316", "2016": "$14,325", "2015": "$10,168", "2014": "$8,400", "2013": "$8,185", "2012": "$7,071", "2011": "$5,319", "2010": "$5,070", "2009": "$4,328", "2008": "$3,972", "2007": "$3,453", "2006": "$2,995", "2005": "$2,522"}, "Roper Technologies Quarterly Total Assets (Millions of US $)": {"2020-09-30": "$23,652", "2020-06-30": "$19,142", "2020-03-31": "$18,138", "2019-12-31": "$18,109", "2019-09-30": "$17,819", "2019-06-30": "$15,908", "2019-03-31": "$15,414", "2018-12-31": "$15,250", "2018-09-30": "$15,245", "2018-06-30": "$15,361", "2018-03-31": "$14,074", "2017-12-31": "$14,316", "2017-09-30": "$14,247", "2017-06-30": "$14,213", "2017-03-31": "$14,230", "2016-12-31": "$14,325", "2016-09-30": "$10,480", "2016-06-30": "$10,297", "2016-03-31": "$10,224", "2015-12-31": "$10,168", "2015-09-30": "$9,433", "2015-06-30": "$9,034", "2015-03-31": "$8,975", "2014-12-31": "$8,400", "2014-09-30": "$8,510", "2014-06-30": "$8,262", "2014-03-31": "$8,190", "2013-12-31": "$8,185", "2013-09-30": "$8,246", "2013-06-30": "$8,214", "2013-03-31": "$7,053", "2012-12-31": "$7,071", "2012-09-30": "$7,050", "2012-06-30": "$5,502", "2012-03-31": "$5,431", "2011-12-31": "$5,319", "2011-09-30": "$5,258", "2011-06-30": "$5,264", "2011-03-31": "$5,097", "2010-12-31": "$5,070", "2010-09-30": "$5,056", "2010-06-30": "$4,387", "2010-03-31": "$4,290", "2009-12-31": "$4,328", "2009-09-30": "$4,002", "2009-06-30": "$3,960", "2009-03-31": "$3,921", "2008-12-31": "$3,972", "2008-09-30": "$4,073", "2008-06-30": "$3,762", "2008-03-31": "$3,762", "2007-12-31": "$3,453", "2007-09-30": "$3,252", "2007-06-30": "$3,204", "2007-03-31": "$3,113", "2006-12-31": "$2,995", "2006-09-30": "$2,680", "2006-06-30": "$2,627", "2006-03-31": "$2,534", "2005-12-31": "$2,522", "2005-09-30": "$2,424", "2005-06-30": "$2,450", "2005-03-31": "$2,356"}}, "cash-on-hand": {"Roper Technologies Annual Cash on Hand (Millions of US $)": {"2019": "$710", "2018": "$364", "2017": "$671", "2016": "$757", "2015": "$779", "2014": "$610", "2013": "$460", "2012": "$371", "2011": "$338", "2010": "$270", "2009": "$168", "2008": "$178", "2007": "$309", "2006": "$69", "2005": "$53"}, "Roper Technologies Quarterly Cash on Hand (Millions of US $)": {"2020-09-30": "$302", "2020-06-30": "$1,871", "2020-03-31": "$1,000", "2019-12-31": "$710", "2019-09-30": "$323", "2019-06-30": "$321", "2019-03-31": "$393", "2018-12-31": "$364", "2018-09-30": "$363", "2018-06-30": "$422", "2018-03-31": "$366", "2017-12-31": "$671", "2017-09-30": "$606", "2017-06-30": "$663", "2017-03-31": "$731", "2016-12-31": "$757", "2016-09-30": "$882", "2016-06-30": "$622", "2016-03-31": "$523", "2015-12-31": "$779", "2015-09-30": "$701", "2015-06-30": "$679", "2015-03-31": "$615", "2014-12-31": "$610", "2014-09-30": "$564", "2014-06-30": "$565", "2014-03-31": "$503", "2013-12-31": "$460", "2013-09-30": "$460", "2013-06-30": "$375", "2013-03-31": "$430", "2012-12-31": "$371", "2012-09-30": "$355", "2012-06-30": "$519", "2012-03-31": "$452", "2011-12-31": "$338", "2011-09-30": "$246", "2011-06-30": "$196", "2011-03-31": "$261", "2010-12-31": "$270", "2010-09-30": "$251", "2010-06-30": "$291", "2010-03-31": "$191", "2009-12-31": "$168", "2009-09-30": "$256", "2009-06-30": "$221", "2009-03-31": "$178", "2008-12-31": "$178", "2008-09-30": "$156", "2008-06-30": "$146", "2008-03-31": "$151", "2007-12-31": "$309", "2007-09-30": "$126", "2007-06-30": "$120", "2007-03-31": "$80", "2006-12-31": "$69", "2006-09-30": "$41", "2006-06-30": "$53", "2006-03-31": "$67", "2005-12-31": "$53", "2005-09-30": "$79", "2005-06-30": "$68", "2005-03-31": "$98"}}, "long-term-debt": {"Roper Technologies Annual Long Term Debt (Millions of US $)": {"2019": "$4,673", "2018": "$4,940", "2017": "$4,355", "2016": "$5,809", "2015": "$3,264", "2014": "$2,190", "2013": "$2,454", "2012": "$1,503", "2011": "$1,015", "2010": "$1,248", "2009": "$1,041", "2008": "$1,034", "2007": "$727", "2006": "$727", "2005": "$621"}, "Roper Technologies Quarterly Long Term Debt (Millions of US $)": {"2020-09-30": "$9,101", "2020-06-30": "$5,264", "2020-03-31": "$4,674", "2019-12-31": "$4,673", "2019-09-30": "$6,195", "2019-06-30": "$4,719", "2019-03-31": "$4,487", "2018-12-31": "$4,940", "2018-09-30": "$4,414", "2018-06-30": "$4,822", "2018-03-31": "$3,821", "2017-12-31": "$4,355", "2017-09-30": "$4,933", "2017-06-30": "$5,241", "2017-03-31": "$5,440", "2016-12-31": "$5,809", "2016-09-30": "$3,087", "2016-06-30": "$3,086", "2016-03-31": "$3,105", "2015-12-31": "$3,264", "2015-09-30": "$2,792", "2015-06-30": "$2,517", "2015-03-31": "$2,618", "2014-12-31": "$2,190", "2014-09-30": "$2,358", "2014-06-30": "$2,234", "2014-03-31": "$2,304", "2013-12-31": "$2,454", "2013-09-30": "$2,594", "2013-06-30": "$2,245", "2013-03-31": "$1,403", "2012-12-31": "$1,503", "2012-09-30": "$1,553", "2012-06-30": "$1,012", "2012-03-31": "$1,014", "2011-12-31": "$1,015", "2011-09-30": "$1,103", "2011-06-30": "$1,174", "2011-03-31": "$1,160", "2010-12-31": "$1,248", "2010-09-30": "$1,381", "2010-06-30": "$1,016", "2010-03-31": "$1,007", "2009-12-31": "$1,041", "2009-09-30": "$1,004", "2009-06-30": "$1,014", "2009-03-31": "$1,085", "2008-12-31": "$1,034", "2008-09-30": "$1,114", "2008-06-30": "$652", "2008-03-31": "$803", "2007-12-31": "$727", "2007-09-30": "$656", "2007-06-30": "$736", "2007-03-31": "$748", "2006-12-31": "$727", "2006-09-30": "$564", "2006-06-30": "$584", "2006-03-31": "$587", "2005-12-31": "$621", "2005-09-30": "$598", "2005-06-30": "$883", "2005-03-31": "$845"}}, "total-liabilities": {"Roper Technologies Annual Total Liabilities (Millions of US $)": {"2019": "$8,617", "2018": "$7,511", "2017": "$7,453", "2016": "$8,536", "2015": "$4,869", "2014": "$3,645", "2013": "$3,972", "2012": "$3,383", "2011": "$2,124", "2010": "$2,319", "2009": "$1,906", "2008": "$1,968", "2007": "$1,663", "2006": "$1,509", "2005": "$1,273"}, "Roper Technologies Quarterly Total Liabilities (Millions of US $)": {"2020-09-30": "$13,491", "2020-06-30": "$9,263", "2020-03-31": "$8,547", "2019-12-31": "$8,617", "2019-09-30": "$9,248", "2019-06-30": "$7,557", "2019-03-31": "$7,277", "2018-12-31": "$7,511", "2018-09-30": "$7,690", "2018-06-30": "$8,058", "2018-03-31": "$6,919", "2017-12-31": "$7,453", "2017-09-30": "$7,788", "2017-06-30": "$8,013", "2017-03-31": "$8,259", "2016-12-31": "$8,536", "2016-09-30": "$4,768", "2016-06-30": "$4,746", "2016-03-31": "$4,783", "2015-12-31": "$4,869", "2015-09-30": "$4,304", "2015-06-30": "$4,015", "2015-03-31": "$4,167", "2014-12-31": "$3,645", "2014-09-30": "$3,862", "2014-06-30": "$3,714", "2014-03-31": "$3,832", "2013-12-31": "$3,972", "2013-09-30": "$4,183", "2013-06-30": "$4,324", "2013-03-31": "$3,271", "2012-12-31": "$3,383", "2012-09-30": "$3,463", "2012-06-30": "$2,088", "2012-03-31": "$2,098", "2011-12-31": "$2,124", "2011-09-30": "$2,190", "2011-06-30": "$2,280", "2011-03-31": "$2,215", "2010-12-31": "$2,319", "2010-09-30": "$2,420", "2010-06-30": "$1,880", "2010-03-31": "$1,841", "2009-12-31": "$1,906", "2009-09-30": "$1,779", "2009-06-30": "$1,814", "2009-03-31": "$1,881", "2008-12-31": "$1,968", "2008-09-30": "$2,063", "2008-06-30": "$1,805", "2008-03-31": "$1,886", "2007-12-31": "$1,663", "2007-09-30": "$1,539", "2007-06-30": "$1,581", "2007-03-31": "$1,574", "2006-12-31": "$1,509", "2006-09-30": "$1,260", "2006-06-30": "$1,265", "2006-03-31": "$1,235", "2005-12-31": "$1,273", "2005-09-30": "$1,223", "2005-06-30": "$1,288", "2005-03-31": "$1,223"}}, "total-share-holder-equity": {"Roper Technologies Annual Share Holder Equity (Millions of US $)": {"2019": "$9,492", "2018": "$7,739", "2017": "$6,864", "2016": "$5,789", "2015": "$5,299", "2014": "$4,755", "2013": "$4,213", "2012": "$3,688", "2011": "$3,195", "2010": "$2,751", "2009": "$2,421", "2008": "$2,004", "2007": "$1,790", "2006": "$1,487", "2005": "$1,250"}, "Roper Technologies Quarterly Share Holder Equity (Millions of US $)": {"2020-09-30": "$10,161", "2020-06-30": "$9,880", "2020-03-31": "$9,591", "2019-12-31": "$9,492", "2019-09-30": "$8,571", "2019-06-30": "$8,351", "2019-03-31": "$8,137", "2018-12-31": "$7,739", "2018-09-30": "$7,555", "2018-06-30": "$7,303", "2018-03-31": "$7,156", "2017-12-31": "$6,864", "2017-09-30": "$6,459", "2017-06-30": "$6,200", "2017-03-31": "$5,971", "2016-12-31": "$5,789", "2016-09-30": "$5,713", "2016-06-30": "$5,551", "2016-03-31": "$5,441", "2015-12-31": "$5,299", "2015-09-30": "$5,129", "2015-06-30": "$5,019", "2015-03-31": "$4,807", "2014-12-31": "$4,755", "2014-09-30": "$4,648", "2014-06-30": "$4,548", "2014-03-31": "$4,357", "2013-12-31": "$4,213", "2013-09-30": "$4,063", "2013-06-30": "$3,890", "2013-03-31": "$3,782", "2012-12-31": "$3,688", "2012-09-30": "$3,587", "2012-06-30": "$3,414", "2012-03-31": "$3,332", "2011-12-31": "$3,195", "2011-09-30": "$3,069", "2011-06-30": "$2,984", "2011-03-31": "$2,882", "2010-12-31": "$2,751", "2010-09-30": "$2,636", "2010-06-30": "$2,507", "2010-03-31": "$2,448", "2009-12-31": "$2,421", "2009-09-30": "$2,222", "2009-06-30": "$2,145", "2009-03-31": "$2,040", "2008-12-31": "$2,004", "2008-09-30": "$2,010", "2008-06-30": "$1,958", "2008-03-31": "$1,876", "2007-12-31": "$1,790", "2007-09-30": "$1,713", "2007-06-30": "$1,623", "2007-03-31": "$1,538", "2006-12-31": "$1,487", "2006-09-30": "$1,419", "2006-06-30": "$1,361", "2006-03-31": "$1,299", "2005-12-31": "$1,250", "2005-09-30": "$1,202", "2005-06-30": "$1,161", "2005-03-31": "$1,133"}}, "profit-margins": {"current": "17.18%"}, "gross margin": {"2020-12-31": "64.12%", "2020-09-30": "64.06%", "2020-06-30": "64.15%", "2020-03-31": "63.97%", "2019-12-31": "63.87%", "2019-09-30": "63.72%", "2019-06-30": "63.52%", "2019-03-31": "63.31%", "2018-12-31": "63.17%", "2018-09-30": "62.90%", "2018-06-30": "62.61%", "2018-03-31": "62.39%", "2017-12-31": "62.17%", "2017-09-30": "62.09%", "2017-06-30": "61.74%", "2017-03-31": "61.42%", "2016-12-31": "61.56%", "2016-09-30": "61.38%", "2016-06-30": "61.17%", "2016-03-31": "60.94%", "2015-12-31": "60.40%", "2015-09-30": "60.00%", "2015-06-30": "59.75%", "2015-03-31": "59.53%", "2014-12-31": "59.23%", "2014-09-30": "59.25%", "2014-06-30": "59.02%", "2014-03-31": "58.50%", "2013-12-31": "58.18%", "2013-09-30": "57.52%", "2013-06-30": "56.87%", "2013-03-31": "56.39%", "2012-12-31": "55.85%", "2012-09-30": "55.15%", "2012-06-30": "54.64%", "2012-03-31": "54.38%", "2011-12-31": "54.20%", "2011-09-30": "54.15%", "2011-06-30": "54.05%", "2011-03-31": "53.93%", "2010-12-31": "53.50%", "2010-09-30": "52.88%", "2010-06-30": "52.27%", "2010-03-31": "51.56%", "2009-12-31": "50.88%", "2009-09-30": "50.68%", "2009-06-30": "51.08%", "2009-03-31": "51.28%", "2008-12-31": "51.52%", "2008-09-30": "51.35%", "2008-06-30": "51.08%", "2008-03-31": "50.58%", "2007-12-31": "50.33%", "2007-09-30": "50.22%", "2007-06-30": "50.18%", "2007-03-31": "50.53%", "2006-12-31": "50.65%", "2006-09-30": "50.61%", "2006-06-30": "50.51%", "2006-03-31": "50.30%", "2005-12-31": "50.00%"}, "operating margin": {"2020-12-31": "25.91%", "2020-09-30": "26.75%", "2020-06-30": "27.12%", "2020-03-31": "27.62%", "2019-12-31": "27.89%", "2019-09-30": "27.36%", "2019-06-30": "27.39%", "2019-03-31": "27.31%", "2018-12-31": "26.87%", "2018-09-30": "27.33%", "2018-06-30": "26.86%", "2018-03-31": "26.50%", "2017-12-31": "26.26%", "2017-09-30": "26.23%", "2017-06-30": "26.53%", "2017-03-31": "26.85%", "2016-12-31": "27.81%", "2016-09-30": "28.04%", "2016-06-30": "28.04%", "2016-03-31": "28.34%", "2015-12-31": "28.69%", "2015-09-30": "28.81%", "2015-06-30": "28.70%", "2015-03-31": "28.60%", "2014-12-31": "28.18%", "2014-09-30": "27.89%", "2014-06-30": "27.56%", "2014-03-31": "26.39%", "2013-12-31": "26.00%", "2013-09-30": "25.61%", "2013-06-30": "25.11%", "2013-03-31": "25.56%", "2012-12-31": "25.28%", "2012-09-30": "24.60%", "2012-06-30": "24.34%", "2012-03-31": "24.03%", "2011-12-31": "23.60%", "2011-09-30": "23.35%", "2011-06-30": "22.82%", "2011-03-31": "22.24%", "2010-12-31": "21.55%", "2010-09-30": "20.75%", "2010-06-30": "20.22%", "2010-03-31": "19.72%", "2009-12-31": "19.32%", "2009-09-30": "19.02%", "2009-06-30": "19.92%", "2009-03-31": "20.50%", "2008-12-31": "21.08%", "2008-09-30": "21.44%", "2008-06-30": "21.21%", "2008-03-31": "20.95%", "2007-12-31": "20.88%", "2007-09-30": "20.53%", "2007-06-30": "20.31%", "2007-03-31": "20.22%", "2006-12-31": "19.82%", "2006-09-30": "19.72%", "2006-06-30": "19.35%", "2006-03-31": "18.63%", "2005-12-31": "18.23%"}, "ebitda margin": {"2020-09-30": "35.68%", "2020-06-30": "35.61%", "2020-03-31": "35.79%", "2019-12-31": "35.79%", "2019-09-30": "34.85%", "2019-06-30": "34.73%", "2019-03-31": "34.55%", "2018-12-31": "34.09%", "2018-09-30": "34.60%", "2018-06-30": "34.19%", "2018-03-31": "33.99%", "2017-12-31": "33.90%", "2017-09-30": "33.72%", "2017-06-30": "33.73%", "2017-03-31": "33.74%", "2016-12-31": "34.33%", "2016-09-30": "34.46%", "2016-06-30": "34.33%", "2016-03-31": "34.42%", "2015-12-31": "34.50%", "2015-09-30": "34.42%", "2015-06-30": "34.31%", "2015-03-31": "34.19%", "2014-12-31": "33.84%", "2014-09-30": "33.68%", "2014-06-30": "33.41%", "2014-03-31": "32.35%", "2013-12-31": "31.96%", "2013-09-30": "31.53%", "2013-06-30": "30.85%", "2013-03-31": "31.03%", "2012-12-31": "30.53%", "2012-09-30": "29.66%", "2012-06-30": "29.33%", "2012-03-31": "29.03%", "2011-12-31": "28.67%", "2011-09-30": "28.50%", "2011-06-30": "28.07%", "2011-03-31": "27.52%", "2010-12-31": "26.83%", "2010-09-30": "25.97%", "2010-06-30": "25.36%", "2010-03-31": "24.87%", "2009-12-31": "24.44%", "2009-09-30": "24.13%", "2009-06-30": "24.87%", "2009-03-31": "25.22%", "2008-12-31": "25.59%", "2008-09-30": "25.76%", "2008-06-30": "25.52%", "2008-03-31": "25.33%", "2007-12-31": "25.31%", "2007-09-30": "25.11%", "2007-06-30": "24.93%", "2007-03-31": "24.96%", "2006-12-31": "24.65%", "2006-09-30": "24.51%", "2006-06-30": "24.20%", "2006-03-31": "23.42%", "2005-12-31": "23.11%"}, "pre tax profit margin": {"2020-12-31": "21.89%", "2020-09-30": "37.66%", "2020-06-30": "38.38%", "2020-03-31": "38.91%", "2019-12-31": "41.49%", "2019-09-30": "26.12%", "2019-06-30": "25.81%", "2019-03-31": "25.82%", "2018-12-31": "23.07%", "2018-09-30": "23.46%", "2018-06-30": "23.26%", "2018-03-31": "22.81%", "2017-12-31": "22.44%", "2017-09-30": "22.52%", "2017-06-30": "23.08%", "2017-03-31": "23.50%", "2016-12-31": "24.80%", "2016-09-30": "26.78%", "2016-06-30": "26.95%", "2016-03-31": "27.40%", "2015-12-31": "27.94%", "2015-09-30": "26.50%", "2015-06-30": "26.39%", "2015-03-31": "26.31%", "2014-12-31": "25.95%", "2014-09-30": "25.60%", "2014-06-30": "25.12%", "2014-03-31": "23.90%", "2013-12-31": "23.29%", "2013-09-30": "22.86%", "2013-06-30": "22.44%", "2013-03-31": "22.98%", "2012-12-31": "22.91%", "2012-09-30": "22.31%", "2012-06-30": "22.20%", "2012-03-31": "22.11%", "2011-12-31": "21.63%", "2011-09-30": "21.26%", "2011-06-30": "20.65%", "2011-03-31": "19.59%", "2010-12-31": "18.78%", "2010-09-30": "17.88%", "2010-06-30": "17.19%", "2010-03-31": "16.93%", "2009-12-31": "16.59%", "2009-09-30": "16.51%", "2009-06-30": "17.30%", "2009-03-31": "17.90%", "2008-12-31": "18.60%", "2008-09-30": "18.65%", "2008-06-30": "18.57%", "2008-03-31": "18.14%", "2007-12-31": "17.89%", "2007-09-30": "17.84%", "2007-06-30": "17.62%", "2007-03-31": "17.60%", "2006-12-31": "17.29%", "2006-09-30": "16.95%", "2006-06-30": "16.48%", "2006-03-31": "15.70%", "2005-12-31": "15.13%"}, "net profit margin": {"2020-12-31": "17.17%", "2020-09-30": "28.87%", "2020-06-30": "29.74%", "2020-03-31": "30.18%", "2019-12-31": "32.96%", "2019-09-30": "21.60%", "2019-06-30": "21.18%", "2019-03-31": "20.91%", "2018-12-31": "18.18%", "2018-09-30": "22.43%", "2018-06-30": "21.97%", "2018-03-31": "21.69%", "2017-12-31": "21.09%", "2017-09-30": "16.17%", "2017-06-30": "16.45%", "2017-03-31": "16.73%", "2016-12-31": "17.36%", "2016-09-30": "18.40%", "2016-06-30": "18.51%", "2016-03-31": "19.09%", "2015-12-31": "19.43%", "2015-09-30": "18.77%", "2015-06-30": "18.66%", "2015-03-31": "18.30%", "2014-12-31": "18.20%", "2014-09-30": "17.93%", "2014-06-30": "17.64%", "2014-03-31": "16.79%", "2013-12-31": "16.62%", "2013-09-30": "16.33%", "2013-06-30": "16.14%", "2013-03-31": "16.59%", "2012-12-31": "16.17%", "2012-09-30": "15.81%", "2012-06-30": "15.75%", "2012-03-31": "15.58%", "2011-12-31": "15.27%", "2011-09-30": "15.05%", "2011-06-30": "14.68%", "2011-03-31": "14.06%", "2010-12-31": "13.50%", "2010-09-30": "12.70%", "2010-06-30": "12.10%", "2010-03-31": "11.93%", "2009-12-31": "11.71%", "2009-09-30": "11.53%", "2009-06-30": "11.79%", "2009-03-31": "11.99%", "2008-12-31": "12.23%", "2008-09-30": "12.18%", "2008-06-30": "12.11%", "2008-03-31": "11.81%", "2007-12-31": "11.66%", "2007-09-30": "11.66%", "2007-06-30": "11.57%", "2007-03-31": "11.53%", "2006-12-31": "11.41%", "2006-09-30": "11.49%", "2006-06-30": "11.17%", "2006-03-31": "10.84%", "2005-12-31": "10.52%"}, "pe ratio": {"current": "31.84", "2021-02-05": "61.64", "2020-12-31": "65.53", "2020-09-30": "26.54", "2020-06-30": "25.31", "2020-03-31": "19.90", "2019-12-31": "20.90", "2019-09-30": "32.12", "2019-06-30": "33.78", "2019-03-31": "32.06", "2018-12-31": "29.13", "2018-09-30": "26.94", "2018-06-30": "26.34", "2018-03-31": "27.98", "2017-12-31": "27.15", "2017-09-30": "34.69", "2017-06-30": "33.98", "2017-03-31": "31.19", "2016-12-31": "27.82", "2016-09-30": "26.56", "2016-06-30": "24.97", "2016-03-31": "26.12", "2015-12-31": "26.85", "2015-09-30": "22.83", "2015-06-30": "25.24", "2015-03-31": "25.64", "2014-12-31": "23.56", "2014-09-30": "22.69", "2014-06-30": "23.29", "2014-03-31": "22.98", "2013-12-31": "24.77", "2013-09-30": "24.66", "2013-06-30": "23.91", "2013-03-31": "24.28", "2012-12-31": "21.96", "2012-09-30": "22.56", "2012-06-30": "20.43", "2012-03-31": "20.84", "2011-12-31": "18.98", "2011-09-30": "15.50", "2011-06-30": "19.89", "2011-03-31": "22.56", "2010-12-31": "21.65", "2010-09-30": "20.46", "2010-06-30": "19.20", "2010-03-31": "20.57", "2009-12-31": "19.02", "2009-09-30": "18.41", "2009-06-30": "15.22", "2009-03-31": "13.46", "2008-12-31": "13.20", "2008-09-30": "17.34", "2008-06-30": "20.71", "2008-03-31": "19.60", "2007-12-31": "21.51", "2007-09-30": "23.83", "2007-06-30": "21.96", "2007-03-31": "22.29", "2006-12-31": "21.72"}, "price sales": {"2021-02-05": "7.74", "2020-12-31": "8.23", "2020-09-30": "7.67", "2020-06-30": "7.53", "2020-03-31": "6.01", "2019-12-31": "6.88", "2019-09-30": "6.93", "2019-06-30": "7.15", "2019-03-31": "6.70", "2018-12-31": "5.30", "2018-09-30": "6.05", "2018-06-30": "5.79", "2018-03-31": "6.07", "2017-12-31": "5.72", "2017-09-30": "5.62", "2017-06-30": "5.59", "2017-03-31": "5.22", "2016-12-31": "4.84", "2016-09-30": "4.89", "2016-06-30": "4.63", "2016-03-31": "4.99", "2015-12-31": "5.22", "2015-09-30": "4.29", "2015-06-30": "4.71", "2015-03-31": "4.69", "2014-12-31": "4.28", "2014-09-30": "4.06", "2014-06-30": "4.11", "2014-03-31": "3.86", "2013-12-31": "4.11", "2013-09-30": "4.03", "2013-06-30": "3.85", "2013-03-31": "4.02", "2012-12-31": "3.54", "2012-09-30": "3.56", "2012-06-30": "3.21", "2012-03-31": "3.24", "2011-12-31": "2.90", "2011-09-30": "2.33", "2011-06-30": "2.92", "2011-03-31": "3.17", "2010-12-31": "2.91", "2010-09-30": "2.59", "2010-06-30": "2.32", "2010-03-31": "2.45", "2009-12-31": "2.22", "2009-09-30": "2.14", "2009-06-30": "1.81", "2009-03-31": "1.63", "2008-12-31": "1.64", "2008-09-30": "2.17", "2008-06-30": "2.57", "2008-03-31": "2.37", "2007-12-31": "2.56", "2007-09-30": "2.79", "2007-06-30": "2.54", "2007-03-31": "2.57", "2006-12-31": "2.47"}, "price book": {"current": "4.05", "2021-02-05": "4.18", "2020-09-30": "4.07", "2020-06-30": "4.10", "2020-03-31": "3.38", "2019-12-31": "3.86", "2019-09-30": "4.29", "2019-06-30": "4.52", "2019-03-31": "4.32", "2018-12-31": "3.52", "2018-09-30": "4.01", "2018-06-30": "3.85", "2018-03-31": "3.99", "2017-12-31": "3.80", "2017-09-30": "3.79", "2017-06-30": "3.74", "2017-03-31": "3.45", "2016-12-31": "3.14", "2016-09-30": "3.16", "2016-06-30": "3.03", "2016-03-31": "3.30", "2015-12-31": "3.51", "2015-09-30": "2.98", "2015-06-30": "3.35", "2015-03-31": "3.47", "2014-12-31": "3.18", "2014-09-30": "3.10", "2014-06-30": "3.09", "2014-03-31": "2.94", "2013-12-31": "3.14", "2013-09-30": "3.11", "2013-06-30": "3.03", "2013-03-31": "3.18", "2012-12-31": "2.85", "2012-09-30": "2.87", "2012-06-30": "2.69", "2012-03-31": "2.75", "2011-12-31": "2.49", "2011-09-30": "2.05", "2011-06-30": "2.54", "2011-03-31": "2.72", "2010-12-31": "2.49", "2010-09-30": "2.20", "2010-06-30": "1.98", "2010-03-31": "2.08", "2009-12-31": "1.90", "2009-09-30": "1.95", "2009-06-30": "1.79", "2009-03-31": "1.76", "2008-12-31": "1.81", "2008-09-30": "2.36", "2008-06-30": "2.80", "2008-03-31": "2.62", "2007-12-31": "2.87", "2007-09-30": "3.13", "2007-06-30": "2.88", "2007-03-31": "2.90", "2006-12-31": "2.73", "2006-09-30": "2.53", "2006-06-30": "2.74", "2006-03-31": "2.98"}, "price fcf": {"2021-02-05": "", "2020-09-30": "$12.99", "2020-06-30": "$15.51", "2020-03-31": "$14.06", "2019-12-31": "$13.31", "2019-09-30": "$13.29", "2019-06-30": "$13.47", "2019-03-31": "$13.15", "2018-12-31": "$13.14", "2018-09-30": "$12.27", "2018-06-30": "$11.31", "2018-03-31": "$10.45", "2017-12-31": "$11.35", "2017-09-30": "$10.45", "2017-06-30": "$10.55", "2017-03-31": "$10.58", "2016-12-31": "$9.01", "2016-09-30": "$9.03", "2016-06-30": "$8.19", "2016-03-31": "$8.22", "2015-12-31": "$8.76", "2015-09-30": "$8.71", "2015-06-30": "$8.69", "2015-03-31": "$8.39", "2014-12-31": "$7.93", "2014-09-30": "$7.71", "2014-06-30": "$8.00", "2014-03-31": "$7.99", "2013-12-31": "$7.58", "2013-09-30": "$7.36", "2013-06-30": "$6.90", "2013-03-31": "$6.70", "2012-12-31": "$6.42", "2012-09-30": "$6.22", "2012-06-30": "$5.85", "2012-03-31": "$6.23", "2011-12-31": "$5.70", "2011-09-30": "$5.39", "2011-06-30": "$5.16", "2011-03-31": "$4.74", "2010-12-31": "$4.87", "2010-09-30": "$4.57", "2010-06-30": "$4.06", "2010-03-31": "$4.11", "2009-12-31": "$3.68", "2009-09-30": "$3.76", "2009-06-30": "$4.30", "2009-03-31": "$4.11", "2008-12-31": "$4.32", "2008-09-30": "$4.17", "2008-06-30": "$3.66", "2008-03-31": "$3.51", "2007-12-31": "$3.36", "2007-09-30": "$3.32", "2007-06-30": "$2.88", "2007-03-31": "$2.56", "2006-12-31": "$2.54"}, "net worth": {"value": "$42.47B"}, "current ratio": {"2020-12-31": "0.72", "2020-09-30": "0.73", "2020-06-30": "1.27", "2020-03-31": "0.96", "2019-12-31": "0.83", "2019-09-30": "1.08", "2019-06-30": "1.11", "2019-03-31": "1.10", "2018-12-31": "1.11", "2018-09-30": "0.76", "2018-06-30": "0.80", "2018-03-31": "0.73", "2017-12-31": "0.87", "2017-09-30": "1.07", "2017-06-30": "1.14", "2017-03-31": "1.11", "2016-12-31": "1.23", "2016-09-30": "2.30", "2016-06-30": "2.12", "2016-03-31": "1.84", "2015-12-31": "2.25", "2015-09-30": "2.51", "2015-06-30": "2.42", "2015-03-31": "2.18", "2014-12-31": "2.41", "2014-09-30": "2.32", "2014-06-30": "2.40", "2014-03-31": "2.14", "2013-12-31": "2.14", "2013-09-30": "2.19", "2013-06-30": "1.18", "2013-03-31": "1.19", "2012-12-31": "1.15", "2012-09-30": "1.10", "2012-06-30": "2.59", "2012-03-31": "2.33", "2011-12-31": "2.01", "2011-09-30": "1.96", "2011-06-30": "1.85", "2011-03-31": "2.03", "2010-12-31": "1.85", "2010-09-30": "1.88", "2010-06-30": "2.08", "2010-03-31": "1.92", "2009-12-31": "1.82", "2009-09-30": "2.04", "2009-06-30": "1.83", "2009-03-31": "1.74", "2008-12-31": "1.39", "2008-09-30": "1.35", "2008-06-30": "0.99", "2008-03-31": "1.08", "2007-12-31": "1.43", "2007-09-30": "1.20", "2007-06-30": "1.20", "2007-03-31": "1.12", "2006-12-31": "1.07", "2006-09-30": "1.05", "2006-06-30": "1.03", "2006-03-31": "1.03", "2005-12-31": "0.99", "2005-09-30": "1.15", "2005-06-30": "2.16", "2005-03-31": "2.30"}, "quick ratio": {"2020-12-31": "0.64", "2020-09-30": "0.64", "2020-06-30": "1.19", "2020-03-31": "0.87", "2019-12-31": "0.75", "2019-09-30": "0.94", "2019-06-30": "0.97", "2019-03-31": "0.95", "2018-12-31": "0.98", "2018-09-30": "0.66", "2018-06-30": "0.70", "2018-03-31": "0.63", "2017-12-31": "0.77", "2017-09-30": "0.94", "2017-06-30": "1.00", "2017-03-31": "0.99", "2016-12-31": "1.10", "2016-09-30": "2.04", "2016-06-30": "1.85", "2016-03-31": "1.59", "2015-12-31": "1.98", "2015-09-30": "2.20", "2015-06-30": "2.12", "2015-03-31": "1.90", "2014-12-31": "2.10", "2014-09-30": "1.99", "2014-06-30": "2.07", "2014-03-31": "1.83", "2013-12-31": "1.82", "2013-09-30": "1.87", "2013-06-30": "1.00", "2013-03-31": "1.00", "2012-12-31": "0.97", "2012-09-30": "0.91", "2012-06-30": "2.18", "2012-03-31": "1.92", "2011-12-31": "1.64", "2011-09-30": "1.56", "2011-06-30": "1.46", "2011-03-31": "1.64", "2010-12-31": "1.52", "2010-09-30": "1.53", "2010-06-30": "1.72", "2010-03-31": "1.53", "2009-12-31": "1.45", "2009-09-30": "1.65", "2009-06-30": "1.45", "2009-03-31": "1.36", "2008-12-31": "1.09", "2008-09-30": "1.05", "2008-06-30": "0.77", "2008-03-31": "0.84", "2007-12-31": "1.16", "2007-09-30": "0.91", "2007-06-30": "0.90", "2007-03-31": "0.80", "2006-12-31": "0.78", "2006-09-30": "0.76", "2006-06-30": "0.75", "2006-03-31": "0.75", "2005-12-31": "0.73", "2005-09-30": "0.86", "2005-06-30": "1.59", "2005-03-31": "1.71"}, "debt equity ratio": {"current": "0.86", "2020-12-31": "1.29", "2020-09-30": "1.33", "2020-06-30": "0.94", "2020-03-31": "0.89", "2019-12-31": "0.91", "2019-09-30": "1.08", "2019-06-30": "0.91", "2019-03-31": "0.89", "2018-12-31": "0.97", "2018-09-30": "1.02", "2018-06-30": "1.10", "2018-03-31": "0.97", "2017-12-31": "1.09", "2017-09-30": "1.21", "2017-06-30": "1.29", "2017-03-31": "1.38", "2016-12-31": "1.48", "2016-09-30": "0.84", "2016-06-30": "0.86", "2016-03-31": "0.88", "2015-12-31": "0.92", "2015-09-30": "0.84", "2015-06-30": "0.80", "2015-03-31": "0.87", "2014-12-31": "0.77", "2014-09-30": "0.83", "2014-06-30": "0.82", "2014-03-31": "0.88", "2013-12-31": "0.94", "2013-09-30": "1.03", "2013-06-30": "1.11", "2013-03-31": "0.87", "2012-12-31": "0.92", "2012-09-30": "0.97", "2012-06-30": "0.61", "2012-03-31": "0.63", "2011-12-31": "0.67", "2011-09-30": "0.71", "2011-06-30": "0.76", "2011-03-31": "0.77", "2010-12-31": "0.84", "2010-09-30": "0.92", "2010-06-30": "0.75", "2010-03-31": "0.75", "2009-12-31": "0.79", "2009-09-30": "0.80", "2009-06-30": "0.85", "2009-03-31": "0.92", "2008-12-31": "0.98", "2008-09-30": "1.03", "2008-06-30": "0.92", "2008-03-31": "1.01", "2007-12-31": "0.93", "2007-09-30": "0.90", "2007-06-30": "0.97", "2007-03-31": "1.02", "2006-12-31": "1.02", "2006-09-30": "0.89", "2006-06-30": "0.93", "2006-03-31": "0.95", "2005-12-31": "1.02", "2005-09-30": "1.02", "2005-06-30": "1.11", "2005-03-31": "1.08"}, "return on equity": {"2020-12-31": "9.46%", "2020-09-30": "15.99%", "2020-06-30": "17.14%", "2020-03-31": "18.21%", "2019-12-31": "20.48%", "2019-09-30": "14.09%", "2019-06-30": "14.16%", "2019-03-31": "14.36%", "2018-12-31": "12.69%", "2018-09-30": "15.67%", "2018-06-30": "15.45%", "2018-03-31": "15.37%", "2017-12-31": "15.25%", "2017-09-30": "11.63%", "2017-06-30": "11.61%", "2017-03-31": "11.55%", "2016-12-31": "11.70%", "2016-09-30": "12.45%", "2016-06-30": "12.66%", "2016-03-31": "13.23%", "2015-12-31": "13.75%", "2015-09-30": "13.66%", "2015-06-30": "13.92%", "2015-03-31": "13.97%", "2014-12-31": "14.11%", "2014-09-30": "14.09%", "2014-06-30": "14.11%", "2014-03-31": "13.56%", "2013-12-31": "13.49%", "2013-09-30": "13.38%", "2013-06-30": "13.30%", "2013-03-31": "13.85%", "2012-12-31": "13.81%", "2012-09-30": "13.66%", "2012-06-30": "13.99%", "2012-03-31": "14.18%", "2011-12-31": "14.08%", "2011-09-30": "14.10%", "2011-06-30": "13.72%", "2011-03-31": "13.03%", "2010-12-31": "12.45%", "2010-09-30": "11.47%", "2010-06-30": "10.79%", "2010-03-31": "10.74%", "2009-12-31": "10.87%", "2009-09-30": "11.37%", "2009-06-30": "12.54%", "2009-03-31": "13.58%", "2008-12-31": "14.37%", "2008-09-30": "14.62%", "2008-06-30": "14.72%", "2008-03-31": "14.62%", "2007-12-31": "14.71%", "2007-09-30": "14.71%", "2007-06-30": "14.50%", "2007-03-31": "14.26%", "2006-12-31": "13.94%", "2006-09-30": "14.04%", "2006-06-30": "13.69%", "2006-03-31": "13.27%", "2005-12-31": "12.90%"}, "return on assets": {"2020-12-31": "4.47%", "2020-09-30": "7.91%", "2020-06-30": "8.79%", "2020-03-31": "9.37%", "2019-12-31": "10.52%", "2019-09-30": "7.17%", "2019-06-30": "7.28%", "2019-03-31": "7.20%", "2018-12-31": "6.30%", "2018-09-30": "7.67%", "2018-06-30": "7.40%", "2018-03-31": "7.21%", "2017-12-31": "6.82%", "2017-09-30": "4.98%", "2017-06-30": "5.16%", "2017-03-31": "5.39%", "2016-12-31": "5.81%", "2016-09-30": "6.66%", "2016-06-30": "6.76%", "2016-03-31": "7.11%", "2015-12-31": "7.40%", "2015-09-30": "7.51%", "2015-06-30": "7.66%", "2015-03-31": "7.67%", "2014-12-31": "7.75%", "2014-09-30": "7.55%", "2014-06-30": "7.37%", "2014-03-31": "6.82%", "2013-12-31": "6.79%", "2013-09-30": "6.75%", "2013-06-30": "6.76%", "2013-03-31": "7.51%", "2012-12-31": "7.73%", "2012-09-30": "7.93%", "2012-06-30": "8.46%", "2012-03-31": "8.39%", "2011-12-31": "8.16%", "2011-09-30": "7.97%", "2011-06-30": "7.54%", "2011-03-31": "7.16%", "2010-12-31": "6.85%", "2010-09-30": "6.36%", "2010-06-30": "6.09%", "2010-03-31": "5.98%", "2009-12-31": "5.92%", "2009-09-30": "6.03%", "2009-06-30": "6.45%", "2009-03-31": "6.92%", "2008-12-31": "7.25%", "2008-09-30": "7.42%", "2008-06-30": "7.59%", "2008-03-31": "7.49%", "2007-12-31": "7.53%", "2007-09-30": "7.45%", "2007-06-30": "7.34%", "2007-03-31": "7.25%", "2006-12-31": "7.16%", "2006-09-30": "7.22%", "2006-06-30": "6.93%", "2006-03-31": "6.57%", "2005-12-31": "6.28%"}, "return on investments": {"2020-12-31": "8.40%", "2020-09-30": "9.22%", "2020-06-30": "10.05%", "2020-03-31": "10.66%", "2019-12-31": "10.96%", "2019-09-30": "11.01%", "2019-06-30": "11.56%", "2019-03-31": "11.67%", "2018-12-31": "11.69%", "2018-09-30": "11.91%", "2018-06-30": "11.48%", "2018-03-31": "11.12%", "2017-12-31": "10.65%", "2017-09-30": "10.05%", "2017-06-30": "10.25%", "2017-03-31": "10.55%", "2016-12-31": "11.22%", "2016-09-30": "12.09%", "2016-06-30": "12.20%", "2016-03-31": "12.60%", "2015-12-31": "13.08%", "2015-09-30": "13.85%", "2015-06-30": "14.23%", "2015-03-31": "14.55%", "2014-12-31": "14.60%", "2014-09-30": "14.37%", "2014-06-30": "14.15%", "2014-03-31": "13.48%", "2013-12-31": "13.67%", "2013-09-30": "13.97%", "2013-06-30": "14.28%", "2013-03-31": "15.48%", "2012-12-31": "15.85%", "2012-09-30": "15.87%", "2012-06-30": "16.39%", "2012-03-31": "16.30%", "2011-12-31": "15.92%", "2011-09-30": "15.61%", "2011-06-30": "14.80%", "2011-03-31": "14.25%", "2010-12-31": "13.71%", "2010-09-30": "12.97%", "2010-06-30": "12.67%", "2010-03-31": "12.33%", "2009-12-31": "12.21%", "2009-09-30": "12.56%", "2009-06-30": "13.95%", "2009-03-31": "15.64%", "2008-12-31": "16.98%", "2008-09-30": "17.97%", "2008-06-30": "18.60%", "2008-03-31": "18.30%", "2007-12-31": "18.42%", "2007-09-30": "17.86%", "2007-06-30": "17.46%", "2007-03-31": "17.22%", "2006-12-31": "16.79%", "2006-09-30": "16.70%", "2006-06-30": "16.16%", "2006-03-31": "14.73%", "2005-12-31": "13.78%"}, "return on tangible equity": {"2020-09-30": "-22.07%", "2020-06-30": "-26.65%", "2020-03-31": "-27.42%", "2019-12-31": "-30.58%", "2019-09-30": "-20.44%", "2019-06-30": "-21.00%", "2019-03-31": "-19.85%", "2018-12-31": "-16.87%", "2018-09-30": "-20.23%", "2018-06-30": "-19.10%", "2018-03-31": "-18.24%", "2017-12-31": "-16.46%", "2017-09-30": "-11.49%", "2017-06-30": "-12.68%", "2017-03-31": "-14.29%", "2016-12-31": "-17.01%", "2016-09-30": "-22.81%", "2016-06-30": "-23.26%", "2016-03-31": "-25.46%", "2015-12-31": "-27.50%", "2015-09-30": "-29.90%", "2015-06-30": "-30.89%", "2015-03-31": "-31.08%", "2014-12-31": "-31.55%", "2014-09-30": "-29.01%", "2014-06-30": "-26.76%", "2014-03-31": "-22.85%", "2013-12-31": "-23.02%", "2013-09-30": "-23.32%", "2013-06-30": "-23.91%", "2013-03-31": "-32.73%", "2012-12-31": "-38.43%", "2012-09-30": "-47.11%", "2012-06-30": "-63.99%", "2012-03-31": "-53.19%", "2011-12-31": "-46.62%", "2011-09-30": "-41.41%", "2011-06-30": "-36.04%", "2011-03-31": "-35.63%", "2010-12-31": "-34.14%", "2010-09-30": "-32.54%", "2010-06-30": "-34.66%", "2010-03-31": "-32.40%", "2009-12-31": "-30.66%", "2009-09-30": "-29.74%", "2009-06-30": "-29.24%", "2009-03-31": "-30.86%", "2008-12-31": "-31.88%", "2008-09-30": "-35.44%", "2008-06-30": "-38.99%", "2008-03-31": "-38.24%", "2007-12-31": "-38.34%", "2007-09-30": "-34.22%", "2007-06-30": "-33.27%", "2007-03-31": "-32.97%", "2006-12-31": "-33.48%", "2006-09-30": "-33.79%", "2006-06-30": "-31.22%", "2006-03-31": "-28.48%", "2005-12-31": "-27.09%"}, "dividend yield history": {"last payout": "$2.25", "last yield": "0.56%"}}