{"ticker": "RCL", "price": {"title": "Royal Caribbean Cruises Historical Annual Stock Price Data", "value": 71.58, "historical": {"2021": {"Average Stock Price": "70.8483", "Year Open": "70.7200", "Year High": "75.8400", "Year Low": "65.0000", "Year Close": "71.5800", "Annual % Change": "-4.16%"}, "2020": {"Average Stock Price": "66.1840", "Year Open": "134.6500", "Year High": "135.0500", "Year Low": "22.3300", "Year Close": "74.6900", "Annual % Change": "-44.06%"}, "2019": {"Average Stock Price": "115.5411", "Year Open": "97.7900", "Year High": "134.1700", "Year Low": "92.5500", "Year Close": "133.5100", "Annual % Change": "36.53%"}, "2018": {"Average Stock Price": "115.6483", "Year Open": "120.3800", "Year High": "134.9800", "Year Low": "89.4800", "Year Close": "97.7900", "Annual % Change": "-18.02%"}, "2017": {"Average Stock Price": "110.1557", "Year Open": "83.8700", "Year High": "129.2300", "Year Low": "83.8700", "Year Close": "119.2800", "Annual % Change": "45.39%"}, "2016": {"Average Stock Price": "75.8905", "Year Open": "98.1400", "Year High": "98.1400", "Year Low": "65.4800", "Year Close": "82.0400", "Annual % Change": "-18.94%"}, "2015": {"Average Stock Price": "84.6745", "Year Open": "82.9500", "Year High": "102.7300", "Year Low": "66.6900", "Year Close": "101.2100", "Annual % Change": "22.78%"}, "2014": {"Average Stock Price": "59.3041", "Year Open": "47.1700", "Year High": "83.5600", "Year Low": "46.0600", "Year Close": "82.4300", "Annual % Change": "73.83%"}, "2013": {"Average Stock Price": "37.4734", "Year Open": "35.3900", "Year High": "47.4400", "Year Low": "31.8200", "Year Close": "47.4200", "Annual % Change": "39.47%"}, "2012": {"Average Stock Price": "28.6530", "Year Open": "25.9000", "Year High": "35.5300", "Year Low": "22.4600", "Year Close": "34.0000", "Annual % Change": "37.26%"}, "2011": {"Average Stock Price": "34.3264", "Year Open": "47.7300", "Year High": "49.9600", "Year Low": "20.0100", "Year Close": "24.7700", "Annual % Change": "-47.30%"}, "2010": {"Average Stock Price": "31.7125", "Year Open": "25.8000", "Year High": "47.0000", "Year Low": "22.7700", "Year Close": "47.0000", "Annual % Change": "85.92%"}, "2009": {"Average Stock Price": "15.9603", "Year Open": "14.9600", "Year High": "26.8900", "Year Low": "5.5000", "Year Close": "25.2800", "Annual % Change": "83.85%"}, "2008": {"Average Stock Price": "26.0038", "Year Open": "41.3000", "Year High": "41.8500", "Year Low": "6.6400", "Year Close": "13.7500", "Annual % Change": "-67.60%"}, "2007": {"Average Stock Price": "41.1299", "Year Open": "43.4800", "Year High": "45.8400", "Year Low": "36.1700", "Year Close": "42.4400", "Annual % Change": "2.56%"}, "2006": {"Average Stock Price": "39.9724", "Year Open": "44.9600", "Year High": "46.6100", "Year Low": "32.6000", "Year Close": "41.3800", "Annual % Change": "-8.17%"}, "2005": {"Average Stock Price": "45.5429", "Year Open": "54.1500", "Year High": "54.8500", "Year Low": "39.3600", "Year Close": "45.0600", "Annual % Change": "-17.23%"}, "2004": {"Average Stock Price": "43.6281", "Year Open": "34.9900", "Year High": "55.4200", "Year Low": "34.9900", "Year Close": "54.4400", "Annual % Change": "56.48%"}, "2003": {"Average Stock Price": "23.6130", "Year Open": "17.7900", "Year High": "34.9200", "Year Low": "12.7000", "Year Close": "34.7900", "Annual % Change": "108.32%"}, "2002": {"Average Stock Price": "19.5103", "Year Open": "16.3500", "Year High": "24.1300", "Year Low": "14.2700", "Year Close": "16.7000", "Annual % Change": "3.09%"}, "2001": {"Average Stock Price": "20.0408", "Year Open": "25.1900", "Year High": "30.0000", "Year Low": "8.4500", "Year Close": "16.2000", "Annual % Change": "-38.75%"}, "2000": {"Average Stock Price": "26.6920", "Year Open": "46.3800", "Year High": "55.6900", "Year Low": "17.2500", "Year Close": "26.4500", "Annual % Change": "-46.36%"}, "1999": {"Average Stock Price": "42.7075", "Year Open": "35.2500", "Year High": "56.4400", "Year Low": "31.7500", "Year Close": "49.3100", "Annual % Change": "33.27%"}, "1998": {"Average Stock Price": "31.3520", "Year Open": "26.2500", "Year High": "43.6550", "Year Low": "18.0000", "Year Close": "37.0000", "Annual % Change": "38.81%"}, "1997": {"Average Stock Price": "18.4670", "Year Open": "11.9400", "Year High": "26.6550", "Year Low": "11.7500", "Year Close": "26.6550", "Annual % Change": "128.02%"}, "1996": {"Average Stock Price": "12.8379", "Year Open": "11.2500", "Year High": "14.4400", "Year Low": "10.8100", "Year Close": "11.6900", "Annual % Change": "6.27%"}, "1995": {"Average Stock Price": "12.0534", "Year Open": "13.8100", "Year High": "14.0000", "Year Low": "10.6250", "Year Close": "11.0000", "Annual % Change": "-22.81%"}, "1994": {"Average Stock Price": "13.8229", "Year Open": "13.2500", "Year High": "15.1900", "Year Low": "12.0000", "Year Close": "14.2500", "Annual % Change": "6.54%"}}}, "market cap": {"value": "$16.06B"}, "income statement": {"Revenue": {"2019-12-31": "10950.66000", "2018-12-31": "9493.84900", "2017-12-31": "8777.84500", "2016-12-31": "8496.40100", "2015-12-31": "8299.07400", "2014-12-31": "8073.85500", "2013-12-31": "7959.89400", "2012-12-31": "7688.02400", "2011-12-31": "7537.26300", "2010-12-31": "6752.50400", "2009-12-31": "5889.82600", "2008-12-31": "6532.52500", "2007-12-31": "6149.13900", "2006-12-31": "5229.58400", "2005-12-31": "4903.17400"}, "Cost Of Goods Sold": {"2019-12-31": "6062.76500", "2018-12-31": "5262.20700", "2017-12-31": "4896.57900", "2016-12-31": "5015.53900", "2015-12-31": "5099.39300", "2014-12-31": "5306.28100", "2013-12-31": "5305.27000", "2012-12-31": "5157.43400", "2011-12-31": "4942.60600", "2010-12-31": "4458.07600", "2009-12-31": "4071.10200", "2008-12-31": "4403.66600", "2007-12-31": "3981.69800", "2006-12-31": "3249.62900", "2005-12-31": "2994.23200"}, "Gross Profit": {"2019-12-31": "4887.89600", "2018-12-31": "4231.64200", "2017-12-31": "3881.26600", "2016-12-31": "3480.86200", "2015-12-31": "3199.68100", "2014-12-31": "2767.57400", "2013-12-31": "2654.62500", "2012-12-31": "2530.59000", "2011-12-31": "2594.65700", "2010-12-31": "2294.42800", "2009-12-31": "1818.72400", "2008-12-31": "2128.85900", "2007-12-31": "2167.44100", "2006-12-31": "1979.95500", "2005-12-31": "1908.94200"}, "Research And Development Expenses": {"2019-12-31": "", "2018-12-31": "", "2017-12-31": "", "2016-12-31": "", "2015-12-31": "", "2014-12-31": "", "2013-12-31": "", "2012-12-31": "", "2011-12-31": "", "2010-12-31": "", "2009-12-31": "", "2008-12-31": "", "2007-12-31": "", "2006-12-31": "", "2005-12-31": ""}, "SG&A Expenses": {"2019-12-31": "1559.25300", "2018-12-31": "1303.14400", "2017-12-31": "1186.01600", "2016-12-31": "1108.74200", "2015-12-31": "1086.50400", "2014-12-31": "1048.95200", "2013-12-31": "1044.81900", "2012-12-31": "1011.54300", "2011-12-31": "960.60200", "2010-12-31": "848.07900", "2009-12-31": "761.99900", "2008-12-31": "776.52200", "2007-12-31": "783.04000", "2006-12-31": "699.86400", "2005-12-31": "635.30800"}, "Other Operating Income Or Expenses": {"2019-12-31": "", "2018-12-31": "", "2017-12-31": "", "2016-12-31": "", "2015-12-31": "-411.26700", "2014-12-31": "", "2013-12-31": "", "2012-12-31": "-385.44400", "2011-12-31": "", "2010-12-31": "", "2009-12-31": "", "2008-12-31": "", "2007-12-31": "", "2006-12-31": "", "2005-12-31": ""}, "Operating Expenses": {"2019-12-31": "8867.96000", "2018-12-31": "7599.04800", "2017-12-31": "7033.78900", "2016-12-31": "7019.19600", "2015-12-31": "7424.17200", "2014-12-31": "7131.99600", "2013-12-31": "7161.74500", "2012-12-31": "7284.91400", "2011-12-31": "6605.63400", "2010-12-31": "5949.87100", "2009-12-31": "5401.31500", "2008-12-31": "5700.54100", "2007-12-31": "5247.80400", "2006-12-31": "4371.13800", "2005-12-31": "4031.60900"}, "Operating Income": {"2019-12-31": "2082.70100", "2018-12-31": "1894.80000", "2017-12-31": "1744.05600", "2016-12-31": "1477.20500", "2015-12-31": "874.90230", "2014-12-31": "941.85890", "2013-12-31": "798.14890", "2012-12-31": "403.10990", "2011-12-31": "931.62890", "2010-12-31": "802.63280", "2009-12-31": "488.51120", "2008-12-31": "831.98390", "2007-12-31": "901.33500", "2006-12-31": "858.44630", "2005-12-31": "871.56490"}, "Total Non-Operating Income/Expense": {"2019-12-31": "-175.10100", "2018-12-31": "-79.00900", "2017-12-31": "-118.92300", "2016-12-31": "-193.81700", "2015-12-31": "-209.11900", "2014-12-31": "-177.71300", "2013-12-31": "-324.45600", "2012-12-31": "-384.82300", "2011-12-31": "-324.20700", "2010-12-31": "-286.98000", "2009-12-31": "-336.02600", "2008-12-31": "-258.26200", "2007-12-31": "-297.93000", "2006-12-31": "-224.52400", "2005-12-31": "-208.10000"}, "Pre-Tax Income": {"2019-12-31": "1907.60000", "2018-12-31": "1815.79100", "2017-12-31": "1625.13300", "2016-12-31": "1283.38800", "2015-12-31": "665.78330", "2014-12-31": "764.14590", "2013-12-31": "473.69290", "2012-12-31": "18.28690", "2011-12-31": "607.42190", "2010-12-31": "515.65280", "2009-12-31": "152.48520", "2008-12-31": "573.72190", "2007-12-31": "603.40500", "2006-12-31": "633.92230", "2005-12-31": "663.46500"}, "Income Taxes": {"2019-12-31": "", "2018-12-31": "", "2017-12-31": "", "2016-12-31": "", "2015-12-31": "", "2014-12-31": "", "2013-12-31": "", "2012-12-31": "", "2011-12-31": "", "2010-12-31": "", "2009-12-31": "", "2008-12-31": "", "2007-12-31": "", "2006-12-31": "", "2005-12-31": ""}, "Income After Taxes": {"2019-12-31": "1907.60000", "2018-12-31": "1815.79100", "2017-12-31": "1625.13300", "2016-12-31": "1283.38800", "2015-12-31": "665.78330", "2014-12-31": "764.14590", "2013-12-31": "473.69290", "2012-12-31": "18.28690", "2011-12-31": "607.42190", "2010-12-31": "515.65280", "2009-12-31": "152.48520", "2008-12-31": "573.72190", "2007-12-31": "603.40500", "2006-12-31": "633.92230", "2005-12-31": "663.46500"}, "Other Income": {"2019-12-31": "", "2018-12-31": "", "2017-12-31": "", "2016-12-31": "", "2015-12-31": "", "2014-12-31": "", "2013-12-31": "", "2012-12-31": "", "2011-12-31": "", "2010-12-31": "", "2009-12-31": "", "2008-12-31": "", "2007-12-31": "", "2006-12-31": "", "2005-12-31": ""}, "Income From Continuous Operations": {"2019-12-31": "1907.60000", "2018-12-31": "1815.79100", "2017-12-31": "1625.13300", "2016-12-31": "1283.38800", "2015-12-31": "665.78330", "2014-12-31": "764.14590", "2013-12-31": "473.69290", "2012-12-31": "18.28690", "2011-12-31": "607.42190", "2010-12-31": "515.65280", "2009-12-31": "152.48520", "2008-12-31": "573.72190", "2007-12-31": "603.40500", "2006-12-31": "633.92230", "2005-12-31": "663.46500"}, "Income From Discontinued Operations": {"2019-12-31": "", "2018-12-31": "", "2017-12-31": "", "2016-12-31": "", "2015-12-31": "", "2014-12-31": "", "2013-12-31": "", "2012-12-31": "", "2011-12-31": "", "2010-12-31": "", "2009-12-31": "", "2008-12-31": "", "2007-12-31": "", "2006-12-31": "", "2005-12-31": ""}, "Net Income": {"2019-12-31": "1878.88700", "2018-12-31": "1811.04200", "2017-12-31": "1625.13300", "2016-12-31": "1283.38800", "2015-12-31": "665.78300", "2014-12-31": "764.14600", "2013-12-31": "473.69200", "2012-12-31": "18.28700", "2011-12-31": "607.42100", "2010-12-31": "515.65300", "2009-12-31": "152.48500", "2008-12-31": "573.72200", "2007-12-31": "603.40500", "2006-12-31": "633.92200", "2005-12-31": "715.95600"}, "EBITDA": {"2019-12-31": "3391.89700", "2018-12-31": "2981.12700", "2017-12-31": "2741.19300", "2016-12-31": "2424.91500", "2015-12-31": "1754.06300", "2014-12-31": "1769.29700", "2013-12-31": "1552.86000", "2012-12-31": "1133.60300", "2011-12-31": "1634.05500", "2010-12-31": "1446.34900", "2009-12-31": "1056.72500", "2008-12-31": "1352.33700", "2007-12-31": "1384.40100", "2006-12-31": "1297.99300", "2005-12-31": "1319.35200"}, "EBIT": {"2019-12-31": "2082.70100", "2018-12-31": "1894.80000", "2017-12-31": "1744.05600", "2016-12-31": "1477.20500", "2015-12-31": "874.90230", "2014-12-31": "941.85890", "2013-12-31": "798.14890", "2012-12-31": "403.10990", "2011-12-31": "931.62890", "2010-12-31": "802.63280", "2009-12-31": "488.51120", "2008-12-31": "831.98390", "2007-12-31": "901.33500", "2006-12-31": "858.44630", "2005-12-31": "871.56490"}, "Basic Shares Outstanding": {"2019-12-31": "209.40500", "2018-12-31": "210.57000", "2017-12-31": "214.61700", "2016-12-31": "215.39300", "2015-12-31": "219.53700", "2014-12-31": "221.65800", "2013-12-31": "219.63800", "2012-12-31": "217.93000", "2011-12-31": "216.98300", "2010-12-31": "215.02600", "2009-12-31": "213.80900", "2008-12-31": "213.47700", "2007-12-31": "212.78400", "2006-12-31": "210.70300", "2005-12-31": "206.21700"}, "Shares Outstanding": {"2019-12-31": "209.93000", "2018-12-31": "211.55400", "2017-12-31": "215.69400", "2016-12-31": "216.31600", "2015-12-31": "220.68900", "2014-12-31": "223.04400", "2013-12-31": "220.94100", "2012-12-31": "219.45700", "2011-12-31": "219.22900", "2010-12-31": "217.71100", "2009-12-31": "215.29500", "2008-12-31": "214.19500", "2007-12-31": "214.25500", "2006-12-31": "221.48500", "2005-12-31": "234.71400"}, "Basic EPS": {"2019-12-31": "8.97000", "2018-12-31": "8.60000", "2017-12-31": "7.57000", "2016-12-31": "5.96000", "2015-12-31": "3.03000", "2014-12-31": "3.45000", "2013-12-31": "2.16000", "2012-12-31": "0.08000", "2011-12-31": "2.80000", "2010-12-31": "2.40000", "2009-12-31": "0.71000", "2008-12-31": "2.69000", "2007-12-31": "2.84000", "2006-12-31": "3.01000", "2005-12-31": "3.47000"}, "EPS - Earnings Per Share": {"2019-12-31": "8.95000", "2018-12-31": "8.56000", "2017-12-31": "7.53000", "2016-12-31": "5.93000", "2015-12-31": "3.02000", "2014-12-31": "3.43000", "2013-12-31": "2.14000", "2012-12-31": "0.08000", "2011-12-31": "2.77000", "2010-12-31": "2.37000", "2009-12-31": "0.71000", "2008-12-31": "2.68000", "2007-12-31": "2.82000", "2006-12-31": "2.94000", "2005-12-31": "3.26000"}}, "income statement, quarterly": {"Revenue": {"2020-09-30": "-33.68800", "2020-06-30": "175.60500", "2020-03-31": "2032.75000", "2019-12-31": "2517.41300", "2019-09-30": "3186.85000", "2019-06-30": "2806.63100", "2019-03-31": "2439.76700", "2018-12-31": "2332.30100", "2018-09-30": "2796.18700", "2018-06-30": "2337.60500", "2018-03-31": "2027.75600", "2017-12-31": "2004.46700", "2017-09-30": "2569.54400", "2017-06-30": "2195.27400", "2017-03-31": "2008.56000", "2016-12-31": "1909.60300", "2016-09-30": "2563.74100", "2016-06-30": "2105.26200", "2016-03-31": "1917.79500", "2015-12-31": "1902.05300", "2015-09-30": "2523.10000", "2015-06-30": "2058.32200", "2015-03-31": "1815.59900", "2014-12-31": "1817.82600", "2014-09-30": "2388.76200", "2014-06-30": "1980.04300", "2014-03-31": "1887.22400", "2013-12-31": "1854.15800", "2013-09-30": "2311.74900", "2013-06-30": "1882.76700", "2013-03-31": "1911.22000", "2012-12-31": "1806.15000", "2012-09-30": "2226.39000", "2012-06-30": "1821.00400", "2012-03-31": "1834.48000", "2011-12-31": "1775.40100", "2011-09-30": "2321.99400", "2011-06-30": "1767.87300", "2011-03-31": "1671.99500", "2010-12-31": "1604.49800", "2010-09-30": "2060.65900", "2010-06-30": "1601.69700", "2010-03-31": "1485.65000", "2009-12-31": "1451.66700", "2009-09-30": "1763.54200", "2009-06-30": "1349.01500", "2009-03-31": "1325.60200", "2008-12-31": "1456.27700", "2008-09-30": "2063.38900", "2008-06-30": "1583.77400", "2008-03-31": "1429.08500", "2007-12-31": "1491.09600", "2007-09-30": "1953.59200", "2007-06-30": "1481.32500", "2007-03-31": "1223.12600", "2006-12-31": "1153.21300", "2006-09-30": "1636.85100", "2006-06-30": "1292.98400", "2006-03-31": "1146.53600", "2005-12-31": "1029.64000", "2005-09-30": "1502.21500", "2005-06-30": "1203.24200", "2005-03-31": "1168.07700"}, "Cost Of Goods Sold": {"2020-09-30": "308.60900", "2020-06-30": "680.42000", "2020-03-31": "1510.81900", "2019-12-31": "1481.51900", "2019-09-30": "1623.03800", "2019-06-30": "1544.50400", "2019-03-31": "1413.70400", "2018-12-31": "1360.41300", "2018-09-30": "1411.36400", "2018-06-30": "1314.41100", "2018-03-31": "1176.01900", "2017-12-31": "1145.70100", "2017-09-30": "1318.26900", "2017-06-30": "1256.78500", "2017-03-31": "1175.82400", "2016-12-31": "1123.25100", "2016-09-30": "1340.12300", "2016-06-30": "1310.58700", "2016-03-31": "1241.57800", "2015-12-31": "1173.34100", "2015-09-30": "1387.02600", "2015-06-30": "1316.40900", "2015-03-31": "1222.61700", "2014-12-31": "1244.74500", "2014-09-30": "1426.88200", "2014-06-30": "1330.67400", "2014-03-31": "1303.98000", "2013-12-31": "1282.66000", "2013-09-30": "1416.80100", "2013-06-30": "1323.61900", "2013-03-31": "1282.19000", "2012-12-31": "1257.98300", "2012-09-30": "1348.32500", "2012-06-30": "1296.01400", "2012-03-31": "1255.11200", "2011-12-31": "1250.86100", "2011-09-30": "1405.30000", "2011-06-30": "1185.37500", "2011-03-31": "1101.07100", "2010-12-31": "1106.98900", "2010-09-30": "1239.62500", "2010-06-30": "1086.18700", "2010-03-31": "1025.27500", "2009-12-31": "1037.24500", "2009-09-30": "1116.08600", "2009-06-30": "965.43510", "2009-03-31": "952.33600", "2008-12-31": "1074.82000", "2008-09-30": "1275.66100", "2008-06-30": "1090.99900", "2008-03-31": "962.18600", "2007-12-31": "1025.58400", "2007-09-30": "1149.24400", "2007-06-30": "965.52900", "2007-03-31": "841.34110", "2006-12-31": "750.35580", "2006-09-30": "944.16600", "2006-06-30": "824.97300", "2006-03-31": "730.13400", "2005-12-31": "703.82320", "2005-09-30": "844.63200", "2005-06-30": "740.17000", "2005-03-31": "705.60700"}, "Gross Profit": {"2020-09-30": "-342.29700", "2020-06-30": "-504.81510", "2020-03-31": "521.93090", "2019-12-31": "1035.89300", "2019-09-30": "1563.81200", "2019-06-30": "1262.12700", "2019-03-31": "1026.06300", "2018-12-31": "971.88770", "2018-09-30": "1384.82300", "2018-06-30": "1023.19400", "2018-03-31": "851.73690", "2017-12-31": "858.76590", "2017-09-30": "1251.27500", "2017-06-30": "938.48890", "2017-03-31": "832.73610", "2016-12-31": "786.35210", "2016-09-30": "1223.61800", "2016-06-30": "794.67490", "2016-03-31": "676.21700", "2015-12-31": "728.71190", "2015-09-30": "1136.07400", "2015-06-30": "741.91310", "2015-03-31": "592.98190", "2014-12-31": "573.08040", "2014-09-30": "961.88000", "2014-06-30": "649.36890", "2014-03-31": "583.24400", "2013-12-31": "571.49830", "2013-09-30": "894.94800", "2013-06-30": "559.14790", "2013-03-31": "629.03000", "2012-12-31": "548.16700", "2012-09-30": "878.06490", "2012-06-30": "524.98990", "2012-03-31": "579.36790", "2011-12-31": "524.54090", "2011-09-30": "916.69400", "2011-06-30": "582.49800", "2011-03-31": "570.92400", "2010-12-31": "497.50850", "2010-09-30": "821.03390", "2010-06-30": "515.51000", "2010-03-31": "460.37500", "2009-12-31": "414.42190", "2009-09-30": "647.45610", "2009-06-30": "383.58000", "2009-03-31": "373.26610", "2008-12-31": "381.45700", "2008-09-30": "787.72790", "2008-06-30": "492.77500", "2008-03-31": "466.89890", "2007-12-31": "465.51200", "2007-09-30": "804.34800", "2007-06-30": "515.79600", "2007-03-31": "381.78490", "2006-12-31": "402.85720", "2006-09-30": "692.68490", "2006-06-30": "468.01100", "2006-03-31": "416.40200", "2005-12-31": "325.81680", "2005-09-30": "657.58300", "2005-06-30": "463.07200", "2005-03-31": "462.47000"}, "Research And Development Expenses": {"2020-09-30": "", "2020-06-30": "", "2020-03-31": "", "2019-12-31": "", "2019-09-30": "", "2019-06-30": "", "2019-03-31": "", "2018-12-31": "", "2018-09-30": "", "2018-06-30": "", "2018-03-31": "", "2017-12-31": "", "2017-09-30": "", "2017-06-30": "", "2017-03-31": "", "2016-12-31": "", "2016-09-30": "", "2016-06-30": "", "2016-03-31": "", "2015-12-31": "", "2015-09-30": "", "2015-06-30": "", "2015-03-31": "", "2014-12-31": "", "2014-09-30": "", "2014-06-30": "", "2014-03-31": "", "2013-12-31": "", "2013-09-30": "", "2013-06-30": "", "2013-03-31": "", "2012-12-31": "", "2012-09-30": "", "2012-06-30": "", "2012-03-31": "", "2011-12-31": "", "2011-09-30": "", "2011-06-30": "", "2011-03-31": "", "2010-12-31": "", "2010-09-30": "", "2010-06-30": "", "2010-03-31": "", "2009-12-31": "", "2009-09-30": "", "2009-06-30": "", "2009-03-31": "", "2008-12-31": "", "2008-09-30": "", "2008-06-30": "", "2008-03-31": "", "2007-12-31": "", "2007-09-30": "", "2007-06-30": "", "2007-03-31": "", "2006-12-31": "", "2006-09-30": "", "2006-06-30": "", "2006-03-31": "", "2005-12-31": "", "2005-09-30": "", "2005-06-30": "", "2005-03-31": ""}, "SG&A Expenses": {"2020-09-30": "246.77900", "2020-06-30": "301.41800", "2020-03-31": "395.89000", "2019-12-31": "414.70710", "2019-09-30": "352.72500", "2019-06-30": "376.87400", "2019-03-31": "414.94700", "2018-12-31": "327.69310", "2018-09-30": "325.16700", "2018-06-30": "312.92300", "2018-03-31": "337.36100", "2017-12-31": "311.05910", "2017-09-30": "273.63700", "2017-06-30": "283.85500", "2017-03-31": "317.46500", "2016-12-31": "256.30690", "2016-09-30": "259.32700", "2016-06-30": "290.78200", "2016-03-31": "302.32600", "2015-12-31": "269.46400", "2015-09-30": "256.06000", "2015-06-30": "274.14800", "2015-03-31": "286.83200", "2014-12-31": "257.99500", "2014-09-30": "239.66200", "2014-06-30": "260.98800", "2014-03-31": "290.30700", "2013-12-31": "262.88300", "2013-09-30": "249.95400", "2013-06-30": "257.94800", "2013-03-31": "274.03400", "2012-12-31": "255.49400", "2012-09-30": "243.87700", "2012-06-30": "247.57100", "2012-03-31": "264.60100", "2011-12-31": "238.44500", "2011-09-30": "231.76100", "2011-06-30": "242.25800", "2011-03-31": "248.13800", "2010-12-31": "211.93600", "2010-09-30": "213.30000", "2010-06-30": "211.79500", "2010-03-31": "211.04800", "2009-12-31": "185.65500", "2009-09-30": "196.59400", "2009-06-30": "190.59300", "2009-03-31": "189.15700", "2008-12-31": "183.91800", "2008-09-30": "191.11500", "2008-06-30": "196.54800", "2008-03-31": "204.94100", "2007-12-31": "204.49200", "2007-09-30": "199.16900", "2007-06-30": "193.19500", "2007-03-31": "186.18400", "2006-12-31": "181.18300", "2006-09-30": "163.74500", "2006-06-30": "181.74400", "2006-03-31": "173.19200", "2005-12-31": "168.70900", "2005-09-30": "156.10700", "2005-06-30": "148.96200", "2005-03-31": "161.53000"}, "Other Operating Income Or Expenses": {"2020-09-30": "-89.89900", "2020-06-30": "-156.49700", "2020-03-31": "-1108.11800", "2019-12-31": "", "2019-09-30": "", "2019-06-30": "", "2019-03-31": "", "2018-12-31": "", "2018-09-30": "", "2018-06-30": "", "2018-03-31": "", "2017-12-31": "", "2017-09-30": "", "2017-06-30": "", "2017-03-31": "", "2016-12-31": "", "2016-09-30": "", "2016-06-30": "", "2016-03-31": "", "2015-12-31": "", "2015-09-30": "-411.26700", "2015-06-30": "", "2015-03-31": "", "2014-12-31": "", "2014-09-30": "", "2014-06-30": "", "2014-03-31": "", "2013-12-31": "", "2013-09-30": "", "2013-06-30": "", "2013-03-31": "", "2012-12-31": "", "2012-09-30": "", "2012-06-30": "", "2012-03-31": "", "2011-12-31": "", "2011-09-30": "", "2011-06-30": "", "2011-03-31": "", "2010-12-31": "", "2010-09-30": "", "2010-06-30": "", "2010-03-31": "", "2009-12-31": "", "2009-09-30": "", "2009-06-30": "", "2009-03-31": "", "2008-12-31": "", "2008-09-30": "", "2008-06-30": "", "2008-03-31": "", "2007-12-31": "", "2007-09-30": "", "2007-06-30": "", "2007-03-31": "", "2006-12-31": "", "2006-09-30": "", "2006-06-30": "", "2006-03-31": "", "2005-12-31": "", "2005-09-30": "", "2005-06-30": "", "2005-03-31": ""}, "Operating Expenses": {"2020-09-30": "962.42600", "2020-06-30": "1458.09200", "2020-03-31": "3339.15700", "2019-12-31": "2217.98800", "2019-09-30": "2296.05800", "2019-06-30": "2232.97800", "2019-03-31": "2120.93600", "2018-12-31": "1968.27500", "2018-09-30": "1996.45400", "2018-06-30": "1880.71000", "2018-03-31": "1753.61000", "2017-12-31": "1697.11800", "2017-09-30": "1832.05600", "2017-06-30": "1775.57700", "2017-03-31": "1729.03800", "2016-12-31": "1612.76100", "2016-09-30": "1828.77800", "2016-06-30": "1822.98900", "2016-03-31": "1754.66800", "2015-12-31": "1652.13500", "2015-09-30": "2265.09500", "2015-06-30": "1797.02500", "2015-03-31": "1709.91700", "2014-12-31": "1698.48200", "2014-09-30": "1859.30000", "2014-06-30": "1784.45600", "2014-03-31": "1789.75800", "2013-12-31": "1779.18800", "2013-09-30": "1867.54000", "2013-06-30": "1769.42900", "2013-03-31": "1745.58800", "2012-12-31": "2087.45700", "2012-09-30": "1774.25300", "2012-06-30": "1724.09900", "2012-03-31": "1699.10500", "2011-12-31": "1669.23800", "2011-09-30": "1814.25200", "2011-06-30": "1599.68300", "2011-03-31": "1522.46100", "2010-12-31": "1482.80300", "2010-09-30": "1615.15700", "2010-06-30": "1458.01300", "2010-03-31": "1393.89800", "2009-12-31": "1369.31200", "2009-09-30": "1456.70100", "2009-06-30": "1293.95300", "2009-03-31": "1281.34900", "2008-12-31": "1392.71800", "2008-09-30": "1601.48200", "2008-06-30": "1414.82400", "2008-03-31": "1291.51700", "2007-12-31": "1353.12100", "2007-09-30": "1470.75800", "2007-06-30": "1280.44200", "2007-03-31": "1143.48300", "2006-12-31": "1039.67000", "2006-09-30": "1217.24200", "2006-06-30": "1108.74000", "2006-03-31": "1005.48500", "2005-12-31": "973.84390", "2005-09-30": "1101.75900", "2005-06-30": "989.10690", "2005-03-31": "966.89900"}, "Operating Income": {"2020-09-30": "-996.11400", "2020-06-30": "-1282.48700", "2020-03-31": "-1306.40700", "2019-12-31": "299.42480", "2019-09-30": "890.79200", "2019-06-30": "573.65310", "2019-03-31": "318.83110", "2018-12-31": "364.02600", "2018-09-30": "799.73320", "2018-06-30": "456.89500", "2018-03-31": "274.14600", "2017-12-31": "307.34900", "2017-09-30": "737.48790", "2017-06-30": "419.69690", "2017-03-31": "279.52210", "2016-12-31": "296.84220", "2016-09-30": "734.96290", "2016-06-30": "282.27290", "2016-03-31": "163.12710", "2015-12-31": "249.91850", "2015-09-30": "258.00490", "2015-06-30": "261.29710", "2015-03-31": "105.68190", "2014-12-31": "119.34350", "2014-09-30": "529.46200", "2014-06-30": "195.58690", "2014-03-31": "97.46610", "2013-12-31": "74.96970", "2013-09-30": "444.20900", "2013-06-30": "113.33800", "2013-03-31": "165.63210", "2012-12-31": "-281.30710", "2012-09-30": "452.13700", "2012-06-30": "96.90480", "2012-03-31": "135.37500", "2011-12-31": "106.16320", "2011-09-30": "507.74190", "2011-06-30": "168.18990", "2011-03-31": "149.53410", "2010-12-31": "121.69490", "2010-09-30": "445.50200", "2010-06-30": "143.68400", "2010-03-31": "91.75210", "2009-12-31": "82.35510", "2009-09-30": "306.84110", "2009-06-30": "55.06190", "2009-03-31": "44.25310", "2008-12-31": "63.55880", "2008-09-30": "461.90700", "2008-06-30": "168.95010", "2008-03-31": "137.56790", "2007-12-31": "137.97470", "2007-09-30": "482.83400", "2007-06-30": "200.88310", "2007-03-31": "79.64290", "2006-12-31": "113.54260", "2006-09-30": "419.60890", "2006-06-30": "184.24400", "2006-03-31": "141.05100", "2005-12-31": "55.79610", "2005-09-30": "400.45590", "2005-06-30": "214.13500", "2005-03-31": "201.17800"}, "Total Non-Operating Income/Expense": {"2020-09-30": "-343.19800", "2020-06-30": "-349.36100", "2020-03-31": "-130.62800", "2019-12-31": "-18.95100", "2019-09-30": "-0.42700", "2019-06-30": "-93.69800", "2019-03-31": "-62.02500", "2018-12-31": "-43.57400", "2018-09-30": "10.65800", "2018-06-30": "9.40000", "2018-03-31": "-55.49300", "2017-12-31": "-19.31000", "2017-09-30": "15.35400", "2017-06-30": "-50.17100", "2017-03-31": "-64.79600", "2016-12-31": "-35.75600", "2016-09-30": "-41.70600", "2016-06-30": "-52.36800", "2016-03-31": "-63.98700", "2015-12-31": "-43.11900", "2015-09-30": "-29.21800", "2015-06-30": "-76.33000", "2015-03-31": "-60.45200", "2014-12-31": "-9.57600", "2014-09-30": "-39.21400", "2014-06-30": "-57.91400", "2014-03-31": "-71.00900", "2013-12-31": "-67.95100", "2013-09-30": "-78.50800", "2013-06-30": "-88.59100", "2013-03-31": "-89.40600", "2012-12-31": "-111.49600", "2012-09-30": "-84.35800", "2012-06-30": "-100.55800", "2012-03-31": "-88.41100", "2011-12-31": "-69.60000", "2011-09-30": "-108.78400", "2011-06-30": "-74.69900", "2011-03-31": "-71.12400", "2010-12-31": "-97.39900", "2010-09-30": "-95.32300", "2010-06-30": "-89.95300", "2010-03-31": "-4.30500", "2009-12-31": "-88.93800", "2009-09-30": "-76.44900", "2009-06-30": "-90.14800", "2009-03-31": "-80.49100", "2008-12-31": "-62.08000", "2008-09-30": "-50.02000", "2008-06-30": "-84.20100", "2008-03-31": "-61.96100", "2007-12-31": "-67.14000", "2007-09-30": "-87.83400", "2007-06-30": "-72.13800", "2007-03-31": "-70.81800", "2006-12-31": "-66.91800", "2006-09-30": "-74.23700", "2006-06-30": "-61.81700", "2006-03-31": "-21.55200", "2005-12-31": "-59.40000", "2005-09-30": "-25.74500", "2005-06-30": "-58.89500", "2005-03-31": "-64.06000"}, "Pre-Tax Income": {"2020-09-30": "-1339.31200", "2020-06-30": "-1631.84800", "2020-03-31": "-1437.03500", "2019-12-31": "280.47400", "2019-09-30": "890.36500", "2019-06-30": "479.95510", "2019-03-31": "256.80610", "2018-12-31": "320.45210", "2018-09-30": "810.39120", "2018-06-30": "466.29500", "2018-03-31": "218.65300", "2017-12-31": "288.03880", "2017-09-30": "752.84190", "2017-06-30": "369.52590", "2017-03-31": "214.72610", "2016-12-31": "261.08620", "2016-09-30": "693.25690", "2016-06-30": "229.90490", "2016-03-31": "99.14010", "2015-12-31": "206.79950", "2015-09-30": "228.78690", "2015-06-30": "184.96710", "2015-03-31": "45.22990", "2014-12-31": "109.76780", "2014-09-30": "490.24800", "2014-06-30": "137.67290", "2014-03-31": "26.45710", "2013-12-31": "7.01890", "2013-09-30": "365.70100", "2013-06-30": "24.74700", "2013-03-31": "76.22610", "2012-12-31": "-392.80290", "2012-09-30": "367.77900", "2012-06-30": "-3.65320", "2012-03-31": "46.96400", "2011-12-31": "36.56290", "2011-09-30": "398.95790", "2011-06-30": "93.49090", "2011-03-31": "78.41010", "2010-12-31": "24.29590", "2010-09-30": "350.17900", "2010-06-30": "53.73100", "2010-03-31": "87.44710", "2009-12-31": "-6.58280", "2009-09-30": "230.39210", "2009-06-30": "-35.08610", "2009-03-31": "-36.23800", "2008-12-31": "1.47890", "2008-09-30": "411.88700", "2008-06-30": "84.74910", "2008-03-31": "75.60690", "2007-12-31": "70.83500", "2007-09-30": "395.00000", "2007-06-30": "128.74510", "2007-03-31": "8.82490", "2006-12-31": "46.62440", "2006-09-30": "345.37190", "2006-06-30": "122.42700", "2006-03-31": "119.49900", "2005-12-31": "-3.60400", "2005-09-30": "374.71090", "2005-06-30": "155.24000", "2005-03-31": "137.11800"}, "Income Taxes": {"2020-09-30": "", "2020-06-30": "", "2020-03-31": "", "2019-12-31": "", "2019-09-30": "", "2019-06-30": "", "2019-03-31": "", "2018-12-31": "", "2018-09-30": "", "2018-06-30": "", "2018-03-31": "", "2017-12-31": "", "2017-09-30": "", "2017-06-30": "", "2017-03-31": "", "2016-12-31": "", "2016-09-30": "", "2016-06-30": "", "2016-03-31": "", "2015-12-31": "", "2015-09-30": "", "2015-06-30": "", "2015-03-31": "", "2014-12-31": "", "2014-09-30": "", "2014-06-30": "", "2014-03-31": "", "2013-12-31": "", "2013-09-30": "", "2013-06-30": "", "2013-03-31": "", "2012-12-31": "", "2012-09-30": "", "2012-06-30": "", "2012-03-31": "", "2011-12-31": "", "2011-09-30": "", "2011-06-30": "", "2011-03-31": "", "2010-12-31": "", "2010-09-30": "", "2010-06-30": "", "2010-03-31": "", "2009-12-31": "", "2009-09-30": "", "2009-06-30": "", "2009-03-31": "", "2008-12-31": "", "2008-09-30": "", "2008-06-30": "", "2008-03-31": "", "2007-12-31": "", "2007-09-30": "", "2007-06-30": "", "2007-03-31": "", "2006-12-31": "", "2006-09-30": "", "2006-06-30": "", "2006-03-31": "", "2005-12-31": "", "2005-09-30": "", "2005-06-30": "", "2005-03-31": ""}, "Income After Taxes": {"2020-09-30": "-1339.31200", "2020-06-30": "-1631.84800", "2020-03-31": "-1437.03500", "2019-12-31": "280.47400", "2019-09-30": "890.36500", "2019-06-30": "479.95510", "2019-03-31": "256.80610", "2018-12-31": "320.45210", "2018-09-30": "810.39120", "2018-06-30": "466.29500", "2018-03-31": "218.65300", "2017-12-31": "288.03880", "2017-09-30": "752.84190", "2017-06-30": "369.52590", "2017-03-31": "214.72610", "2016-12-31": "261.08620", "2016-09-30": "693.25690", "2016-06-30": "229.90490", "2016-03-31": "99.14010", "2015-12-31": "206.79950", "2015-09-30": "228.78690", "2015-06-30": "184.96710", "2015-03-31": "45.22990", "2014-12-31": "109.76780", "2014-09-30": "490.24800", "2014-06-30": "137.67290", "2014-03-31": "26.45710", "2013-12-31": "7.01890", "2013-09-30": "365.70100", "2013-06-30": "24.74700", "2013-03-31": "76.22610", "2012-12-31": "-392.80290", "2012-09-30": "367.77900", "2012-06-30": "-3.65320", "2012-03-31": "46.96400", "2011-12-31": "36.56290", "2011-09-30": "398.95790", "2011-06-30": "93.49090", "2011-03-31": "78.41010", "2010-12-31": "24.29590", "2010-09-30": "350.17900", "2010-06-30": "53.73100", "2010-03-31": "87.44710", "2009-12-31": "-6.58280", "2009-09-30": "230.39210", "2009-06-30": "-35.08610", "2009-03-31": "-36.23800", "2008-12-31": "1.47890", "2008-09-30": "411.88700", "2008-06-30": "84.74910", "2008-03-31": "75.60690", "2007-12-31": "70.83500", "2007-09-30": "395.00000", "2007-06-30": "128.74510", "2007-03-31": "8.82490", "2006-12-31": "46.62440", "2006-09-30": "345.37190", "2006-06-30": "122.42700", "2006-03-31": "119.49900", "2005-12-31": "-3.60400", "2005-09-30": "374.71090", "2005-06-30": "155.24000", "2005-03-31": "137.11800"}, "Other Income": {"2020-09-30": "", "2020-06-30": "", "2020-03-31": "", "2019-12-31": "", "2019-09-30": "", "2019-06-30": "", "2019-03-31": "", "2018-12-31": "", "2018-09-30": "", "2018-06-30": "", "2018-03-31": "", "2017-12-31": "", "2017-09-30": "", "2017-06-30": "", "2017-03-31": "", "2016-12-31": "", "2016-09-30": "", "2016-06-30": "", "2016-03-31": "", "2015-12-31": "", "2015-09-30": "", "2015-06-30": "", "2015-03-31": "", "2014-12-31": "", "2014-09-30": "", "2014-06-30": "", "2014-03-31": "", "2013-12-31": "", "2013-09-30": "", "2013-06-30": "", "2013-03-31": "", "2012-12-31": "", "2012-09-30": "", "2012-06-30": "", "2012-03-31": "", "2011-12-31": "", "2011-09-30": "", "2011-06-30": "", "2011-03-31": "", "2010-12-31": "", "2010-09-30": "", "2010-06-30": "", "2010-03-31": "", "2009-12-31": "", "2009-09-30": "", "2009-06-30": "", "2009-03-31": "", "2008-12-31": "", "2008-09-30": "", "2008-06-30": "", "2008-03-31": "", "2007-12-31": "", "2007-09-30": "", "2007-06-30": "", "2007-03-31": "", "2006-12-31": "", "2006-09-30": "", "2006-06-30": "", "2006-03-31": "", "2005-12-31": "", "2005-09-30": "", "2005-06-30": "", "2005-03-31": ""}, "Income From Continuous Operations": {"2020-09-30": "-1339.31200", "2020-06-30": "-1631.84800", "2020-03-31": "-1437.03500", "2019-12-31": "280.47400", "2019-09-30": "890.36500", "2019-06-30": "479.95510", "2019-03-31": "256.80610", "2018-12-31": "320.45210", "2018-09-30": "810.39120", "2018-06-30": "466.29500", "2018-03-31": "218.65300", "2017-12-31": "288.03880", "2017-09-30": "752.84190", "2017-06-30": "369.52590", "2017-03-31": "214.72610", "2016-12-31": "261.08620", "2016-09-30": "693.25690", "2016-06-30": "229.90490", "2016-03-31": "99.14010", "2015-12-31": "206.79950", "2015-09-30": "228.78690", "2015-06-30": "184.96710", "2015-03-31": "45.22990", "2014-12-31": "109.76780", "2014-09-30": "490.24800", "2014-06-30": "137.67290", "2014-03-31": "26.45710", "2013-12-31": "7.01890", "2013-09-30": "365.70100", "2013-06-30": "24.74700", "2013-03-31": "76.22610", "2012-12-31": "-392.80290", "2012-09-30": "367.77900", "2012-06-30": "-3.65320", "2012-03-31": "46.96400", "2011-12-31": "36.56290", "2011-09-30": "398.95790", "2011-06-30": "93.49090", "2011-03-31": "78.41010", "2010-12-31": "24.29590", "2010-09-30": "350.17900", "2010-06-30": "53.73100", "2010-03-31": "87.44710", "2009-12-31": "-6.58280", "2009-09-30": "230.39210", "2009-06-30": "-35.08610", "2009-03-31": "-36.23800", "2008-12-31": "1.47890", "2008-09-30": "411.88700", "2008-06-30": "84.74910", "2008-03-31": "75.60690", "2007-12-31": "70.83500", "2007-09-30": "395.00000", "2007-06-30": "128.74510", "2007-03-31": "8.82490", "2006-12-31": "46.62440", "2006-09-30": "345.37190", "2006-06-30": "122.42700", "2006-03-31": "119.49900", "2005-12-31": "-3.60400", "2005-09-30": "374.71090", "2005-06-30": "155.24000", "2005-03-31": "137.11800"}, "Income From Discontinued Operations": {"2020-09-30": "", "2020-06-30": "", "2020-03-31": "", "2019-12-31": "", "2019-09-30": "", "2019-06-30": "", "2019-03-31": "", "2018-12-31": "", "2018-09-30": "", "2018-06-30": "", "2018-03-31": "", "2017-12-31": "", "2017-09-30": "", "2017-06-30": "", "2017-03-31": "", "2016-12-31": "", "2016-09-30": "", "2016-06-30": "", "2016-03-31": "", "2015-12-31": "", "2015-09-30": "", "2015-06-30": "", "2015-03-31": "", "2014-12-31": "", "2014-09-30": "", "2014-06-30": "", "2014-03-31": "", "2013-12-31": "", "2013-09-30": "", "2013-06-30": "", "2013-03-31": "", "2012-12-31": "", "2012-09-30": "", "2012-06-30": "", "2012-03-31": "", "2011-12-31": "", "2011-09-30": "", "2011-06-30": "", "2011-03-31": "", "2010-12-31": "", "2010-09-30": "", "2010-06-30": "", "2010-03-31": "", "2009-12-31": "", "2009-09-30": "", "2009-06-30": "", "2009-03-31": "", "2008-12-31": "", "2008-09-30": "", "2008-06-30": "", "2008-03-31": "", "2007-12-31": "", "2007-09-30": "", "2007-06-30": "", "2007-03-31": "", "2006-12-31": "", "2006-09-30": "", "2006-06-30": "", "2006-03-31": "", "2005-12-31": "", "2005-09-30": "", "2005-06-30": "", "2005-03-31": ""}, "Net Income": {"2020-09-30": "-1346.75600", "2020-06-30": "-1639.29200", "2020-03-31": "-1444.47900", "2019-12-31": "273.13600", "2019-09-30": "883.24000", "2019-06-30": "472.83000", "2019-03-31": "249.68100", "2018-12-31": "315.70290", "2018-09-30": "810.39100", "2018-06-30": "466.29500", "2018-03-31": "218.65300", "2017-12-31": "288.03910", "2017-09-30": "752.84200", "2017-06-30": "369.52600", "2017-03-31": "214.72600", "2016-12-31": "261.08590", "2016-09-30": "693.25700", "2016-06-30": "229.90500", "2016-03-31": "99.14000", "2015-12-31": "206.79900", "2015-09-30": "228.78700", "2015-06-30": "184.96700", "2015-03-31": "45.23000", "2014-12-31": "109.76800", "2014-09-30": "490.24800", "2014-06-30": "137.67300", "2014-03-31": "26.45700", "2013-12-31": "7.01800", "2013-09-30": "365.70100", "2013-06-30": "24.74700", "2013-03-31": "76.22600", "2012-12-31": "-392.80300", "2012-09-30": "367.77900", "2012-06-30": "-3.65300", "2012-03-31": "46.96400", "2011-12-31": "36.56200", "2011-09-30": "398.95800", "2011-06-30": "93.49100", "2011-03-31": "78.41000", "2010-12-31": "24.29600", "2010-09-30": "350.17900", "2010-06-30": "53.73100", "2010-03-31": "87.44700", "2009-12-31": "-6.58300", "2009-09-30": "230.39200", "2009-06-30": "-35.08600", "2009-03-31": "-36.23800", "2008-12-31": "1.47900", "2008-09-30": "411.88700", "2008-06-30": "84.74900", "2008-03-31": "75.60700", "2007-12-31": "70.83500", "2007-09-30": "395.00000", "2007-06-30": "128.74500", "2007-03-31": "8.82500", "2006-12-31": "46.62400", "2006-09-30": "345.37200", "2006-06-30": "122.42700", "2006-03-31": "119.49900", "2005-12-31": "-3.60400", "2005-09-30": "374.71100", "2005-06-30": "155.24000", "2005-03-31": "189.60900"}, "EBITDA": {"2020-09-30": "-623.23300", "2020-06-30": "-941.66500", "2020-03-31": "-967.66720", "2019-12-31": "636.43880", "2019-09-30": "1222.27200", "2019-06-30": "903.78810", "2019-03-31": "629.39810", "2018-12-31": "661.32400", "2018-09-30": "1078.87300", "2018-06-30": "716.44600", "2018-03-31": "524.48400", "2017-12-31": "556.08800", "2017-09-30": "989.16490", "2017-06-30": "667.41290", "2017-03-31": "528.52710", "2016-12-31": "543.41520", "2016-09-30": "977.86880", "2016-06-30": "517.37490", "2016-03-31": "386.25610", "2015-12-31": "511.40150", "2015-09-30": "468.74690", "2015-06-30": "467.76510", "2015-03-31": "306.14990", "2014-12-31": "367.71850", "2014-09-30": "721.91000", "2014-06-30": "388.46690", "2014-03-31": "291.20100", "2013-12-31": "265.59170", "2013-09-30": "632.75000", "2013-06-30": "299.52200", "2013-03-31": "354.99610", "2012-12-31": "-92.77110", "2012-09-30": "634.18790", "2012-06-30": "277.41880", "2012-03-31": "314.76700", "2011-12-31": "286.09630", "2011-09-30": "684.93290", "2011-06-30": "340.23990", "2011-03-31": "322.78610", "2010-12-31": "285.57290", "2010-09-30": "607.73400", "2010-06-30": "303.71500", "2010-03-31": "249.32710", "2009-12-31": "228.76710", "2009-09-30": "450.86210", "2009-06-30": "192.98690", "2009-03-31": "184.10910", "2008-12-31": "197.53890", "2008-09-30": "596.61300", "2008-06-30": "296.22710", "2008-03-31": "261.95790", "2007-12-31": "261.01970", "2007-09-30": "605.17900", "2007-06-30": "322.60100", "2007-03-31": "195.60100", "2006-12-31": "221.99860", "2006-09-30": "530.75890", "2006-06-30": "293.75900", "2006-03-31": "251.47700", "2005-12-31": "165.54210", "2005-09-30": "512.15390", "2005-06-30": "327.29000", "2005-03-31": "314.36600"}, "EBIT": {"2020-09-30": "-996.11400", "2020-06-30": "-1282.48700", "2020-03-31": "-1306.40700", "2019-12-31": "299.42500", "2019-09-30": "890.79200", "2019-06-30": "573.65310", "2019-03-31": "318.83110", "2018-12-31": "364.02610", "2018-09-30": "799.73320", "2018-06-30": "456.89500", "2018-03-31": "274.14600", "2017-12-31": "307.34880", "2017-09-30": "737.48790", "2017-06-30": "419.69690", "2017-03-31": "279.52210", "2016-12-31": "296.84220", "2016-09-30": "734.96290", "2016-06-30": "282.27290", "2016-03-31": "163.12710", "2015-12-31": "249.91850", "2015-09-30": "258.00490", "2015-06-30": "261.29710", "2015-03-31": "105.68190", "2014-12-31": "119.34390", "2014-09-30": "529.46200", "2014-06-30": "195.58690", "2014-03-31": "97.46610", "2013-12-31": "74.96990", "2013-09-30": "444.20900", "2013-06-30": "113.33800", "2013-03-31": "165.63210", "2012-12-31": "-281.30690", "2012-09-30": "452.13700", "2012-06-30": "96.90480", "2012-03-31": "135.37500", "2011-12-31": "106.16300", "2011-09-30": "507.74190", "2011-06-30": "168.18990", "2011-03-31": "149.53410", "2010-12-31": "121.69480", "2010-09-30": "445.50200", "2010-06-30": "143.68400", "2010-03-31": "91.75210", "2009-12-31": "82.35520", "2009-09-30": "306.84110", "2009-06-30": "55.06190", "2009-03-31": "44.25310", "2008-12-31": "63.55900", "2008-09-30": "461.90700", "2008-06-30": "168.95010", "2008-03-31": "137.56790", "2007-12-31": "137.97500", "2007-09-30": "482.83400", "2007-06-30": "200.88310", "2007-03-31": "79.64290", "2006-12-31": "113.54240", "2006-09-30": "419.60890", "2006-06-30": "184.24400", "2006-03-31": "141.05100", "2005-12-31": "55.79600", "2005-09-30": "400.45590", "2005-06-30": "214.13500", "2005-03-31": "201.17800"}, "Basic Shares Outstanding": {"2020-09-30": "214.16300", "2020-06-30": "209.38500", "2020-03-31": "209.09700", "2019-12-31": "209.40500", "2019-09-30": "209.57500", "2019-06-30": "209.53100", "2019-03-31": "209.32200", "2018-12-31": "210.57000", "2018-09-30": "209.05400", "2018-06-30": "211.67300", "2018-03-31": "212.61000", "2017-12-31": "214.61700", "2017-09-30": "214.69400", "2017-06-30": "215.08500", "2017-03-31": "214.87000", "2016-12-31": "215.39300", "2016-09-30": "214.81900", "2016-06-30": "215.26500", "2016-03-31": "216.91400", "2015-12-31": "219.53700", "2015-09-30": "219.96300", "2015-06-30": "219.91300", "2015-03-31": "219.62600", "2014-12-31": "221.65800", "2014-09-30": "222.52300", "2014-06-30": "222.18900", "2014-03-31": "221.29500", "2013-12-31": "219.63800", "2013-09-30": "219.74400", "2013-06-30": "219.50200", "2013-03-31": "219.09700", "2012-12-31": "217.93000", "2012-09-30": "217.94000", "2012-06-30": "217.86600", "2012-03-31": "217.58400", "2011-12-31": "216.98300", "2011-09-30": "217.10500", "2011-06-30": "217.02800", "2011-03-31": "216.51100", "2010-12-31": "215.02600", "2010-09-30": "215.15000", "2010-06-30": "215.04300", "2010-03-31": "214.31400", "2009-12-31": "213.80900", "2009-09-30": "213.83900", "2009-06-30": "213.78000", "2009-03-31": "213.68700", "2008-12-31": "213.47700", "2008-09-30": "213.52400", "2008-06-30": "213.48200", "2008-03-31": "213.32600", "2007-12-31": "212.78400", "2007-09-30": "213.03900", "2007-06-30": "212.63300", "2007-03-31": "212.32200", "2006-12-31": "210.70300", "2006-09-30": "208.12900", "2006-06-30": "211.25200", "2006-03-31": "211.37200", "2005-12-31": "206.21700", "2005-09-30": "209.81100", "2005-06-30": "202.98900", "2005-03-31": "201.61900"}, "Shares Outstanding": {"2020-09-30": "214.16300", "2020-06-30": "209.38500", "2020-03-31": "209.09700", "2019-12-31": "209.93000", "2019-09-30": "210.12100", "2019-06-30": "210.05200", "2019-03-31": "209.87400", "2018-12-31": "211.55400", "2018-09-30": "209.92800", "2018-06-30": "212.50900", "2018-03-31": "213.60200", "2017-12-31": "215.69400", "2017-09-30": "215.82400", "2017-06-30": "216.06200", "2017-03-31": "215.81300", "2016-12-31": "216.31600", "2016-09-30": "215.66700", "2016-06-30": "216.13100", "2016-03-31": "217.86900", "2015-12-31": "220.68900", "2015-09-30": "221.13700", "2015-06-30": "220.90200", "2015-03-31": "220.84200", "2014-12-31": "223.04400", "2014-09-30": "223.85900", "2014-06-30": "223.38100", "2014-03-31": "222.67100", "2013-12-31": "220.94100", "2013-09-30": "221.00400", "2013-06-30": "220.64800", "2013-03-31": "220.48400", "2012-12-31": "219.45700", "2012-09-30": "219.29600", "2012-06-30": "217.86600", "2012-03-31": "219.23000", "2011-12-31": "219.22900", "2011-09-30": "218.93400", "2011-06-30": "219.37000", "2011-03-31": "219.62600", "2010-12-31": "217.71100", "2010-09-30": "217.51200", "2010-06-30": "217.56100", "2010-03-31": "216.97500", "2009-12-31": "215.29500", "2009-09-30": "215.66900", "2009-06-30": "213.78000", "2009-03-31": "213.68700", "2008-12-31": "214.19500", "2008-09-30": "214.17200", "2008-06-30": "214.28000", "2008-03-31": "214.46400", "2007-12-31": "214.25500", "2007-09-30": "214.29500", "2007-06-30": "214.15700", "2007-03-31": "214.00500", "2006-12-31": "221.48500", "2006-09-30": "213.52600", "2006-06-30": "228.19300", "2006-03-31": "230.69500", "2005-12-31": "234.71400", "2005-09-30": "236.03800", "2005-06-30": "235.97000", "2005-03-31": "236.20900"}, "Basic EPS": {"2020-09-30": "-6.29000", "2020-06-30": "-7.83000", "2020-03-31": "-6.91000", "2019-12-31": "1.31000", "2019-09-30": "4.21000", "2019-06-30": "2.26000", "2019-03-31": "1.19000", "2018-12-31": "1.49000", "2018-09-30": "3.88000", "2018-06-30": "2.20000", "2018-03-31": "1.03000", "2017-12-31": "1.34000", "2017-09-30": "3.51000", "2017-06-30": "1.72000", "2017-03-31": "1.00000", "2016-12-31": "1.20000", "2016-09-30": "3.23000", "2016-06-30": "1.07000", "2016-03-31": "0.46000", "2015-12-31": "0.94000", "2015-09-30": "1.04000", "2015-06-30": "0.84000", "2015-03-31": "0.21000", "2014-12-31": "0.51000", "2014-09-30": "2.20000", "2014-06-30": "0.62000", "2014-03-31": "0.12000", "2013-12-31": "0.04000", "2013-09-30": "1.66000", "2013-06-30": "0.11000", "2013-03-31": "0.35000", "2012-12-31": "-1.81000", "2012-09-30": "1.69000", "2012-06-30": "-0.02000", "2012-03-31": "0.22000", "2011-12-31": "0.17000", "2011-09-30": "1.84000", "2011-06-30": "0.43000", "2011-03-31": "0.36000", "2010-12-31": "0.11000", "2010-09-30": "1.63000", "2010-06-30": "0.25000", "2010-03-31": "0.41000", "2009-12-31": "-0.04000", "2009-09-30": "1.08000", "2009-06-30": "-0.16000", "2009-03-31": "-0.17000", "2008-12-31": "0.01000", "2008-09-30": "1.93000", "2008-06-30": "0.40000", "2008-03-31": "0.35000", "2007-12-31": "0.34000", "2007-09-30": "1.85000", "2007-06-30": "0.61000", "2007-03-31": "0.04000", "2006-12-31": "0.20000", "2006-09-30": "1.66000", "2006-06-30": "0.58000", "2006-03-31": "0.57000", "2005-12-31": "-0.02000", "2005-09-30": "1.79000", "2005-06-30": "0.76000", "2005-03-31": "0.94000"}, "EPS - Earnings Per Share": {"2020-09-30": "-6.29000", "2020-06-30": "-7.83000", "2020-03-31": "-6.91000", "2019-12-31": "1.31000", "2019-09-30": "4.20000", "2019-06-30": "2.25000", "2019-03-31": "1.19000", "2018-12-31": "1.49000", "2018-09-30": "3.86000", "2018-06-30": "2.19000", "2018-03-31": "1.02000", "2017-12-31": "1.34000", "2017-09-30": "3.49000", "2017-06-30": "1.71000", "2017-03-31": "0.99000", "2016-12-31": "1.20000", "2016-09-30": "3.21000", "2016-06-30": "1.06000", "2016-03-31": "0.46000", "2015-12-31": "0.95000", "2015-09-30": "1.03000", "2015-06-30": "0.84000", "2015-03-31": "0.20000", "2014-12-31": "0.50000", "2014-09-30": "2.19000", "2014-06-30": "0.62000", "2014-03-31": "0.12000", "2013-12-31": "0.03000", "2013-09-30": "1.65000", "2013-06-30": "0.11000", "2013-03-31": "0.35000", "2012-12-31": "-1.79000", "2012-09-30": "1.68000", "2012-06-30": "-0.02000", "2012-03-31": "0.21000", "2011-12-31": "0.16000", "2011-09-30": "1.82000", "2011-06-30": "0.43000", "2011-03-31": "0.36000", "2010-12-31": "0.11000", "2010-09-30": "1.61000", "2010-06-30": "0.25000", "2010-03-31": "0.40000", "2009-12-31": "-0.03000", "2009-09-30": "1.07000", "2009-06-30": "-0.16000", "2009-03-31": "-0.17000", "2008-12-31": "0.01000", "2008-09-30": "1.92000", "2008-06-30": "0.40000", "2008-03-31": "0.35000", "2007-12-31": "0.34000", "2007-09-30": "1.84000", "2007-06-30": "0.60000", "2007-03-31": "0.04000", "2006-12-31": "0.19000", "2006-09-30": "1.63000", "2006-06-30": "0.57000", "2006-03-31": "0.55000", "2005-12-31": "0.04000", "2005-09-30": "1.64000", "2005-06-30": "0.72000", "2005-03-31": "0.86000"}}, "balance sheet": {"Cash On Hand": {"2019-12-31": "243.73800", "2018-12-31": "287.85200", "2017-12-31": "120.11200", "2016-12-31": "132.60300", "2015-12-31": "121.56500", "2014-12-31": "189.24100", "2013-12-31": "204.68700", "2012-12-31": "194.85500", "2011-12-31": "262.18600", "2010-12-31": "419.92900", "2009-12-31": "284.61900", "2008-12-31": "402.87800", "2007-12-31": "230.78400", "2006-12-31": "104.52000", "2005-12-31": "125.38500"}, "Receivables": {"2019-12-31": "305.82100", "2018-12-31": "324.50700", "2017-12-31": "318.64100", "2016-12-31": "291.89900", "2015-12-31": "238.97200", "2014-12-31": "261.39200", "2013-12-31": "259.74600", "2012-12-31": "281.42100", "2011-12-31": "292.44700", "2010-12-31": "266.71000", "2009-12-31": "338.80400", "2008-12-31": "271.28700", "2007-12-31": "313.64000", "2006-12-31": "185.88600", "2005-12-31": "95.25400"}, "Inventory": {"2019-12-31": "162.10700", "2018-12-31": "153.57300", "2017-12-31": "111.39300", "2016-12-31": "114.08700", "2015-12-31": "121.33200", "2014-12-31": "123.49000", "2013-12-31": "151.24400", "2012-12-31": "146.29500", "2011-12-31": "144.55300", "2010-12-31": "126.79700", "2009-12-31": "107.87700", "2008-12-31": "96.07700", "2007-12-31": "96.81300", "2006-12-31": "76.96900", "2005-12-31": "57.80300"}, "Pre-Paid Expenses": {"2019-12-31": "429.21100", "2018-12-31": "456.54700", "2017-12-31": "258.17100", "2016-12-31": "209.71600", "2015-12-31": "220.57900", "2014-12-31": "226.96000", "2013-12-31": "252.85200", "2012-12-31": "207.66200", "2011-12-31": "185.46000", "2010-12-31": "145.14400", "2009-12-31": "180.99700", "2008-12-31": "125.16000", "2007-12-31": "137.66200", "2006-12-31": "98.38100", "2005-12-31": "98.56800"}, "Other Current Assets": {"2019-12-31": "21.75100", "2018-12-31": "19.56500", "2017-12-31": "99.32000", "2016-12-31": "", "2015-12-31": "134.57400", "2014-12-31": "", "2013-12-31": "87.84500", "2012-12-31": "57.82700", "2011-12-31": "84.64200", "2010-12-31": "56.49100", "2009-12-31": "114.09400", "2008-12-31": "81.93500", "2007-12-31": "213.89200", "2006-12-31": "36.14800", "2005-12-31": ""}, "Total Current Assets": {"2019-12-31": "1162.62800", "2018-12-31": "1242.04400", "2017-12-31": "907.63700", "2016-12-31": "748.30500", "2015-12-31": "837.02200", "2014-12-31": "801.08300", "2013-12-31": "956.37400", "2012-12-31": "888.06000", "2011-12-31": "969.28800", "2010-12-31": "1015.07100", "2009-12-31": "1026.39100", "2008-12-31": "977.33700", "2007-12-31": "992.79100", "2006-12-31": "501.90400", "2005-12-31": "377.01000"}, "Property, Plant, And Equipment": {"2019-12-31": "25466.81000", "2018-12-31": "23466.16000", "2017-12-31": "19735.18000", "2016-12-31": "20161.43000", "2015-12-31": "18777.78000", "2014-12-31": "18193.63000", "2013-12-31": "17517.75000", "2012-12-31": "17451.03000", "2011-12-31": "16934.82000", "2010-12-31": "16771.68000", "2009-12-31": "15268.05000", "2008-12-31": "13879.00000", "2007-12-31": "12253.78000", "2006-12-31": "11429.11000", "2005-12-31": "10276.95000"}, "Long-Term Investments": {"2019-12-31": "", "2018-12-31": "", "2017-12-31": "", "2016-12-31": "", "2015-12-31": "", "2014-12-31": "", "2013-12-31": "", "2012-12-31": "", "2011-12-31": "", "2010-12-31": "", "2009-12-31": "", "2008-12-31": "", "2007-12-31": "", "2006-12-31": "", "2005-12-31": ""}, "Goodwill And Intangible Assets": {"2019-12-31": "1385.64400", "2018-12-31": "1378.35300", "2017-12-31": "288.51200", "2016-12-31": "288.38600", "2015-12-31": "286.76400", "2014-12-31": "420.54200", "2013-12-31": "439.23100", "2012-12-31": "432.97500", "2011-12-31": "746.53700", "2010-12-31": "759.32800", "2009-12-31": "792.37300", "2008-12-31": "779.24600", "2007-12-31": "797.79100", "2006-12-31": "721.51400", "2005-12-31": "283.13300"}, "Other Long-Term Assets": {"2019-12-31": "1617.64900", "2018-12-31": "1611.71000", "2017-12-31": "1429.59700", "2016-12-31": "1112.20600", "2015-12-31": "880.47900", "2014-12-31": "1297.93800", "2013-12-31": "1159.59000", "2012-12-31": "1055.86100", "2011-12-31": "1153.76300", "2010-12-31": "1107.75300", "2009-12-31": "1146.67700", "2008-12-31": "827.72900", "2007-12-31": "937.91500", "2006-12-31": "740.56400", "2005-12-31": "318.68000"}, "Total Long-Term Assets": {"2019-12-31": "29157.66000", "2018-12-31": "26456.23000", "2017-12-31": "21453.29000", "2016-12-31": "21562.02000", "2015-12-31": "19945.02000", "2014-12-31": "19912.11000", "2013-12-31": "19116.57000", "2012-12-31": "18939.87000", "2011-12-31": "18835.12000", "2010-12-31": "18638.76000", "2009-12-31": "17207.10000", "2008-12-31": "15485.97000", "2007-12-31": "13989.49000", "2006-12-31": "12891.18000", "2005-12-31": "10878.76000"}, "Total Assets": {"2019-12-31": "30320.28000", "2018-12-31": "27698.27000", "2017-12-31": "22360.93000", "2016-12-31": "22310.32000", "2015-12-31": "20782.04000", "2014-12-31": "20713.19000", "2013-12-31": "20072.95000", "2012-12-31": "19827.93000", "2011-12-31": "19804.40000", "2010-12-31": "19653.83000", "2009-12-31": "18233.49000", "2008-12-31": "16463.31000", "2007-12-31": "14982.28000", "2006-12-31": "13393.09000", "2005-12-31": "11255.77000"}, "Total Current Liabilities": {"2019-12-31": "7952.89600", "2018-12-31": "7112.16500", "2017-12-31": "4854.87300", "2016-12-31": "4441.60100", "2015-12-31": "4292.69200", "2014-12-31": "3849.24700", "2013-12-31": "4267.01000", "2012-12-31": "4066.15100", "2011-12-31": "3067.64200", "2010-12-31": "3445.17300", "2009-12-31": "2749.03000", "2008-12-31": "2674.22500", "2007-12-31": "2339.29500", "2006-12-31": "1872.36800", "2005-12-31": "1988.78200"}, "Long Term Debt": {"2019-12-31": "8414.11000", "2018-12-31": "8355.37000", "2017-12-31": "6350.93700", "2016-12-31": "8101.70100", "2015-12-31": "7627.70100", "2014-12-31": "7644.31800", "2013-12-31": "6511.42600", "2012-12-31": "6970.46400", "2011-12-31": "7856.96200", "2010-12-31": "7951.18700", "2009-12-31": "7663.55500", "2008-12-31": "6539.51000", "2007-12-31": "5346.54700", "2006-12-31": "5040.32200", "2005-12-31": "3553.89200"}, "Other Non-Current Liabilities": {"2019-12-31": "617.81000", "2018-12-31": "583.25400", "2017-12-31": "452.81300", "2016-12-31": "645.61000", "2015-12-31": "798.61100", "2014-12-31": "935.26600", "2013-12-31": "486.24600", "2012-12-31": "482.56600", "2011-12-31": "471.97800", "2010-12-31": "356.71700", "2009-12-31": "321.19200", "2008-12-31": "446.56300", "2007-12-31": "539.09600", "2006-12-31": "388.82300", "2005-12-31": "158.63200"}, "Total Long Term Liabilities": {"2019-12-31": "10203.54000", "2018-12-31": "9480.64500", "2017-12-31": "6803.75000", "2016-12-31": "8747.31200", "2015-12-31": "8426.31300", "2014-12-31": "8579.58400", "2013-12-31": "6997.67200", "2012-12-31": "7453.03000", "2011-12-31": "8328.93900", "2010-12-31": "8307.90400", "2009-12-31": "7984.74700", "2008-12-31": "6986.07300", "2007-12-31": "5885.64300", "2006-12-31": "5429.14500", "2005-12-31": "3712.52400"}, "Total Liabilities": {"2019-12-31": "18156.44000", "2018-12-31": "16592.81000", "2017-12-31": "11658.62000", "2016-12-31": "13188.91000", "2015-12-31": "12719.00000", "2014-12-31": "12428.83000", "2013-12-31": "11264.68000", "2012-12-31": "11519.18000", "2011-12-31": "11396.58000", "2010-12-31": "11753.08000", "2009-12-31": "10733.78000", "2008-12-31": "9660.29800", "2007-12-31": "8224.93800", "2006-12-31": "7301.51300", "2005-12-31": "5701.30600"}, "Common Stock Net": {"2019-12-31": "2.36500", "2018-12-31": "2.35800", "2017-12-31": "2.35200", "2016-12-31": "2.34600", "2015-12-31": "2.33900", "2014-12-31": "2.33100", "2013-12-31": "2.30800", "2012-12-31": "2.29100", "2011-12-31": "2.27600", "2010-12-31": "2.26200", "2009-12-31": "2.24300", "2008-12-31": "2.23900", "2007-12-31": "2.23500", "2006-12-31": "2.22500", "2005-12-31": "2.16500"}, "Retained Earnings (Accumulated Deficit)": {"2019-12-31": "11523.33000", "2018-12-31": "10263.28000", "2017-12-31": "9022.40500", "2016-12-31": "7860.34100", "2015-12-31": "6944.86200", "2014-12-31": "6575.24800", "2013-12-31": "6054.95200", "2012-12-31": "5744.79100", "2011-12-31": "5823.43000", "2010-12-31": "5259.99800", "2009-12-31": "4754.95000", "2008-12-31": "4592.52900", "2007-12-31": "4114.87700", "2006-12-31": "3639.21100", "2005-12-31": "3132.28600"}, "Comprehensive Income": {"2019-12-31": "-797.71300", "2018-12-31": "-627.73400", "2017-12-31": "-334.26500", "2016-12-31": "-916.48400", "2015-12-31": "-1328.43300", "2014-12-31": "-896.99400", "2013-12-31": "5.67100", "2012-12-31": "-134.51600", "2011-12-31": "-75.93800", "2010-12-31": "25.06600", "2009-12-31": "182.73300", "2008-12-31": "-319.93600", "2007-12-31": "120.95500", "2006-12-31": "-30.80200", "2005-12-31": "-28.26300"}, "Other Share Holders Equity": {"2019-12-31": "", "2018-12-31": "", "2017-12-31": "", "2016-12-31": "", "2015-12-31": "", "2014-12-31": "", "2013-12-31": "", "2012-12-31": "", "2011-12-31": "", "2010-12-31": "", "2009-12-31": "", "2008-12-31": "", "2007-12-31": "", "2006-12-31": "", "2005-12-31": ""}, "Share Holder Equity": {"2019-12-31": "12163.85000", "2018-12-31": "11105.46000", "2017-12-31": "10702.30000", "2016-12-31": "9121.41200", "2015-12-31": "8063.03900", "2014-12-31": "8284.35900", "2013-12-31": "8808.26500", "2012-12-31": "8308.74900", "2011-12-31": "8407.82300", "2010-12-31": "7900.75200", "2009-12-31": "7499.71700", "2008-12-31": "6803.01200", "2007-12-31": "6757.34300", "2006-12-31": "6091.57500", "2005-12-31": "5554.46500"}, "Total Liabilities And Share Holders Equity": {"2019-12-31": "30320.28000", "2018-12-31": "27698.27000", "2017-12-31": "22360.93000", "2016-12-31": "22310.32000", "2015-12-31": "20782.04000", "2014-12-31": "20713.19000", "2013-12-31": "20072.95000", "2012-12-31": "19827.93000", "2011-12-31": "19804.40000", "2010-12-31": "19653.83000", "2009-12-31": "18233.49000", "2008-12-31": "16463.31000", "2007-12-31": "14982.28000", "2006-12-31": "13393.09000", "2005-12-31": "11255.77000"}}, "balance sheet, quarterly": {"Cash On Hand": {"2020-09-30": "3016.78800", "2020-06-30": "4146.69100", "2020-03-31": "3890.81100", "2019-12-31": "243.73800", "2019-09-30": "276.73000", "2019-06-30": "235.00100", "2019-03-31": "248.19700", "2018-12-31": "287.85200", "2018-09-30": "254.82100", "2018-06-30": "108.99800", "2018-03-31": "111.24500", "2017-12-31": "120.11200", "2017-09-30": "139.95000", "2017-06-30": "130.47700", "2017-03-31": "109.30900", "2016-12-31": "132.60300", "2016-09-30": "178.42800", "2016-06-30": "175.16400", "2016-03-31": "117.36000", "2015-12-31": "121.56500", "2015-09-30": "147.41900", "2015-06-30": "159.36000", "2015-03-31": "229.70500", "2014-12-31": "189.24100", "2014-09-30": "183.18100", "2014-06-30": "185.26200", "2014-03-31": "216.50800", "2013-12-31": "204.68700", "2013-09-30": "209.56700", "2013-06-30": "205.17400", "2013-03-31": "215.88800", "2012-12-31": "194.85500", "2012-09-30": "241.23700", "2012-06-30": "212.20900", "2012-03-31": "277.53300", "2011-12-31": "262.18600", "2011-09-30": "451.46000", "2011-06-30": "551.46000", "2011-03-31": "470.25800", "2010-12-31": "419.92900", "2010-09-30": "441.93000", "2010-06-30": "318.82000", "2010-03-31": "278.10400", "2009-12-31": "284.61900", "2009-09-30": "285.86300", "2009-06-30": "309.75800", "2009-03-31": "455.88400", "2008-12-31": "402.87800", "2008-09-30": "301.96300", "2008-06-30": "387.15800", "2008-03-31": "441.12700", "2007-12-31": "230.78400", "2007-09-30": "411.90600", "2007-06-30": "212.36500", "2007-03-31": "199.61600", "2006-12-31": "104.52000", "2006-09-30": "220.53800", "2006-06-30": "323.18300", "2006-03-31": "271.97700", "2005-12-31": "125.38500", "2005-09-30": "189.20600", "2005-06-30": "298.02800", "2005-03-31": "311.34000"}, "Receivables": {"2020-09-30": "165.22500", "2020-06-30": "205.92100", "2020-03-31": "220.87600", "2019-12-31": "305.82100", "2019-09-30": "348.99100", "2019-06-30": "340.92100", "2019-03-31": "374.98200", "2018-12-31": "324.50700", "2018-09-30": "385.29700", "2018-06-30": "355.72900", "2018-03-31": "387.86200", "2017-12-31": "318.64100", "2017-09-30": "285.33200", "2017-06-30": "263.99200", "2017-03-31": "292.97500", "2016-12-31": "291.89900", "2016-09-30": "273.42200", "2016-06-30": "215.80400", "2016-03-31": "253.30300", "2015-12-31": "238.97200", "2015-09-30": "241.63800", "2015-06-30": "212.45400", "2015-03-31": "297.07300", "2014-12-31": "261.39200", "2014-09-30": "252.91800", "2014-06-30": "293.51600", "2014-03-31": "299.03600", "2013-12-31": "259.74600", "2013-09-30": "342.02100", "2013-06-30": "310.05100", "2013-03-31": "308.03000", "2012-12-31": "281.42100", "2012-09-30": "301.11000", "2012-06-30": "284.65800", "2012-03-31": "313.00100", "2011-12-31": "292.44700", "2011-09-30": "303.91900", "2011-06-30": "273.70800", "2011-03-31": "276.88500", "2010-12-31": "266.71000", "2010-09-30": "279.38800", "2010-06-30": "212.20400", "2010-03-31": "257.59200", "2009-12-31": "338.80400", "2009-09-30": "334.66600", "2009-06-30": "241.22400", "2009-03-31": "194.50800", "2008-12-31": "271.28700", "2008-09-30": "324.13100", "2008-06-30": "250.55700", "2008-03-31": "236.29300", "2007-12-31": "313.64000", "2007-09-30": "337.88900", "2007-06-30": "212.68500", "2007-03-31": "207.02000", "2006-12-31": "185.88600", "2006-09-30": "106.69100", "2006-06-30": "84.39800", "2006-03-31": "82.25900", "2005-12-31": "95.25400", "2005-09-30": "74.81300", "2005-06-30": "82.93300", "2005-03-31": "82.23900"}, "Inventory": {"2020-09-30": "142.43200", "2020-06-30": "152.59600", "2020-03-31": "177.70500", "2019-12-31": "162.10700", "2019-09-30": "167.21300", "2019-06-30": "168.00900", "2019-03-31": "157.93900", "2018-12-31": "153.57300", "2018-09-30": "152.15700", "2018-06-30": "121.87900", "2018-03-31": "110.82600", "2017-12-31": "111.39300", "2017-09-30": "119.94900", "2017-06-30": "109.13600", "2017-03-31": "108.42700", "2016-12-31": "114.08700", "2016-09-30": "118.84900", "2016-06-30": "112.38000", "2016-03-31": "121.39200", "2015-12-31": "121.33200", "2015-09-30": "131.10800", "2015-06-30": "140.22800", "2015-03-31": "125.06300", "2014-12-31": "123.49000", "2014-09-30": "136.16200", "2014-06-30": "143.37500", "2014-03-31": "145.15500", "2013-12-31": "151.24400", "2013-09-30": "160.22500", "2013-06-30": "141.44000", "2013-03-31": "145.92200", "2012-12-31": "146.29500", "2012-09-30": "143.95400", "2012-06-30": "146.71100", "2012-03-31": "147.89800", "2011-12-31": "144.55300", "2011-09-30": "152.27300", "2011-06-30": "145.54700", "2011-03-31": "140.55700", "2010-12-31": "126.79700", "2010-09-30": "113.06100", "2010-06-30": "110.69500", "2010-03-31": "111.34900", "2009-12-31": "107.87700", "2009-09-30": "109.66300", "2009-06-30": "102.52000", "2009-03-31": "91.95700", "2008-12-31": "96.07700", "2008-09-30": "114.29000", "2008-06-30": "118.34300", "2008-03-31": "98.03700", "2007-12-31": "96.81300", "2007-09-30": "88.79600", "2007-06-30": "86.56700", "2007-03-31": "80.78100", "2006-12-31": "76.96900", "2006-09-30": "69.43200", "2006-06-30": "74.86600", "2006-03-31": "59.02700", "2005-12-31": "57.80300", "2005-09-30": "68.88000", "2005-06-30": "67.54400", "2005-03-31": "59.58500"}, "Pre-Paid Expenses": {"2020-09-30": "197.19500", "2020-06-30": "178.36400", "2020-03-31": "304.80900", "2019-12-31": "429.21100", "2019-09-30": "399.39000", "2019-06-30": "500.47700", "2019-03-31": "491.55300", "2018-12-31": "456.54700", "2018-09-30": "459.79200", "2018-06-30": "418.81700", "2018-03-31": "350.65300", "2017-12-31": "258.17100", "2017-09-30": "200.12500", "2017-06-30": "264.03600", "2017-03-31": "245.97800", "2016-12-31": "209.71600", "2016-09-30": "231.44200", "2016-06-30": "265.06300", "2016-03-31": "279.70700", "2015-12-31": "220.57900", "2015-09-30": "269.91400", "2015-06-30": "292.43100", "2015-03-31": "299.36200", "2014-12-31": "226.96000", "2014-09-30": "273.11200", "2014-06-30": "299.88200", "2014-03-31": "293.91000", "2013-12-31": "252.85200", "2013-09-30": "258.56700", "2013-06-30": "270.39200", "2013-03-31": "236.95400", "2012-12-31": "207.66200", "2012-09-30": "249.08000", "2012-06-30": "255.27400", "2012-03-31": "229.65500", "2011-12-31": "185.46000", "2011-09-30": "241.39200", "2011-06-30": "225.32600", "2011-03-31": "182.08200", "2010-12-31": "145.14400", "2010-09-30": "171.41300", "2010-06-30": "223.91300", "2010-03-31": "187.07600", "2009-12-31": "180.99700", "2009-09-30": "185.36000", "2009-06-30": "145.03800", "2009-03-31": "124.78000", "2008-12-31": "125.16000", "2008-09-30": "146.84100", "2008-06-30": "187.45300", "2008-03-31": "157.30800", "2007-12-31": "137.66200", "2007-09-30": "221.68000", "2007-06-30": "235.90700", "2007-03-31": "206.95100", "2006-12-31": "98.38100", "2006-09-30": "122.44400", "2006-06-30": "187.23000", "2006-03-31": "140.57200", "2005-12-31": "98.56800", "2005-09-30": "118.20200", "2005-06-30": "130.20100", "2005-03-31": "109.02400"}, "Other Current Assets": {"2020-09-30": "10.15500", "2020-06-30": "0.86800", "2020-03-31": "", "2019-12-31": "21.75100", "2019-09-30": "11.63300", "2019-06-30": "38.55900", "2019-03-31": "60.45100", "2018-12-31": "19.56500", "2018-09-30": "106.93300", "2018-06-30": "94.47300", "2018-03-31": "73.94000", "2017-12-31": "99.32000", "2017-09-30": "52.79600", "2017-06-30": "", "2017-03-31": "", "2016-12-31": "", "2016-09-30": "0.92800", "2016-06-30": "89.52700", "2016-03-31": "120.52400", "2015-12-31": "134.57400", "2015-09-30": "110.74700", "2015-06-30": "108.91800", "2015-03-31": "", "2014-12-31": "", "2014-09-30": "14.85300", "2014-06-30": "56.30500", "2014-03-31": "56.32400", "2013-12-31": "87.84500", "2013-09-30": "48.29500", "2013-06-30": "26.03700", "2013-03-31": "51.82000", "2012-12-31": "57.82700", "2012-09-30": "97.79900", "2012-06-30": "55.29600", "2012-03-31": "155.41000", "2011-12-31": "84.64200", "2011-09-30": "74.07400", "2011-06-30": "130.83500", "2011-03-31": "144.90400", "2010-12-31": "56.49100", "2010-09-30": "37.51500", "2010-06-30": "45.51600", "2010-03-31": "83.10700", "2009-12-31": "114.09400", "2009-09-30": "105.08400", "2009-06-30": "111.92100", "2009-03-31": "33.03000", "2008-12-31": "81.93500", "2008-09-30": "158.62900", "2008-06-30": "300.30800", "2008-03-31": "316.29100", "2007-12-31": "213.89200", "2007-09-30": "", "2007-06-30": "", "2007-03-31": "", "2006-12-31": "36.14800", "2006-09-30": "", "2006-06-30": "", "2006-03-31": "", "2005-12-31": "", "2005-09-30": "", "2005-06-30": "", "2005-03-31": ""}, "Total Current Assets": {"2020-09-30": "3531.79500", "2020-06-30": "4684.44000", "2020-03-31": "4594.20100", "2019-12-31": "1162.62800", "2019-09-30": "1203.95700", "2019-06-30": "1282.96700", "2019-03-31": "1333.12200", "2018-12-31": "1242.04400", "2018-09-30": "1359.00000", "2018-06-30": "1099.89600", "2018-03-31": "1034.52600", "2017-12-31": "907.63700", "2017-09-30": "798.15200", "2017-06-30": "767.64100", "2017-03-31": "756.68900", "2016-12-31": "748.30500", "2016-09-30": "803.06900", "2016-06-30": "857.93800", "2016-03-31": "892.28600", "2015-12-31": "837.02200", "2015-09-30": "900.82600", "2015-06-30": "913.39100", "2015-03-31": "951.20300", "2014-12-31": "801.08300", "2014-09-30": "860.22600", "2014-06-30": "978.34000", "2014-03-31": "1010.93300", "2013-12-31": "956.37400", "2013-09-30": "1018.67500", "2013-06-30": "953.09400", "2013-03-31": "958.61400", "2012-12-31": "888.06000", "2012-09-30": "1033.18000", "2012-06-30": "954.14800", "2012-03-31": "1123.49700", "2011-12-31": "969.28800", "2011-09-30": "1223.11800", "2011-06-30": "1326.87600", "2011-03-31": "1214.68600", "2010-12-31": "1015.07100", "2010-09-30": "1043.30700", "2010-06-30": "911.14800", "2010-03-31": "917.22800", "2009-12-31": "1026.39100", "2009-09-30": "1020.63600", "2009-06-30": "910.46100", "2009-03-31": "900.15900", "2008-12-31": "977.33700", "2008-09-30": "1045.85400", "2008-06-30": "1243.81900", "2008-03-31": "1249.05600", "2007-12-31": "992.79100", "2007-09-30": "1060.27100", "2007-06-30": "747.52400", "2007-03-31": "694.36800", "2006-12-31": "501.90400", "2006-09-30": "519.10500", "2006-06-30": "669.67700", "2006-03-31": "553.83500", "2005-12-31": "377.01000", "2005-09-30": "451.10100", "2005-06-30": "578.70600", "2005-03-31": "562.18800"}, "Property, Plant, And Equipment": {"2020-09-30": "25362.55000", "2020-06-30": "25647.71000", "2020-03-31": "25857.21000", "2019-12-31": "25466.81000", "2019-09-30": "25005.40000", "2019-06-30": "24855.17000", "2019-03-31": "23641.25000", "2018-12-31": "23466.16000", "2018-09-30": "22599.59000", "2018-06-30": "21429.72000", "2018-03-31": "21207.79000", "2017-12-31": "19735.18000", "2017-09-30": "19688.87000", "2017-06-30": "19798.54000", "2017-03-31": "19860.70000", "2016-12-31": "20161.43000", "2016-09-30": "20230.80000", "2016-06-30": "20185.88000", "2016-03-31": "18828.74000", "2015-12-31": "18777.78000", "2015-09-30": "18776.78000", "2015-06-30": "18890.34000", "2015-03-31": "18232.12000", "2014-12-31": "18193.63000", "2014-09-30": "17211.78000", "2014-06-30": "17474.14000", "2014-03-31": "17504.26000", "2013-12-31": "17517.75000", "2013-09-30": "17494.04000", "2013-06-30": "17511.91000", "2013-03-31": "17473.79000", "2012-12-31": "17451.03000", "2012-09-30": "16820.82000", "2012-06-30": "16887.69000", "2012-03-31": "16949.76000", "2011-12-31": "16934.82000", "2011-09-30": "16988.83000", "2011-06-30": "16440.87000", "2011-03-31": "16401.58000", "2010-12-31": "16771.68000", "2010-09-30": "15684.38000", "2010-06-30": "15683.30000", "2010-03-31": "15229.63000", "2009-12-31": "15268.05000", "2009-09-30": "14203.91000", "2009-06-30": "13593.68000", "2009-03-31": "13578.70000", "2008-12-31": "13879.00000", "2008-09-30": "13143.05000", "2008-06-30": "13244.86000", "2008-03-31": "12329.42000", "2007-12-31": "12253.78000", "2007-09-30": "12274.18000", "2007-06-30": "12239.08000", "2007-03-31": "11468.21000", "2006-12-31": "11429.11000", "2006-09-30": "10983.83000", "2006-06-30": "10904.46000", "2006-03-31": "10311.06000", "2005-12-31": "10276.95000", "2005-09-30": "10222.25000", "2005-06-30": "10153.42000", "2005-03-31": "10172.56000"}, "Long-Term Investments": {"2020-09-30": "", "2020-06-30": "", "2020-03-31": "", "2019-12-31": "", "2019-09-30": "", "2019-06-30": "", "2019-03-31": "", "2018-12-31": "", "2018-09-30": "", "2018-06-30": "", "2018-03-31": "", "2017-12-31": "", "2017-09-30": "", "2017-06-30": "", "2017-03-31": "", "2016-12-31": "", "2016-09-30": "", "2016-06-30": "", "2016-03-31": "", "2015-12-31": "", "2015-09-30": "", "2015-06-30": "", "2015-03-31": "", "2014-12-31": "", "2014-09-30": "", "2014-06-30": "", "2014-03-31": "", "2013-12-31": "", "2013-09-30": "", "2013-06-30": "", "2013-03-31": "", "2012-12-31": "", "2012-09-30": "", "2012-06-30": "", "2012-03-31": "", "2011-12-31": "", "2011-09-30": "", "2011-06-30": "", "2011-03-31": "", "2010-12-31": "", "2010-09-30": "", "2010-06-30": "", "2010-03-31": "", "2009-12-31": "", "2009-09-30": "", "2009-06-30": "", "2009-03-31": "", "2008-12-31": "", "2008-09-30": "", "2008-06-30": "", "2008-03-31": "", "2007-12-31": "", "2007-09-30": "", "2007-06-30": "", "2007-03-31": "", "2006-12-31": "", "2006-09-30": "", "2006-06-30": "", "2006-03-31": "", "2005-12-31": "", "2005-09-30": "", "2005-06-30": "", "2005-03-31": ""}, "Goodwill And Intangible Assets": {"2020-09-30": "809.47100", "2020-06-30": "809.38400", "2020-03-31": "809.21600", "2019-12-31": "1385.64400", "2019-09-30": "1373.06500", "2019-06-30": "1373.12400", "2019-03-31": "1378.36200", "2018-12-31": "1378.35300", "2018-09-30": "1374.92300", "2018-06-30": "288.41800", "2018-03-31": "288.47900", "2017-12-31": "288.51200", "2017-09-30": "288.51700", "2017-06-30": "288.47900", "2017-03-31": "288.47000", "2016-12-31": "288.38600", "2016-09-30": "288.46100", "2016-06-30": "288.39900", "2016-03-31": "286.85200", "2015-12-31": "286.76400", "2015-09-30": "286.70700", "2015-06-30": "409.83600", "2015-03-31": "405.42200", "2014-12-31": "420.54200", "2014-09-30": "426.53800", "2014-06-30": "438.36700", "2014-03-31": "439.34500", "2013-12-31": "439.23100", "2013-09-30": "436.64700", "2013-06-30": "430.66600", "2013-03-31": "429.19800", "2012-12-31": "432.97500", "2012-09-30": "742.46600", "2012-06-30": "736.28000", "2012-03-31": "758.44500", "2011-12-31": "746.53700", "2011-09-30": "760.76900", "2011-06-30": "800.43600", "2011-03-31": "786.72500", "2010-12-31": "759.32800", "2010-09-30": "768.04800", "2010-06-30": "718.39900", "2010-03-31": "763.55400", "2009-12-31": "792.37300", "2009-09-30": "803.18900", "2009-06-30": "781.60900", "2009-03-31": "753.77400", "2008-12-31": "779.24600", "2008-09-30": "782.18300", "2008-06-30": "844.16200", "2008-03-31": "842.94000", "2007-12-31": "797.79100", "2007-09-30": "772.81600", "2007-06-30": "741.59600", "2007-03-31": "732.09900", "2006-12-31": "721.51400", "2006-09-30": "283.13300", "2006-06-30": "283.13300", "2006-03-31": "283.13300", "2005-12-31": "283.13300", "2005-09-30": "278.56100", "2005-06-30": "278.56100", "2005-03-31": "278.56100"}, "Other Long-Term Assets": {"2020-09-30": "1540.51800", "2020-06-30": "1555.58200", "2020-03-31": "1564.98200", "2019-12-31": "1617.64900", "2019-09-30": "1545.57400", "2019-06-30": "1576.84300", "2019-03-31": "1589.76300", "2018-12-31": "1611.71000", "2018-09-30": "1760.02800", "2018-06-30": "1239.00300", "2018-03-31": "1440.18100", "2017-12-31": "1429.59700", "2017-09-30": "1323.77300", "2017-06-30": "1169.50600", "2017-03-31": "1111.40200", "2016-12-31": "1112.20600", "2016-09-30": "1127.92900", "2016-06-30": "1139.27800", "2016-03-31": "955.53200", "2015-12-31": "880.47900", "2015-09-30": "994.53300", "2015-06-30": "1181.62900", "2015-03-31": "1280.85300", "2014-12-31": "1297.93800", "2014-09-30": "1101.37100", "2014-06-30": "1121.36100", "2014-03-31": "1171.60500", "2013-12-31": "1159.59000", "2013-09-30": "1136.88400", "2013-06-30": "1055.12100", "2013-03-31": "1004.49600", "2012-12-31": "1055.86100", "2012-09-30": "1071.76000", "2012-06-30": "1117.98300", "2012-03-31": "1197.25300", "2011-12-31": "1153.76300", "2011-09-30": "1197.30700", "2011-06-30": "1380.32000", "2011-03-31": "1372.50200", "2010-12-31": "1107.75300", "2010-09-30": "1110.07500", "2010-06-30": "990.17000", "2010-03-31": "1126.73700", "2009-12-31": "1146.67700", "2009-09-30": "1158.56000", "2009-06-30": "1050.90600", "2009-03-31": "958.39400", "2008-12-31": "827.72900", "2008-09-30": "799.59400", "2008-06-30": "1128.19600", "2008-03-31": "1130.32000", "2007-12-31": "937.91500", "2007-09-30": "1058.55100", "2007-06-30": "832.09900", "2007-03-31": "799.39100", "2006-12-31": "740.56400", "2006-09-30": "425.66500", "2006-06-30": "442.81300", "2006-03-31": "403.70100", "2005-12-31": "318.68000", "2005-09-30": "292.29100", "2005-06-30": "580.84700", "2005-03-31": "586.80400"}, "Total Long-Term Assets": {"2020-09-30": "28297.01000", "2020-06-30": "28622.10000", "2020-03-31": "28850.85000", "2019-12-31": "29157.66000", "2019-09-30": "28621.50000", "2019-06-30": "28525.99000", "2019-03-31": "27386.93000", "2018-12-31": "26456.23000", "2018-09-30": "25734.54000", "2018-06-30": "22957.14000", "2018-03-31": "22936.45000", "2017-12-31": "21453.29000", "2017-09-30": "21301.16000", "2017-06-30": "21256.53000", "2017-03-31": "21260.57000", "2016-12-31": "21562.02000", "2016-09-30": "21647.19000", "2016-06-30": "21613.55000", "2016-03-31": "20071.13000", "2015-12-31": "19945.02000", "2015-09-30": "20058.02000", "2015-06-30": "20481.80000", "2015-03-31": "19918.39000", "2014-12-31": "19912.11000", "2014-09-30": "18739.68000", "2014-06-30": "19033.87000", "2014-03-31": "19115.21000", "2013-12-31": "19116.57000", "2013-09-30": "19067.57000", "2013-06-30": "18997.70000", "2013-03-31": "18907.49000", "2012-12-31": "18939.87000", "2012-09-30": "18635.04000", "2012-06-30": "18741.96000", "2012-03-31": "18905.46000", "2011-12-31": "18835.12000", "2011-09-30": "18946.91000", "2011-06-30": "18621.62000", "2011-03-31": "18560.80000", "2010-12-31": "18638.76000", "2010-09-30": "17562.50000", "2010-06-30": "17391.87000", "2010-03-31": "17119.92000", "2009-12-31": "17207.10000", "2009-09-30": "16165.66000", "2009-06-30": "15426.20000", "2009-03-31": "15290.87000", "2008-12-31": "15485.97000", "2008-09-30": "14724.83000", "2008-06-30": "15217.22000", "2008-03-31": "14302.68000", "2007-12-31": "13989.49000", "2007-09-30": "14105.55000", "2007-06-30": "13812.78000", "2007-03-31": "12999.70000", "2006-12-31": "12891.18000", "2006-09-30": "11692.63000", "2006-06-30": "11630.41000", "2006-03-31": "10997.89000", "2005-12-31": "10878.76000", "2005-09-30": "10793.10000", "2005-06-30": "11012.83000", "2005-03-31": "11037.92000"}, "Total Assets": {"2020-09-30": "31828.81000", "2020-06-30": "33306.54000", "2020-03-31": "33445.05000", "2019-12-31": "30320.28000", "2019-09-30": "29825.46000", "2019-06-30": "29808.96000", "2019-03-31": "28720.05000", "2018-12-31": "27698.27000", "2018-09-30": "27093.54000", "2018-06-30": "24057.04000", "2018-03-31": "23970.97000", "2017-12-31": "22360.93000", "2017-09-30": "22099.31000", "2017-06-30": "22024.17000", "2017-03-31": "22017.26000", "2016-12-31": "22310.32000", "2016-09-30": "22450.26000", "2016-06-30": "22471.49000", "2016-03-31": "20963.41000", "2015-12-31": "20782.04000", "2015-09-30": "20958.85000", "2015-06-30": "21395.19000", "2015-03-31": "20869.59000", "2014-12-31": "20713.19000", "2014-09-30": "19599.91000", "2014-06-30": "20012.21000", "2014-03-31": "20126.14000", "2013-12-31": "20072.95000", "2013-09-30": "20086.24000", "2013-06-30": "19950.79000", "2013-03-31": "19866.10000", "2012-12-31": "19827.93000", "2012-09-30": "19668.22000", "2012-06-30": "19696.10000", "2012-03-31": "20028.96000", "2011-12-31": "19804.40000", "2011-09-30": "20170.03000", "2011-06-30": "19948.50000", "2011-03-31": "19775.49000", "2010-12-31": "19653.83000", "2010-09-30": "18605.81000", "2010-06-30": "18303.01000", "2010-03-31": "18037.15000", "2009-12-31": "18233.49000", "2009-09-30": "17186.29000", "2009-06-30": "16336.66000", "2009-03-31": "16191.03000", "2008-12-31": "16463.31000", "2008-09-30": "15770.69000", "2008-06-30": "16461.04000", "2008-03-31": "15551.73000", "2007-12-31": "14982.28000", "2007-09-30": "15165.82000", "2007-06-30": "14560.30000", "2007-03-31": "13694.07000", "2006-12-31": "13393.09000", "2006-09-30": "12211.73000", "2006-06-30": "12300.09000", "2006-03-31": "11551.73000", "2005-12-31": "11255.77000", "2005-09-30": "11244.20000", "2005-06-30": "11591.54000", "2005-03-31": "11600.11000"}, "Total Current Liabilities": {"2020-09-30": "4625.46500", "2020-06-30": "4736.90800", "2020-03-31": "8982.37000", "2019-12-31": "7952.89600", "2019-09-30": "7113.53400", "2019-06-30": "7586.14000", "2019-03-31": "8105.94300", "2018-12-31": "7112.16500", "2018-09-30": "7072.94200", "2018-06-30": "5502.35000", "2018-03-31": "5195.15400", "2017-12-31": "4854.87300", "2017-09-30": "5057.11200", "2017-06-30": "5285.95300", "2017-03-31": "5271.74200", "2016-12-31": "4441.60100", "2016-09-30": "4500.57000", "2016-06-30": "4373.63100", "2016-03-31": "4397.94400", "2015-12-31": "4292.69200", "2015-09-30": "4360.49100", "2015-06-30": "4791.53800", "2015-03-31": "4336.29100", "2014-12-31": "3849.24700", "2014-09-30": "3737.74000", "2014-06-30": "3549.42000", "2014-03-31": "3382.77900", "2013-12-31": "4267.01000", "2013-09-30": "4844.56500", "2013-06-30": "4712.17500", "2013-03-31": "5060.50400", "2012-12-31": "4066.15100", "2012-09-30": "3826.18500", "2012-06-30": "3809.11200", "2012-03-31": "3099.87400", "2011-12-31": "3067.64200", "2011-09-30": "3115.24100", "2011-06-30": "3287.93000", "2011-03-31": "3010.87600", "2010-12-31": "3445.17300", "2010-09-30": "3452.82600", "2010-06-30": "3454.82900", "2010-03-31": "3372.18000", "2009-12-31": "2749.03000", "2009-09-30": "2762.81700", "2009-06-30": "2862.68900", "2009-03-31": "2462.79300", "2008-12-31": "2674.22500", "2008-09-30": "2541.33200", "2008-06-30": "2782.73900", "2008-03-31": "2350.20400", "2007-12-31": "2339.29500", "2007-09-30": "2570.79800", "2007-06-30": "2621.40600", "2007-03-31": "2339.22500", "2006-12-31": "1872.36800", "2006-09-30": "1821.62300", "2006-06-30": "2282.09200", "2006-03-31": "2105.43200", "2005-12-31": "1988.78200", "2005-09-30": "1957.01300", "2005-06-30": "2056.86100", "2005-03-31": "1840.97700"}, "Long Term Debt": {"2020-09-30": "17633.74000", "2020-06-30": "17753.42000", "2020-03-31": "12273.32000", "2019-12-31": "8414.11000", "2019-09-30": "8819.21200", "2019-06-30": "8922.01100", "2019-03-31": "7526.33000", "2018-12-31": "8355.37000", "2018-09-30": "7646.98800", "2018-06-30": "7341.46300", "2018-03-31": "7664.72200", "2017-12-31": "6350.93700", "2017-09-30": "6076.49900", "2017-06-30": "6478.80600", "2017-03-31": "6841.40300", "2016-12-31": "8101.70100", "2016-09-30": "8419.85000", "2016-06-30": "9153.49900", "2016-03-31": "7806.69000", "2015-12-31": "7627.70100", "2015-09-30": "7584.80800", "2015-06-30": "7592.33000", "2015-03-31": "7470.26000", "2014-12-31": "7644.31800", "2014-09-30": "6213.82900", "2014-06-30": "7099.26900", "2014-03-31": "7461.53000", "2013-12-31": "6511.42600", "2013-09-30": "5980.91200", "2013-06-30": "6347.64000", "2013-03-31": "5975.89000", "2012-12-31": "6970.46400", "2012-09-30": "6623.92000", "2012-06-30": "7068.90200", "2012-03-31": "7898.82200", "2011-12-31": "7856.96200", "2011-09-30": "8136.20600", "2011-06-30": "7901.64600", "2011-03-31": "8076.79300", "2010-12-31": "7951.18700", "2010-09-30": "6980.25400", "2010-06-30": "7109.01300", "2010-03-31": "6847.71900", "2009-12-31": "7663.55500", "2009-09-30": "6628.44200", "2009-06-30": "6045.38800", "2009-03-31": "6493.71400", "2008-12-31": "6539.51000", "2008-09-30": "5597.94300", "2008-06-30": "5941.20600", "2008-03-31": "5747.37100", "2007-12-31": "5346.54700", "2007-09-30": "5350.52300", "2007-06-30": "5242.46500", "2007-03-31": "4845.96200", "2006-12-31": "5040.32200", "2006-09-30": "4181.50200", "2006-06-30": "4171.61900", "2006-03-31": "3592.77200", "2005-12-31": "3553.89200", "2005-09-30": "3594.10200", "2005-06-30": "4330.35500", "2005-03-31": "4794.51700"}, "Other Non-Current Liabilities": {"2020-09-30": "694.52000", "2020-06-30": "698.04500", "2020-03-31": "796.18200", "2019-12-31": "617.81000", "2019-09-30": "731.84400", "2019-06-30": "561.55000", "2019-03-31": "560.69010", "2018-12-31": "583.25400", "2018-09-30": "497.70500", "2018-06-30": "439.52500", "2018-03-31": "464.30000", "2017-12-31": "452.81300", "2017-09-30": "530.21500", "2017-06-30": "576.00100", "2017-03-31": "637.28200", "2016-12-31": "645.61000", "2016-09-30": "739.69300", "2016-06-30": "798.69800", "2016-03-31": "871.01000", "2015-12-31": "798.61100", "2015-09-30": "757.76300", "2015-06-30": "691.08600", "2015-03-31": "1089.13200", "2014-12-31": "935.26600", "2014-09-30": "627.31300", "2014-06-30": "514.28200", "2014-03-31": "504.89900", "2013-12-31": "486.24600", "2013-09-30": "498.68400", "2013-06-30": "524.72000", "2013-03-31": "491.17200", "2012-12-31": "482.56600", "2012-09-30": "515.45600", "2012-06-30": "546.41600", "2012-03-31": "437.69300", "2011-12-31": "471.97800", "2011-09-30": "480.48300", "2011-06-30": "410.64300", "2011-03-31": "409.84000", "2010-12-31": "356.71700", "2010-09-30": "321.48400", "2010-06-30": "491.40500", "2010-03-31": "351.84500", "2009-12-31": "321.19200", "2009-09-30": "351.29000", "2009-06-30": "379.74500", "2009-03-31": "484.77500", "2008-12-31": "446.56300", "2008-09-30": "611.10000", "2008-06-30": "689.78500", "2008-03-31": "547.17200", "2007-12-31": "539.09600", "2007-09-30": "589.04000", "2007-06-30": "471.18100", "2007-03-31": "412.81800", "2006-12-31": "388.82300", "2006-09-30": "165.47300", "2006-06-30": "195.91500", "2006-03-31": "158.81400", "2005-12-31": "158.63200", "2005-09-30": "121.94600", "2005-06-30": "103.20300", "2005-03-31": "66.12700"}, "Total Long Term Liabilities": {"2020-09-30": "18874.75000", "2020-06-30": "19605.73000", "2020-03-31": "14230.91000", "2019-12-31": "10203.54000", "2019-09-30": "10735.02000", "2019-06-30": "10684.42000", "2019-03-31": "9345.03600", "2018-12-31": "9480.64500", "2018-09-30": "8682.46300", "2018-06-30": "7780.98800", "2018-03-31": "8129.02200", "2017-12-31": "6803.75000", "2017-09-30": "6606.71400", "2017-06-30": "7054.80700", "2017-03-31": "7478.68500", "2016-12-31": "8747.31200", "2016-09-30": "9159.54300", "2016-06-30": "9952.19700", "2016-03-31": "8677.70000", "2015-12-31": "8426.31300", "2015-09-30": "8342.57100", "2015-06-30": "8283.41600", "2015-03-31": "8559.39200", "2014-12-31": "8579.58400", "2014-09-30": "6841.14200", "2014-06-30": "7613.55100", "2014-03-31": "7966.42900", "2013-12-31": "6997.67200", "2013-09-30": "6479.59600", "2013-06-30": "6872.36000", "2013-03-31": "6467.06200", "2012-12-31": "7453.03000", "2012-09-30": "7139.37600", "2012-06-30": "7615.31800", "2012-03-31": "8336.51500", "2011-12-31": "8328.93900", "2011-09-30": "8616.68900", "2011-06-30": "8312.28900", "2011-03-31": "8486.63300", "2010-12-31": "8307.90400", "2010-09-30": "7301.73800", "2010-06-30": "7600.41800", "2010-03-31": "7199.56400", "2009-12-31": "7984.74700", "2009-09-30": "6979.73200", "2009-06-30": "6425.13300", "2009-03-31": "6978.48900", "2008-12-31": "6986.07300", "2008-09-30": "6209.04300", "2008-06-30": "6630.99100", "2008-03-31": "6294.54300", "2007-12-31": "5885.64300", "2007-09-30": "5939.56300", "2007-06-30": "5713.64600", "2007-03-31": "5258.78000", "2006-12-31": "5429.14500", "2006-09-30": "4346.97500", "2006-06-30": "4367.53400", "2006-03-31": "3751.58600", "2005-12-31": "3712.52400", "2005-09-30": "3716.04800", "2005-06-30": "4433.55800", "2005-03-31": "4860.64400"}, "Total Liabilities": {"2020-09-30": "23500.22000", "2020-06-30": "24342.64000", "2020-03-31": "23213.28000", "2019-12-31": "18156.44000", "2019-09-30": "17848.55000", "2019-06-30": "18270.56000", "2019-03-31": "17450.97000", "2018-12-31": "16592.81000", "2018-09-30": "15755.41000", "2018-06-30": "13283.34000", "2018-03-31": "13324.18000", "2017-12-31": "11658.62000", "2017-09-30": "11663.83000", "2017-06-30": "12340.76000", "2017-03-31": "12750.43000", "2016-12-31": "13188.91000", "2016-09-30": "13660.11000", "2016-06-30": "14325.83000", "2016-03-31": "13075.64000", "2015-12-31": "12719.00000", "2015-09-30": "12703.06000", "2015-06-30": "13074.95000", "2015-03-31": "12895.68000", "2014-12-31": "12428.83000", "2014-09-30": "10578.88000", "2014-06-30": "11162.97000", "2014-03-31": "11349.21000", "2013-12-31": "11264.68000", "2013-09-30": "11324.16000", "2013-06-30": "11584.54000", "2013-03-31": "11527.57000", "2012-12-31": "11519.18000", "2012-09-30": "10965.56000", "2012-06-30": "11424.43000", "2012-03-31": "11436.39000", "2011-12-31": "11396.58000", "2011-09-30": "11731.93000", "2011-06-30": "11600.22000", "2011-03-31": "11497.51000", "2010-12-31": "11753.08000", "2010-09-30": "10754.56000", "2010-06-30": "11055.25000", "2010-03-31": "10571.74000", "2009-12-31": "10733.78000", "2009-09-30": "9742.54400", "2009-06-30": "9287.82200", "2009-03-31": "9441.28200", "2008-12-31": "9660.29800", "2008-09-30": "8750.37500", "2008-06-30": "9413.73000", "2008-03-31": "8644.74700", "2007-12-31": "8224.93800", "2007-09-30": "8510.36100", "2007-06-30": "8335.05200", "2007-03-31": "7598.00500", "2006-12-31": "7301.51300", "2006-09-30": "6168.59800", "2006-06-30": "6649.62600", "2006-03-31": "5857.01800", "2005-12-31": "5701.30600", "2005-09-30": "5673.06100", "2005-06-30": "6490.41900", "2005-03-31": "6701.62100"}, "Common Stock Net": {"2020-09-30": "2.42500", "2020-06-30": "2.37200", "2020-03-31": "2.37200", "2019-12-31": "2.36500", "2019-09-30": "2.36500", "2019-06-30": "2.36400", "2019-03-31": "2.36400", "2018-12-31": "2.35800", "2018-09-30": "2.35800", "2018-06-30": "2.35800", "2018-03-31": "2.35700", "2017-12-31": "2.35200", "2017-09-30": "2.35100", "2017-06-30": "2.35100", "2017-03-31": "2.35100", "2016-12-31": "2.34600", "2016-09-30": "2.34600", "2016-06-30": "2.34600", "2016-03-31": "2.34500", "2015-12-31": "2.33900", "2015-09-30": "2.33800", "2015-06-30": "2.33700", "2015-03-31": "2.33700", "2014-12-31": "2.33100", "2014-09-30": "2.32900", "2014-06-30": "2.32600", "2014-03-31": "2.32400", "2013-12-31": "2.30800", "2013-09-30": "2.30200", "2013-06-30": "2.29900", "2013-03-31": "2.29700", "2012-12-31": "2.29100", "2012-09-30": "2.28400", "2012-06-30": "2.28200", "2012-03-31": "2.28200", "2011-12-31": "2.27600", "2011-09-30": "2.27500", "2011-06-30": "2.27300", "2011-03-31": "2.27300", "2010-12-31": "2.26200", "2010-09-30": "2.25500", "2010-06-30": "2.25400", "2010-03-31": "2.25200", "2009-12-31": "2.24300", "2009-09-30": "2.24200", "2009-06-30": "2.24100", "2009-03-31": "2.24100", "2008-12-31": "2.23900", "2008-09-30": "2.23900", "2008-06-30": "2.23800", "2008-03-31": "2.23800", "2007-12-31": "2.23500", "2007-09-30": "2.23400", "2007-06-30": "2.23300", "2007-03-31": "2.22700", "2006-12-31": "2.22500", "2006-09-30": "2.21200", "2006-06-30": "2.18100", "2006-03-31": "2.17600", "2005-12-31": "2.16500", "2005-09-30": "2.15400", "2005-06-30": "2.05900", "2005-03-31": "2.01800"}, "Retained Earnings (Accumulated Deficit)": {"2020-09-30": "6929.71000", "2020-06-30": "8276.46300", "2020-03-31": "9915.75800", "2019-12-31": "11523.33000", "2019-09-30": "11412.77000", "2019-06-30": "10692.89000", "2019-03-31": "10366.61000", "2018-12-31": "10263.28000", "2018-09-30": "10093.89000", "2018-06-30": "9429.78400", "2018-03-31": "9090.54400", "2017-12-31": "9022.40500", "2017-09-30": "8862.36900", "2017-06-30": "8238.05500", "2017-03-31": "7971.84000", "2016-12-31": "7860.34100", "2016-09-30": "7702.26000", "2016-06-30": "7112.09600", "2016-03-31": "6962.85800", "2015-12-31": "6944.86200", "2015-09-30": "6819.80900", "2015-06-30": "6673.51600", "2015-03-31": "6554.52200", "2014-12-31": "6575.24800", "2014-09-30": "6531.56900", "2014-06-30": "6108.11600", "2014-03-31": "6026.03600", "2013-12-31": "6054.95200", "2013-09-30": "6103.29000", "2013-06-30": "5792.56800", "2013-03-31": "5794.16700", "2012-12-31": "5744.79100", "2012-09-30": "6163.84200", "2012-06-30": "5823.17500", "2012-03-31": "5848.61600", "2011-12-31": "5823.43000", "2011-09-30": "5809.15000", "2011-06-30": "5431.89900", "2011-03-31": "5393.30000", "2010-12-31": "5259.99800", "2010-09-30": "5259.71000", "2010-06-30": "4902.94300", "2010-03-31": "4842.39700", "2009-12-31": "4754.95000", "2009-09-30": "4751.59700", "2009-06-30": "4521.20500", "2009-03-31": "4556.29100", "2008-12-31": "4592.52900", "2008-09-30": "4591.05200", "2008-06-30": "4211.19500", "2008-03-31": "4158.46900", "2007-12-31": "4114.87700", "2007-09-30": "4076.02800", "2007-06-30": "3712.98200", "2007-03-31": "3616.18600", "2006-12-31": "3639.21100", "2006-09-30": "3624.41200", "2006-06-30": "3310.66700", "2006-03-31": "3220.03400", "2005-12-31": "3132.28600", "2005-09-30": "3167.53400", "2005-06-30": "2770.12400", "2005-03-31": "2642.38700"}, "Comprehensive Income": {"2020-09-30": "-869.10700", "2020-06-30": "-951.22700", "2020-03-31": "-1095.61700", "2019-12-31": "-797.71300", "2019-09-30": "-946.36300", "2019-06-30": "-653.17300", "2019-03-31": "-578.98000", "2018-12-31": "-627.73400", "2018-09-30": "-230.58000", "2018-06-30": "-265.20000", "2018-03-31": "-182.81500", "2017-12-31": "-334.26500", "2017-09-30": "-526.89400", "2017-06-30": "-761.03800", "2017-03-31": "-892.32200", "2016-12-31": "-916.48400", "2016-09-30": "-1077.53400", "2016-06-30": "-1172.06200", "2016-03-31": "-1322.56000", "2015-12-31": "-1328.43300", "2015-09-30": "-1196.38900", "2015-06-30": "-973.02400", "2015-03-31": "-1190.98000", "2014-12-31": "-896.99400", "2014-09-30": "-340.88900", "2014-06-30": "-71.33000", "2014-03-31": "-46.80500", "2013-12-31": "5.67100", "2013-09-30": "-66.91600", "2013-06-30": "-140.07600", "2013-03-31": "-161.36000", "2012-12-31": "-134.51600", "2012-09-30": "-143.08700", "2012-06-30": "-225.74100", "2012-03-31": "74.87200", "2011-12-31": "-75.93800", "2011-09-30": "-25.78700", "2011-06-30": "273.01400", "2011-03-31": "247.22000", "2010-12-31": "25.06600", "2010-09-30": "-4.82000", "2010-06-30": "-245.83200", "2010-03-31": "40.45100", "2009-12-31": "182.73300", "2009-09-30": "133.94700", "2009-06-30": "-23.51700", "2009-03-31": "-353.56000", "2008-12-31": "-319.93600", "2008-09-30": "-96.28800", "2008-06-30": "315.04300", "2008-03-31": "221.44500", "2007-12-31": "120.95500", "2007-09-30": "65.59200", "2007-06-30": "3.94600", "2007-03-31": "-10.38000", "2006-12-31": "-30.80200", "2006-09-30": "-18.80400", "2006-06-30": "3.18800", "2006-03-31": "-5.92200", "2005-12-31": "-28.26300", "2005-09-30": "-12.71400", "2005-06-30": "-4.55800", "2005-03-31": "39.89800"}, "Other Share Holders Equity": {"2020-09-30": "", "2020-06-30": "", "2020-03-31": "", "2019-12-31": "", "2019-09-30": "", "2019-06-30": "", "2019-03-31": "", "2018-12-31": "", "2018-09-30": "", "2018-06-30": "", "2018-03-31": "", "2017-12-31": "", "2017-09-30": "", "2017-06-30": "", "2017-03-31": "", "2016-12-31": "", "2016-09-30": "", "2016-06-30": "", "2016-03-31": "", "2015-12-31": "", "2015-09-30": "", "2015-06-30": "", "2015-03-31": "", "2014-12-31": "", "2014-09-30": "", "2014-06-30": "", "2014-03-31": "", "2013-12-31": "", "2013-09-30": "", "2013-06-30": "", "2013-03-31": "", "2012-12-31": "", "2012-09-30": "", "2012-06-30": "", "2012-03-31": "", "2011-12-31": "", "2011-09-30": "", "2011-06-30": "", "2011-03-31": "", "2010-12-31": "", "2010-09-30": "", "2010-06-30": "", "2010-03-31": "", "2009-12-31": "", "2009-09-30": "", "2009-06-30": "", "2009-03-31": "", "2008-12-31": "", "2008-09-30": "", "2008-06-30": "", "2008-03-31": "", "2007-12-31": "", "2007-09-30": "", "2007-06-30": "", "2007-03-31": "", "2006-12-31": "", "2006-09-30": "", "2006-06-30": "", "2006-03-31": "", "2005-12-31": "", "2005-09-30": "", "2005-06-30": "", "2005-03-31": ""}, "Share Holder Equity": {"2020-09-30": "8328.59400", "2020-06-30": "8963.90500", "2020-03-31": "10231.78000", "2019-12-31": "12163.85000", "2019-09-30": "11976.91000", "2019-06-30": "11538.40000", "2019-03-31": "11269.07000", "2018-12-31": "11105.46000", "2018-09-30": "11338.13000", "2018-06-30": "10773.70000", "2018-03-31": "10646.80000", "2017-12-31": "10702.30000", "2017-09-30": "10435.49000", "2017-06-30": "9683.40800", "2017-03-31": "9266.83000", "2016-12-31": "9121.41200", "2016-09-30": "8790.14900", "2016-06-30": "8145.66500", "2016-03-31": "7887.76900", "2015-12-31": "8063.03900", "2015-09-30": "8255.78600", "2015-06-30": "8320.24000", "2015-03-31": "7973.91000", "2014-12-31": "8284.35900", "2014-09-30": "9021.02800", "2014-06-30": "8849.24000", "2014-03-31": "8776.93200", "2013-12-31": "8808.26500", "2013-09-30": "8762.08400", "2013-06-30": "8366.25900", "2013-03-31": "8338.53500", "2012-12-31": "8308.74900", "2012-09-30": "8702.66100", "2012-06-30": "8271.67400", "2012-03-31": "8592.57000", "2011-12-31": "8407.82300", "2011-09-30": "8438.09600", "2011-06-30": "8348.27900", "2011-03-31": "8277.98300", "2010-12-31": "7900.75200", "2010-09-30": "7851.24400", "2010-06-30": "7247.76700", "2010-03-31": "7465.40200", "2009-12-31": "7499.71700", "2009-09-30": "7443.74600", "2009-06-30": "7048.83500", "2009-03-31": "6749.74500", "2008-12-31": "6803.01200", "2008-09-30": "7020.31100", "2008-06-30": "7047.30600", "2008-03-31": "6906.98600", "2007-12-31": "6757.34300", "2007-09-30": "6655.45700", "2007-06-30": "6225.25000", "2007-03-31": "6096.06700", "2006-12-31": "6091.57500", "2006-09-30": "6043.13400", "2006-06-30": "5650.46000", "2006-03-31": "5694.70900", "2005-12-31": "5554.46500", "2005-09-30": "5571.13900", "2005-06-30": "5101.11900", "2005-03-31": "4898.49000"}, "Total Liabilities And Share Holders Equity": {"2020-09-30": "31828.81000", "2020-06-30": "33306.54000", "2020-03-31": "33445.05000", "2019-12-31": "30320.28000", "2019-09-30": "29825.46000", "2019-06-30": "29808.96000", "2019-03-31": "28720.05000", "2018-12-31": "27698.27000", "2018-09-30": "27093.54000", "2018-06-30": "24057.04000", "2018-03-31": "23970.97000", "2017-12-31": "22360.93000", "2017-09-30": "22099.31000", "2017-06-30": "22024.17000", "2017-03-31": "22017.26000", "2016-12-31": "22310.32000", "2016-09-30": "22450.26000", "2016-06-30": "22471.49000", "2016-03-31": "20963.41000", "2015-12-31": "20782.04000", "2015-09-30": "20958.85000", "2015-06-30": "21395.19000", "2015-03-31": "20869.59000", "2014-12-31": "20713.19000", "2014-09-30": "19599.91000", "2014-06-30": "20012.21000", "2014-03-31": "20126.14000", "2013-12-31": "20072.95000", "2013-09-30": "20086.24000", "2013-06-30": "19950.79000", "2013-03-31": "19866.10000", "2012-12-31": "19827.93000", "2012-09-30": "19668.22000", "2012-06-30": "19696.10000", "2012-03-31": "20028.96000", "2011-12-31": "19804.40000", "2011-09-30": "20170.03000", "2011-06-30": "19948.50000", "2011-03-31": "19775.49000", "2010-12-31": "19653.83000", "2010-09-30": "18605.81000", "2010-06-30": "18303.01000", "2010-03-31": "18037.15000", "2009-12-31": "18233.49000", "2009-09-30": "17186.29000", "2009-06-30": "16336.66000", "2009-03-31": "16191.03000", "2008-12-31": "16463.31000", "2008-09-30": "15770.69000", "2008-06-30": "16461.04000", "2008-03-31": "15551.73000", "2007-12-31": "14982.28000", "2007-09-30": "15165.82000", "2007-06-30": "14560.30000", "2007-03-31": "13694.07000", "2006-12-31": "13393.09000", "2006-09-30": "12211.73000", "2006-06-30": "12300.09000", "2006-03-31": "11551.73000", "2005-12-31": "11255.77000", "2005-09-30": "11244.20000", "2005-06-30": "11591.54000", "2005-03-31": "11600.11000"}}, "cash flow statement": {"Net Income/Loss": {"2019-12-31": "1907.60000", "2018-12-31": "1815.79200", "2017-12-31": "1625.13300", "2016-12-31": "1283.38800", "2015-12-31": "665.78300", "2014-12-31": "764.14600", "2013-12-31": "473.69200", "2012-12-31": "18.28700", "2011-12-31": "607.42100", "2010-12-31": "515.65300", "2009-12-31": "152.48500", "2008-12-31": "573.72200", "2007-12-31": "603.40500", "2006-12-31": "633.92200", "2005-12-31": "715.95600"}, "Total Depreciation And Amortization - Cash Flow": {"2019-12-31": "1309.19600", "2018-12-31": "1086.32700", "2017-12-31": "997.13700", "2016-12-31": "947.71000", "2015-12-31": "879.16100", "2014-12-31": "827.43800", "2013-12-31": "754.71100", "2012-12-31": "730.49300", "2011-12-31": "702.42600", "2010-12-31": "643.71600", "2009-12-31": "568.21400", "2008-12-31": "520.35300", "2007-12-31": "483.06600", "2006-12-31": "439.54700", "2005-12-31": "447.78700"}, "Other Non-Cash Items": {"2019-12-31": "54.88200", "2018-12-31": "142.77500", "2017-12-31": "-85.94700", "2016-12-31": "24.23800", "2015-12-31": "434.40200", "2014-12-31": "22.29000", "2013-12-31": "69.26300", "2012-12-31": "470.57800", "2011-12-31": "20.49300", "2010-12-31": "182.58400", "2009-12-31": "58.80700", "2008-12-31": "-3.69000", "2007-12-31": "3.67300", "2006-12-31": "-81.24200", "2005-12-31": "-68.42500"}, "Total Non-Cash Items": {"2019-12-31": "1364.07800", "2018-12-31": "1229.10200", "2017-12-31": "911.18990", "2016-12-31": "971.94790", "2015-12-31": "1313.56300", "2014-12-31": "849.72800", "2013-12-31": "823.97400", "2012-12-31": "1201.07100", "2011-12-31": "722.91900", "2010-12-31": "826.30000", "2009-12-31": "627.02100", "2008-12-31": "516.66300", "2007-12-31": "486.73900", "2006-12-31": "358.30500", "2005-12-31": "379.36200"}, "Change In Accounts Receivable": {"2019-12-31": "-9.89800", "2018-12-31": "-9.57300", "2017-12-31": "-32.04300", "2016-12-31": "4.75900", "2015-12-31": "63.10200", "2014-12-31": "100.09500", "2013-12-31": "95.40100", "2012-12-31": "8.02600", "2011-12-31": "87.87200", "2010-12-31": "146.49800", "2009-12-31": "-3.63300", "2008-12-31": "28.15000", "2007-12-31": "-122.68200", "2006-12-31": "-38.85500", "2005-12-31": "-19.34900"}, "Change In Inventories": {"2019-12-31": "-8.53300", "2018-12-31": "-23.84900", "2017-12-31": "2.42400", "2016-12-31": "-1.67900", "2015-12-31": "1.19700", "2014-12-31": "26.25400", "2013-12-31": "-4.32100", "2012-12-31": "-1.64500", "2011-12-31": "-18.42300", "2010-12-31": "-20.27400", "2009-12-31": "-11.29500", "2008-12-31": "-0.14000", "2007-12-31": "-19.42400", "2006-12-31": "-7.44100", "2005-12-31": "2.45700"}, "Change In Accounts Payable": {"2019-12-31": "75.28100", "2018-12-31": "91.73700", "2017-12-31": "36.78000", "2016-12-31": "29.56400", "2015-12-31": "-25.27800", "2014-12-31": "-40.65100", "2013-12-31": "18.95700", "2012-12-31": "36.60200", "2011-12-31": "56.75500", "2010-12-31": "-15.50700", "2009-12-31": "16.42400", "2008-12-31": "22.32200", "2007-12-31": "23.39800", "2006-12-31": "-29.67100", "2005-12-31": "-3.74100"}, "Change In Assets/Liabilities": {"2019-12-31": "295.80800", "2018-12-31": "314.22000", "2017-12-31": "295.56400", "2016-12-31": "200.15100", "2015-12-31": "-95.11100", "2014-12-31": "36.11900", "2013-12-31": "14.42000", "2012-12-31": "102.11900", "2011-12-31": "2.43000", "2010-12-31": "125.02100", "2009-12-31": "28.95300", "2008-12-31": "-105.65700", "2007-12-31": "147.06300", "2006-12-31": "10.43100", "2005-12-31": "4.90300"}, "Total Change In Assets/Liabilities": {"2019-12-31": "444.68800", "2018-12-31": "434.24500", "2017-12-31": "338.24300", "2016-12-31": "261.35400", "2015-12-31": "-32.98000", "2014-12-31": "129.88500", "2013-12-31": "114.40200", "2012-12-31": "162.37600", "2011-12-31": "125.39900", "2010-12-31": "321.06600", "2009-12-31": "65.37500", "2008-12-31": "-19.13000", "2007-12-31": "178.55000", "2006-12-31": "-43.72100", "2005-12-31": "16.04200"}, "Cash Flow From Operating Activities": {"2019-12-31": "3716.36600", "2018-12-31": "3479.13900", "2017-12-31": "2874.56600", "2016-12-31": "2516.69000", "2015-12-31": "1946.36600", "2014-12-31": "1743.75900", "2013-12-31": "1412.06800", "2012-12-31": "1381.73400", "2011-12-31": "1455.73900", "2010-12-31": "1663.01900", "2009-12-31": "844.88100", "2008-12-31": "1071.25500", "2007-12-31": "1268.69400", "2006-12-31": "948.50600", "2005-12-31": "1111.36000"}, "Net Change In Property, Plant, And Equipment": {"2019-12-31": "-3024.66300", "2018-12-31": "-3660.02800", "2017-12-31": "-334.13800", "2016-12-31": "-2494.36300", "2015-12-31": "-1613.34000", "2014-12-31": "-1591.39800", "2013-12-31": "-763.77700", "2012-12-31": "-1281.68800", "2011-12-31": "-828.62600", "2010-12-31": "-2187.18900", "2009-12-31": "-2186.62100", "2008-12-31": "-2223.53400", "2007-12-31": "-1317.38100", "2006-12-31": "-1178.96000", "2005-12-31": "-429.89800"}, "Net Change In Intangible Assets": {"2019-12-31": "", "2018-12-31": "", "2017-12-31": "", "2016-12-31": "", "2015-12-31": "", "2014-12-31": "", "2013-12-31": "", "2012-12-31": "", "2011-12-31": "", "2010-12-31": "", "2009-12-31": "", "2008-12-31": "", "2007-12-31": "", "2006-12-31": "", "2005-12-31": ""}, "Net Acquisitions/Divestitures": {"2019-12-31": "", "2018-12-31": "-916.13500", "2017-12-31": "", "2016-12-31": "", "2015-12-31": "", "2014-12-31": "", "2013-12-31": "", "2012-12-31": "", "2011-12-31": "", "2010-12-31": "", "2009-12-31": "", "2008-12-31": "", "2007-12-31": "", "2006-12-31": "-553.31200", "2005-12-31": ""}, "Net Change In Short-term Investments": {"2019-12-31": "", "2018-12-31": "", "2017-12-31": "", "2016-12-31": "", "2015-12-31": "", "2014-12-31": "", "2013-12-31": "", "2012-12-31": "", "2011-12-31": "", "2010-12-31": "", "2009-12-31": "", "2008-12-31": "", "2007-12-31": "", "2006-12-31": "", "2005-12-31": "0.00000"}, "Net Change In Long-Term Investments": {"2019-12-31": "-25.56900", "2018-12-31": "-13.95700", "2017-12-31": "-10.39600", "2016-12-31": "-9.15500", "2015-12-31": "-56.16300", "2014-12-31": "-188.59500", "2013-12-31": "-70.62600", "2012-12-31": "", "2011-12-31": "-110.66000", "2010-12-31": "", "2009-12-31": "-181.68300", "2008-12-31": "-0.92300", "2007-12-31": "", "2006-12-31": "-12.01900", "2005-12-31": "348.07000"}, "Net Change In Investments - Total": {"2019-12-31": "-25.56900", "2018-12-31": "-13.95700", "2017-12-31": "-10.39600", "2016-12-31": "-9.15500", "2015-12-31": "-56.16300", "2014-12-31": "-188.59500", "2013-12-31": "-70.62600", "2012-12-31": "", "2011-12-31": "-110.66000", "2010-12-31": "", "2009-12-31": "-181.68300", "2008-12-31": "-0.92300", "2007-12-31": "", "2006-12-31": "-12.01900", "2005-12-31": "348.07000"}, "Investing Activities - Other": {"2019-12-31": "-41.17400", "2018-12-31": "100.96200", "2017-12-31": "130.94200", "2016-12-31": "-221.37400", "2015-12-31": "-73.47200", "2014-12-31": "9.61500", "2013-12-31": "9.86500", "2012-12-31": "18.36500", "2011-12-31": "14.72100", "2010-12-31": "-100.72900", "2009-12-31": "93.84700", "2008-12-31": "247.20800", "2007-12-31": "146.82300", "2006-12-31": "-104.78700", "2005-12-31": "-7.19800"}, "Cash Flow From Investing Activities": {"2019-12-31": "-3091.40600", "2018-12-31": "-4489.15800", "2017-12-31": "-213.59200", "2016-12-31": "-2724.89200", "2015-12-31": "-1742.97500", "2014-12-31": "-1770.37800", "2013-12-31": "-824.53800", "2012-12-31": "-1263.32300", "2011-12-31": "-924.56500", "2010-12-31": "-2287.91800", "2009-12-31": "-2274.45700", "2008-12-31": "-1977.24900", "2007-12-31": "-1170.55800", "2006-12-31": "-1849.07800", "2005-12-31": "-89.02600"}, "Net Long-Term Debt": {"2019-12-31": "-534.67990", "2018-12-31": "1627.22900", "2017-12-31": "-1968.12100", "2016-12-31": "972.99020", "2015-12-31": "280.94780", "2014-12-31": "429.74000", "2013-12-31": "-407.01680", "2012-12-31": "-2.81590", "2011-12-31": "-600.67790", "2010-12-31": "819.99690", "2009-12-31": "1368.69100", "2008-12-31": "1235.85500", "2007-12-31": "129.18100", "2006-12-31": "1148.14200", "2005-12-31": "-1174.71500"}, "Net Current Debt": {"2019-12-31": "627.42770", "2018-12-31": "764.83620", "2017-12-31": "", "2016-12-31": "", "2015-12-31": "", "2014-12-31": "", "2013-12-31": "", "2012-12-31": "", "2011-12-31": "", "2010-12-31": "", "2009-12-31": "", "2008-12-31": "", "2007-12-31": "", "2006-12-31": "", "2005-12-31": ""}, "Debt Issuance/Retirement Net - Total": {"2019-12-31": "92.74780", "2018-12-31": "2392.06500", "2017-12-31": "-1968.12100", "2016-12-31": "972.99020", "2015-12-31": "280.94780", "2014-12-31": "429.74000", "2013-12-31": "-407.01680", "2012-12-31": "-2.81590", "2011-12-31": "-600.67790", "2010-12-31": "819.99690", "2009-12-31": "1368.69100", "2008-12-31": "1235.85500", "2007-12-31": "129.18100", "2006-12-31": "1148.14200", "2005-12-31": "-1174.71500"}, "Net Common Equity Issued/Repurchased": {"2019-12-31": "-97.84000", "2018-12-31": "-570.77500", "2017-12-31": "-222.47300", "2016-12-31": "-297.70200", "2015-12-31": "-188.74800", "2014-12-31": "-165.19500", "2013-12-31": "30.12500", "2012-12-31": "15.14600", "2011-12-31": "19.46300", "2010-12-31": "26.15800", "2009-12-31": "0.56900", "2008-12-31": "3.81700", "2007-12-31": "19.63200", "2006-12-31": "-141.55600", "2005-12-31": "-227.12600"}, "Net Total Equity Issued/Repurchased": {"2019-12-31": "-97.84000", "2018-12-31": "-570.77500", "2017-12-31": "-222.47300", "2016-12-31": "-297.70200", "2015-12-31": "-188.74800", "2014-12-31": "-165.19500", "2013-12-31": "30.12500", "2012-12-31": "15.14600", "2011-12-31": "19.46300", "2010-12-31": "26.15800", "2009-12-31": "0.56900", "2008-12-31": "3.81700", "2007-12-31": "19.63200", "2006-12-31": "-141.55600", "2005-12-31": "-227.12600"}, "Total Common And Preferred Stock Dividends Paid": {"2019-12-31": "-602.67400", "2018-12-31": "-527.49400", "2017-12-31": "-437.45500", "2016-12-31": "-346.48700", "2015-12-31": "-280.21200", "2014-12-31": "-198.95200", "2013-12-31": "-143.62900", "2012-12-31": "-117.70700", "2011-12-31": "-21.70700", "2010-12-31": "", "2009-12-31": "", "2008-12-31": "-128.04500", "2007-12-31": "-98.29800", "2006-12-31": "-124.46000", "2005-12-31": "-118.76400"}, "Financial Activities - Other": {"2019-12-31": "-62.60600", "2018-12-31": "-95.72300", "2017-12-31": "-47.74700", "2016-12-31": "-84.99200", "2015-12-31": "-65.50000", "2014-12-31": "-48.11300", "2013-12-31": "-56.10500", "2012-12-31": "-74.24000", "2011-12-31": "-73.59300", "2010-12-31": "-89.19500", "2009-12-31": "-57.05400", "2008-12-31": "-28.24100", "2007-12-31": "-13.90400", "2006-12-31": "-2.41900", "2005-12-31": "-4.92200"}, "Cash Flow From Financial Activities": {"2019-12-31": "-670.37100", "2018-12-31": "1198.07300", "2017-12-31": "-2675.79600", "2016-12-31": "243.80900", "2015-12-31": "-253.51200", "2014-12-31": "17.48000", "2013-12-31": "-576.62600", "2012-12-31": "-179.61700", "2011-12-31": "-676.51500", "2010-12-31": "756.96000", "2009-12-31": "1312.20600", "2008-12-31": "1083.38600", "2007-12-31": "36.61100", "2006-12-31": "879.70700", "2005-12-31": "-1525.52700"}, "Net Cash Flow": {"2019-12-31": "-44.11400", "2018-12-31": "167.74000", "2017-12-31": "-12.49100", "2016-12-31": "11.03800", "2015-12-31": "-67.67600", "2014-12-31": "-15.44600", "2013-12-31": "9.83200", "2012-12-31": "-67.33100", "2011-12-31": "-157.74300", "2010-12-31": "135.31000", "2009-12-31": "-118.25900", "2008-12-31": "172.09400", "2007-12-31": "126.26400", "2006-12-31": "-20.86500", "2005-12-31": "-503.19300"}, "Stock-Based Compensation": {"2019-12-31": "75.93000", "2018-12-31": "46.06100", "2017-12-31": "69.45900", "2016-12-31": "32.65900", "2015-12-31": "36.07300", "2014-12-31": "26.11600", "2013-12-31": "", "2012-12-31": "", "2011-12-31": "", "2010-12-31": "", "2009-12-31": "", "2008-12-31": "", "2007-12-31": "", "2006-12-31": "", "2005-12-31": ""}, "Common Stock Dividends Paid": {"2019-12-31": "-602.67400", "2018-12-31": "-527.49400", "2017-12-31": "-437.45500", "2016-12-31": "-346.48700", "2015-12-31": "-280.21200", "2014-12-31": "-198.95200", "2013-12-31": "-143.62900", "2012-12-31": "-117.70700", "2011-12-31": "-21.70700", "2010-12-31": "0.00000", "2009-12-31": "0.00000", "2008-12-31": "-128.04500", "2007-12-31": "-98.29800", "2006-12-31": "-124.46000", "2005-12-31": "-118.76400"}}, "cash flow statement, quarterly": {"Net Income/Loss": {"2020-09-30": -1339.312, "2020-06-30": -1631.848, "2020-03-31": "-1437.03500", "2019-12-31": 280.474, "2019-09-30": 890.365, "2019-06-30": 479.955, "2019-03-31": "256.80600", "2018-12-31": 320.453, "2018-09-30": 810.391, "2018-06-30": 466.295, "2018-03-31": "218.65300", "2017-12-31": 288.039, "2017-09-30": 752.842, "2017-06-30": 369.526, "2017-03-31": "214.72600", "2016-12-31": 261.086, "2016-09-30": 693.257, "2016-06-30": 229.905, "2016-03-31": "99.14000", "2015-12-31": 206.799, "2015-09-30": 228.787, "2015-06-30": 184.967, "2015-03-31": "45.23000", "2014-12-31": 109.768, "2014-09-30": 490.248, "2014-06-30": 137.673, "2014-03-31": "26.45700", "2013-12-31": 7.018, "2013-09-30": 365.701, "2013-06-30": 24.747, "2013-03-31": "76.22600", "2012-12-31": -392.803, "2012-09-30": 367.779, "2012-06-30": -3.653, "2012-03-31": "46.96400", "2011-12-31": 36.562, "2011-09-30": 398.958, "2011-06-30": 93.491, "2011-03-31": "78.41000", "2010-12-31": 31.9, "2010-09-30": 350.179, "2010-06-30": 46.127, "2010-03-31": "87.44700", "2009-12-31": -6.583, "2009-09-30": 230.392, "2009-06-30": -35.086, "2009-03-31": "-36.23800", "2008-12-31": 1.479, "2008-09-30": 411.887, "2008-06-30": 84.749, "2008-03-31": "75.60700", "2007-12-31": 70.83, "2007-09-30": 395.005, "2007-06-30": 128.745, "2007-03-31": "8.82500", "2006-12-31": 46.623, "2006-09-30": 345.373, "2006-06-30": 122.427, "2006-03-31": "119.49900", "2005-12-31": -3.604, "2005-09-30": 374.711, "2005-06-30": 155.24, "2005-03-31": "189.60900"}, "Total Depreciation And Amortization - Cash Flow": {"2020-09-30": 372.881, "2020-06-30": 340.822, "2020-03-31": "338.74000", "2019-12-31": 337.014, "2019-09-30": 331.48, "2019-06-30": 330.135, "2019-03-31": "310.56700", "2018-12-31": 297.298, "2018-09-30": 279.14, "2018-06-30": 259.551, "2018-03-31": "250.33800", "2017-12-31": 248.739, "2017-09-30": 251.677, "2017-06-30": 247.716, "2017-03-31": "249.00500", "2016-12-31": 246.573, "2016-09-30": 242.906, "2016-06-30": 235.102, "2016-03-31": "223.12900", "2015-12-31": 261.483, "2015-09-30": 210.742, "2015-06-30": 206.468, "2015-03-31": "200.46800", "2014-12-31": 248.375, "2014-09-30": 192.448, "2014-06-30": 192.88, "2014-03-31": "193.73500", "2013-12-31": 190.622, "2013-09-30": 188.541, "2013-06-30": 186.184, "2013-03-31": "189.36400", "2012-12-31": 188.536, "2012-09-30": 182.051, "2012-06-30": 180.514, "2012-03-31": "179.39200", "2011-12-31": 179.933, "2011-09-30": 177.191, "2011-06-30": 172.05, "2011-03-31": "173.25200", "2010-12-31": 163.878, "2010-09-30": 162.232, "2010-06-30": 160.031, "2010-03-31": "157.57500", "2009-12-31": 146.412, "2009-09-30": 144.021, "2009-06-30": 137.925, "2009-03-31": "139.85600", "2008-12-31": 133.98, "2008-09-30": 134.706, "2008-06-30": 127.277, "2008-03-31": "124.39000", "2007-12-31": 123.045, "2007-09-30": 122.345, "2007-06-30": 121.718, "2007-03-31": "115.95800", "2006-12-31": 108.456, "2006-09-30": 111.15, "2006-06-30": 109.515, "2006-03-31": "110.42600", "2005-12-31": 109.746, "2005-09-30": 111.698, "2005-06-30": 113.155, "2005-03-31": "113.18800"}, "Other Non-Cash Items": {"2020-09-30": 191.099, "2020-06-30": 299.278, "2020-03-31": "1156.67400", "2019-12-31": -18.06, "2019-09-30": 13.585, "2019-06-30": 53.676, "2019-03-31": "5.68100", "2018-12-31": -20.671, "2018-09-30": 21.462, "2018-06-30": 109.642, "2018-03-31": "32.34200", "2017-12-31": -40.822, "2017-09-30": -31.159, "2017-06-30": 3.689, "2017-03-31": "-17.65500", "2016-12-31": -3.945, "2016-09-30": 61.268, "2016-06-30": 1.739, "2016-03-31": "-34.82400", "2015-12-31": -23.407, "2015-09-30": 418.568, "2015-06-30": -0.923, "2015-03-31": "40.16400", "2014-12-31": -41.246, "2014-09-30": 55.409, "2014-06-30": 2.361, "2014-03-31": "5.76600", "2013-12-31": 60.663, "2013-09-30": -17.167, "2013-06-30": 26.746, "2013-03-31": "-0.97900", "2012-12-31": 392.078, "2012-09-30": 65.242, "2012-06-30": 30.58, "2012-03-31": "-17.32200", "2011-12-31": -10.242, "2011-09-30": 60.048, "2011-06-30": -9.156, "2011-03-31": "-20.15700", "2010-12-31": 3.613, "2010-09-30": -9.232, "2010-06-30": 184.941, "2010-03-31": "3.26200", "2009-12-31": 19.981, "2009-09-30": 0.84, "2009-06-30": 10.746, "2009-03-31": "27.24000", "2008-12-31": 4.716, "2008-09-30": 8.602, "2008-06-30": -15.152, "2008-03-31": "-1.85600", "2007-12-31": -0.392, "2007-09-30": 5.087, "2007-06-30": -3.957, "2007-03-31": "2.93500", "2006-12-31": 13.975, "2006-09-30": 20.188, "2006-06-30": -117.024, "2006-03-31": "1.61900", "2005-12-31": 7.629, "2005-09-30": -35.164, "2005-06-30": 7.436, "2005-03-31": "-48.32600"}, "Total Non-Cash Items": {"2020-09-30": 563.98, "2020-06-30": 640.1, "2020-03-31": "1495.41400", "2019-12-31": 318.954, "2019-09-30": 345.065, "2019-06-30": 383.811, "2019-03-31": "316.24800", "2018-12-31": 276.627, "2018-09-30": 300.602, "2018-06-30": 369.193, "2018-03-31": "282.68000", "2017-12-31": 207.9169, "2017-09-30": 220.518, "2017-06-30": 251.405, "2017-03-31": "231.35000", "2016-12-31": 242.6279, "2016-09-30": 304.174, "2016-06-30": 236.841, "2016-03-31": "188.30500", "2015-12-31": 238.076, "2015-09-30": 629.31, "2015-06-30": 205.545, "2015-03-31": "240.63200", "2014-12-31": 207.129, "2014-09-30": 247.857, "2014-06-30": 195.241, "2014-03-31": "199.50100", "2013-12-31": 251.285, "2013-09-30": 171.374, "2013-06-30": 212.93, "2013-03-31": "188.38500", "2012-12-31": 580.614, "2012-09-30": 247.293, "2012-06-30": 211.094, "2012-03-31": "162.07000", "2011-12-31": 169.691, "2011-09-30": 237.239, "2011-06-30": 162.894, "2011-03-31": "153.09500", "2010-12-31": 167.491, "2010-09-30": 153, "2010-06-30": 344.972, "2010-03-31": "160.83700", "2009-12-31": 166.393, "2009-09-30": 144.861, "2009-06-30": 148.671, "2009-03-31": "167.09600", "2008-12-31": 138.696, "2008-09-30": 143.308, "2008-06-30": 112.125, "2008-03-31": "122.53400", "2007-12-31": 122.653, "2007-09-30": 127.432, "2007-06-30": 117.761, "2007-03-31": "118.89300", "2006-12-31": 122.431, "2006-09-30": 131.338, "2006-06-30": -7.509, "2006-03-31": "112.04500", "2005-12-31": 117.375, "2005-09-30": 76.534, "2005-06-30": 120.591, "2005-03-31": "64.86200"}, "Change In Accounts Receivable": {"2020-09-30": 38.896, "2020-06-30": 10.295, "2020-03-31": "84.57800", "2019-12-31": 26.784, "2019-09-30": -22.42, "2019-06-30": 30.12, "2019-03-31": "-44.38200", "2018-12-31": 7.568, "2018-09-30": -33.303, "2018-06-30": 26.343, "2018-03-31": "-10.18100", "2017-12-31": -48.288, "2017-09-30": -16.8, "2017-06-30": 33.873, "2017-03-31": "-0.82800", "2016-12-31": -5.064, "2016-09-30": -24.106, "2016-06-30": 23.835, "2016-03-31": "10.09400", "2015-12-31": 38.972, "2015-09-30": -30.142, "2015-06-30": 36.177, "2015-03-31": "18.09500", "2014-12-31": 30.262, "2014-09-30": 53.93, "2014-06-30": 52.235, "2014-03-31": "-36.33200", "2013-12-31": 81.123, "2013-09-30": -6.806, "2013-06-30": 18.827, "2013-03-31": "2.25700", "2012-12-31": -34.458, "2012-09-30": -14.167, "2012-06-30": 35.582, "2012-03-31": "21.06900", "2011-12-31": 32.81, "2011-09-30": -8.741, "2011-06-30": 28.155, "2011-03-31": "35.64800", "2010-12-31": 55.302, "2010-09-30": -35.935, "2010-06-30": 37.996, "2010-03-31": "89.13500", "2009-12-31": 14.396, "2009-09-30": -64.871, "2009-06-30": -18.112, "2009-03-31": "64.95400", "2008-12-31": 44.985, "2008-09-30": -84.984, "2008-06-30": -12.884, "2008-03-31": "81.03300", "2007-12-31": 23.887, "2007-09-30": -120.639, "2007-06-30": -5.431, "2007-03-31": "-20.49900", "2006-12-31": -27.418, "2006-09-30": -22.293, "2006-06-30": -2.139, "2006-03-31": "12.99500", "2005-12-31": -19.569, "2005-09-30": 1.63, "2005-06-30": -0.694, "2005-03-31": "-0.71600"}, "Change In Inventories": {"2020-09-30": 10.164, "2020-06-30": 25.109, "2020-03-31": "-15.59800", "2019-12-31": 5.107, "2019-09-30": 0.796, "2019-06-30": -10.07, "2019-03-31": "-4.36600", "2018-12-31": -2.089, "2018-09-30": -11.275, "2018-06-30": -11.052, "2018-03-31": "0.56700", "2017-12-31": 8.555, "2017-09-30": -10.813, "2017-06-30": -0.709, "2017-03-31": "5.39100", "2016-12-31": 4.7, "2016-09-30": -7.773, "2016-06-30": 1.12, "2016-03-31": "0.27400", "2015-12-31": 9.574, "2015-09-30": 9.146, "2015-06-30": -14.908, "2015-03-31": "-2.61500", "2014-12-31": 12.354, "2014-09-30": 6.123, "2014-06-30": 1.673, "2014-03-31": "6.10400", "2013-12-31": 9.22, "2013-09-30": -18.22, "2013-06-30": 4.527, "2013-03-31": "0.15200", "2012-12-31": -2.068, "2012-09-30": 2.874, "2012-06-30": 0.69, "2012-03-31": "-3.14100", "2011-12-31": 7.067, "2011-09-30": -8.174, "2011-06-30": -4.658, "2011-03-31": "-12.65800", "2010-12-31": -14.019, "2010-09-30": -0.648, "2010-06-30": -0.982, "2010-03-31": "-4.62500", "2009-12-31": 1.244, "2009-09-30": -6.227, "2009-06-30": -9.271, "2009-03-31": "2.95900", "2008-12-31": 18.388, "2008-09-30": 1.813, "2008-06-30": -20.114, "2008-03-31": "-0.22700", "2007-12-31": -7.892, "2007-09-30": -1.374, "2007-06-30": -6.476, "2007-03-31": "-3.68200", "2006-12-31": 4.188, "2006-09-30": 5.434, "2006-06-30": -15.839, "2006-03-31": "-1.22400", "2005-12-31": 11.077, "2005-09-30": -1.336, "2005-06-30": -7.959, "2005-03-31": "0.67500"}, "Change In Accounts Payable": {"2020-09-30": -208.704, "2020-06-30": -732.944, "2020-03-31": "851.34200", "2019-12-31": 24.27, "2019-09-30": 7.417, "2019-06-30": 34.751, "2019-03-31": "8.84300", "2018-12-31": 56.304, "2018-09-30": -23.409, "2018-06-30": -51.625, "2018-03-31": "110.46700", "2017-12-31": -40.656, "2017-09-30": 7.802, "2017-06-30": 13.261, "2017-03-31": "56.37300", "2016-12-31": 46.877, "2016-09-30": -58.486, "2016-06-30": -27.342, "2016-03-31": "68.51500", "2015-12-31": -2.363, "2015-09-30": -37.583, "2015-06-30": 5.327, "2015-03-31": "9.34100", "2014-12-31": -6.983, "2014-09-30": 7.56, "2014-06-30": -27.905, "2014-03-31": "-13.32300", "2013-12-31": -24.458, "2013-09-30": 79.68, "2013-06-30": -23.222, "2013-03-31": "-13.04300", "2012-12-31": -10.234, "2012-09-30": 34.488, "2012-06-30": 26.611, "2012-03-31": "-14.26300", "2011-12-31": -17.743, "2011-09-30": -18.121, "2011-06-30": 7.569, "2011-03-31": "85.05000", "2010-12-31": -32.401, "2010-09-30": -6.728, "2010-06-30": 45.059, "2010-03-31": "-21.43700", "2009-12-31": -5.491, "2009-09-30": 4.245, "2009-06-30": 19.974, "2009-03-31": "-2.30400", "2008-12-31": 23.974, "2008-09-30": -28.256, "2008-06-30": 46.482, "2008-03-31": "-19.87800", "2007-12-31": 28.128, "2007-09-30": -12.289, "2007-06-30": 7.28, "2007-03-31": "0.27900", "2006-12-31": -38.482, "2006-09-30": -35.837, "2006-06-30": 54.466, "2006-03-31": "-9.81800", "2005-12-31": 4.695, "2005-09-30": -23.321, "2005-06-30": -6.999, "2005-03-31": "21.88400"}, "Change In Assets/Liabilities": {"2020-09-30": 36.2, "2020-06-30": -438.161, "2020-03-31": "-935.07900", "2019-12-31": -7.284, "2019-09-30": -405.9, "2019-06-30": 140.58, "2019-03-31": "568.41200", "2018-12-31": 41.461, "2018-09-30": -315.035, "2018-06-30": 199.641, "2018-03-31": "388.15300", "2017-12-31": 28.498, "2017-09-30": -259.549, "2017-06-30": 224.963, "2017-03-31": "301.65200", "2016-12-31": 11.668, "2016-09-30": -224.331, "2016-06-30": 288.939, "2016-03-31": "123.87500", "2015-12-31": -129.973, "2015-09-30": -312.168, "2015-06-30": 206.379, "2015-03-31": "140.65100", "2014-12-31": -64.496, "2014-09-30": -252.279, "2014-06-30": 195.092, "2014-03-31": "157.80200", "2013-12-31": -88.454, "2013-09-30": -115.9, "2013-06-30": 183.013, "2013-03-31": "35.76100", "2012-12-31": 60.536, "2012-09-30": -124.795, "2012-06-30": 119.63, "2012-03-31": "46.74800", "2011-12-31": -22.121, "2011-09-30": -197.779, "2011-06-30": 179.82, "2011-03-31": "42.51000", "2010-12-31": 0.525, "2010-09-30": -157.949, "2010-06-30": 131.615, "2010-03-31": "150.83000", "2009-12-31": 24.546, "2009-09-30": -107.188, "2009-06-30": 145.238, "2009-03-31": "-33.64300", "2008-12-31": -169.896, "2008-09-30": -242.908, "2008-06-30": 212.648, "2008-03-31": "94.49900", "2007-12-31": -66.289, "2007-09-30": -188.058, "2007-06-30": 186.188, "2007-03-31": "215.22200", "2006-12-31": -45.523, "2006-09-30": -249.713, "2006-06-30": 180.38, "2006-03-31": "125.28700", "2005-12-31": 3.824, "2005-09-30": -237.256, "2005-06-30": 126.949, "2005-03-31": "111.38600"}, "Total Change In Assets/Liabilities": {"2020-09-30": -82.1, "2020-06-30": -1255.7849, "2020-03-31": "140.33090", "2019-12-31": 9.87, "2019-09-30": -323.889, "2019-06-30": 253.307, "2019-03-31": "505.40000", "2018-12-31": 135.075, "2018-09-30": -295.595, "2018-06-30": 171.976, "2018-03-31": "422.78900", "2017-12-31": -75.991, "2017-09-30": -178.039, "2017-06-30": 241.823, "2017-03-31": "350.45000", "2016-12-31": 12.024, "2016-09-30": -267.391, "2016-06-30": 326.27, "2016-03-31": "190.45100", "2015-12-31": -106.445, "2015-09-30": -290.506, "2015-06-30": 223.406, "2015-03-31": "140.56500", "2014-12-31": -32.702, "2014-09-30": -159.47, "2014-06-30": 232.229, "2014-03-31": "89.82800", "2013-12-31": -76.339, "2013-09-30": 20.241, "2013-06-30": 193.854, "2013-03-31": "-23.35400", "2012-12-31": 21.667, "2012-09-30": -26.335, "2012-06-30": 160.863, "2012-03-31": "6.18100", "2011-12-31": -23.232, "2011-09-30": -130.221, "2011-06-30": 224.938, "2011-03-31": "53.91400", "2010-12-31": 27.721, "2010-09-30": -78.174, "2010-06-30": 206.879, "2010-03-31": "164.64000", "2009-12-31": 21.292, "2009-09-30": -54.332, "2009-06-30": 115.365, "2009-03-31": "-16.95000", "2008-12-31": -113.684, "2008-09-30": -271.862, "2008-06-30": 262.754, "2008-03-31": "103.66200", "2007-12-31": -84.842, "2007-09-30": -185.53, "2007-06-30": 216.77, "2007-03-31": "232.15200", "2006-12-31": -128.582, "2006-09-30": -252.396, "2006-06-30": 224.913, "2006-03-31": "112.34400", "2005-12-31": 13.75, "2005-09-30": -238.648, "2005-06-30": 113.704, "2005-03-31": "127.23600"}, "Cash Flow From Operating Activities": {"2020-09-30": -857.432, "2020-06-30": -2247.533, "2020-03-31": "198.71000", "2019-12-31": 609.298, "2019-09-30": 911.541, "2019-06-30": 1117.073, "2019-03-31": "1078.45400", "2018-12-31": 732.155, "2018-09-30": 815.398, "2018-06-30": 1007.464, "2018-03-31": "924.12200", "2017-12-31": 419.965, "2017-09-30": 795.321, "2017-06-30": 862.754, "2017-03-31": "796.52600", "2016-12-31": 515.738, "2016-09-30": 730.04, "2016-06-30": 793.016, "2016-03-31": "477.89600", "2015-12-31": 338.43, "2015-09-30": 567.591, "2015-06-30": 613.918, "2015-03-31": "426.42700", "2014-12-31": 284.195, "2014-09-30": 578.635, "2014-06-30": 565.143, "2014-03-31": "315.78600", "2013-12-31": 181.964, "2013-09-30": 557.316, "2013-06-30": 431.531, "2013-03-31": "241.25700", "2012-12-31": 209.478, "2012-09-30": 588.737, "2012-06-30": 368.304, "2012-03-31": "215.21500", "2011-12-31": 183.021, "2011-09-30": 505.976, "2011-06-30": 481.323, "2011-03-31": "285.41900", "2010-12-31": 227.112, "2010-09-30": 425.005, "2010-06-30": 597.978, "2010-03-31": "412.92400", "2009-12-31": 181.102, "2009-09-30": 320.921, "2009-06-30": 228.95, "2009-03-31": "113.90800", "2008-12-31": 26.491, "2008-09-30": 283.333, "2008-06-30": 459.628, "2008-03-31": "301.80300", "2007-12-31": 108.641, "2007-09-30": 336.907, "2007-06-30": 463.276, "2007-03-31": "359.87000", "2006-12-31": 40.472, "2006-09-30": 224.315, "2006-06-30": 339.831, "2006-03-31": "343.88800", "2005-12-31": 127.521, "2005-09-30": 212.597, "2005-06-30": 389.535, "2005-03-31": "381.70700"}, "Net Change In Property, Plant, And Equipment": {"2020-09-30": -181.35, "2020-06-30": -144.593, "2020-03-31": "-1247.29800", "2019-12-31": -682.768, "2019-09-30": -475.754, "2019-06-30": -1396.025, "2019-03-31": "-470.11600", "2018-12-31": -1150.901, "2018-09-30": -296.247, "2018-06-30": -492.648, "2018-03-31": "-1720.23200", "2017-12-31": -176.803, "2017-09-30": -115.794, "2017-06-30": -148.758, "2017-03-31": "107.21700", "2016-12-31": -180.532, "2016-09-30": -266.636, "2016-06-30": -1797.355, "2016-03-31": "-249.84000", "2015-12-31": -252.703, "2015-09-30": -209.021, "2015-06-30": -846.972, "2015-03-31": "-304.64400", "2014-12-31": -1252.38, "2014-09-30": 3.454, "2014-06-30": -164.681, "2014-03-31": "-177.79100", "2013-12-31": -229.731, "2013-09-30": -137.973, "2013-06-30": -217.697, "2013-03-31": "-178.37600", "2012-12-31": -862.19, "2012-09-30": -96.747, "2012-06-30": -145.516, "2012-03-31": "-177.23500", "2011-12-31": -143.5239, "2011-09-30": -778.5371, "2011-06-30": -185.261, "2011-03-31": "278.69600", "2010-12-31": -1261.363, "2010-09-30": -78.285, "2010-06-30": -681.144, "2010-03-31": "-166.39700", "2009-12-31": -1033.531, "2009-09-30": -829.501, "2009-06-30": -104.25, "2009-03-31": "-219.33900", "2008-12-31": -810.187, "2008-09-30": -100.179, "2008-06-30": -1052.38, "2008-03-31": "-260.78800", "2007-12-31": -92.316, "2007-09-30": -149.251, "2007-06-30": -921.653, "2007-03-31": "-154.16100", "2006-12-31": -159.498, "2006-09-30": -188.506, "2006-06-30": -695.058, "2006-03-31": "-135.89800", "2005-12-31": -109.252, "2005-09-30": -168.195, "2005-06-30": -77.523, "2005-03-31": "-74.92800"}, "Net Change In Intangible Assets": {"2020-09-30": 0, "2020-06-30": 0, "2020-03-31": "", "2019-12-31": 0, "2019-09-30": 0, "2019-06-30": 0, "2019-03-31": "", "2018-12-31": 0, "2018-09-30": 0, "2018-06-30": 0, "2018-03-31": "", "2017-12-31": 0, "2017-09-30": 0, "2017-06-30": 0, "2017-03-31": "", "2016-12-31": 0, "2016-09-30": 0, "2016-06-30": 0, "2016-03-31": "", "2015-12-31": 0, "2015-09-30": 0, "2015-06-30": 0, "2015-03-31": "", "2014-12-31": 0, "2014-09-30": 0, "2014-06-30": 0, "2014-03-31": "", "2013-12-31": 0, "2013-09-30": 0, "2013-06-30": 0, "2013-03-31": "", "2012-12-31": 0, "2012-09-30": 0, "2012-06-30": 0, "2012-03-31": "", "2011-12-31": 0, "2011-09-30": 0, "2011-06-30": 0, "2011-03-31": "", "2010-12-31": 0, "2010-09-30": 0, "2010-06-30": 0, "2010-03-31": "", "2009-12-31": 0, "2009-09-30": 0, "2009-06-30": 0, "2009-03-31": "", "2008-12-31": 0, "2008-09-30": 0, "2008-06-30": 0, "2008-03-31": "", "2007-12-31": 0, "2007-09-30": 0, "2007-06-30": 0, "2007-03-31": "", "2006-12-31": 0, "2006-09-30": 0, "2006-06-30": 0, "2006-03-31": "", "2005-12-31": 0, "2005-09-30": 0, "2005-06-30": 0, "2005-03-31": ""}, "Net Acquisitions/Divestitures": {"2020-09-30": 0, "2020-06-30": 0, "2020-03-31": "", "2019-12-31": 0, "2019-09-30": 0, "2019-06-30": 0, "2019-03-31": "", "2018-12-31": 0, "2018-09-30": -916.135, "2018-06-30": 0, "2018-03-31": "", "2017-12-31": 0, "2017-09-30": 0, "2017-06-30": 0, "2017-03-31": "", "2016-12-31": 0, "2016-09-30": 0, "2016-06-30": 0, "2016-03-31": "", "2015-12-31": 0, "2015-09-30": 0, "2015-06-30": 0, "2015-03-31": "", "2014-12-31": 0, "2014-09-30": 0, "2014-06-30": 0, "2014-03-31": "", "2013-12-31": 0, "2013-09-30": 0, "2013-06-30": 0, "2013-03-31": "", "2012-12-31": 0, "2012-09-30": 0, "2012-06-30": 0, "2012-03-31": "", "2011-12-31": 0, "2011-09-30": 0, "2011-06-30": 0, "2011-03-31": "", "2010-12-31": 0, "2010-09-30": 0, "2010-06-30": 0, "2010-03-31": "", "2009-12-31": -290.928, "2009-09-30": 0, "2009-06-30": 0, "2009-03-31": "290.92800", "2008-12-31": 0, "2008-09-30": 0, "2008-06-30": 0, "2008-03-31": "", "2007-12-31": 0, "2007-09-30": 0, "2007-06-30": 0, "2007-03-31": "", "2006-12-31": -553.312, "2006-09-30": 0, "2006-06-30": 0, "2006-03-31": "", "2005-12-31": 0, "2005-09-30": 0, "2005-06-30": 0, "2005-03-31": ""}, "Net Change In Short-term Investments": {"2020-09-30": 0, "2020-06-30": 0, "2020-03-31": "", "2019-12-31": 0, "2019-09-30": 0, "2019-06-30": 0, "2019-03-31": "", "2018-12-31": 0, "2018-09-30": 0, "2018-06-30": 0, "2018-03-31": "", "2017-12-31": 0, "2017-09-30": 0, "2017-06-30": 0, "2017-03-31": "", "2016-12-31": 0, "2016-09-30": 0, "2016-06-30": 0, "2016-03-31": "", "2015-12-31": 0, "2015-09-30": 0, "2015-06-30": 0, "2015-03-31": "", "2014-12-31": 0, "2014-09-30": 0, "2014-06-30": 0, "2014-03-31": "", "2013-12-31": 0, "2013-09-30": 0, "2013-06-30": 0, "2013-03-31": "", "2012-12-31": 0, "2012-09-30": 0, "2012-06-30": 0, "2012-03-31": "", "2011-12-31": 0, "2011-09-30": 0, "2011-06-30": 0, "2011-03-31": "", "2010-12-31": 0, "2010-09-30": 0, "2010-06-30": 0, "2010-03-31": "", "2009-12-31": 0, "2009-09-30": 0, "2009-06-30": 0, "2009-03-31": "", "2008-12-31": 0, "2008-09-30": 0, "2008-06-30": 0, "2008-03-31": "", "2007-12-31": 0, "2007-09-30": 0, "2007-06-30": 0, "2007-03-31": "", "2006-12-31": 0, "2006-09-30": 0, "2006-06-30": 0, "2006-03-31": "", "2005-12-31": 0, "2005-09-30": 0, "2005-06-30": 0, "2005-03-31": "0.00000"}, "Net Change In Long-Term Investments": {"2020-09-30": 0, "2020-06-30": -85.943, "2020-03-31": "-2.00000", "2019-12-31": -18.68, "2019-09-30": -3.843, "2019-06-30": -3.046, "2019-03-31": "", "2018-12-31": -11.978, "2018-09-30": -15.194, "2018-06-30": 13.215, "2018-03-31": "", "2017-12-31": -10.396, "2017-09-30": 0, "2017-06-30": 0, "2017-03-31": "", "2016-12-31": -0.544, "2016-09-30": -8.611, "2016-06-30": 0, "2016-03-31": "", "2015-12-31": -1.913, "2015-09-30": 0, "2015-06-30": 0, "2015-03-31": "-54.25000", "2014-12-31": -118.847, "2014-09-30": -0.863, "2014-06-30": -34.625, "2014-03-31": "-34.26000", "2013-12-31": -10.2, "2013-09-30": -24.669, "2013-06-30": -16.27, "2013-03-31": "-19.48700", "2012-12-31": 0, "2012-09-30": 0, "2012-06-30": 0, "2012-03-31": "", "2011-12-31": -110.66, "2011-09-30": 0, "2011-06-30": 0, "2011-03-31": "", "2010-12-31": 0, "2010-09-30": 0, "2010-06-30": 0, "2010-03-31": "", "2009-12-31": 0, "2009-09-30": 0, "2009-06-30": -29.474, "2009-03-31": "-152.20900", "2008-12-31": 40.506, "2008-09-30": -20.658, "2008-06-30": -4.771, "2008-03-31": "-16.00000", "2007-12-31": 0, "2007-09-30": 0, "2007-06-30": 0, "2007-03-31": "", "2006-12-31": -12.019, "2006-09-30": 0, "2006-06-30": 0, "2006-03-31": "", "2005-12-31": 0, "2005-09-30": 348.07, "2005-06-30": 0, "2005-03-31": ""}, "Net Change In Investments - Total": {"2020-09-30": 0, "2020-06-30": -85.943, "2020-03-31": "-2.00000", "2019-12-31": -18.68, "2019-09-30": -3.843, "2019-06-30": -3.046, "2019-03-31": "", "2018-12-31": -11.978, "2018-09-30": -15.194, "2018-06-30": 13.215, "2018-03-31": "", "2017-12-31": -10.396, "2017-09-30": 0, "2017-06-30": 0, "2017-03-31": "", "2016-12-31": -0.544, "2016-09-30": -8.611, "2016-06-30": 0, "2016-03-31": "", "2015-12-31": -1.913, "2015-09-30": 0, "2015-06-30": 0, "2015-03-31": "-54.25000", "2014-12-31": -118.847, "2014-09-30": -0.863, "2014-06-30": -34.625, "2014-03-31": "-34.26000", "2013-12-31": -10.2, "2013-09-30": -24.669, "2013-06-30": -16.27, "2013-03-31": "-19.48700", "2012-12-31": 0, "2012-09-30": 0, "2012-06-30": 0, "2012-03-31": "", "2011-12-31": -110.66, "2011-09-30": 0, "2011-06-30": 0, "2011-03-31": "", "2010-12-31": 0, "2010-09-30": 0, "2010-06-30": 0, "2010-03-31": "", "2009-12-31": 0, "2009-09-30": 0, "2009-06-30": -29.474, "2009-03-31": "-152.20900", "2008-12-31": 40.506, "2008-09-30": -20.658, "2008-06-30": -4.771, "2008-03-31": "-16.00000", "2007-12-31": 0, "2007-09-30": 0, "2007-06-30": 0, "2007-03-31": "", "2006-12-31": -12.019, "2006-09-30": 0, "2006-06-30": 0, "2006-03-31": "", "2005-12-31": 0, "2005-09-30": 348.07, "2005-06-30": 0, "2005-03-31": ""}, "Investing Activities - Other": {"2020-09-30": -15.866, "2020-06-30": -19.764, "2020-03-31": "-91.87900", "2019-12-31": 12.386, "2019-09-30": -23.342, "2019-06-30": -49.886, "2019-03-31": "19.66800", "2018-12-31": 32.333, "2018-09-30": 9.945, "2018-06-30": -16.403, "2018-03-31": "75.08700", "2017-12-31": 51.618, "2017-09-30": 30.115, "2017-06-30": 32.826, "2017-03-31": "16.38300", "2016-12-31": -26.257, "2016-09-30": -29.862, "2016-06-30": -178.349, "2016-03-31": "13.09400", "2015-12-31": -18.65, "2015-09-30": -44.116, "2015-06-30": 29.976, "2015-03-31": "-40.68200", "2014-12-31": -54.336, "2014-09-30": -21.563, "2014-06-30": 70.833, "2014-03-31": "14.68100", "2013-12-31": -6.203, "2013-09-30": 29.137, "2013-06-30": -17.419, "2013-03-31": "4.35000", "2012-12-31": -17.81, "2012-09-30": 26.593, "2012-06-30": -9.21, "2012-03-31": "18.79200", "2011-12-31": 104.857, "2011-09-30": -42.66, "2011-06-30": 13.469, "2011-03-31": "-60.94500", "2010-12-31": -87.151, "2010-09-30": 1.809, "2010-06-30": -13.057, "2010-03-31": "-2.33000", "2009-12-31": -12.017, "2009-09-30": 62.444, "2009-06-30": 23.196, "2009-03-31": "20.22400", "2008-12-31": 2.187, "2008-09-30": -1.107, "2008-06-30": 100.758, "2008-03-31": "145.37000", "2007-12-31": 103.79, "2007-09-30": 8.085, "2007-06-30": 40.319, "2007-03-31": "-5.37100", "2006-12-31": 8.417, "2006-09-30": -20.314, "2006-06-30": 8.465, "2006-03-31": "-101.35500", "2005-12-31": -2.885, "2005-09-30": 3.537, "2005-06-30": -6.691, "2005-03-31": "-1.15900"}, "Cash Flow From Investing Activities": {"2020-09-30": -197.216, "2020-06-30": -250.3, "2020-03-31": "-1341.17700", "2019-12-31": -689.062, "2019-09-30": -502.939, "2019-06-30": -1448.957, "2019-03-31": "-450.44800", "2018-12-31": -1130.546, "2018-09-30": -1217.631, "2018-06-30": -495.836, "2018-03-31": "-1645.14500", "2017-12-31": -135.581, "2017-09-30": -85.679, "2017-06-30": -115.932, "2017-03-31": "123.60000", "2016-12-31": -207.333, "2016-09-30": -305.109, "2016-06-30": -1975.704, "2016-03-31": "-236.74600", "2015-12-31": -273.266, "2015-09-30": -253.137, "2015-06-30": -816.996, "2015-03-31": "-399.57600", "2014-12-31": -1425.563, "2014-09-30": -18.972, "2014-06-30": -128.473, "2014-03-31": "-197.37000", "2013-12-31": -246.134, "2013-09-30": -133.505, "2013-06-30": -251.386, "2013-03-31": "-193.51300", "2012-12-31": -880, "2012-09-30": -70.154, "2012-06-30": -154.726, "2012-03-31": "-158.44300", "2011-12-31": -149.327, "2011-09-30": -821.197, "2011-06-30": -171.792, "2011-03-31": "217.75100", "2010-12-31": -1348.514, "2010-09-30": -76.476, "2010-06-30": -694.201, "2010-03-31": "-168.72700", "2009-12-31": -1336.476, "2009-09-30": -767.057, "2009-06-30": -110.528, "2009-03-31": "-60.39600", "2008-12-31": -767.494, "2008-09-30": -121.944, "2008-06-30": -956.393, "2008-03-31": "-131.41800", "2007-12-31": 11.474, "2007-09-30": -141.166, "2007-06-30": -881.334, "2007-03-31": "-159.53200", "2006-12-31": -716.412, "2006-09-30": -208.82, "2006-06-30": -686.593, "2006-03-31": "-237.25300", "2005-12-31": -112.137, "2005-09-30": 183.412, "2005-06-30": -84.214, "2005-03-31": "-76.08700"}, "Net Long-Term Debt": {"2020-09-30": -5.859, "2020-06-30": 3117.481, "2020-03-31": "6130.32200", "2019-12-31": -190.9048, "2019-09-30": -84.446, "2019-06-30": 570.5349, "2019-03-31": "-829.86400", "2018-12-31": 834.5361, "2018-09-30": -106.685, "2018-06-30": -251.1371, "2018-03-31": "1150.51500", "2017-12-31": -51.923, "2017-09-30": -462.308, "2017-06-30": -619.488, "2017-03-31": "-834.40200", "2016-12-31": -247.3078, "2016-09-30": -341.358, "2016-06-30": 1424.926, "2016-03-31": "136.73000", "2015-12-31": 205.6839, "2015-09-30": -308.505, "2015-06-30": 221.0799, "2015-03-31": "162.68900", "2014-12-31": 1470.617, "2014-09-30": -552.681, "2014-06-30": -410.05, "2014-03-31": "-78.14600", "2013-12-31": 139.4843, "2013-09-30": -395.717, "2013-06-30": -164.6471, "2013-03-31": "13.86300", "2012-12-31": 690.103, "2012-09-30": -462.3339, "2012-06-30": -243.775, "2012-03-31": "13.19000", "2011-12-31": -222.632, "2011-09-30": 296.3131, "2011-06-30": -215.591, "2011-03-31": "-458.76800", "2010-12-31": 1117.0269, "2010-09-30": 871.898, "2010-06-30": -925.365, "2010-03-31": "-243.56300", "2009-12-31": 1180.584, "2009-09-30": 515.755, "2009-06-30": -326.959, "2009-03-31": "-0.68900", "2008-12-31": 854.999, "2008-09-30": -205.6149, "2008-06-30": 507.3169, "2008-03-31": "79.15400", "2007-12-31": -260.6971, "2007-09-30": 6.7841, "2007-06-30": 448.663, "2007-03-31": "-65.56900", "2006-12-31": 618.6, "2006-09-30": -114.1609, "2006-06-30": 599.2839, "2006-03-31": "44.41900", "2005-12-31": -17.47, "2005-09-30": -256.753, "2005-06-30": -300.395, "2005-03-31": "-600.09700"}, "Net Current Debt": {"2020-09-30": 0.077, "2020-06-30": 25.342, "2020-03-31": "-1097.23800", "2019-12-31": 504.2968, "2019-09-30": -131.6171, "2019-06-30": -73.878, "2019-03-31": "328.62600", "2018-12-31": -230.1548, "2018-09-30": 994.991, "2018-06-30": 0, "2018-03-31": "", "2017-12-31": 0, "2017-09-30": 0, "2017-06-30": 0, "2017-03-31": "", "2016-12-31": 0, "2016-09-30": 0, "2016-06-30": 0, "2016-03-31": "", "2015-12-31": 0, "2015-09-30": 0, "2015-06-30": 0, "2015-03-31": "", "2014-12-31": 0, "2014-09-30": 0, "2014-06-30": 0, "2014-03-31": "", "2013-12-31": 0, "2013-09-30": 0, "2013-06-30": 0, "2013-03-31": "", "2012-12-31": 0, "2012-09-30": 0, "2012-06-30": 0, "2012-03-31": "", "2011-12-31": 0, "2011-09-30": 0, "2011-06-30": 0, "2011-03-31": "", "2010-12-31": 0, "2010-09-30": 0, "2010-06-30": 0, "2010-03-31": "", "2009-12-31": 0, "2009-09-30": 0, "2009-06-30": 0, "2009-03-31": "", "2008-12-31": 0, "2008-09-30": 0, "2008-06-30": 0, "2008-03-31": "", "2007-12-31": 0, "2007-09-30": 0, "2007-06-30": 0, "2007-03-31": "", "2006-12-31": 0, "2006-09-30": 0, "2006-06-30": 0, "2006-03-31": "", "2005-12-31": 0, "2005-09-30": 0, "2005-06-30": 0, "2005-03-31": ""}, "Debt Issuance/Retirement Net - Total": {"2020-09-30": -5.782, "2020-06-30": 3142.823, "2020-03-31": "5033.08400", "2019-12-31": 313.3921, "2019-09-30": -216.0632, "2019-06-30": 496.6569, "2019-03-31": "-501.23800", "2018-12-31": 604.381, "2018-09-30": 888.3061, "2018-06-30": -251.1371, "2018-03-31": "1150.51500", "2017-12-31": -51.923, "2017-09-30": -462.308, "2017-06-30": -619.488, "2017-03-31": "-834.40200", "2016-12-31": -247.3078, "2016-09-30": -341.358, "2016-06-30": 1424.926, "2016-03-31": "136.73000", "2015-12-31": 205.6839, "2015-09-30": -308.505, "2015-06-30": 221.0799, "2015-03-31": "162.68900", "2014-12-31": 1470.617, "2014-09-30": -552.681, "2014-06-30": -410.05, "2014-03-31": "-78.14600", "2013-12-31": 139.4843, "2013-09-30": -395.717, "2013-06-30": -164.6471, "2013-03-31": "13.86300", "2012-12-31": 690.103, "2012-09-30": -462.3339, "2012-06-30": -243.775, "2012-03-31": "13.19000", "2011-12-31": -222.632, "2011-09-30": 296.3131, "2011-06-30": -215.591, "2011-03-31": "-458.76800", "2010-12-31": 1117.0269, "2010-09-30": 871.898, "2010-06-30": -925.365, "2010-03-31": "-243.56300", "2009-12-31": 1180.584, "2009-09-30": 515.755, "2009-06-30": -326.959, "2009-03-31": "-0.68900", "2008-12-31": 854.999, "2008-09-30": -205.6149, "2008-06-30": 507.3169, "2008-03-31": "79.15400", "2007-12-31": -260.6971, "2007-09-30": 6.7841, "2007-06-30": 448.663, "2007-03-31": "-65.56900", "2006-12-31": 618.6, "2006-09-30": -114.1609, "2006-06-30": 599.2839, "2006-03-31": "44.41900", "2005-12-31": -17.47, "2005-09-30": -256.753, "2005-06-30": -300.395, "2005-03-31": "-600.09700"}, "Net Common Equity Issued/Repurchased": {"2020-09-30": 0, "2020-06-30": 0.002, "2020-03-31": "0.38400", "2019-12-31": -99.292, "2019-09-30": 1.187, "2019-06-30": 0.024, "2019-03-31": "0.24100", "2018-12-31": 0.058, "2018-09-30": -205.419, "2018-06-30": -94.239, "2018-03-31": "-271.17500", "2017-12-31": -99.973, "2017-09-30": -124.885, "2017-06-30": 0.285, "2017-03-31": "2.10000", "2016-12-31": 0.475, "2016-09-30": -49.638, "2016-06-30": -49.844, "2016-03-31": "-198.69500", "2015-12-31": -195.65, "2015-09-30": 1.835, "2015-06-30": 0.452, "2015-03-31": "4.61500", "2014-12-31": -231.08, "2014-09-30": 10.947, "2014-06-30": 8.308, "2014-03-31": "46.63000", "2013-12-31": 16.499, "2013-09-30": 6.708, "2013-06-30": 3.579, "2013-03-31": "3.33900", "2012-12-31": 11.443, "2012-09-30": 1.935, "2012-06-30": 0.211, "2012-03-31": "1.55700", "2011-12-31": 0.516, "2011-09-30": 1.024, "2011-06-30": 0.664, "2011-03-31": "17.25900", "2010-12-31": 14.356, "2010-09-30": 0.425, "2010-06-30": 2.777, "2010-03-31": "8.60000", "2009-12-31": 0.279, "2009-09-30": 0.29, "2009-06-30": 0, "2009-03-31": "", "2008-12-31": 0.161, "2008-09-30": 0.284, "2008-06-30": 0.584, "2008-03-31": "2.78800", "2007-12-31": 2.7, "2007-09-30": 0.505, "2007-06-30": 13.32, "2007-03-31": "3.10700", "2006-12-31": 3.865, "2006-09-30": -3.485, "2006-06-30": -158.675, "2006-03-31": "16.73900", "2005-12-31": 2.061, "2005-09-30": -244.506, "2005-06-30": 10.167, "2005-03-31": "5.15200"}, "Net Total Equity Issued/Repurchased": {"2020-09-30": 0, "2020-06-30": 0.002, "2020-03-31": "0.38400", "2019-12-31": -99.292, "2019-09-30": 1.187, "2019-06-30": 0.024, "2019-03-31": "0.24100", "2018-12-31": 0.058, "2018-09-30": -205.419, "2018-06-30": -94.239, "2018-03-31": "-271.17500", "2017-12-31": -99.973, "2017-09-30": -124.885, "2017-06-30": 0.285, "2017-03-31": "2.10000", "2016-12-31": 0.475, "2016-09-30": -49.638, "2016-06-30": -49.844, "2016-03-31": "-198.69500", "2015-12-31": -195.65, "2015-09-30": 1.835, "2015-06-30": 0.452, "2015-03-31": "4.61500", "2014-12-31": -231.08, "2014-09-30": 10.947, "2014-06-30": 8.308, "2014-03-31": "46.63000", "2013-12-31": 16.499, "2013-09-30": 6.708, "2013-06-30": 3.579, "2013-03-31": "3.33900", "2012-12-31": 11.443, "2012-09-30": 1.935, "2012-06-30": 0.211, "2012-03-31": "1.55700", "2011-12-31": 0.516, "2011-09-30": 1.024, "2011-06-30": 0.664, "2011-03-31": "17.25900", "2010-12-31": 14.356, "2010-09-30": 0.425, "2010-06-30": 2.777, "2010-03-31": "8.60000", "2009-12-31": 0.279, "2009-09-30": 0.29, "2009-06-30": 0, "2009-03-31": "", "2008-12-31": 0.161, "2008-09-30": 0.284, "2008-06-30": 0.584, "2008-03-31": "2.78800", "2007-12-31": 2.7, "2007-09-30": 0.505, "2007-06-30": 13.32, "2007-03-31": "3.10700", "2006-12-31": 3.865, "2006-09-30": -3.485, "2006-06-30": -158.675, "2006-03-31": "16.73900", "2005-12-31": 2.061, "2005-09-30": -244.506, "2005-06-30": 10.167, "2005-03-31": "5.15200"}, "Total Common And Preferred Stock Dividends Paid": {"2020-09-30": 0, "2020-06-30": -162.858, "2020-03-31": "-163.56300", "2019-12-31": -163.131, "2019-09-30": -146.346, "2019-06-30": -146.38, "2019-03-31": "-146.81700", "2018-12-31": -146.029, "2018-09-30": -126.82, "2018-06-30": -126.805, "2018-03-31": "-127.84000", "2017-12-31": -128.293, "2017-09-30": -103.123, "2017-06-30": -103.097, "2017-03-31": "-102.94200", "2016-12-31": -102.93, "2016-09-30": 0, "2016-06-30": -80.667, "2016-03-31": "-162.89000", "2015-12-31": -82.494, "2015-09-30": 0, "2015-06-30": -65.973, "2015-03-31": "-131.74500", "2014-12-31": -67.095, "2014-09-30": 0, "2014-06-30": -55.593, "2014-03-31": "-76.26400", "2013-12-31": -89.47, "2013-09-30": -0.061, "2013-06-30": -26.363, "2013-03-31": "-27.73500", "2012-12-31": -52.414, "2012-09-30": 0, "2012-06-30": -21.787, "2012-03-31": "-43.50600", "2011-12-31": 0, "2011-09-30": -21.707, "2011-06-30": 0, "2011-03-31": "", "2010-12-31": 0, "2010-09-30": -1081.069, "2010-06-30": 1081.069, "2010-03-31": "", "2009-12-31": 0, "2009-09-30": -75.813, "2009-06-30": 75.813, "2009-03-31": "", "2008-12-31": 0, "2008-09-30": -32.028, "2008-06-30": -64.002, "2008-03-31": "-32.01500", "2007-12-31": -31.959, "2007-09-30": 0, "2007-06-30": -31.949, "2007-03-31": "-34.39000", "2006-12-31": -60.917, "2006-09-30": 0.002, "2006-06-30": -31.792, "2006-03-31": "-31.75300", "2005-12-31": -63.957, "2005-09-30": 0, "2005-06-30": -26.758, "2005-03-31": "-28.04900"}, "Financial Activities - Other": {"2020-09-30": -68.663, "2020-06-30": -225.972, "2020-03-31": "-79.69300", "2019-12-31": -6.434, "2019-09-30": -4.788, "2019-06-30": -31.517, "2019-03-31": "-19.86700", "2018-12-31": -26.091, "2018-09-30": -4.27, "2018-06-30": -25.715, "2018-03-31": "-39.64700", "2017-12-31": -25.897, "2017-09-30": -9.901, "2017-06-30": -2.799, "2017-03-31": "-9.15000", "2016-12-31": -3.378, "2016-09-30": -12.517, "2016-06-30": -47.19, "2016-03-31": "-21.90700", "2015-12-31": -10.132, "2015-09-30": -15.353, "2015-06-30": -24.109, "2015-03-31": "-15.90600", "2014-12-31": -22.729, "2014-09-30": -15.533, "2014-06-30": -10.126, "2014-03-31": "0.27500", "2013-12-31": -5.525, "2013-09-30": -30.768, "2013-06-30": -4.673, "2013-03-31": "-15.13900", "2012-12-31": -27.278, "2012-09-30": -26.006, "2012-06-30": -5.12, "2012-03-31": "-15.83600", "2011-12-31": -3.387, "2011-09-30": -42.318, "2011-06-30": -16.729, "2011-03-31": "-11.15900", "2010-12-31": -33.105, "2010-09-30": -19.909, "2010-06-30": -20.519, "2010-03-31": "-15.66200", "2009-12-31": -25.062, "2009-09-30": -17.257, "2009-06-30": -14.063, "2009-03-31": "-0.67200", "2008-12-31": -10.523, "2008-09-30": -6.207, "2008-06-30": -0.566, "2008-03-31": "-10.94500", "2007-12-31": -1.952, "2007-09-30": -4.497, "2007-06-30": 1.122, "2007-03-31": "-8.57700", "2006-12-31": -1.626, "2006-09-30": -0.496, "2006-06-30": -10.849, "2006-03-31": "10.55200", "2005-12-31": 0.161, "2005-09-30": -3.572, "2005-06-30": -1.647, "2005-03-31": "0.13600"}, "Cash Flow From Financial Activities": {"2020-09-30": -74.444, "2020-06-30": 2753.994, "2020-03-31": "4790.21200", "2019-12-31": 44.538, "2019-09-30": -366.012, "2019-06-30": 318.784, "2019-03-31": "-667.68100", "2018-12-31": 432.319, "2018-09-30": 551.797, "2018-06-30": -497.896, "2018-03-31": "711.85300", "2017-12-31": -306.086, "2017-09-30": -700.217, "2017-06-30": -725.099, "2017-03-31": "-944.39400", "2016-12-31": -353.141, "2016-09-30": -403.513, "2016-06-30": 1247.225, "2016-03-31": "-246.76200", "2015-12-31": -82.592, "2015-09-30": -322.023, "2015-06-30": 131.45, "2015-03-31": "19.65300", "2014-12-31": 1149.713, "2014-09-30": -557.267, "2014-06-30": -467.461, "2014-03-31": "-107.50500", "2013-12-31": 60.988, "2013-09-30": -419.838, "2013-06-30": -192.104, "2013-03-31": "-25.67200", "2012-12-31": 621.854, "2012-09-30": -486.405, "2012-06-30": -270.471, "2012-03-31": "-44.59500", "2011-12-31": -225.503, "2011-09-30": 233.312, "2011-06-30": -231.656, "2011-03-31": "-452.66800", "2010-12-31": 1098.278, "2010-09-30": -228.655, "2010-06-30": 137.962, "2010-03-31": "-250.62500", "2009-12-31": 1155.801, "2009-09-30": 422.975, "2009-06-30": -265.209, "2009-03-31": "-1.36100", "2008-12-31": 844.637, "2008-09-30": -243.566, "2008-06-30": 443.333, "2008-03-31": "38.98200", "2007-12-31": -291.908, "2007-09-30": 2.792, "2007-06-30": 431.156, "2007-03-31": "-105.42900", "2006-12-31": 559.922, "2006-09-30": -118.14, "2006-06-30": 397.968, "2006-03-31": "39.95700", "2005-12-31": -79.205, "2005-09-30": -504.831, "2005-06-30": -318.633, "2005-03-31": "-622.85800"}, "Net Cash Flow": {"2020-09-30": -1129.903, "2020-06-30": 255.88, "2020-03-31": "3647.07300", "2019-12-31": -32.992, "2019-09-30": 41.729, "2019-06-30": -13.196, "2019-03-31": "-39.65500", "2018-12-31": 33.031, "2018-09-30": 145.823, "2018-06-30": -2.247, "2018-03-31": "-8.86700", "2017-12-31": -19.838, "2017-09-30": 9.473, "2017-06-30": 21.168, "2017-03-31": "-23.29400", "2016-12-31": -45.825, "2016-09-30": 3.264, "2016-06-30": 57.804, "2016-03-31": "-4.20500", "2015-12-31": -25.854, "2015-09-30": -11.941, "2015-06-30": -70.345, "2015-03-31": "40.46400", "2014-12-31": 6.06, "2014-09-30": -2.081, "2014-06-30": -31.246, "2014-03-31": "11.82100", "2013-12-31": -4.88, "2013-09-30": 4.393, "2013-06-30": -10.714, "2013-03-31": "21.03300", "2012-12-31": -46.382, "2012-09-30": 29.028, "2012-06-30": -65.324, "2012-03-31": "15.34700", "2011-12-31": -189.274, "2011-09-30": -100, "2011-06-30": 81.202, "2011-03-31": "50.32900", "2010-12-31": -22.001, "2010-09-30": 123.11, "2010-06-30": 40.716, "2010-03-31": "-6.51500", "2009-12-31": -1.244, "2009-09-30": -23.895, "2009-06-30": -146.126, "2009-03-31": "53.00600", "2008-12-31": 100.915, "2008-09-30": -85.195, "2008-06-30": -53.969, "2008-03-31": "210.34300", "2007-12-31": -181.122, "2007-09-30": 199.541, "2007-06-30": 12.749, "2007-03-31": "95.09600", "2006-12-31": -116.018, "2006-09-30": -102.645, "2006-06-30": 51.206, "2006-03-31": "146.59200", "2005-12-31": -63.821, "2005-09-30": -108.822, "2005-06-30": -13.312, "2005-03-31": "-317.23800"}, "Stock-Based Compensation": {"2020-09-30": 21.107, "2020-06-30": 16.192, "2020-03-31": "-7.42800", "2019-12-31": 24.674, "2019-09-30": 9.282, "2019-06-30": 14.652, "2019-03-31": "27.32200", "2018-12-31": -17.359, "2018-09-30": 31.601, "2018-06-30": 11.655, "2018-03-31": "20.16400", "2017-12-31": 16.99, "2017-09-30": 17.09, "2017-06-30": 18.117, "2017-03-31": "17.26200", "2016-12-31": 10.618, "2016-09-30": 8.711, "2016-06-30": 7.565, "2016-03-31": "5.76500", "2015-12-31": 36.073, "2015-09-30": 0, "2015-06-30": 0, "2015-03-31": "", "2014-12-31": 26.116, "2014-09-30": 0, "2014-06-30": 0, "2014-03-31": "", "2013-12-31": 0, "2013-09-30": 0, "2013-06-30": 0, "2013-03-31": "", "2012-12-31": 0, "2012-09-30": 0, "2012-06-30": 0, "2012-03-31": "", "2011-12-31": 0, "2011-09-30": 0, "2011-06-30": 0, "2011-03-31": "", "2010-12-31": 0, "2010-09-30": 0, "2010-06-30": 0, "2010-03-31": "", "2009-12-31": 0, "2009-09-30": 0, "2009-06-30": 0, "2009-03-31": "", "2008-12-31": 0, "2008-09-30": 0, "2008-06-30": 0, "2008-03-31": "", "2007-12-31": 0, "2007-09-30": 0, "2007-06-30": 0, "2007-03-31": "", "2006-12-31": 0, "2006-09-30": 0, "2006-06-30": 0, "2006-03-31": "", "2005-12-31": 0, "2005-09-30": 0, "2005-06-30": 0, "2005-03-31": ""}, "Common Stock Dividends Paid": {"2020-09-30": 0, "2020-06-30": -162.858, "2020-03-31": "-163.56300", "2019-12-31": -163.131, "2019-09-30": -146.346, "2019-06-30": -146.38, "2019-03-31": "-146.81700", "2018-12-31": -146.029, "2018-09-30": -126.82, "2018-06-30": -126.805, "2018-03-31": "-127.84000", "2017-12-31": -128.293, "2017-09-30": -103.123, "2017-06-30": -103.097, "2017-03-31": "-102.94200", "2016-12-31": -102.93, "2016-09-30": 0, "2016-06-30": -80.667, "2016-03-31": "-162.89000", "2015-12-31": -82.494, "2015-09-30": 0, "2015-06-30": -65.973, "2015-03-31": "-131.74500", "2014-12-31": -67.095, "2014-09-30": 0, "2014-06-30": -55.593, "2014-03-31": "-76.26400", "2013-12-31": -89.47, "2013-09-30": -0.061, "2013-06-30": -26.363, "2013-03-31": "-27.73500", "2012-12-31": -52.414, "2012-09-30": 0, "2012-06-30": -21.787, "2012-03-31": "-43.50600", "2011-12-31": 0, "2011-09-30": -21.707, "2011-06-30": 0, "2011-03-31": "0.00000", "2010-12-31": 0, "2010-09-30": -1081.069, "2010-06-30": 1081.069, "2010-03-31": "", "2009-12-31": 0, "2009-09-30": -75.813, "2009-06-30": 75.813, "2009-03-31": "", "2008-12-31": 0, "2008-09-30": -32.028, "2008-06-30": -64.002, "2008-03-31": "-32.01500", "2007-12-31": -31.959, "2007-09-30": 0, "2007-06-30": -31.949, "2007-03-31": "-34.39000", "2006-12-31": -60.917, "2006-09-30": 0.002, "2006-06-30": -31.792, "2006-03-31": "-31.75300", "2005-12-31": -63.957, "2005-09-30": 0, "2005-06-30": -26.758, "2005-03-31": "-28.04900"}}, "financial ratios": {"Current Ratio": {"2019-12-31": "0.14620", "2018-12-31": "0.17460", "2017-12-31": "0.18700", "2016-12-31": "0.16850", "2015-12-31": "0.19500", "2014-12-31": "0.20810", "2013-12-31": "0.22410", "2012-12-31": "0.21840", "2011-12-31": "0.31600", "2010-12-31": "0.29460", "2009-12-31": "0.37340", "2008-12-31": "0.36550", "2007-12-31": "0.42440", "2006-12-31": "0.26810", "2005-12-31": "0.18960"}, "Long-term Debt / Capital": {"2019-12-31": "0.40890", "2018-12-31": "0.42930", "2017-12-31": "0.37240", "2016-12-31": "0.47040", "2015-12-31": "0.48610", "2014-12-31": "0.47990", "2013-12-31": "0.42500", "2012-12-31": "0.45620", "2011-12-31": "0.48310", "2010-12-31": "0.50160", "2009-12-31": "0.50540", "2008-12-31": "0.49010", "2007-12-31": "0.44170", "2006-12-31": "0.45280", "2005-12-31": "0.39020"}, "Debt/Equity Ratio": {"2019-12-31": "0.90720", "2018-12-31": "0.97050", "2017-12-31": "0.70450", "2016-12-31": "1.02920", "2015-12-31": "1.05760", "2014-12-31": "1.01930", "2013-12-31": "0.91670", "2012-12-31": "1.02180", "2011-12-31": "1.01050", "2010-12-31": "1.15810", "2009-12-31": "1.12270", "2008-12-31": "1.03060", "2007-12-31": "0.84330", "2006-12-31": "0.88870", "2005-12-31": "0.74800"}, "Gross Margin": {"2019-12-31": "44.63560", "2018-12-31": "44.57250", "2017-12-31": "44.21660", "2016-12-31": "40.96870", "2015-12-31": "38.55470", "2014-12-31": "34.27820", "2013-12-31": "33.35000", "2012-12-31": "32.91600", "2011-12-31": "34.42440", "2010-12-31": "33.97890", "2009-12-31": "30.87910", "2008-12-31": "32.58860", "2007-12-31": "35.24790", "2006-12-31": "37.86070", "2005-12-31": "38.93280"}, "Operating Margin": {"2019-12-31": "19.01900", "2018-12-31": "19.95820", "2017-12-31": "19.86880", "2016-12-31": "17.38620", "2015-12-31": "10.54220", "2014-12-31": "11.66550", "2013-12-31": "10.02710", "2012-12-31": "5.24330", "2011-12-31": "12.36030", "2010-12-31": "11.88650", "2009-12-31": "8.29420", "2008-12-31": "12.73600", "2007-12-31": "14.65790", "2006-12-31": "16.41520", "2005-12-31": "17.77550"}, "EBIT Margin": {"2019-12-31": "19.01900", "2018-12-31": "19.95820", "2017-12-31": "19.86880", "2016-12-31": "17.38620", "2015-12-31": "10.54220", "2014-12-31": "11.66550", "2013-12-31": "10.02710", "2012-12-31": "5.24330", "2011-12-31": "12.36030", "2010-12-31": "11.88650", "2009-12-31": "8.29420", "2008-12-31": "12.73600", "2007-12-31": "14.65790", "2006-12-31": "16.41520", "2005-12-31": "17.77550"}, "EBITDA Margin": {"2019-12-31": "30.97440", "2018-12-31": "31.40060", "2017-12-31": "31.22850", "2016-12-31": "28.54050", "2015-12-31": "21.13570", "2014-12-31": "21.91390", "2013-12-31": "19.50860", "2012-12-31": "14.74510", "2011-12-31": "21.67970", "2010-12-31": "21.41950", "2009-12-31": "17.94150", "2008-12-31": "20.70160", "2007-12-31": "22.51370", "2006-12-31": "24.82020", "2005-12-31": "26.90810"}, "Pre-Tax Profit Margin": {"2019-12-31": "17.42000", "2018-12-31": "19.12600", "2017-12-31": "18.51400", "2016-12-31": "15.10510", "2015-12-31": "8.02240", "2014-12-31": "9.46440", "2013-12-31": "5.95100", "2012-12-31": "0.23790", "2011-12-31": "8.05890", "2010-12-31": "7.63650", "2009-12-31": "2.58900", "2008-12-31": "8.78250", "2007-12-31": "9.81280", "2006-12-31": "12.12190", "2005-12-31": "13.53130"}, "Net Profit Margin": {"2019-12-31": "17.15780", "2018-12-31": "19.07600", "2017-12-31": "18.51400", "2016-12-31": "15.10510", "2015-12-31": "8.02240", "2014-12-31": "9.46450", "2013-12-31": "5.95100", "2012-12-31": "0.23790", "2011-12-31": "8.05890", "2010-12-31": "7.63650", "2009-12-31": "2.58900", "2008-12-31": "8.78250", "2007-12-31": "9.81280", "2006-12-31": "12.12180", "2005-12-31": "14.60190"}, "Asset Turnover": {"2019-12-31": "0.36120", "2018-12-31": "0.34280", "2017-12-31": "0.39260", "2016-12-31": "0.38080", "2015-12-31": "0.39930", "2014-12-31": "0.38980", "2013-12-31": "0.39650", "2012-12-31": "0.38770", "2011-12-31": "0.38060", "2010-12-31": "0.34360", "2009-12-31": "0.32300", "2008-12-31": "0.39680", "2007-12-31": "0.41040", "2006-12-31": "0.39050", "2005-12-31": "0.43560"}, "Inventory Turnover Ratio": {"2019-12-31": "37.39980", "2018-12-31": "34.26520", "2017-12-31": "43.95770", "2016-12-31": "43.96240", "2015-12-31": "42.02840", "2014-12-31": "42.96930", "2013-12-31": "35.07760", "2012-12-31": "35.25370", "2011-12-31": "34.19240", "2010-12-31": "35.15920", "2009-12-31": "37.73840", "2008-12-31": "45.83480", "2007-12-31": "41.12770", "2006-12-31": "42.22000", "2005-12-31": "51.80060"}, "Receiveable Turnover": {"2019-12-31": "35.80740", "2018-12-31": "29.25620", "2017-12-31": "27.54780", "2016-12-31": "29.10730", "2015-12-31": "34.72820", "2014-12-31": "30.88790", "2013-12-31": "30.64490", "2012-12-31": "27.31860", "2011-12-31": "25.77310", "2010-12-31": "25.31780", "2009-12-31": "17.38420", "2008-12-31": "24.07980", "2007-12-31": "19.60570", "2006-12-31": "28.13330", "2005-12-31": "51.47470"}, "Days Sales In Receivables": {"2019-12-31": "10.19340", "2018-12-31": "12.47600", "2017-12-31": "13.24970", "2016-12-31": "12.53980", "2015-12-31": "10.51020", "2014-12-31": "11.81690", "2013-12-31": "11.91060", "2012-12-31": "13.36090", "2011-12-31": "14.16210", "2010-12-31": "14.41680", "2009-12-31": "20.99610", "2008-12-31": "15.15800", "2007-12-31": "18.61700", "2006-12-31": "12.97400", "2005-12-31": "7.09090"}, "ROE - Return On Equity": {"2019-12-31": "15.68250", "2018-12-31": "16.35040", "2017-12-31": "15.18490", "2016-12-31": "14.07010", "2015-12-31": "8.25720", "2014-12-31": "9.22400", "2013-12-31": "5.37780", "2012-12-31": "0.22010", "2011-12-31": "7.22450", "2010-12-31": "6.52660", "2009-12-31": "2.03320", "2008-12-31": "8.43340", "2007-12-31": "8.92960", "2006-12-31": "10.40650", "2005-12-31": "11.94470"}, "Return On Tangible Equity": {"2019-12-31": "17.69870", "2018-12-31": "18.66730", "2017-12-31": "15.60560", "2016-12-31": "14.52940", "2015-12-31": "8.56170", "2014-12-31": "9.71720", "2013-12-31": "5.66010", "2012-12-31": "0.23220", "2011-12-31": "7.92850", "2010-12-31": "7.22060", "2009-12-31": "2.27340", "2008-12-31": "9.52430", "2007-12-31": "10.12500", "2006-12-31": "11.80480", "2005-12-31": "12.58630"}, "ROA - Return On Assets": {"2019-12-31": "6.29150", "2018-12-31": "6.55560", "2017-12-31": "7.26770", "2016-12-31": "5.75240", "2015-12-31": "3.20360", "2014-12-31": "3.68920", "2013-12-31": "2.35990", "2012-12-31": "0.09220", "2011-12-31": "3.06710", "2010-12-31": "2.62370", "2009-12-31": "0.83630", "2008-12-31": "3.48490", "2007-12-31": "4.02750", "2006-12-31": "4.73320", "2005-12-31": "5.89440"}, "ROI - Return On Investment": {"2019-12-31": "9.27010", "2018-12-31": "9.33050", "2017-12-31": "9.52980", "2016-12-31": "7.45150", "2015-12-31": "4.24320", "2014-12-31": "4.79730", "2013-12-31": "3.09210", "2012-12-31": "0.11970", "2011-12-31": "3.73460", "2010-12-31": "3.25290", "2009-12-31": "1.00560", "2008-12-31": "4.30000", "2007-12-31": "4.98520", "2006-12-31": "5.69460", "2005-12-31": "7.28410"}, "Book Value Per Share": {"2019-12-31": "58.25570", "2018-12-31": "53.13190", "2017-12-31": "50.16600", "2016-12-31": "42.50540", "2015-12-31": "36.98760", "2014-12-31": "37.77690", "2013-12-31": "39.95150", "2012-12-31": "37.97920", "2011-12-31": "38.73560", "2010-12-31": "36.59400", "2009-12-31": "35.05360", "2008-12-31": "31.96570", "2007-12-31": "31.80180", "2006-12-31": "28.80120", "2005-12-31": "26.40430"}, "Operating Cash Flow Per Share": {"2019-12-31": 1.2573, "2018-12-31": 3.1185, "2017-12-31": 1.6928, "2016-12-31": 2.8148, "2015-12-31": 1.0015, "2014-12-31": 1.4268, "2013-12-31": 0.0951, "2012-12-31": -0.3442, "2011-12-31": -0.9984, "2010-12-31": 3.7144, "2009-12-31": -1.077, "2008-12-31": -0.9201, "2007-12-31": 1.6389, "2006-12-31": -0.4525, "2005-12-31": 4.735}, "Free Cash Flow Per Share": {"2019-12-31": 4.1499, "2018-12-31": -12.6329, "2017-12-31": 11.6747, "2016-12-31": -1.4058, "2015-12-31": 0.8259, "2014-12-31": -2.2511, "2013-12-31": 2.4783, "2012-12-31": -2.4046, "2011-12-31": 5.2681, "2010-12-31": 3.8245, "2009-12-31": -0.8525, "2008-12-31": -5.1524, "2007-12-31": 0.8133, "2006-12-31": -3.9439, "2005-12-31": 2.9034}}, "financial ratios, quarterly": {"Current Ratio": {"2020-09-30": "0.76360", "2020-06-30": "0.98890", "2020-03-31": "0.51150", "2019-12-31": "0.14620", "2019-09-30": "0.16920", "2019-06-30": "0.16910", "2019-03-31": "0.16450", "2018-12-31": "0.17460", "2018-09-30": "0.19210", "2018-06-30": "0.19990", "2018-03-31": "0.19910", "2017-12-31": "0.18700", "2017-09-30": "0.15780", "2017-06-30": "0.14520", "2017-03-31": "0.14350", "2016-12-31": "0.16850", "2016-09-30": "0.17840", "2016-06-30": "0.19620", "2016-03-31": "0.20290", "2015-12-31": "0.19500", "2015-09-30": "0.20660", "2015-06-30": "0.19060", "2015-03-31": "0.21940", "2014-12-31": "0.20810", "2014-09-30": "0.23010", "2014-06-30": "0.27560", "2014-03-31": "0.29880", "2013-12-31": "0.22410", "2013-09-30": "0.21030", "2013-06-30": "0.20230", "2013-03-31": "0.18940", "2012-12-31": "0.21840", "2012-09-30": "0.27000", "2012-06-30": "0.25050", "2012-03-31": "0.36240", "2011-12-31": "0.31600", "2011-09-30": "0.39260", "2011-06-30": "0.40360", "2011-03-31": "0.40340", "2010-12-31": "0.29460", "2010-09-30": "0.30220", "2010-06-30": "0.26370", "2010-03-31": "0.27200", "2009-12-31": "0.37340", "2009-09-30": "0.36940", "2009-06-30": "0.31800", "2009-03-31": "0.36550", "2008-12-31": "0.36550", "2008-09-30": "0.41150", "2008-06-30": "0.44700", "2008-03-31": "0.53150", "2007-12-31": "0.42440", "2007-09-30": "0.41240", "2007-06-30": "0.28520", "2007-03-31": "0.29680", "2006-12-31": "0.26810", "2006-09-30": "0.28500", "2006-06-30": "0.29340", "2006-03-31": "0.26310", "2005-12-31": "0.18960", "2005-09-30": "0.23050", "2005-06-30": "0.28140", "2005-03-31": "0.30540"}, "Long-term Debt / Capital": {"2020-09-30": "0.67920", "2020-06-30": "0.66450", "2020-03-31": "0.54540", "2019-12-31": "0.40890", "2019-09-30": "0.42410", "2019-06-30": "0.43610", "2019-03-31": "0.40040", "2018-12-31": "0.42930", "2018-09-30": "0.40280", "2018-06-30": "0.40530", "2018-03-31": "0.41860", "2017-12-31": "0.37240", "2017-09-30": "0.36800", "2017-06-30": "0.40090", "2017-03-31": "0.42470", "2016-12-31": "0.47040", "2016-09-30": "0.48920", "2016-06-30": "0.52910", "2016-03-31": "0.49740", "2015-12-31": "0.48610", "2015-09-30": "0.47880", "2015-06-30": "0.47710", "2015-03-31": "0.48370", "2014-12-31": "0.47990", "2014-09-30": "0.40790", "2014-06-30": "0.44510", "2014-03-31": "0.45950", "2013-12-31": "0.42500", "2013-09-30": "0.40570", "2013-06-30": "0.43140", "2013-03-31": "0.41750", "2012-12-31": "0.45620", "2012-09-30": "0.43220", "2012-06-30": "0.46080", "2012-03-31": "0.47900", "2011-12-31": "0.48310", "2011-09-30": "0.49090", "2011-06-30": "0.48630", "2011-03-31": "0.49380", "2010-12-31": "0.50160", "2010-09-30": "0.47060", "2010-06-30": "0.49520", "2010-03-31": "0.47840", "2009-12-31": "0.50540", "2009-09-30": "0.47100", "2009-06-30": "0.46170", "2009-03-31": "0.49030", "2008-12-31": "0.49010", "2008-09-30": "0.44360", "2008-06-30": "0.45740", "2008-03-31": "0.45420", "2007-12-31": "0.44170", "2007-09-30": "0.44570", "2007-06-30": "0.45710", "2007-03-31": "0.44290", "2006-12-31": "0.45280", "2006-09-30": "0.40900", "2006-06-30": "0.42470", "2006-03-31": "0.38680", "2005-12-31": "0.39020", "2005-09-30": "0.39210", "2005-06-30": "0.45910", "2005-03-31": "0.49460"}, "Debt/Equity Ratio": {"2020-09-30": "2.26810", "2020-06-30": "2.10050", "2020-03-31": "1.56660", "2019-12-31": "0.90720", "2019-09-30": "0.89210", "2019-06-30": "0.94600", "2019-03-31": "0.91260", "2018-12-31": "0.97050", "2018-09-30": "0.89740", "2018-06-30": "0.79070", "2018-03-31": "0.82740", "2017-12-31": "0.70450", "2017-09-30": "0.72750", "2017-06-30": "0.82830", "2017-03-31": "0.92470", "2016-12-31": "1.02920", "2016-09-30": "1.10550", "2016-06-30": "1.23370", "2016-03-31": "1.10330", "2015-12-31": "1.05760", "2015-09-30": "1.02840", "2015-06-30": "1.05540", "2015-03-31": "1.07350", "2014-12-31": "1.01930", "2014-09-30": "0.77440", "2014-06-30": "0.85810", "2014-03-31": "0.91120", "2013-12-31": "0.91670", "2013-09-30": "0.90430", "2013-06-30": "0.98660", "2013-03-31": "1.01540", "2012-12-31": "1.02180", "2012-09-30": "0.89380", "2012-06-30": "0.99440", "2012-03-31": "0.99370", "2011-12-31": "1.01050", "2011-09-30": "1.04000", "2011-06-30": "1.03070", "2011-03-31": "1.06060", "2010-12-31": "1.15810", "2010-09-30": "1.02980", "2010-06-30": "1.11900", "2010-03-31": "1.08550", "2009-12-31": "1.12270", "2009-09-30": "0.98020", "2009-06-30": "0.96030", "2009-03-31": "1.03220", "2008-12-31": "1.03060", "2008-09-30": "0.85880", "2008-06-30": "0.90420", "2008-03-31": "0.86130", "2007-12-31": "0.84330", "2007-09-30": "0.88790", "2007-06-30": "0.93100", "2007-03-31": "0.88070", "2006-12-31": "0.88870", "2006-09-30": "0.73640", "2006-06-30": "0.82370", "2006-03-31": "0.73550", "2005-12-31": "0.74800", "2005-09-30": "0.74550", "2005-06-30": "0.92820", "2005-03-31": "1.04620"}, "Gross Margin": {"2020-09-30": "1016.08000", "2020-06-30": "-287.47190", "2020-03-31": "25.67610", "2019-12-31": "41.14910", "2019-09-30": "49.07080", "2019-06-30": "44.96950", "2019-03-31": "42.05580", "2018-12-31": "41.67080", "2018-09-30": "49.52540", "2018-06-30": "43.77100", "2018-03-31": "42.00390", "2017-12-31": "42.84260", "2017-09-30": "48.69640", "2017-06-30": "42.75040", "2017-03-31": "41.45940", "2016-12-31": "41.17880", "2016-09-30": "47.72780", "2016-06-30": "37.74710", "2016-03-31": "35.26010", "2015-12-31": "38.31190", "2015-09-30": "45.02690", "2015-06-30": "36.04460", "2015-03-31": "32.66040", "2014-12-31": "31.52560", "2014-09-30": "40.26690", "2014-06-30": "32.79570", "2014-03-31": "30.90490", "2013-12-31": "30.82250", "2013-09-30": "38.71300", "2013-06-30": "29.69820", "2013-03-31": "32.91250", "2012-12-31": "30.35000", "2012-09-30": "39.43900", "2012-06-30": "28.82970", "2012-03-31": "31.58210", "2011-12-31": "29.54490", "2011-09-30": "39.47870", "2011-06-30": "32.94910", "2011-03-31": "34.14630", "2010-12-31": "31.00720", "2010-09-30": "39.84330", "2010-06-30": "32.18520", "2010-03-31": "30.98810", "2009-12-31": "28.54800", "2009-09-30": "36.71340", "2009-06-30": "28.43410", "2009-03-31": "28.15820", "2008-12-31": "26.19400", "2008-09-30": "38.17640", "2008-06-30": "31.11400", "2008-03-31": "32.67120", "2007-12-31": "31.21950", "2007-09-30": "41.17280", "2007-06-30": "34.81990", "2007-03-31": "31.21390", "2006-12-31": "34.93340", "2006-09-30": "42.31820", "2006-06-30": "36.19620", "2006-03-31": "36.31830", "2005-12-31": "31.64380", "2005-09-30": "43.77420", "2005-06-30": "38.48540", "2005-03-31": "39.59240"}, "Operating Margin": {"2020-09-30": "2956.88100", "2020-06-30": "-730.32480", "2020-03-31": "-64.26800", "2019-12-31": "11.89420", "2019-09-30": "27.95210", "2019-06-30": "20.43920", "2019-03-31": "13.06810", "2018-12-31": "15.60800", "2018-09-30": "28.60090", "2018-06-30": "19.54540", "2018-03-31": "13.51970", "2017-12-31": "15.33320", "2017-09-30": "28.70110", "2017-06-30": "19.11820", "2017-03-31": "13.91650", "2016-12-31": "15.54470", "2016-09-30": "28.66760", "2016-06-30": "13.40800", "2016-03-31": "8.50600", "2015-12-31": "13.13940", "2015-09-30": "10.22570", "2015-06-30": "12.69470", "2015-03-31": "5.82080", "2014-12-31": "6.56520", "2014-09-30": "22.16470", "2014-06-30": "9.87790", "2014-03-31": "5.16450", "2013-12-31": "4.04330", "2013-09-30": "19.21530", "2013-06-30": "6.01980", "2013-03-31": "8.66630", "2012-12-31": "-15.57500", "2012-09-30": "20.30810", "2012-06-30": "5.32150", "2012-03-31": "7.37950", "2011-12-31": "5.97970", "2011-09-30": "21.86660", "2011-06-30": "9.51370", "2011-03-31": "8.94350", "2010-12-31": "7.58460", "2010-09-30": "21.61940", "2010-06-30": "8.97070", "2010-03-31": "6.17590", "2009-12-31": "5.67310", "2009-09-30": "17.39910", "2009-06-30": "4.08160", "2009-03-31": "3.33830", "2008-12-31": "4.36450", "2008-09-30": "22.38580", "2008-06-30": "10.66760", "2008-03-31": "9.62630", "2007-12-31": "9.25320", "2007-09-30": "24.71520", "2007-06-30": "13.56100", "2007-03-31": "6.51140", "2006-12-31": "9.84580", "2006-09-30": "25.63510", "2006-06-30": "14.24950", "2006-03-31": "12.30240", "2005-12-31": "5.41900", "2005-09-30": "26.65770", "2005-06-30": "17.79650", "2005-03-31": "17.22300"}, "EBIT Margin": {"2020-09-30": "2956.88100", "2020-06-30": "-730.32480", "2020-03-31": "-64.26800", "2019-12-31": "11.89420", "2019-09-30": "27.95210", "2019-06-30": "20.43920", "2019-03-31": "13.06810", "2018-12-31": "15.60800", "2018-09-30": "28.60090", "2018-06-30": "19.54540", "2018-03-31": "13.51970", "2017-12-31": "15.33320", "2017-09-30": "28.70110", "2017-06-30": "19.11820", "2017-03-31": "13.91650", "2016-12-31": "15.54470", "2016-09-30": "28.66760", "2016-06-30": "13.40800", "2016-03-31": "8.50600", "2015-12-31": "13.13940", "2015-09-30": "10.22570", "2015-06-30": "12.69470", "2015-03-31": "5.82080", "2014-12-31": "6.56520", "2014-09-30": "22.16470", "2014-06-30": "9.87790", "2014-03-31": "5.16450", "2013-12-31": "4.04330", "2013-09-30": "19.21530", "2013-06-30": "6.01980", "2013-03-31": "8.66630", "2012-12-31": "-15.57500", "2012-09-30": "20.30810", "2012-06-30": "5.32150", "2012-03-31": "7.37950", "2011-12-31": "5.97970", "2011-09-30": "21.86660", "2011-06-30": "9.51370", "2011-03-31": "8.94350", "2010-12-31": "7.58460", "2010-09-30": "21.61940", "2010-06-30": "8.97070", "2010-03-31": "6.17590", "2009-12-31": "5.67310", "2009-09-30": "17.39910", "2009-06-30": "4.08160", "2009-03-31": "3.33830", "2008-12-31": "4.36450", "2008-09-30": "22.38580", "2008-06-30": "10.66760", "2008-03-31": "9.62630", "2007-12-31": "9.25330", "2007-09-30": "24.71520", "2007-06-30": "13.56100", "2007-03-31": "6.51140", "2006-12-31": "9.84570", "2006-09-30": "25.63510", "2006-06-30": "14.24950", "2006-03-31": "12.30240", "2005-12-31": "5.41900", "2005-09-30": "26.65770", "2005-06-30": "17.79650", "2005-03-31": "17.22300"}, "EBITDA Margin": {"2020-09-30": "", "2020-06-30": "", "2020-03-31": "", "2019-12-31": "", "2019-09-30": "", "2019-06-30": "", "2019-03-31": "", "2018-12-31": "", "2018-09-30": "", "2018-06-30": "", "2018-03-31": "", "2017-12-31": "", "2017-09-30": "", "2017-06-30": "", "2017-03-31": "", "2016-12-31": "", "2016-09-30": "", "2016-06-30": "", "2016-03-31": "", "2015-12-31": "", "2015-09-30": "", "2015-06-30": "", "2015-03-31": "", "2014-12-31": "", "2014-09-30": "", "2014-06-30": "", "2014-03-31": "", "2013-12-31": "", "2013-09-30": "", "2013-06-30": "", "2013-03-31": "", "2012-12-31": "", "2012-09-30": "", "2012-06-30": "", "2012-03-31": "", "2011-12-31": "", "2011-09-30": "", "2011-06-30": "", "2011-03-31": "", "2010-12-31": "", "2010-09-30": "", "2010-06-30": "", "2010-03-31": "", "2009-12-31": "", "2009-09-30": "", "2009-06-30": "", "2009-03-31": "", "2008-12-31": "", "2008-09-30": "", "2008-06-30": "", "2008-03-31": "", "2007-12-31": "", "2007-09-30": "", "2007-06-30": "", "2007-03-31": "", "2006-12-31": "", "2006-09-30": "", "2006-06-30": "", "2006-03-31": "", "2005-12-31": "", "2005-09-30": "", "2005-06-30": "", "2005-03-31": ""}, "Pre-Tax Profit Margin": {"2020-09-30": "3975.63500", "2020-06-30": "-929.27190", "2020-03-31": "-70.69420", "2019-12-31": "11.14140", "2019-09-30": "27.93870", "2019-06-30": "17.10080", "2019-03-31": "10.52580", "2018-12-31": "13.73970", "2018-09-30": "28.98200", "2018-06-30": "19.94760", "2018-03-31": "10.78300", "2017-12-31": "14.36980", "2017-09-30": "29.29870", "2017-06-30": "16.83280", "2017-03-31": "10.69060", "2016-12-31": "13.67230", "2016-09-30": "27.04080", "2016-06-30": "10.92050", "2016-03-31": "5.16950", "2015-12-31": "10.87240", "2015-09-30": "9.06770", "2015-06-30": "8.98630", "2015-03-31": "2.49120", "2014-12-31": "6.03840", "2014-09-30": "20.52310", "2014-06-30": "6.95300", "2014-03-31": "1.40190", "2013-12-31": "0.37850", "2013-09-30": "15.81920", "2013-06-30": "1.31440", "2013-03-31": "3.98830", "2012-12-31": "-21.74810", "2012-09-30": "16.51910", "2012-06-30": "-0.20060", "2012-03-31": "2.56010", "2011-12-31": "2.05940", "2011-09-30": "17.18170", "2011-06-30": "5.28830", "2011-03-31": "4.68960", "2010-12-31": "1.51420", "2010-09-30": "16.99350", "2010-06-30": "3.35460", "2010-03-31": "5.88610", "2009-12-31": "-0.45350", "2009-09-30": "13.06420", "2009-06-30": "-2.60090", "2009-03-31": "-2.73370", "2008-12-31": "0.10160", "2008-09-30": "19.96170", "2008-06-30": "5.35110", "2008-03-31": "5.29060", "2007-12-31": "4.75050", "2007-09-30": "20.21920", "2007-06-30": "8.69120", "2007-03-31": "0.72150", "2006-12-31": "4.04300", "2006-09-30": "21.09980", "2006-06-30": "9.46860", "2006-03-31": "10.42260", "2005-12-31": "-0.35000", "2005-09-30": "24.94390", "2005-06-30": "12.90180", "2005-03-31": "11.73880"}, "Net Profit Margin": {"2020-09-30": "3997.73200", "2020-06-30": "-933.51100", "2020-03-31": "-71.06030", "2019-12-31": "10.84990", "2019-09-30": "27.71510", "2019-06-30": "16.84690", "2019-03-31": "10.23380", "2018-12-31": "13.53610", "2018-09-30": "28.98200", "2018-06-30": "19.94760", "2018-03-31": "10.78300", "2017-12-31": "14.36990", "2017-09-30": "29.29870", "2017-06-30": "16.83280", "2017-03-31": "10.69050", "2016-12-31": "13.67230", "2016-09-30": "27.04080", "2016-06-30": "10.92050", "2016-03-31": "5.16950", "2015-12-31": "10.87240", "2015-09-30": "9.06770", "2015-06-30": "8.98630", "2015-03-31": "2.49120", "2014-12-31": "6.03840", "2014-09-30": "20.52310", "2014-06-30": "6.95300", "2014-03-31": "1.40190", "2013-12-31": "0.37850", "2013-09-30": "15.81920", "2013-06-30": "1.31440", "2013-03-31": "3.98830", "2012-12-31": "-21.74810", "2012-09-30": "16.51910", "2012-06-30": "-0.20060", "2012-03-31": "2.56010", "2011-12-31": "2.05940", "2011-09-30": "17.18170", "2011-06-30": "5.28830", "2011-03-31": "4.68960", "2010-12-31": "1.51420", "2010-09-30": "16.99350", "2010-06-30": "3.35460", "2010-03-31": "5.88610", "2009-12-31": "-0.45350", "2009-09-30": "13.06420", "2009-06-30": "-2.60090", "2009-03-31": "-2.73370", "2008-12-31": "0.10160", "2008-09-30": "19.96170", "2008-06-30": "5.35110", "2008-03-31": "5.29060", "2007-12-31": "4.75050", "2007-09-30": "20.21920", "2007-06-30": "8.69120", "2007-03-31": "0.72150", "2006-12-31": "4.04300", "2006-09-30": "21.09980", "2006-06-30": "9.46860", "2006-03-31": "10.42260", "2005-12-31": "-0.35000", "2005-09-30": "24.94390", "2005-06-30": "12.90180", "2005-03-31": "16.23260"}, "Asset Turnover": {"2020-09-30": "-0.00110", "2020-06-30": "0.00530", "2020-03-31": "0.06080", "2019-12-31": "0.08300", "2019-09-30": "0.10690", "2019-06-30": "0.09420", "2019-03-31": "0.08490", "2018-12-31": "0.08420", "2018-09-30": "0.10320", "2018-06-30": "0.09720", "2018-03-31": "0.08460", "2017-12-31": "0.08960", "2017-09-30": "0.11630", "2017-06-30": "0.09970", "2017-03-31": "0.09120", "2016-12-31": "0.08560", "2016-09-30": "0.11420", "2016-06-30": "0.09370", "2016-03-31": "0.09150", "2015-12-31": "0.09150", "2015-09-30": "0.12040", "2015-06-30": "0.09620", "2015-03-31": "0.08700", "2014-12-31": "0.08780", "2014-09-30": "0.12190", "2014-06-30": "0.09890", "2014-03-31": "0.09380", "2013-12-31": "0.09240", "2013-09-30": "0.11510", "2013-06-30": "0.09440", "2013-03-31": "0.09620", "2012-12-31": "0.09110", "2012-09-30": "0.11320", "2012-06-30": "0.09250", "2012-03-31": "0.09160", "2011-12-31": "0.08960", "2011-09-30": "0.11510", "2011-06-30": "0.08860", "2011-03-31": "0.08450", "2010-12-31": "0.08160", "2010-09-30": "0.11080", "2010-06-30": "0.08750", "2010-03-31": "0.08240", "2009-12-31": "0.07960", "2009-09-30": "0.10260", "2009-06-30": "0.08260", "2009-03-31": "0.08190", "2008-12-31": "0.08850", "2008-09-30": "0.13080", "2008-06-30": "0.09620", "2008-03-31": "0.09190", "2007-12-31": "0.09950", "2007-09-30": "0.12880", "2007-06-30": "0.10170", "2007-03-31": "0.08930", "2006-12-31": "0.08610", "2006-09-30": "0.13400", "2006-06-30": "0.10510", "2006-03-31": "0.09930", "2005-12-31": "0.09150", "2005-09-30": "0.13360", "2005-06-30": "0.10380", "2005-03-31": "0.10070"}, "Inventory Turnover Ratio": {"2020-09-30": "2.16670", "2020-06-30": "4.45900", "2020-03-31": "8.50180", "2019-12-31": "9.13910", "2019-09-30": "9.70640", "2019-06-30": "9.19300", "2019-03-31": "8.95100", "2018-12-31": "8.85840", "2018-09-30": "9.27570", "2018-06-30": "10.78460", "2018-03-31": "10.61140", "2017-12-31": "10.28520", "2017-09-30": "10.99030", "2017-06-30": "11.51580", "2017-03-31": "10.84440", "2016-12-31": "9.84560", "2016-09-30": "11.27590", "2016-06-30": "11.66210", "2016-03-31": "10.22780", "2015-12-31": "9.67050", "2015-09-30": "10.57930", "2015-06-30": "9.38760", "2015-03-31": "9.77600", "2014-12-31": "10.07970", "2014-09-30": "10.47930", "2014-06-30": "9.28110", "2014-03-31": "8.98340", "2013-12-31": "8.48070", "2013-09-30": "8.84260", "2013-06-30": "9.35820", "2013-03-31": "8.78680", "2012-12-31": "8.59890", "2012-09-30": "9.36640", "2012-06-30": "8.83380", "2012-03-31": "8.48630", "2011-12-31": "8.65330", "2011-09-30": "9.22880", "2011-06-30": "8.14430", "2011-03-31": "7.83360", "2010-12-31": "8.73040", "2010-09-30": "10.96420", "2010-06-30": "9.81240", "2010-03-31": "9.20780", "2009-12-31": "9.61510", "2009-09-30": "10.17740", "2009-06-30": "9.41700", "2009-03-31": "10.35630", "2008-12-31": "11.18710", "2008-09-30": "11.16160", "2008-06-30": "9.21900", "2008-03-31": "9.81450", "2007-12-31": "10.59350", "2007-09-30": "12.94250", "2007-06-30": "11.15360", "2007-03-31": "10.41510", "2006-12-31": "9.74880", "2006-09-30": "13.59840", "2006-06-30": "11.01930", "2006-03-31": "12.36950", "2005-12-31": "12.17620", "2005-09-30": "12.26240", "2005-06-30": "10.95830", "2005-03-31": "11.84200"}, "Receiveable Turnover": {"2020-09-30": "-0.20390", "2020-06-30": "0.85280", "2020-03-31": "9.20310", "2019-12-31": "8.23170", "2019-09-30": "9.13160", "2019-06-30": "8.23250", "2019-03-31": "6.50640", "2018-12-31": "7.18720", "2018-09-30": "7.25720", "2018-06-30": "6.57130", "2018-03-31": "5.22800", "2017-12-31": "6.29070", "2017-09-30": "9.00550", "2017-06-30": "8.31570", "2017-03-31": "6.85570", "2016-12-31": "6.54200", "2016-09-30": "9.37650", "2016-06-30": "9.75540", "2016-03-31": "7.57120", "2015-12-31": "7.95930", "2015-09-30": "10.44170", "2015-06-30": "9.68830", "2015-03-31": "6.11160", "2014-12-31": "6.95440", "2014-09-30": "9.44480", "2014-06-30": "6.74590", "2014-03-31": "6.31100", "2013-12-31": "7.13840", "2013-09-30": "6.75910", "2013-06-30": "6.07240", "2013-03-31": "6.20470", "2012-12-31": "6.41800", "2012-09-30": "7.39390", "2012-06-30": "6.39720", "2012-03-31": "5.86090", "2011-12-31": "6.07080", "2011-09-30": "7.64020", "2011-06-30": "6.45900", "2011-03-31": "6.03860", "2010-12-31": "6.01590", "2010-09-30": "7.37560", "2010-06-30": "7.54790", "2010-03-31": "5.76750", "2009-12-31": "4.28470", "2009-09-30": "5.26960", "2009-06-30": "5.59240", "2009-03-31": "6.81520", "2008-12-31": "5.36800", "2008-09-30": "6.36590", "2008-06-30": "6.32100", "2008-03-31": "6.04790", "2007-12-31": "4.75420", "2007-09-30": "5.78180", "2007-06-30": "6.96490", "2007-03-31": "5.90830", "2006-12-31": "6.20390", "2006-09-30": "15.34200", "2006-06-30": "15.32010", "2006-03-31": "13.93810", "2005-12-31": "10.80940", "2005-09-30": "20.07960", "2005-06-30": "14.50860", "2005-03-31": "14.20340"}, "Days Sales In Receivables": {"2020-09-30": "-441.41090", "2020-06-30": "105.53740", "2020-03-31": "9.77930", "2019-12-31": "10.93340", "2019-09-30": "9.85590", "2019-06-30": "10.93230", "2019-03-31": "13.83260", "2018-12-31": "12.52220", "2018-09-30": "12.40140", "2018-06-30": "13.69590", "2018-03-31": "17.21490", "2017-12-31": "14.30690", "2017-09-30": "9.99390", "2017-06-30": "10.82290", "2017-03-31": "13.12770", "2016-12-31": "13.75730", "2016-09-30": "9.59850", "2016-06-30": "9.22560", "2016-03-31": "11.88720", "2015-12-31": "11.30750", "2015-09-30": "8.61930", "2015-06-30": "9.28950", "2015-03-31": "14.72600", "2014-12-31": "12.94140", "2014-09-30": "9.52900", "2014-06-30": "13.34140", "2014-03-31": "14.26080", "2013-12-31": "12.60800", "2013-09-30": "13.31540", "2013-06-30": "14.82110", "2013-03-31": "14.50520", "2012-12-31": "14.02310", "2012-09-30": "12.17210", "2012-06-30": "14.06870", "2012-03-31": "15.35590", "2011-12-31": "14.82490", "2011-09-30": "11.77980", "2011-06-30": "13.93410", "2011-03-31": "14.90410", "2010-12-31": "14.96040", "2010-09-30": "12.20240", "2010-06-30": "11.92380", "2010-03-31": "15.60480", "2009-12-31": "21.00510", "2009-09-30": "17.07920", "2009-06-30": "16.09330", "2009-03-31": "13.20590", "2008-12-31": "16.76590", "2008-09-30": "14.13780", "2008-06-30": "14.23820", "2008-03-31": "14.88110", "2007-12-31": "18.93080", "2007-09-30": "15.56620", "2007-06-30": "12.92200", "2007-03-31": "15.23290", "2006-12-31": "14.50710", "2006-09-30": "5.86630", "2006-06-30": "5.87460", "2006-03-31": "6.45710", "2005-12-31": "8.32610", "2005-09-30": "4.48220", "2005-06-30": "6.20320", "2005-03-31": "6.33650"}, "ROE - Return On Equity": {"2020-09-30": "-16.08090", "2020-06-30": "-18.20470", "2020-03-31": "-14.04480", "2019-12-31": "2.30580", "2019-09-30": "7.43400", "2019-06-30": "4.15960", "2019-03-31": "2.27890", "2018-12-31": "2.88550", "2018-09-30": "7.14750", "2018-06-30": "4.32810", "2018-03-31": "2.05370", "2017-12-31": "2.69140", "2017-09-30": "7.21420", "2017-06-30": "3.81610", "2017-03-31": "2.31710", "2016-12-31": "2.86230", "2016-09-30": "7.88670", "2016-06-30": "2.82240", "2016-03-31": "1.25690", "2015-12-31": "2.56480", "2015-09-30": "2.77120", "2015-06-30": "2.22310", "2015-03-31": "0.56720", "2014-12-31": "1.32500", "2014-09-30": "5.43450", "2014-06-30": "1.55580", "2014-03-31": "0.30140", "2013-12-31": "0.07970", "2013-09-30": "4.17370", "2013-06-30": "0.29580", "2013-03-31": "0.91410", "2012-12-31": "-4.72760", "2012-09-30": "4.22610", "2012-06-30": "-0.04420", "2012-03-31": "0.54660", "2011-12-31": "0.43490", "2011-09-30": "4.72810", "2011-06-30": "1.11990", "2011-03-31": "0.94720", "2010-12-31": "0.30750", "2010-09-30": "4.46020", "2010-06-30": "0.74130", "2010-03-31": "1.17140", "2009-12-31": "-0.08780", "2009-09-30": "3.09510", "2009-06-30": "-0.49780", "2009-03-31": "-0.53690", "2008-12-31": "0.02170", "2008-09-30": "5.86710", "2008-06-30": "1.20260", "2008-03-31": "1.09460", "2007-12-31": "1.04830", "2007-09-30": "5.93500", "2007-06-30": "2.06810", "2007-03-31": "0.14480", "2006-12-31": "0.76540", "2006-09-30": "5.71510", "2006-06-30": "2.16670", "2006-03-31": "2.09840", "2005-12-31": "-0.06490", "2005-09-30": "6.72590", "2005-06-30": "3.04330", "2005-03-31": "2.79920"}, "Return On Tangible Equity": {"2020-09-30": "-17.81210", "2020-06-30": "-20.01160", "2020-03-31": "-15.25100", "2019-12-31": "2.60220", "2019-09-30": "8.39660", "2019-06-30": "4.72150", "2019-03-31": "2.59640", "2018-12-31": "3.29440", "2018-09-30": "8.13380", "2018-06-30": "4.44710", "2018-03-31": "2.11090", "2017-12-31": "2.76590", "2017-09-30": "7.41940", "2017-06-30": "3.93320", "2017-03-31": "2.39160", "2016-12-31": "2.95580", "2016-09-30": "8.15430", "2016-06-30": "2.92600", "2016-03-31": "1.30430", "2015-12-31": "2.65940", "2015-09-30": "2.87090", "2015-06-30": "2.33830", "2015-03-31": "0.59760", "2014-12-31": "1.39590", "2014-09-30": "5.70420", "2014-06-30": "1.63680", "2014-03-31": "0.31730", "2013-12-31": "0.08390", "2013-09-30": "4.39260", "2013-06-30": "0.31180", "2013-03-31": "0.96370", "2012-12-31": "-4.98750", "2012-09-30": "4.62020", "2012-06-30": "-0.04850", "2012-03-31": "0.59950", "2011-12-31": "0.47720", "2011-09-30": "5.19660", "2011-06-30": "1.23860", "2011-03-31": "1.04670", "2010-12-31": "0.34020", "2010-09-30": "4.94380", "2010-06-30": "0.82290", "2010-03-31": "1.30480", "2009-12-31": "-0.09810", "2009-09-30": "3.46950", "2009-06-30": "-0.55980", "2009-03-31": "-0.60440", "2008-12-31": "0.02460", "2008-09-30": "6.60270", "2008-06-30": "1.36620", "2008-03-31": "1.24680", "2007-12-31": "1.18860", "2007-09-30": "6.71470", "2007-06-30": "2.34780", "2007-03-31": "0.16450", "2006-12-31": "0.86820", "2006-09-30": "5.99600", "2006-06-30": "2.28100", "2006-03-31": "2.20820", "2005-12-31": "-0.06840", "2005-09-30": "7.07990", "2005-06-30": "3.21900", "2005-03-31": "2.96800"}, "ROA - Return On Assets": {"2020-09-30": "-4.20790", "2020-06-30": "-4.89950", "2020-03-31": "-4.29670", "2019-12-31": "0.92500", "2019-09-30": "2.98530", "2019-06-30": "1.61010", "2019-03-31": "0.89420", "2018-12-31": "1.15690", "2018-09-30": "2.99110", "2018-06-30": "1.93830", "2018-03-31": "0.91220", "2017-12-31": "1.28810", "2017-09-30": "3.40660", "2017-06-30": "1.67780", "2017-03-31": "0.97530", "2016-12-31": "1.17020", "2016-09-30": "3.08800", "2016-06-30": "1.02310", "2016-03-31": "0.47290", "2015-12-31": "0.99510", "2015-09-30": "1.09160", "2015-06-30": "0.86450", "2015-03-31": "0.21670", "2014-12-31": "0.52990", "2014-09-30": "2.50130", "2014-06-30": "0.68790", "2014-03-31": "0.13150", "2013-12-31": "0.03500", "2013-09-30": "1.82070", "2013-06-30": "0.12400", "2013-03-31": "0.38370", "2012-12-31": "-1.98110", "2012-09-30": "1.86990", "2012-06-30": "-0.01850", "2012-03-31": "0.23450", "2011-12-31": "0.18460", "2011-09-30": "1.97800", "2011-06-30": "0.46870", "2011-03-31": "0.39650", "2010-12-31": "0.12360", "2010-09-30": "1.88210", "2010-06-30": "0.29360", "2010-03-31": "0.48480", "2009-12-31": "-0.03610", "2009-09-30": "1.34060", "2009-06-30": "-0.21480", "2009-03-31": "-0.22380", "2008-12-31": "0.00900", "2008-09-30": "2.61170", "2008-06-30": "0.51480", "2008-03-31": "0.48620", "2007-12-31": "0.47280", "2007-09-30": "2.60450", "2007-06-30": "0.88420", "2007-03-31": "0.06440", "2006-12-31": "0.34810", "2006-09-30": "2.82820", "2006-06-30": "0.99530", "2006-03-31": "1.03450", "2005-12-31": "-0.03200", "2005-09-30": "3.33250", "2005-06-30": "1.33930", "2005-03-31": "1.18200"}, "ROI - Return On Investment": {"2020-09-30": "-5.15870", "2020-06-30": "-6.10780", "2020-03-31": "-6.38540", "2019-12-31": "1.36300", "2019-09-30": "4.28140", "2019-06-30": "2.34580", "2019-03-31": "1.36630", "2018-12-31": "1.64670", "2018-09-30": "4.26860", "2018-06-30": "2.57410", "2018-03-31": "1.19410", "2017-12-31": "1.68910", "2017-09-30": "4.55940", "2017-06-30": "2.28640", "2017-03-31": "1.33300", "2016-12-31": "1.51590", "2016-09-30": "4.02820", "2016-06-30": "1.32900", "2016-03-31": "0.63170", "2015-12-31": "1.31800", "2015-09-30": "1.44430", "2015-06-30": "1.16240", "2015-03-31": "0.29290", "2014-12-31": "0.68910", "2014-09-30": "3.21790", "2014-06-30": "0.86320", "2014-03-31": "0.16290", "2013-12-31": "0.04580", "2013-09-30": "2.48050", "2013-06-30": "0.16820", "2013-03-31": "0.53250", "2012-12-31": "-2.57080", "2012-09-30": "2.39960", "2012-06-30": "-0.02380", "2012-03-31": "0.28480", "2011-12-31": "0.22480", "2011-09-30": "2.40710", "2011-06-30": "0.57530", "2011-03-31": "0.47940", "2010-12-31": "0.15330", "2010-09-30": "2.36100", "2010-06-30": "0.37430", "2010-03-31": "0.61100", "2009-12-31": "-0.04340", "2009-09-30": "1.63720", "2009-06-30": "-0.26800", "2009-03-31": "-0.27360", "2008-12-31": "0.01110", "2008-09-30": "3.26420", "2008-06-30": "0.65250", "2008-03-31": "0.59750", "2007-12-31": "0.58520", "2007-09-30": "3.29000", "2007-06-30": "1.12270", "2007-03-31": "0.08070", "2006-12-31": "0.41880", "2006-09-30": "3.37780", "2006-06-30": "1.24640", "2006-03-31": "1.28670", "2005-12-31": "-0.03960", "2005-09-30": "4.08840", "2005-06-30": "1.64600", "2005-03-31": "1.41460"}, "Book Value Per Share": {"2020-09-30": "38.79120", "2020-06-30": "42.81000", "2020-03-31": "48.86970", "2019-12-31": "58.25570", "2019-09-30": "57.13970", "2019-06-30": "55.07100", "2019-03-31": "53.77750", "2018-12-31": "53.13190", "2018-09-30": "54.25520", "2018-06-30": "51.18490", "2018-03-31": "50.28480", "2017-12-31": "50.16600", "2017-09-30": "48.74690", "2017-06-30": "45.01880", "2017-03-31": "43.08950", "2016-12-31": "42.50540", "2016-09-30": "40.96640", "2016-06-30": "37.84210", "2016-03-31": "36.54350", "2015-12-31": "36.98760", "2015-09-30": "37.52850", "2015-06-30": "37.83220", "2015-03-31": "36.26350", "2014-12-31": "37.77690", "2014-09-30": "40.51520", "2014-06-30": "39.80230", "2014-03-31": "39.52270", "2013-12-31": "39.95150", "2013-09-30": "39.84310", "2013-06-30": "38.09580", "2013-03-31": "38.00660", "2012-12-31": "37.97920", "2012-09-30": "39.90660", "2012-06-30": "37.96120", "2012-03-31": "39.44440", "2011-12-31": "38.73560", "2011-09-30": "38.84550", "2011-06-30": "38.46120", "2011-03-31": "38.14840", "2010-12-31": "36.59400", "2010-09-30": "36.48140", "2010-06-30": "35.33450", "2010-03-31": "34.73610", "2009-12-31": "35.05360", "2009-09-30": "34.79930", "2009-06-30": "32.96990", "2009-03-31": "31.57730", "2008-12-31": "31.96570", "2008-09-30": "32.98970", "2008-06-30": "33.12310", "2008-03-31": "32.46910", "2007-12-31": "31.80180", "2007-09-30": "31.34190", "2007-06-30": "29.32120", "2007-03-31": "28.78950", "2006-12-31": "28.80120", "2006-09-30": "28.74960", "2006-06-30": "27.23270", "2006-03-31": "26.95990", "2005-12-31": "26.40430", "2005-09-30": "26.61960", "2005-06-30": "24.84610", "2005-03-31": "24.34230"}, "Operating Cash Flow Per Share": {"2020-09-30": -3.7853, "2020-06-30": -10.7353, "2020-03-31": "0.95030", "2019-12-31": 2.9159, "2019-09-30": 4.3347, "2019-06-30": 5.3137, "2019-03-31": "5.13860", "2018-12-31": 3.3602, "2018-09-30": 3.996, "2018-06-30": 4.763, "2018-03-31": "4.32640", "2017-12-31": 1.9539, "2017-09-30": 3.6936, "2017-06-30": 3.9888, "2017-03-31": "3.69080", "2016-12-31": 2.3563, "2016-09-30": 3.3977, "2016-06-30": 3.6868, "2016-03-31": "2.19350", "2015-12-31": 1.5483, "2015-09-30": 2.5617, "2015-06-30": 2.7786, "2015-03-31": "1.93090", "2014-12-31": 1.298, "2014-09-30": 2.5764, "2014-06-30": 2.5254, "2014-03-31": "1.41820", "2013-12-31": 0.8252, "2013-09-30": 2.5169, "2013-06-30": 1.9549, "2013-03-31": "1.09420", "2012-12-31": 0.9506, "2012-09-30": 2.6672, "2012-06-30": 1.6966, "2012-03-31": "0.98170", "2011-12-31": 0.827, "2011-09-30": 2.3181, "2011-06-30": 2.1956, "2011-03-31": "1.29960", "2010-12-31": 1.0372, "2010-09-30": 1.955, "2010-06-30": 2.7434, "2010-03-31": "1.90310", "2009-12-31": 0.8465, "2009-09-30": 1.474, "2009-06-30": 1.0707, "2009-03-31": "0.53310", "2008-12-31": 0.1231, "2008-09-30": 1.3248, "2008-06-30": 2.1462, "2008-03-31": "1.40720", "2007-12-31": 0.5081, "2007-09-30": 1.5696, "2007-06-30": 2.1621, "2007-03-31": "1.68160", "2006-12-31": 0.0299, "2006-09-30": 1.2564, "2006-06-30": 1.5055, "2006-03-31": "1.49070", "2005-12-31": 0.5669, "2005-09-30": 0.8997, "2005-06-30": 1.6524, "2005-03-31": "1.61600"}, "Free Cash Flow Per Share": {"2020-09-30": -4.4838, "2020-06-30": -11.4177, "2020-03-31": "-5.01480", "2019-12-31": -0.3467, "2019-09-30": 2.0735, "2019-06-30": -1.3305, "2019-03-31": "2.89860", "2018-12-31": -1.988, "2018-09-30": 2.4567, "2018-06-30": 2.4034, "2018-03-31": "-3.72710", "2017-12-31": 1.1337, "2017-09-30": 3.1568, "2017-06-30": 3.2998, "2017-03-31": "4.18760", "2016-12-31": 1.554, "2016-09-30": 2.1409, "2016-06-30": -4.6385, "2016-03-31": "1.04680", "2015-12-31": 0.3907, "2015-09-30": 1.622, "2015-06-30": -1.0551, "2015-03-31": "0.55140", "2014-12-31": -4.3225, "2014-09-30": 2.5951, "2014-06-30": 1.7908, "2014-03-31": "0.61970", "2013-12-31": -0.2153, "2013-09-30": 1.8954, "2013-06-30": 0.9689, "2013-03-31": "0.28520", "2012-12-31": -2.9767, "2012-09-30": 2.2357, "2012-06-30": 1.0237, "2012-03-31": "0.17320", "2011-12-31": 0.1765, "2011-09-30": -1.2371, "2011-06-30": 1.3526, "2011-03-31": "2.56850", "2010-12-31": -4.7527, "2010-09-30": 1.5942, "2010-06-30": -0.3853, "2010-03-31": "1.13620", "2009-12-31": -3.9633, "2009-09-30": -2.3589, "2009-06-30": 0.5835, "2009-03-31": "-0.49340", "2008-12-31": -3.6586, "2008-09-30": 0.8538, "2008-06-30": -2.766, "2008-03-31": "0.19120", "2007-12-31": 0.0762, "2007-09-30": 0.8764, "2007-06-30": -2.141, "2007-03-31": "0.96120", "2006-12-31": -0.5187, "2006-09-30": 0.1234, "2006-06-30": -1.5468, "2006-03-31": "0.90160", "2005-12-31": 0.0937, "2005-09-30": 0.1874, "2005-06-30": 1.3235, "2005-03-31": "1.29880"}}, "revenue": {"Royal Caribbean Cruises Annual Revenue (Millions of US $)": {"2019": "$10,951", "2018": "$9,494", "2017": "$8,778", "2016": "$8,496", "2015": "$8,299", "2014": "$8,074", "2013": "$7,960", "2012": "$7,688", "2011": "$7,537", "2010": "$6,753", "2009": "$5,890", "2008": "$6,533", "2007": "$6,149", "2006": "$5,230", "2005": "$4,903"}, "Royal Caribbean Cruises Quarterly Revenue (Millions of US $)": {"2020-09-30": "$-34", "2020-06-30": "$176", "2020-03-31": "$2,033", "2019-12-31": "$2,517", "2019-09-30": "$3,187", "2019-06-30": "$2,807", "2019-03-31": "$2,440", "2018-12-31": "$2,332", "2018-09-30": "$2,796", "2018-06-30": "$2,338", "2018-03-31": "$2,028", "2017-12-31": "$2,004", "2017-09-30": "$2,570", "2017-06-30": "$2,195", "2017-03-31": "$2,009", "2016-12-31": "$1,910", "2016-09-30": "$2,564", "2016-06-30": "$2,105", "2016-03-31": "$1,918", "2015-12-31": "$1,902", "2015-09-30": "$2,523", "2015-06-30": "$2,058", "2015-03-31": "$1,816", "2014-12-31": "$1,818", "2014-09-30": "$2,389", "2014-06-30": "$1,980", "2014-03-31": "$1,887", "2013-12-31": "$1,854", "2013-09-30": "$2,312", "2013-06-30": "$1,883", "2013-03-31": "$1,911", "2012-12-31": "$1,806", "2012-09-30": "$2,226", "2012-06-30": "$1,821", "2012-03-31": "$1,834", "2011-12-31": "$1,775", "2011-09-30": "$2,322", "2011-06-30": "$1,768", "2011-03-31": "$1,672", "2010-12-31": "$1,604", "2010-09-30": "$2,061", "2010-06-30": "$1,602", "2010-03-31": "$1,486", "2009-12-31": "$1,452", "2009-09-30": "$1,764", "2009-06-30": "$1,349", "2009-03-31": "$1,326", "2008-12-31": "$1,456", "2008-09-30": "$2,063", "2008-06-30": "$1,584", "2008-03-31": "$1,429", "2007-12-31": "$1,491", "2007-09-30": "$1,954", "2007-06-30": "$1,481", "2007-03-31": "$1,223", "2006-12-31": "$1,153", "2006-09-30": "$1,637", "2006-06-30": "$1,293", "2006-03-31": "$1,147", "2005-12-31": "$1,030", "2005-09-30": "$1,502", "2005-06-30": "$1,203", "2005-03-31": "$1,168"}}, "gross-profit": {"Royal Caribbean Cruises Annual Gross Profit (Millions of US $)": {"2019": "$4,888", "2018": "$4,232", "2017": "$3,881", "2016": "$3,481", "2015": "$3,200", "2014": "$2,768", "2013": "$2,655", "2012": "$2,531", "2011": "$2,595", "2010": "$2,294", "2009": "$1,819", "2008": "$2,129", "2007": "$2,167", "2006": "$1,980", "2005": "$1,909"}, "Royal Caribbean Cruises Quarterly Gross Profit (Millions of US $)": {"2020-09-30": "$-342", "2020-06-30": "$-505", "2020-03-31": "$522", "2019-12-31": "$1,036", "2019-09-30": "$1,564", "2019-06-30": "$1,262", "2019-03-31": "$1,026", "2018-12-31": "$972", "2018-09-30": "$1,385", "2018-06-30": "$1,023", "2018-03-31": "$852", "2017-12-31": "$859", "2017-09-30": "$1,251", "2017-06-30": "$938", "2017-03-31": "$833", "2016-12-31": "$786", "2016-09-30": "$1,224", "2016-06-30": "$795", "2016-03-31": "$676", "2015-12-31": "$729", "2015-09-30": "$1,136", "2015-06-30": "$742", "2015-03-31": "$593", "2014-12-31": "$573", "2014-09-30": "$962", "2014-06-30": "$649", "2014-03-31": "$583", "2013-12-31": "$571", "2013-09-30": "$895", "2013-06-30": "$559", "2013-03-31": "$629", "2012-12-31": "$548", "2012-09-30": "$878", "2012-06-30": "$525", "2012-03-31": "$579", "2011-12-31": "$525", "2011-09-30": "$917", "2011-06-30": "$582", "2011-03-31": "$571", "2010-12-31": "$498", "2010-09-30": "$821", "2010-06-30": "$516", "2010-03-31": "$460", "2009-12-31": "$414", "2009-09-30": "$647", "2009-06-30": "$384", "2009-03-31": "$373", "2008-12-31": "$381", "2008-09-30": "$788", "2008-06-30": "$493", "2008-03-31": "$467", "2007-12-31": "$466", "2007-09-30": "$804", "2007-06-30": "$516", "2007-03-31": "$382", "2006-12-31": "$403", "2006-09-30": "$693", "2006-06-30": "$468", "2006-03-31": "$416", "2005-12-31": "$326", "2005-09-30": "$658", "2005-06-30": "$463", "2005-03-31": "$462"}}, "operating-income": {"Royal Caribbean Cruises Annual Operating Income (Millions of US $)": {"2019": "$2,083", "2018": "$1,895", "2017": "$1,744", "2016": "$1,477", "2015": "$875", "2014": "$942", "2013": "$798", "2012": "$403", "2011": "$932", "2010": "$803", "2009": "$489", "2008": "$832", "2007": "$901", "2006": "$858", "2005": "$872"}, "Royal Caribbean Cruises Quarterly Operating Income (Millions of US $)": {"2020-09-30": "$-996", "2020-06-30": "$-1,282", "2020-03-31": "$-1,306", "2019-12-31": "$299", "2019-09-30": "$891", "2019-06-30": "$574", "2019-03-31": "$319", "2018-12-31": "$364", "2018-09-30": "$800", "2018-06-30": "$457", "2018-03-31": "$274", "2017-12-31": "$307", "2017-09-30": "$737", "2017-06-30": "$420", "2017-03-31": "$280", "2016-12-31": "$297", "2016-09-30": "$735", "2016-06-30": "$282", "2016-03-31": "$163", "2015-12-31": "$250", "2015-09-30": "$258", "2015-06-30": "$261", "2015-03-31": "$106", "2014-12-31": "$119", "2014-09-30": "$529", "2014-06-30": "$196", "2014-03-31": "$97", "2013-12-31": "$75", "2013-09-30": "$444", "2013-06-30": "$113", "2013-03-31": "$166", "2012-12-31": "$-281", "2012-09-30": "$452", "2012-06-30": "$97", "2012-03-31": "$135", "2011-12-31": "$106", "2011-09-30": "$508", "2011-06-30": "$168", "2011-03-31": "$150", "2010-12-31": "$122", "2010-09-30": "$446", "2010-06-30": "$144", "2010-03-31": "$92", "2009-12-31": "$82", "2009-09-30": "$307", "2009-06-30": "$55", "2009-03-31": "$44", "2008-12-31": "$64", "2008-09-30": "$462", "2008-06-30": "$169", "2008-03-31": "$138", "2007-12-31": "$138", "2007-09-30": "$483", "2007-06-30": "$201", "2007-03-31": "$80", "2006-12-31": "$114", "2006-09-30": "$420", "2006-06-30": "$184", "2006-03-31": "$141", "2005-12-31": "$56", "2005-09-30": "$400", "2005-06-30": "$214", "2005-03-31": "$201"}}, "ebitda": {"Royal Caribbean Cruises Annual EBITDA (Millions of US $)": {"2019": "$3,392", "2018": "$2,981", "2017": "$2,741", "2016": "$2,425", "2015": "$1,754", "2014": "$1,769", "2013": "$1,553", "2012": "$1,134", "2011": "$1,634", "2010": "$1,446", "2009": "$1,057", "2008": "$1,352", "2007": "$1,384", "2006": "$1,298", "2005": "$1,319"}, "Royal Caribbean Cruises Quarterly EBITDA (Millions of US $)": {"2020-09-30": "$-623", "2020-06-30": "$-942", "2020-03-31": "$-968", "2019-12-31": "$636", "2019-09-30": "$1,222", "2019-06-30": "$904", "2019-03-31": "$629", "2018-12-31": "$661", "2018-09-30": "$1,079", "2018-06-30": "$716", "2018-03-31": "$524", "2017-12-31": "$556", "2017-09-30": "$989", "2017-06-30": "$667", "2017-03-31": "$529", "2016-12-31": "$543", "2016-09-30": "$978", "2016-06-30": "$517", "2016-03-31": "$386", "2015-12-31": "$511", "2015-09-30": "$469", "2015-06-30": "$468", "2015-03-31": "$306", "2014-12-31": "$368", "2014-09-30": "$722", "2014-06-30": "$388", "2014-03-31": "$291", "2013-12-31": "$266", "2013-09-30": "$633", "2013-06-30": "$300", "2013-03-31": "$355", "2012-12-31": "$-93", "2012-09-30": "$634", "2012-06-30": "$277", "2012-03-31": "$315", "2011-12-31": "$286", "2011-09-30": "$685", "2011-06-30": "$340", "2011-03-31": "$323", "2010-12-31": "$286", "2010-09-30": "$608", "2010-06-30": "$304", "2010-03-31": "$249", "2009-12-31": "$229", "2009-09-30": "$451", "2009-06-30": "$193", "2009-03-31": "$184", "2008-12-31": "$198", "2008-09-30": "$597", "2008-06-30": "$296", "2008-03-31": "$262", "2007-12-31": "$261", "2007-09-30": "$605", "2007-06-30": "$323", "2007-03-31": "$196", "2006-12-31": "$222", "2006-09-30": "$531", "2006-06-30": "$294", "2006-03-31": "$251", "2005-12-31": "$166", "2005-09-30": "$512", "2005-06-30": "$327", "2005-03-31": "$314"}}, "net-income": {"Royal Caribbean Cruises Annual Net Income (Millions of US $)": {"2019": "$1,879", "2018": "$1,811", "2017": "$1,625", "2016": "$1,283", "2015": "$666", "2014": "$764", "2013": "$474", "2012": "$18", "2011": "$607", "2010": "$516", "2009": "$152", "2008": "$574", "2007": "$603", "2006": "$634", "2005": "$716"}, "Royal Caribbean Cruises Quarterly Net Income (Millions of US $)": {"2020-09-30": "$-1,347", "2020-06-30": "$-1,639", "2020-03-31": "$-1,444", "2019-12-31": "$273", "2019-09-30": "$883", "2019-06-30": "$473", "2019-03-31": "$250", "2018-12-31": "$316", "2018-09-30": "$810", "2018-06-30": "$466", "2018-03-31": "$219", "2017-12-31": "$288", "2017-09-30": "$753", "2017-06-30": "$370", "2017-03-31": "$215", "2016-12-31": "$261", "2016-09-30": "$693", "2016-06-30": "$230", "2016-03-31": "$99", "2015-12-31": "$207", "2015-09-30": "$229", "2015-06-30": "$185", "2015-03-31": "$45", "2014-12-31": "$110", "2014-09-30": "$490", "2014-06-30": "$138", "2014-03-31": "$26", "2013-12-31": "$7", "2013-09-30": "$366", "2013-06-30": "$25", "2013-03-31": "$76", "2012-12-31": "$-393", "2012-09-30": "$368", "2012-06-30": "$-4", "2012-03-31": "$47", "2011-12-31": "$37", "2011-09-30": "$399", "2011-06-30": "$93", "2011-03-31": "$78", "2010-12-31": "$24", "2010-09-30": "$350", "2010-06-30": "$54", "2010-03-31": "$87", "2009-12-31": "$-7", "2009-09-30": "$230", "2009-06-30": "$-35", "2009-03-31": "$-36", "2008-12-31": "$1", "2008-09-30": "$412", "2008-06-30": "$85", "2008-03-31": "$76", "2007-12-31": "$71", "2007-09-30": "$395", "2007-06-30": "$129", "2007-03-31": "$9", "2006-12-31": "$47", "2006-09-30": "$345", "2006-06-30": "$122", "2006-03-31": "$119", "2005-12-31": "$-4", "2005-09-30": "$375", "2005-06-30": "$155", "2005-03-31": "$190"}}, "eps-earnings-per-share-diluted": {"Royal Caribbean Cruises Annual EPS": {"2019": "$8.95", "2018": "$8.56", "2017": "$7.53", "2016": "$5.93", "2015": "$3.02", "2014": "$3.43", "2013": "$2.14", "2012": "$0.08", "2011": "$2.77", "2010": "$2.37", "2009": "$0.71", "2008": "$2.68", "2007": "$2.82", "2006": "$2.94", "2005": "$3.26"}, "Royal Caribbean Cruises Quarterly EPS": {"2020-09-30": "$-6.29", "2020-06-30": "$-7.83", "2020-03-31": "$-6.91", "2019-12-31": "$1.31", "2019-09-30": "$4.20", "2019-06-30": "$2.25", "2019-03-31": "$1.19", "2018-12-31": "$1.49", "2018-09-30": "$3.86", "2018-06-30": "$2.19", "2018-03-31": "$1.02", "2017-12-31": "$1.34", "2017-09-30": "$3.49", "2017-06-30": "$1.71", "2017-03-31": "$0.99", "2016-12-31": "$1.20", "2016-09-30": "$3.21", "2016-06-30": "$1.06", "2016-03-31": "$0.46", "2015-12-31": "$0.95", "2015-09-30": "$1.03", "2015-06-30": "$0.84", "2015-03-31": "$0.20", "2014-12-31": "$0.50", "2014-09-30": "$2.19", "2014-06-30": "$0.62", "2014-03-31": "$0.12", "2013-12-31": "$0.03", "2013-09-30": "$1.65", "2013-06-30": "$0.11", "2013-03-31": "$0.35", "2012-12-31": "$-1.79", "2012-09-30": "$1.68", "2012-06-30": "$-0.02", "2012-03-31": "$0.21", "2011-12-31": "$0.16", "2011-09-30": "$1.82", "2011-06-30": "$0.43", "2011-03-31": "$0.36", "2010-12-31": "$0.11", "2010-09-30": "$1.61", "2010-06-30": "$0.25", "2010-03-31": "$0.40", "2009-12-31": "$-0.03", "2009-09-30": "$1.07", "2009-06-30": "$-0.16", "2009-03-31": "$-0.17", "2008-12-31": "$0.01", "2008-09-30": "$1.92", "2008-06-30": "$0.40", "2008-03-31": "$0.35", "2007-12-31": "$0.34", "2007-09-30": "$1.84", "2007-06-30": "$0.60", "2007-03-31": "$0.04", "2006-12-31": "$0.19", "2006-09-30": "$1.63", "2006-06-30": "$0.57", "2006-03-31": "$0.55", "2005-12-31": "$0.04", "2005-09-30": "$1.64", "2005-06-30": "$0.72", "2005-03-31": "$0.86"}}, "shares-outstanding": {"Royal Caribbean Cruises Annual Shares Outstanding (Millions of Shares)": {"2019": "210", "2018": "212", "2017": "216", "2016": "216", "2015": "221", "2014": "223", "2013": "221", "2012": "219", "2011": "219", "2010": "218", "2009": "215", "2008": "214", "2007": "214", "2006": "221", "2005": "235"}, "Royal Caribbean Cruises Quarterly Shares Outstanding (Millions of Shares)": {"2020-09-30": "214", "2020-06-30": "209", "2020-03-31": "209", "2019-12-31": "210", "2019-09-30": "210", "2019-06-30": "210", "2019-03-31": "210", "2018-12-31": "212", "2018-09-30": "210", "2018-06-30": "213", "2018-03-31": "214", "2017-12-31": "216", "2017-09-30": "216", "2017-06-30": "216", "2017-03-31": "216", "2016-12-31": "216", "2016-09-30": "216", "2016-06-30": "216", "2016-03-31": "218", "2015-12-31": "221", "2015-09-30": "221", "2015-06-30": "221", "2015-03-31": "221", "2014-12-31": "223", "2014-09-30": "224", "2014-06-30": "223", "2014-03-31": "223", "2013-12-31": "221", "2013-09-30": "221", "2013-06-30": "221", "2013-03-31": "220", "2012-12-31": "219", "2012-09-30": "219", "2012-06-30": "218", "2012-03-31": "219", "2011-12-31": "219", "2011-09-30": "219", "2011-06-30": "219", "2011-03-31": "220", "2010-12-31": "218", "2010-09-30": "218", "2010-06-30": "218", "2010-03-31": "217", "2009-12-31": "215", "2009-09-30": "216", "2009-06-30": "214", "2009-03-31": "214", "2008-12-31": "214", "2008-09-30": "214", "2008-06-30": "214", "2008-03-31": "214", "2007-12-31": "214", "2007-09-30": "214", "2007-06-30": "214", "2007-03-31": "214", "2006-12-31": "221", "2006-09-30": "214", "2006-06-30": "228", "2006-03-31": "231", "2005-12-31": "235", "2005-09-30": "236", "2005-06-30": "236", "2005-03-31": "236"}}, "total-assets": {"Royal Caribbean Cruises Annual Total Assets (Millions of US $)": {"2019": "$30,320", "2018": "$27,698", "2017": "$22,361", "2016": "$22,310", "2015": "$20,782", "2014": "$20,713", "2013": "$20,073", "2012": "$19,828", "2011": "$19,804", "2010": "$19,654", "2009": "$18,233", "2008": "$16,463", "2007": "$14,982", "2006": "$13,393", "2005": "$11,256"}, "Royal Caribbean Cruises Quarterly Total Assets (Millions of US $)": {"2020-09-30": "$31,829", "2020-06-30": "$33,307", "2020-03-31": "$33,445", "2019-12-31": "$30,320", "2019-09-30": "$29,825", "2019-06-30": "$29,809", "2019-03-31": "$28,720", "2018-12-31": "$27,698", "2018-09-30": "$27,094", "2018-06-30": "$24,057", "2018-03-31": "$23,971", "2017-12-31": "$22,361", "2017-09-30": "$22,099", "2017-06-30": "$22,024", "2017-03-31": "$22,017", "2016-12-31": "$22,310", "2016-09-30": "$22,450", "2016-06-30": "$22,471", "2016-03-31": "$20,963", "2015-12-31": "$20,782", "2015-09-30": "$20,959", "2015-06-30": "$21,395", "2015-03-31": "$20,870", "2014-12-31": "$20,713", "2014-09-30": "$19,600", "2014-06-30": "$20,012", "2014-03-31": "$20,126", "2013-12-31": "$20,073", "2013-09-30": "$20,086", "2013-06-30": "$19,951", "2013-03-31": "$19,866", "2012-12-31": "$19,828", "2012-09-30": "$19,668", "2012-06-30": "$19,696", "2012-03-31": "$20,029", "2011-12-31": "$19,804", "2011-09-30": "$20,170", "2011-06-30": "$19,949", "2011-03-31": "$19,775", "2010-12-31": "$19,654", "2010-09-30": "$18,606", "2010-06-30": "$18,303", "2010-03-31": "$18,037", "2009-12-31": "$18,233", "2009-09-30": "$17,186", "2009-06-30": "$16,337", "2009-03-31": "$16,191", "2008-12-31": "$16,463", "2008-09-30": "$15,771", "2008-06-30": "$16,461", "2008-03-31": "$15,552", "2007-12-31": "$14,982", "2007-09-30": "$15,166", "2007-06-30": "$14,560", "2007-03-31": "$13,694", "2006-12-31": "$13,393", "2006-09-30": "$12,212", "2006-06-30": "$12,300", "2006-03-31": "$11,552", "2005-12-31": "$11,256", "2005-09-30": "$11,244", "2005-06-30": "$11,592", "2005-03-31": "$11,600"}}, "cash-on-hand": {"Royal Caribbean Cruises Annual Cash on Hand (Millions of US $)": {"2019": "$244", "2018": "$288", "2017": "$120", "2016": "$133", "2015": "$122", "2014": "$189", "2013": "$205", "2012": "$195", "2011": "$262", "2010": "$420", "2009": "$285", "2008": "$403", "2007": "$231", "2006": "$105", "2005": "$125"}, "Royal Caribbean Cruises Quarterly Cash on Hand (Millions of US $)": {"2020-09-30": "$3,017", "2020-06-30": "$4,147", "2020-03-31": "$3,891", "2019-12-31": "$244", "2019-09-30": "$277", "2019-06-30": "$235", "2019-03-31": "$248", "2018-12-31": "$288", "2018-09-30": "$255", "2018-06-30": "$109", "2018-03-31": "$111", "2017-12-31": "$120", "2017-09-30": "$140", "2017-06-30": "$130", "2017-03-31": "$109", "2016-12-31": "$133", "2016-09-30": "$178", "2016-06-30": "$175", "2016-03-31": "$117", "2015-12-31": "$122", "2015-09-30": "$147", "2015-06-30": "$159", "2015-03-31": "$230", "2014-12-31": "$189", "2014-09-30": "$183", "2014-06-30": "$185", "2014-03-31": "$217", "2013-12-31": "$205", "2013-09-30": "$210", "2013-06-30": "$205", "2013-03-31": "$216", "2012-12-31": "$195", "2012-09-30": "$241", "2012-06-30": "$212", "2012-03-31": "$278", "2011-12-31": "$262", "2011-09-30": "$451", "2011-06-30": "$551", "2011-03-31": "$470", "2010-12-31": "$420", "2010-09-30": "$442", "2010-06-30": "$319", "2010-03-31": "$278", "2009-12-31": "$285", "2009-09-30": "$286", "2009-06-30": "$310", "2009-03-31": "$456", "2008-12-31": "$403", "2008-09-30": "$302", "2008-06-30": "$387", "2008-03-31": "$441", "2007-12-31": "$231", "2007-09-30": "$412", "2007-06-30": "$212", "2007-03-31": "$200", "2006-12-31": "$105", "2006-09-30": "$221", "2006-06-30": "$323", "2006-03-31": "$272", "2005-12-31": "$125", "2005-09-30": "$189", "2005-06-30": "$298", "2005-03-31": "$311"}}, "long-term-debt": {"Royal Caribbean Cruises Annual Long Term Debt (Millions of US $)": {"2019": "$8,414", "2018": "$8,355", "2017": "$6,351", "2016": "$8,102", "2015": "$7,628", "2014": "$7,644", "2013": "$6,511", "2012": "$6,970", "2011": "$7,857", "2010": "$7,951", "2009": "$7,664", "2008": "$6,540", "2007": "$5,347", "2006": "$5,040", "2005": "$3,554"}, "Royal Caribbean Cruises Quarterly Long Term Debt (Millions of US $)": {"2020-09-30": "$17,634", "2020-06-30": "$17,753", "2020-03-31": "$12,273", "2019-12-31": "$8,414", "2019-09-30": "$8,819", "2019-06-30": "$8,922", "2019-03-31": "$7,526", "2018-12-31": "$8,355", "2018-09-30": "$7,647", "2018-06-30": "$7,341", "2018-03-31": "$7,665", "2017-12-31": "$6,351", "2017-09-30": "$6,076", "2017-06-30": "$6,479", "2017-03-31": "$6,841", "2016-12-31": "$8,102", "2016-09-30": "$8,420", "2016-06-30": "$9,153", "2016-03-31": "$7,807", "2015-12-31": "$7,628", "2015-09-30": "$7,585", "2015-06-30": "$7,592", "2015-03-31": "$7,470", "2014-12-31": "$7,644", "2014-09-30": "$6,214", "2014-06-30": "$7,099", "2014-03-31": "$7,462", "2013-12-31": "$6,511", "2013-09-30": "$5,981", "2013-06-30": "$6,348", "2013-03-31": "$5,976", "2012-12-31": "$6,970", "2012-09-30": "$6,624", "2012-06-30": "$7,069", "2012-03-31": "$7,899", "2011-12-31": "$7,857", "2011-09-30": "$8,136", "2011-06-30": "$7,902", "2011-03-31": "$8,077", "2010-12-31": "$7,951", "2010-09-30": "$6,980", "2010-06-30": "$7,109", "2010-03-31": "$6,848", "2009-12-31": "$7,664", "2009-09-30": "$6,628", "2009-06-30": "$6,045", "2009-03-31": "$6,494", "2008-12-31": "$6,540", "2008-09-30": "$5,598", "2008-06-30": "$5,941", "2008-03-31": "$5,747", "2007-12-31": "$5,347", "2007-09-30": "$5,351", "2007-06-30": "$5,242", "2007-03-31": "$4,846", "2006-12-31": "$5,040", "2006-09-30": "$4,182", "2006-06-30": "$4,172", "2006-03-31": "$3,593", "2005-12-31": "$3,554", "2005-09-30": "$3,594", "2005-06-30": "$4,330", "2005-03-31": "$4,795"}}, "total-liabilities": {"Royal Caribbean Cruises Annual Total Liabilities (Millions of US $)": {"2019": "$18,156", "2018": "$16,593", "2017": "$11,659", "2016": "$13,189", "2015": "$12,719", "2014": "$12,429", "2013": "$11,265", "2012": "$11,519", "2011": "$11,397", "2010": "$11,753", "2009": "$10,734", "2008": "$9,660", "2007": "$8,225", "2006": "$7,302", "2005": "$5,701"}, "Royal Caribbean Cruises Quarterly Total Liabilities (Millions of US $)": {"2020-09-30": "$23,500", "2020-06-30": "$24,343", "2020-03-31": "$23,213", "2019-12-31": "$18,156", "2019-09-30": "$17,849", "2019-06-30": "$18,271", "2019-03-31": "$17,451", "2018-12-31": "$16,593", "2018-09-30": "$15,755", "2018-06-30": "$13,283", "2018-03-31": "$13,324", "2017-12-31": "$11,659", "2017-09-30": "$11,664", "2017-06-30": "$12,341", "2017-03-31": "$12,750", "2016-12-31": "$13,189", "2016-09-30": "$13,660", "2016-06-30": "$14,326", "2016-03-31": "$13,076", "2015-12-31": "$12,719", "2015-09-30": "$12,703", "2015-06-30": "$13,075", "2015-03-31": "$12,896", "2014-12-31": "$12,429", "2014-09-30": "$10,579", "2014-06-30": "$11,163", "2014-03-31": "$11,349", "2013-12-31": "$11,265", "2013-09-30": "$11,324", "2013-06-30": "$11,585", "2013-03-31": "$11,528", "2012-12-31": "$11,519", "2012-09-30": "$10,966", "2012-06-30": "$11,424", "2012-03-31": "$11,436", "2011-12-31": "$11,397", "2011-09-30": "$11,732", "2011-06-30": "$11,600", "2011-03-31": "$11,498", "2010-12-31": "$11,753", "2010-09-30": "$10,755", "2010-06-30": "$11,055", "2010-03-31": "$10,572", "2009-12-31": "$10,734", "2009-09-30": "$9,743", "2009-06-30": "$9,288", "2009-03-31": "$9,441", "2008-12-31": "$9,660", "2008-09-30": "$8,750", "2008-06-30": "$9,414", "2008-03-31": "$8,645", "2007-12-31": "$8,225", "2007-09-30": "$8,510", "2007-06-30": "$8,335", "2007-03-31": "$7,598", "2006-12-31": "$7,302", "2006-09-30": "$6,169", "2006-06-30": "$6,650", "2006-03-31": "$5,857", "2005-12-31": "$5,701", "2005-09-30": "$5,673", "2005-06-30": "$6,490", "2005-03-31": "$6,702"}}, "total-share-holder-equity": {"Royal Caribbean Cruises Annual Share Holder Equity (Millions of US $)": {"2019": "$12,164", "2018": "$11,105", "2017": "$10,702", "2016": "$9,121", "2015": "$8,063", "2014": "$8,284", "2013": "$8,808", "2012": "$8,309", "2011": "$8,408", "2010": "$7,901", "2009": "$7,500", "2008": "$6,803", "2007": "$6,757", "2006": "$6,092", "2005": "$5,554"}, "Royal Caribbean Cruises Quarterly Share Holder Equity (Millions of US $)": {"2020-09-30": "$8,329", "2020-06-30": "$8,964", "2020-03-31": "$10,232", "2019-12-31": "$12,164", "2019-09-30": "$11,977", "2019-06-30": "$11,538", "2019-03-31": "$11,269", "2018-12-31": "$11,105", "2018-09-30": "$11,338", "2018-06-30": "$10,774", "2018-03-31": "$10,647", "2017-12-31": "$10,702", "2017-09-30": "$10,435", "2017-06-30": "$9,683", "2017-03-31": "$9,267", "2016-12-31": "$9,121", "2016-09-30": "$8,790", "2016-06-30": "$8,146", "2016-03-31": "$7,888", "2015-12-31": "$8,063", "2015-09-30": "$8,256", "2015-06-30": "$8,320", "2015-03-31": "$7,974", "2014-12-31": "$8,284", "2014-09-30": "$9,021", "2014-06-30": "$8,849", "2014-03-31": "$8,777", "2013-12-31": "$8,808", "2013-09-30": "$8,762", "2013-06-30": "$8,366", "2013-03-31": "$8,339", "2012-12-31": "$8,309", "2012-09-30": "$8,703", "2012-06-30": "$8,272", "2012-03-31": "$8,593", "2011-12-31": "$8,408", "2011-09-30": "$8,438", "2011-06-30": "$8,348", "2011-03-31": "$8,278", "2010-12-31": "$7,901", "2010-09-30": "$7,851", "2010-06-30": "$7,248", "2010-03-31": "$7,465", "2009-12-31": "$7,500", "2009-09-30": "$7,444", "2009-06-30": "$7,049", "2009-03-31": "$6,750", "2008-12-31": "$6,803", "2008-09-30": "$7,020", "2008-06-30": "$7,047", "2008-03-31": "$6,907", "2007-12-31": "$6,757", "2007-09-30": "$6,655", "2007-06-30": "$6,225", "2007-03-31": "$6,096", "2006-12-31": "$6,092", "2006-09-30": "$6,043", "2006-06-30": "$5,650", "2006-03-31": "$5,695", "2005-12-31": "$5,554", "2005-09-30": "$5,571", "2005-06-30": "$5,101", "2005-03-31": "$4,898"}}, "profit-margins": {"current": "-24.36%"}, "gross margin": {"2020-09-30": "15.15%", "2020-06-30": "33.07%", "2020-03-31": "41.58%", "2019-12-31": "44.64%", "2019-09-30": "44.81%", "2019-06-30": "44.77%", "2019-03-31": "44.48%", "2018-12-31": "44.58%", "2018-09-30": "44.94%", "2018-06-30": "44.57%", "2018-03-31": "44.33%", "2017-12-31": "44.21%", "2017-09-30": "43.85%", "2017-06-30": "43.57%", "2017-03-31": "42.36%", "2016-12-31": "40.97%", "2016-09-30": "40.33%", "2016-06-30": "39.49%", "2016-03-31": "39.08%", "2015-12-31": "38.56%", "2015-09-30": "37.05%", "2015-06-30": "35.52%", "2015-03-31": "34.70%", "2014-12-31": "34.27%", "2014-09-30": "34.09%", "2014-06-30": "33.59%", "2014-03-31": "32.86%", "2013-12-31": "33.34%", "2013-09-30": "33.25%", "2013-06-30": "33.40%", "2013-03-31": "33.23%", "2012-12-31": "32.91%", "2012-09-30": "32.75%", "2012-06-30": "32.84%", "2012-03-31": "33.81%", "2011-12-31": "34.43%", "2011-09-30": "34.86%", "2011-06-30": "34.79%", "2011-03-31": "34.67%", "2010-12-31": "33.98%", "2010-09-30": "33.49%", "2010-06-30": "32.31%", "2010-03-31": "31.48%", "2009-12-31": "30.86%", "2009-09-30": "30.28%", "2009-06-30": "31.09%", "2009-03-31": "31.65%", "2008-12-31": "32.59%", "2008-09-30": "33.71%", "2008-06-30": "34.53%", "2008-03-31": "35.45%", "2007-12-31": "35.26%", "2007-09-30": "36.22%", "2007-06-30": "36.29%", "2007-03-31": "36.68%", "2006-12-31": "37.86%", "2006-09-30": "37.26%", "2006-06-30": "37.57%", "2006-03-31": "38.16%", "2005-12-31": "38.94%"}, "operating margin": {"2020-09-30": "-70.01%", "2020-06-30": "-17.67%", "2020-03-31": "4.34%", "2019-12-31": "19.02%", "2019-09-30": "19.95%", "2019-06-30": "19.83%", "2019-03-31": "19.58%", "2018-12-31": "19.96%", "2018-09-30": "20.05%", "2018-06-30": "19.85%", "2018-03-31": "19.76%", "2017-12-31": "19.87%", "2017-09-30": "19.97%", "2017-06-30": "19.96%", "2017-03-31": "18.56%", "2016-12-31": "17.38%", "2016-09-30": "16.85%", "2016-06-30": "11.28%", "2016-03-31": "11.09%", "2015-12-31": "10.54%", "2015-09-30": "9.06%", "2015-06-30": "12.56%", "2015-03-31": "11.87%", "2014-12-31": "11.65%", "2014-09-30": "11.06%", "2014-06-30": "10.11%", "2014-03-31": "9.19%", "2013-12-31": "10.03%", "2013-09-30": "5.59%", "2013-06-30": "5.75%", "2013-03-31": "5.59%", "2012-12-31": "5.24%", "2012-09-30": "10.32%", "2012-06-30": "10.91%", "2012-03-31": "11.91%", "2011-12-31": "12.37%", "2011-09-30": "12.87%", "2011-06-30": "12.47%", "2011-03-31": "12.42%", "2010-12-31": "11.91%", "2010-09-30": "11.57%", "2010-06-30": "9.91%", "2010-03-31": "8.86%", "2009-12-31": "8.28%", "2009-09-30": "7.97%", "2009-06-30": "10.09%", "2009-03-31": "11.49%", "2008-12-31": "12.75%", "2008-09-30": "13.81%", "2008-06-30": "14.37%", "2008-03-31": "15.11%", "2007-12-31": "14.67%", "2007-09-30": "15.11%", "2007-06-30": "14.83%", "2007-03-31": "15.04%", "2006-12-31": "16.42%", "2006-09-30": "15.68%", "2006-06-30": "15.71%", "2006-03-31": "16.61%", "2005-12-31": "17.76%"}, "ebitda margin": {"2020-09-30": "-40.43%", "2020-06-30": "-0.66%", "2020-03-31": "17.01%", "2019-12-31": "30.97%", "2019-09-30": "31.73%", "2019-06-30": "31.55%", "2019-03-31": "31.14%", "2018-12-31": "31.39%", "2018-09-30": "31.37%", "2018-06-30": "31.15%", "2018-03-31": "31.10%", "2017-12-31": "31.23%", "2017-09-30": "31.41%", "2017-06-30": "31.31%", "2017-03-31": "29.89%", "2016-12-31": "28.53%", "2016-09-30": "28.18%", "2016-06-30": "22.29%", "2016-03-31": "21.83%", "2015-12-31": "21.14%", "2015-09-30": "19.61%", "2015-06-30": "23.07%", "2015-03-31": "22.29%", "2014-12-31": "21.91%", "2014-09-30": "20.55%", "2014-06-30": "19.64%", "2014-03-31": "18.78%", "2013-12-31": "19.52%", "2013-09-30": "15.10%", "2013-06-30": "15.28%", "2013-03-31": "15.11%", "2012-12-31": "14.74%", "2012-09-30": "19.75%", "2012-06-30": "20.16%", "2012-03-31": "21.12%", "2011-12-31": "21.68%", "2011-09-30": "22.18%", "2011-06-30": "21.91%", "2011-03-31": "21.92%", "2010-12-31": "21.43%", "2010-09-30": "21.06%", "2010-06-30": "19.56%", "2010-03-31": "18.54%", "2009-12-31": "17.94%", "2009-09-30": "17.40%", "2009-06-30": "18.92%", "2009-03-31": "19.83%", "2008-12-31": "20.71%", "2008-09-30": "21.56%", "2008-06-30": "22.05%", "2008-03-31": "22.83%", "2007-12-31": "22.52%", "2007-09-30": "23.16%", "2007-06-30": "23.15%", "2007-03-31": "23.43%", "2006-12-31": "24.82%", "2006-09-30": "24.32%", "2006-06-30": "24.60%", "2006-03-31": "25.73%", "2005-12-31": "26.90%"}, "pre tax profit margin": {"2020-09-30": "-87.98%", "2020-06-30": "-24.00%", "2020-03-31": "2.02%", "2019-12-31": "17.41%", "2019-09-30": "18.08%", "2019-06-30": "18.00%", "2019-03-31": "18.71%", "2018-12-31": "19.12%", "2018-09-30": "19.45%", "2018-06-30": "19.31%", "2018-03-31": "18.53%", "2017-12-31": "18.52%", "2017-09-30": "18.41%", "2017-06-30": "17.73%", "2017-03-31": "16.29%", "2016-12-31": "15.10%", "2016-09-30": "14.48%", "2016-06-30": "9.06%", "2016-03-31": "8.57%", "2015-12-31": "8.03%", "2015-09-30": "6.93%", "2015-06-30": "10.27%", "2015-03-31": "9.78%", "2014-12-31": "9.46%", "2014-09-30": "8.15%", "2014-06-30": "6.68%", "2014-03-31": "5.34%", "2013-12-31": "5.95%", "2013-09-30": "0.94%", "2013-06-30": "0.97%", "2013-03-31": "0.61%", "2012-12-31": "0.23%", "2012-09-30": "5.85%", "2012-06-30": "6.18%", "2012-03-31": "7.48%", "2011-12-31": "8.05%", "2011-09-30": "8.06%", "2011-06-30": "7.67%", "2011-03-31": "7.29%", "2010-12-31": "7.63%", "2010-09-30": "7.33%", "2010-06-30": "5.77%", "2010-03-31": "4.54%", "2009-12-31": "2.58%", "2009-09-30": "2.71%", "2009-06-30": "5.52%", "2009-03-31": "7.19%", "2008-12-31": "8.79%", "2008-09-30": "9.81%", "2008-06-30": "9.71%", "2008-03-31": "10.56%", "2007-12-31": "9.82%", "2007-09-30": "9.98%", "2007-06-30": "9.65%", "2007-03-31": "9.86%", "2006-12-31": "12.10%", "2006-09-30": "11.40%", "2006-06-30": "12.31%", "2006-03-31": "13.21%", "2005-12-31": "13.52%"}, "net profit margin": {"2020-09-30": "-88.60%", "2020-06-30": "-24.35%", "2020-03-31": "1.75%", "2019-12-31": "17.16%", "2019-09-30": "17.85%", "2019-06-30": "17.82%", "2019-03-31": "18.59%", "2018-12-31": "19.08%", "2018-09-30": "19.45%", "2018-06-30": "19.31%", "2018-03-31": "18.53%", "2017-12-31": "18.52%", "2017-09-30": "18.41%", "2017-06-30": "17.73%", "2017-03-31": "16.29%", "2016-12-31": "15.10%", "2016-09-30": "14.48%", "2016-06-30": "9.06%", "2016-03-31": "8.57%", "2015-12-31": "8.03%", "2015-09-30": "6.93%", "2015-06-30": "10.27%", "2015-03-31": "9.78%", "2014-12-31": "9.46%", "2014-09-30": "8.15%", "2014-06-30": "6.68%", "2014-03-31": "5.34%", "2013-12-31": "5.95%", "2013-09-30": "0.94%", "2013-06-30": "0.97%", "2013-03-31": "0.61%", "2012-12-31": "0.23%", "2012-09-30": "5.85%", "2012-06-30": "6.18%", "2012-03-31": "7.48%", "2011-12-31": "8.05%", "2011-09-30": "8.06%", "2011-06-30": "7.67%", "2011-03-31": "7.29%", "2010-12-31": "7.63%", "2010-09-30": "7.33%", "2010-06-30": "5.77%", "2010-03-31": "4.54%", "2009-12-31": "2.58%", "2009-09-30": "2.71%", "2009-06-30": "5.52%", "2009-03-31": "7.19%", "2008-12-31": "8.79%", "2008-09-30": "9.81%", "2008-06-30": "9.71%", "2008-03-31": "10.56%", "2007-12-31": "9.82%", "2007-09-30": "9.98%", "2007-06-30": "9.65%", "2007-03-31": "9.86%", "2006-12-31": "12.10%", "2006-09-30": "11.40%", "2006-06-30": "12.31%", "2006-03-31": "13.21%", "2005-12-31": "14.60%"}, "pe ratio": {"current": "0.00", "2021-02-05": "0.00", "2020-09-30": "0.00", "2020-06-30": "0.00", "2020-03-31": "38.30", "2019-12-31": "14.76", "2019-09-30": "11.64", "2019-06-30": "13.44", "2019-03-31": "12.72", "2018-12-31": "11.00", "2018-09-30": "14.79", "2018-06-30": "12.27", "2018-03-31": "14.75", "2017-12-31": "14.93", "2017-09-30": "15.03", "2017-06-30": "14.32", "2017-03-31": "14.09", "2016-12-31": "12.77", "2016-09-30": "12.15", "2016-06-30": "17.57", "2016-03-31": "22.83", "2015-12-31": "30.39", "2015-09-30": "31.33", "2015-06-30": "18.97", "2015-03-31": "20.89", "2014-12-31": "21.44", "2014-09-30": "20.15", "2014-06-30": "20.27", "2014-03-31": "25.09", "2013-12-31": "19.37", "2013-09-30": "107.31", "2013-06-30": "84.67", "2013-03-31": "136.16", "2012-12-31": "416.67", "2012-09-30": "12.66", "2012-06-30": "10.17", "2012-03-31": "9.49", "2011-12-31": "7.37", "2011-09-30": "6.35", "2011-06-30": "11.73", "2011-03-31": "13.61", "2010-12-31": "15.63", "2010-09-30": "11.29", "2010-06-30": "10.78", "2010-03-31": "20.79", "2009-12-31": "27.87", "2009-09-30": "26.91", "2009-06-30": "7.09", "2009-03-31": "3.11", "2008-12-31": "4.30", "2008-09-30": "5.80", "2008-06-30": "6.41", "2008-03-31": "8.74", "2007-12-31": "12.47", "2007-09-30": "11.89", "2007-06-30": "14.14", "2007-03-31": "13.99", "2006-12-31": "11.33"}, "price sales": {"2021-02-05": "3.20", "2020-09-30": "2.89", "2020-06-30": "1.33", "2020-03-31": "0.64", "2019-12-31": "2.53", "2019-09-30": "2.08", "2019-06-30": "2.40", "2019-03-31": "2.37", "2018-12-31": "2.10", "2018-09-30": "2.89", "2018-06-30": "2.37", "2018-03-31": "2.73", "2017-12-31": "2.76", "2017-09-30": "2.77", "2017-06-30": "2.54", "2017-03-31": "2.29", "2016-12-31": "1.93", "2016-09-30": "1.76", "2016-06-30": "1.59", "2016-03-31": "1.96", "2015-12-31": "2.44", "2015-09-30": "2.16", "2015-06-30": "1.94", "2015-03-31": "2.04", "2014-12-31": "2.03", "2014-09-30": "1.64", "2014-06-30": "1.36", "2014-03-31": "1.34", "2013-12-31": "1.15", "2013-09-30": "0.93", "2013-06-30": "0.81", "2013-03-31": "0.81", "2012-12-31": "0.83", "2012-09-30": "0.74", "2012-06-30": "0.63", "2012-03-31": "0.71", "2011-12-31": "0.61", "2011-09-30": "0.54", "2011-06-30": "0.97", "2011-03-31": "1.09", "2010-12-31": "1.27", "2010-09-30": "0.87", "2010-06-30": "0.66", "2010-03-31": "0.98", "2009-12-31": "0.77", "2009-09-30": "0.73", "2009-06-30": "0.39", "2009-03-31": "0.22", "2008-12-31": "0.38", "2008-09-30": "0.57", "2008-06-30": "0.62", "2008-03-31": "0.92", "2007-12-31": "1.22", "2007-09-30": "1.19", "2007-06-30": "1.38", "2007-03-31": "1.42", "2006-12-31": "1.43"}, "price book": {"current": "1.93", "2021-02-05": "1.85", "2020-09-30": "1.67", "2020-06-30": "1.17", "2020-03-31": "0.66", "2019-12-31": "2.26", "2019-09-30": "1.86", "2019-06-30": "2.15", "2019-03-31": "2.07", "2018-12-31": "1.77", "2018-09-30": "2.29", "2018-06-30": "1.93", "2018-03-31": "2.22", "2017-12-31": "2.24", "2017-09-30": "2.28", "2017-06-30": "2.26", "2017-03-31": "2.12", "2016-12-31": "1.78", "2016-09-30": "1.68", "2016-06-30": "1.62", "2016-03-31": "2.04", "2015-12-31": "2.47", "2015-09-30": "2.14", "2015-06-30": "1.87", "2015-03-31": "2.02", "2014-12-31": "1.94", "2014-09-30": "1.47", "2014-06-30": "1.23", "2014-03-31": "1.21", "2013-12-31": "1.04", "2013-09-30": "0.83", "2013-06-30": "0.76", "2013-03-31": "0.75", "2012-12-31": "0.77", "2012-09-30": "0.65", "2012-06-30": "0.58", "2012-03-31": "0.63", "2011-12-31": "0.54", "2011-09-30": "0.47", "2011-06-30": "0.82", "2011-03-31": "0.91", "2010-12-31": "1.08", "2010-09-30": "0.72", "2010-06-30": "0.54", "2010-03-31": "0.80", "2009-12-31": "0.60", "2009-09-30": "0.58", "2009-06-30": "0.34", "2009-03-31": "0.21", "2008-12-31": "0.36", "2008-09-30": "0.53", "2008-06-30": "0.57", "2008-03-31": "0.84", "2007-12-31": "1.10", "2007-09-30": "1.02", "2007-06-30": "1.20", "2007-03-31": "1.20", "2006-12-31": "1.17", "2006-09-30": "1.09", "2006-06-30": "1.13", "2006-03-31": "1.25"}, "price fcf": {"2021-02-05": "", "2020-09-30": "$-21.26", "2020-06-30": "$-14.71", "2020-03-31": "$-4.62", "2019-12-31": "$3.29", "2019-09-30": "$1.65", "2019-06-30": "$2.04", "2019-03-31": "$5.77", "2018-12-31": "$-0.86", "2018-09-30": "$2.27", "2018-06-30": "$2.97", "2018-03-31": "$3.86", "2017-12-31": "$11.78", "2017-09-30": "$12.20", "2017-06-30": "$11.18", "2017-03-31": "$3.24", "2016-12-31": "$0.10", "2016-09-30": "$-1.06", "2016-06-30": "$-1.58", "2016-03-31": "$2.00", "2015-12-31": "$1.51", "2015-09-30": "$-3.20", "2015-06-30": "$-2.23", "2015-03-31": "$0.61", "2014-12-31": "$0.68", "2014-09-30": "$4.79", "2014-06-30": "$4.09", "2014-03-31": "$3.27", "2013-12-31": "$2.93", "2013-09-30": "$0.17", "2013-06-30": "$0.51", "2013-03-31": "$0.57", "2012-12-31": "$0.46", "2012-09-30": "$3.61", "2012-06-30": "$0.14", "2012-03-31": "$0.47", "2011-12-31": "$2.86", "2011-09-30": "$-2.07", "2011-06-30": "$0.76", "2011-03-31": "$-0.98", "2010-12-31": "$-2.41", "2010-09-30": "$-1.62", "2010-06-30": "$-5.57", "2010-03-31": "$-4.60", "2009-12-31": "$-6.23", "2009-09-30": "$-5.93", "2009-06-30": "$-2.71", "2009-03-31": "$-6.06", "2008-12-31": "$-5.38", "2008-09-30": "$-1.64", "2008-06-30": "$-1.62", "2008-03-31": "$-1.00", "2007-12-31": "$-0.23", "2007-09-30": "$-0.82", "2007-06-30": "$-1.58", "2007-03-31": "$-0.98", "2006-12-31": "$-1.04"}, "net worth": {"value": "$16.06B"}, "current ratio": {"current": "0.76", "2020-09-30": "0.76", "2020-06-30": "0.99", "2020-03-31": "0.51", "2019-12-31": "0.15", "2019-09-30": "0.17", "2019-06-30": "0.17", "2019-03-31": "0.16", "2018-12-31": "0.18", "2018-09-30": "0.19", "2018-06-30": "0.20", "2018-03-31": "0.20", "2017-12-31": "0.19", "2017-09-30": "0.16", "2017-06-30": "0.15", "2017-03-31": "0.14", "2016-12-31": "0.17", "2016-09-30": "0.18", "2016-06-30": "0.20", "2016-03-31": "0.20", "2015-12-31": "0.20", "2015-09-30": "0.21", "2015-06-30": "0.19", "2015-03-31": "0.22", "2014-12-31": "0.21", "2014-09-30": "0.23", "2014-06-30": "0.28", "2014-03-31": "0.30", "2013-12-31": "0.22", "2013-09-30": "0.21", "2013-06-30": "0.20", "2013-03-31": "0.19", "2012-12-31": "0.22", "2012-09-30": "0.27", "2012-06-30": "0.25", "2012-03-31": "0.36", "2011-12-31": "0.32", "2011-09-30": "0.39", "2011-06-30": "0.40", "2011-03-31": "0.40", "2010-12-31": "0.30", "2010-09-30": "0.30", "2010-06-30": "0.26", "2010-03-31": "0.27", "2009-12-31": "0.37", "2009-09-30": "0.37", "2009-06-30": "0.32", "2009-03-31": "0.37", "2008-12-31": "0.37", "2008-09-30": "0.41", "2008-06-30": "0.45", "2008-03-31": "0.53", "2007-12-31": "0.42", "2007-09-30": "0.41", "2007-06-30": "0.29", "2007-03-31": "0.30", "2006-12-31": "0.27", "2006-09-30": "0.29", "2006-06-30": "0.29", "2006-03-31": "0.26", "2005-12-31": "0.19", "2005-09-30": "0.23", "2005-06-30": "0.28", "2005-03-31": "0.31"}, "quick ratio": {"2020-09-30": "0.73", "2020-06-30": "0.96", "2020-03-31": "0.49", "2019-12-31": "0.13", "2019-09-30": "0.15", "2019-06-30": "0.15", "2019-03-31": "0.15", "2018-12-31": "0.15", "2018-09-30": "0.17", "2018-06-30": "0.18", "2018-03-31": "0.18", "2017-12-31": "0.16", "2017-09-30": "0.13", "2017-06-30": "0.13", "2017-03-31": "0.12", "2016-12-31": "0.14", "2016-09-30": "0.15", "2016-06-30": "0.17", "2016-03-31": "0.18", "2015-12-31": "0.17", "2015-09-30": "0.18", "2015-06-30": "0.16", "2015-03-31": "0.19", "2014-12-31": "0.18", "2014-09-30": "0.19", "2014-06-30": "0.24", "2014-03-31": "0.26", "2013-12-31": "0.19", "2013-09-30": "0.18", "2013-06-30": "0.17", "2013-03-31": "0.16", "2012-12-31": "0.18", "2012-09-30": "0.23", "2012-06-30": "0.21", "2012-03-31": "0.32", "2011-12-31": "0.27", "2011-09-30": "0.34", "2011-06-30": "0.36", "2011-03-31": "0.36", "2010-12-31": "0.26", "2010-09-30": "0.27", "2010-06-30": "0.23", "2010-03-31": "0.24", "2009-12-31": "0.33", "2009-09-30": "0.33", "2009-06-30": "0.28", "2009-03-31": "0.33", "2008-12-31": "0.33", "2008-09-30": "0.37", "2008-06-30": "0.40", "2008-03-31": "0.49", "2007-12-31": "0.38", "2007-09-30": "0.38", "2007-06-30": "0.25", "2007-03-31": "0.26", "2006-12-31": "0.23", "2006-09-30": "0.25", "2006-06-30": "0.26", "2006-03-31": "0.24", "2005-12-31": "0.16", "2005-09-30": "0.20", "2005-06-30": "0.25", "2005-03-31": "0.27"}, "debt equity ratio": {"current": "2.12", "2020-09-30": "2.82", "2020-06-30": "2.72", "2020-03-31": "2.27", "2019-12-31": "1.49", "2019-09-30": "1.49", "2019-06-30": "1.58", "2019-03-31": "1.55", "2018-12-31": "1.49", "2018-09-30": "1.39", "2018-06-30": "1.23", "2018-03-31": "1.25", "2017-12-31": "1.09", "2017-09-30": "1.12", "2017-06-30": "1.27", "2017-03-31": "1.38", "2016-12-31": "1.45", "2016-09-30": "1.55", "2016-06-30": "1.76", "2016-03-31": "1.66", "2015-12-31": "1.58", "2015-09-30": "1.54", "2015-06-30": "1.57", "2015-03-31": "1.62", "2014-12-31": "1.50", "2014-09-30": "1.17", "2014-06-30": "1.26", "2014-03-31": "1.29", "2013-12-31": "1.28", "2013-09-30": "1.29", "2013-06-30": "1.39", "2013-03-31": "1.38", "2012-12-31": "1.39", "2012-09-30": "1.26", "2012-06-30": "1.38", "2012-03-31": "1.33", "2011-12-31": "1.36", "2011-09-30": "1.39", "2011-06-30": "1.39", "2011-03-31": "1.39", "2010-12-31": "1.49", "2010-09-30": "1.37", "2010-06-30": "1.53", "2010-03-31": "1.42", "2009-12-31": "1.43", "2009-09-30": "1.31", "2009-06-30": "1.32", "2009-03-31": "1.40", "2008-12-31": "1.42", "2008-09-30": "1.25", "2008-06-30": "1.34", "2008-03-31": "1.25", "2007-12-31": "1.22", "2007-09-30": "1.28", "2007-06-30": "1.34", "2007-03-31": "1.25", "2006-12-31": "1.20", "2006-09-30": "1.02", "2006-06-30": "1.18", "2006-03-31": "1.03", "2005-12-31": "1.03", "2005-09-30": "1.02", "2005-06-30": "1.27", "2005-03-31": "1.37"}, "return on equity": {"2020-09-30": "-41.90%", "2020-06-30": "-17.79%", "2020-03-31": "1.61%", "2019-12-31": "16.01%", "2019-09-30": "16.75%", "2019-06-30": "16.34%", "2019-03-31": "16.56%", "2018-12-31": "16.51%", "2018-09-30": "16.41%", "2018-06-30": "16.22%", "2018-03-31": "15.72%", "2017-12-31": "16.22%", "2017-09-30": "16.61%", "2017-06-30": "16.70%", "2017-03-31": "15.84%", "2016-12-31": "15.12%", "2016-09-30": "14.95%", "2016-06-30": "9.46%", "2016-03-31": "8.85%", "2015-12-31": "8.17%", "2015-09-30": "6.93%", "2015-06-30": "9.88%", "2015-03-31": "9.18%", "2014-12-31": "8.75%", "2014-09-30": "7.46%", "2014-06-30": "6.10%", "2014-03-31": "4.89%", "2013-12-31": "5.53%", "2013-09-30": "0.88%", "2013-06-30": "0.90%", "2013-03-31": "0.56%", "2012-12-31": "0.21%", "2012-09-30": "5.27%", "2012-06-30": "5.68%", "2012-03-31": "6.82%", "2011-12-31": "7.25%", "2011-09-30": "7.21%", "2011-06-30": "6.73%", "2011-03-31": "6.47%", "2010-12-31": "6.76%", "2010-09-30": "6.44%", "2010-06-30": "4.91%", "2010-03-31": "3.73%", "2009-12-31": "2.12%", "2009-09-30": "2.28%", "2009-06-30": "4.95%", "2009-03-31": "6.69%", "2008-12-31": "8.27%", "2008-09-30": "9.29%", "2008-06-30": "9.16%", "2008-03-31": "10.11%", "2007-12-31": "9.39%", "2007-09-30": "9.25%", "2007-06-30": "8.67%", "2007-03-31": "8.76%", "2006-12-31": "10.78%", "2006-09-30": "10.15%", "2006-06-30": "10.89%", "2006-03-31": "11.77%", "2005-12-31": "13.56%"}, "return on assets": {"2020-09-30": "-12.90%", "2020-06-30": "-6.07%", "2020-03-31": "0.60%", "2019-12-31": "6.33%", "2019-09-30": "6.62%", "2019-06-30": "6.53%", "2019-03-31": "6.85%", "2018-12-31": "7.05%", "2018-09-30": "7.32%", "2018-06-30": "7.46%", "2018-03-31": "7.21%", "2017-12-31": "7.35%", "2017-09-30": "7.23%", "2017-06-30": "6.93%", "2017-03-31": "6.27%", "2016-12-31": "5.82%", "2016-09-30": "5.67%", "2016-06-30": "3.59%", "2016-03-31": "3.42%", "2015-12-31": "3.17%", "2015-09-30": "2.71%", "2015-06-30": "4.02%", "2015-03-31": "3.86%", "2014-12-31": "3.80%", "2014-09-30": "3.31%", "2014-06-30": "2.68%", "2014-03-31": "2.11%", "2013-12-31": "2.37%", "2013-09-30": "0.37%", "2013-06-30": "0.38%", "2013-03-31": "0.24%", "2012-12-31": "0.09%", "2012-09-30": "2.26%", "2012-06-30": "2.40%", "2012-03-31": "2.88%", "2011-12-31": "3.05%", "2011-09-30": "2.99%", "2011-06-30": "2.80%", "2011-03-31": "2.65%", "2010-12-31": "2.76%", "2010-09-30": "2.65%", "2010-06-30": "2.03%", "2010-03-31": "1.58%", "2009-12-31": "0.89%", "2009-09-30": "0.97%", "2009-06-30": "2.11%", "2009-03-31": "2.85%", "2008-12-31": "3.57%", "2008-09-30": "4.10%", "2008-06-30": "4.03%", "2008-03-31": "4.45%", "2007-12-31": "4.14%", "2007-09-30": "4.08%", "2007-06-30": "3.94%", "2007-03-31": "4.05%", "2006-12-31": "5.12%", "2006-09-30": "4.92%", "2006-06-30": "5.28%", "2006-03-31": "5.65%", "2005-12-31": "6.27%"}, "return on investments": {"2020-09-30": "-13.72%", "2020-06-30": "-6.17%", "2020-03-31": "2.17%", "2019-12-31": "10.33%", "2019-09-30": "10.81%", "2019-06-30": "10.59%", "2019-03-31": "10.30%", "2018-12-31": "10.12%", "2018-09-30": "10.15%", "2018-06-30": "10.14%", "2018-03-31": "10.22%", "2017-12-31": "10.60%", "2017-09-30": "10.51%", "2017-06-30": "10.39%", "2017-03-31": "9.40%", "2016-12-31": "8.76%", "2016-09-30": "8.68%", "2016-06-30": "5.91%", "2016-03-31": "5.90%", "2015-12-31": "5.57%", "2015-09-30": "4.71%", "2015-06-30": "6.49%", "2015-03-31": "6.07%", "2014-12-31": "5.94%", "2014-09-30": "5.72%", "2014-06-30": "5.22%", "2014-03-31": "4.78%", "2013-12-31": "5.40%", "2013-09-30": "2.99%", "2013-06-30": "3.02%", "2013-03-31": "2.88%", "2012-12-31": "2.58%", "2012-09-30": "4.98%", "2012-06-30": "5.23%", "2012-03-31": "5.59%", "2011-12-31": "5.70%", "2011-09-30": "5.83%", "2011-06-30": "5.60%", "2011-03-31": "5.62%", "2010-12-31": "5.42%", "2010-09-30": "5.21%", "2010-06-30": "4.32%", "2010-03-31": "3.79%", "2009-12-31": "3.51%", "2009-09-30": "3.50%", "2009-06-30": "4.78%", "2009-03-31": "5.66%", "2008-12-31": "6.46%", "2008-09-30": "7.20%", "2008-06-30": "7.46%", "2008-03-31": "7.96%", "2007-12-31": "7.76%", "2007-09-30": "7.71%", "2007-06-30": "7.45%", "2007-03-31": "7.58%", "2006-12-31": "8.49%", "2006-09-30": "8.33%", "2006-06-30": "8.36%", "2006-03-31": "8.77%", "2005-12-31": "9.32%"}, "return on tangible equity": {"2020-09-30": "-46.35%", "2020-06-30": "-19.78%", "2020-03-31": "1.81%", "2019-12-31": "18.14%", "2019-09-30": "19.04%", "2019-06-30": "18.61%", "2019-03-31": "18.39%", "2018-12-31": "17.87%", "2018-09-30": "17.30%", "2018-06-30": "16.67%", "2018-03-31": "16.17%", "2017-12-31": "16.71%", "2017-09-30": "17.12%", "2017-06-30": "17.24%", "2017-03-31": "16.38%", "2016-12-31": "15.65%", "2016-09-30": "15.49%", "2016-06-30": "9.81%", "2016-03-31": "9.21%", "2015-12-31": "8.53%", "2015-09-30": "7.27%", "2015-06-30": "10.40%", "2015-03-31": "9.66%", "2014-12-31": "9.20%", "2014-09-30": "7.84%", "2014-06-30": "6.42%", "2014-03-31": "5.14%", "2013-12-31": "5.83%", "2013-09-30": "0.92%", "2013-06-30": "0.96%", "2013-03-31": "0.60%", "2012-12-31": "0.23%", "2012-09-30": "5.78%", "2012-06-30": "6.24%", "2012-03-31": "7.50%", "2011-12-31": "7.99%", "2011-09-30": "7.96%", "2011-06-30": "7.45%", "2011-03-31": "7.17%", "2010-12-31": "7.50%", "2010-09-30": "7.16%", "2010-06-30": "5.48%", "2010-03-31": "4.18%", "2009-12-31": "2.37%", "2009-09-30": "2.57%", "2009-06-30": "5.58%", "2009-03-31": "7.55%", "2008-12-31": "9.36%", "2008-09-30": "10.53%", "2008-06-30": "10.40%", "2008-03-31": "11.47%", "2007-12-31": "10.65%", "2007-09-30": "10.50%", "2007-06-30": "9.65%", "2007-03-31": "9.57%", "2006-12-31": "11.56%", "2006-09-30": "10.67%", "2006-06-30": "11.47%", "2006-03-31": "12.40%", "2005-12-31": "14.31%"}, "dividend yield history": {"last payout": "$0.00", "last yield": "0.00%"}}