{"ticker": "RGLD", "price": {"title": "Royal Gold Historical Annual Stock Price Data", "value": 105.69, "historical": {"2021": {"Average Stock Price": "106.2946", "Year Open": "110.2800", "Year High": "111.0500", "Year Low": "102.1500", "Year Close": "105.6900", "Annual % Change": "-0.63%"}, "2020": {"Average Stock Price": "117.8219", "Year Open": "121.1200", "Year High": "145.3300", "Year Low": "69.6400", "Year Close": "106.3600", "Annual % Change": "-13.00%"}, "2019": {"Average Stock Price": "104.6338", "Year Open": "84.6400", "Year High": "138.6500", "Year Low": "81.0000", "Year Close": "122.2500", "Annual % Change": "42.73%"}, "2018": {"Average Stock Price": "83.2860", "Year Open": "83.9200", "Year High": "95.7800", "Year Low": "71.3300", "Year Close": "85.6500", "Annual % Change": "4.30%"}, "2017": {"Average Stock Price": "78.8869", "Year Open": "64.6300", "Year High": "94.2400", "Year Low": "61.4500", "Year Close": "82.1200", "Annual % Change": "29.63%"}, "2016": {"Average Stock Price": "62.3917", "Year Open": "37.1800", "Year High": "86.0200", "Year Low": "25.3300", "Year Close": "63.3500", "Annual % Change": "73.70%"}, "2015": {"Average Stock Price": "56.3317", "Year Open": "64.3100", "Year High": "76.6200", "Year Low": "35.0500", "Year Close": "36.4700", "Annual % Change": "-41.83%"}, "2014": {"Average Stock Price": "67.0196", "Year Open": "49.0400", "Year High": "82.5000", "Year Low": "48.2200", "Year Close": "62.7000", "Annual % Change": "36.10%"}, "2013": {"Average Stock Price": "56.1600", "Year Open": "82.8400", "Year High": "82.8400", "Year Low": "39.1000", "Year Close": "46.0700", "Annual % Change": "-43.38%"}, "2012": {"Average Stock Price": "76.1367", "Year Open": "69.5300", "Year High": "99.8300", "Year Low": "58.6600", "Year Close": "81.3600", "Annual % Change": "20.66%"}, "2011": {"Average Stock Price": "62.4152", "Year Open": "54.2700", "Year High": "82.6900", "Year Low": "45.7100", "Year Close": "67.4300", "Annual % Change": "23.43%"}, "2010": {"Average Stock Price": "48.5740", "Year Open": "48.0000", "Year High": "54.8500", "Year Low": "41.8700", "Year Close": "54.6300", "Annual % Change": "16.01%"}, "2009": {"Average Stock Price": "44.0086", "Year Open": "47.9600", "Year High": "55.7400", "Year Low": "34.9000", "Year Close": "47.0900", "Annual % Change": "-4.31%"}, "2008": {"Average Stock Price": "32.5113", "Year Open": "32.0100", "Year High": "49.2100", "Year Low": "23.1500", "Year Close": "49.2100", "Annual % Change": "61.24%"}, "2007": {"Average Stock Price": "29.6501", "Year Open": "34.0100", "Year High": "35.3800", "Year Low": "23.6100", "Year Close": "30.5200", "Annual % Change": "-15.18%"}, "2006": {"Average Stock Price": "30.8174", "Year Open": "36.8800", "Year High": "39.4100", "Year Low": "23.5700", "Year Close": "35.9800", "Annual % Change": "3.60%"}, "2005": {"Average Stock Price": "21.2144", "Year Open": "17.5100", "Year High": "35.6600", "Year Low": "15.5000", "Year Close": "34.7300", "Annual % Change": "90.41%"}, "2004": {"Average Stock Price": "15.8225", "Year Open": "21.0000", "Year High": "21.3200", "Year Low": "11.3400", "Year Close": "18.2400", "Annual % Change": "-12.85%"}, "2003": {"Average Stock Price": "20.5017", "Year Open": "24.7800", "Year High": "28.4200", "Year Low": "13.0800", "Year Close": "20.9300", "Annual % Change": "-16.01%"}, "2002": {"Average Stock Price": "13.0104", "Year Open": "5.0900", "Year High": "26.0800", "Year Low": "5.0900", "Year Close": "24.9200", "Annual % Change": "380.15%"}, "2001": {"Average Stock Price": "4.0728", "Year Open": "3.0000", "Year High": "6.2500", "Year Low": "2.5000", "Year Close": "5.1900", "Annual % Change": "80.52%"}, "2000": {"Average Stock Price": "3.2260", "Year Open": "3.5600", "Year High": "4.5630", "Year Low": "2.3750", "Year Close": "2.8750", "Annual % Change": "-20.69%"}, "1999": {"Average Stock Price": "4.2728", "Year Open": "3.6200", "Year High": "6.0000", "Year Low": "3.4060", "Year Close": "3.6250", "Annual % Change": "0.00%"}, "1998": {"Average Stock Price": "4.7528", "Year Open": "4.7500", "Year High": "7.0000", "Year Low": "3.2500", "Year Close": "3.6250", "Annual % Change": "-23.68%"}, "1997": {"Average Stock Price": "8.7845", "Year Open": "13.5000", "Year High": "13.5000", "Year Low": "4.0000", "Year Close": "4.7500", "Annual % Change": "-64.50%"}, "1996": {"Average Stock Price": "12.0143", "Year Open": "8.1200", "Year High": "15.6250", "Year Low": "8.1200", "Year Close": "13.3800", "Annual % Change": "69.90%"}, "1995": {"Average Stock Price": "7.7375", "Year Open": "8.0000", "Year High": "9.3750", "Year Low": "5.6250", "Year Close": "7.8750", "Annual % Change": "-3.08%"}, "1994": {"Average Stock Price": "8.2820", "Year Open": "8.5000", "Year High": "9.2500", "Year Low": "7.2500", "Year Close": "8.1250", "Annual % Change": "-5.12%"}, "1993": {"Average Stock Price": "4.0957", "Year Open": "3.2500", "Year High": "8.5630", "Year Low": "2.7500", "Year Close": "8.5630", "Annual % Change": "174.02%"}, "1992": {"Average Stock Price": "0.8054", "Year Open": "0.0300", "Year High": "3.1250", "Year Low": "0.0300", "Year Close": "3.1250", "Annual % Change": "10316.67%"}, "1991": {"Average Stock Price": "0.2631", "Year Open": "0.4400", "Year High": "0.5600", "Year Low": "0.0300", "Year Close": "0.0300", "Annual % Change": "-92.11%"}}}, "market cap": {"value": "$6.93B"}, "income statement": {"Revenue": {"2020-06-30": "498.81900", "2019-06-30": "423.05600", "2018-06-30": "459.04200", "2017-06-30": "440.81400", "2016-06-30": "359.79000", "2015-06-30": "278.01900", "2014-06-30": "237.16200", "2013-06-30": "289.22400", "2012-06-30": "263.05400", "2011-06-30": "216.46900", "2010-06-30": "136.56500", "2009-06-30": "73.77100", "2008-06-30": "66.29700", "2007-06-30": "48.35700", "2006-06-30": "28.38000", "2005-06-30": "25.30230"}, "Cost Of Goods Sold": {"2020-06-30": "83.89000", "2019-06-30": "77.53500", "2018-06-30": "83.83900", "2017-06-30": "87.26500", "2016-06-30": "70.97900", "2015-06-30": "33.45000", "2014-06-30": "9.15800", "2013-06-30": "", "2012-06-30": "", "2011-06-30": "", "2010-06-30": "", "2009-06-30": "", "2008-06-30": "3.66400", "2007-06-30": "3.26500", "2006-06-30": "2.28800", "2005-06-30": "1.84730"}, "Gross Profit": {"2020-06-30": "414.92900", "2019-06-30": "345.52100", "2018-06-30": "375.20300", "2017-06-30": "353.54900", "2016-06-30": "288.81100", "2015-06-30": "244.56900", "2014-06-30": "228.00400", "2013-06-30": "289.22400", "2012-06-30": "263.05400", "2011-06-30": "216.46900", "2010-06-30": "136.56500", "2009-06-30": "73.77100", "2008-06-30": "62.63300", "2007-06-30": "45.09200", "2006-06-30": "26.09200", "2005-06-30": "23.45500"}, "Research And Development Expenses": {"2020-06-30": "5.19000", "2019-06-30": "7.15800", "2018-06-30": "8.94600", "2017-06-30": "12.86100", "2016-06-30": "8.60100", "2015-06-30": "2.19400", "2014-06-30": "", "2013-06-30": "", "2012-06-30": "", "2011-06-30": "", "2010-06-30": "", "2009-06-30": "", "2008-06-30": "4.07900", "2007-06-30": "2.49300", "2006-06-30": "3.39700", "2005-06-30": "1.89290"}, "SG&A Expenses": {"2020-06-30": "34.01900", "2019-06-30": "34.60000", "2018-06-30": "37.73200", "2017-06-30": "35.11000", "2016-06-30": "35.69800", "2015-06-30": "30.31900", "2014-06-30": "27.94200", "2013-06-30": "33.03700", "2012-06-30": "30.09100", "2011-06-30": "30.14500", "2010-06-30": "22.33300", "2009-06-30": "13.90100", "2008-06-30": "7.20800", "2007-06-30": "5.82400", "2006-06-30": "5.02200", "2005-06-30": "3.69510"}, "Other Operating Income Or Expenses": {"2020-06-30": "-1.34100", "2019-06-30": "", "2018-06-30": "-239.36400", "2017-06-30": "", "2016-06-30": "-98.58800", "2015-06-30": "-31.33500", "2014-06-30": "", "2013-06-30": "", "2012-06-30": "", "2011-06-30": "", "2010-06-30": "", "2009-06-30": "", "2008-06-30": "", "2007-06-30": "", "2006-06-30": "", "2005-06-30": ""}, "Operating Expenses": {"2020-06-30": "299.87400", "2019-06-30": "282.34900", "2018-06-30": "533.57700", "2017-06-30": "294.87200", "2016-06-30": "354.97400", "2015-06-30": "190.78400", "2014-06-30": "128.44200", "2013-06-30": "118.05700", "2012-06-30": "106.42000", "2011-06-30": "97.54400", "2010-06-30": "95.53000", "2009-06-30": "46.47900", "2008-06-30": "33.31500", "2007-06-30": "19.85100", "2006-06-30": "14.96800", "2005-06-30": "10.64030"}, "Operating Income": {"2020-06-30": "198.94500", "2019-06-30": "140.70700", "2018-06-30": "-74.53500", "2017-06-30": "145.94200", "2016-06-30": "4.81600", "2015-06-30": "87.23500", "2014-06-30": "108.72000", "2013-06-30": "171.16700", "2012-06-30": "156.63400", "2011-06-30": "118.92500", "2010-06-30": "41.03500", "2009-06-30": "27.29200", "2008-06-30": "32.98200", "2007-06-30": "28.50600", "2006-06-30": "13.41200", "2005-06-30": "14.66200"}, "Total Non-Operating Income/Expense": {"2020-06-30": "-6.34900", "2019-06-30": "-34.13000", "2018-06-30": "-30.04400", "2017-06-30": "-27.07600", "2016-06-30": "-26.57400", "2015-06-30": "-24.99100", "2014-06-30": "-25.79300", "2013-06-30": "-33.99900", "2012-06-30": "-3.61500", "2011-06-30": "-2.65200", "2010-06-30": "2.55100", "2009-06-30": "35.92200", "2008-06-30": "5.01300", "2007-06-30": "2.28500", "2006-06-30": "3.03900", "2005-06-30": "0.89410"}, "Pre-Tax Income": {"2020-06-30": "192.59600", "2019-06-30": "106.57700", "2018-06-30": "-104.57900", "2017-06-30": "118.86600", "2016-06-30": "-21.75800", "2015-06-30": "62.24400", "2014-06-30": "82.92700", "2013-06-30": "137.16800", "2012-06-30": "153.01900", "2011-06-30": "116.27300", "2010-06-30": "43.58600", "2009-06-30": "63.21400", "2008-06-30": "37.99500", "2007-06-30": "30.79100", "2006-06-30": "16.45100", "2005-06-30": "15.55620"}, "Income Taxes": {"2020-06-30": "-3.65400", "2019-06-30": "17.49800", "2018-06-30": "14.77200", "2017-06-30": "26.44100", "2016-06-30": "60.68000", "2015-06-30": "9.56600", "2014-06-30": "19.45500", "2013-06-30": "63.75900", "2012-06-30": "54.71000", "2011-06-30": "38.97400", "2010-06-30": "14.16400", "2009-06-30": "21.85700", "2008-06-30": "12.05000", "2007-06-30": "9.54900", "2006-06-30": "5.10100", "2005-06-30": "4.10250"}, "Income After Taxes": {"2020-06-30": "196.25000", "2019-06-30": "89.07900", "2018-06-30": "-119.35100", "2017-06-30": "92.42500", "2016-06-30": "-82.43800", "2015-06-30": "52.67800", "2014-06-30": "63.47200", "2013-06-30": "73.40900", "2012-06-30": "98.30900", "2011-06-30": "77.29900", "2010-06-30": "29.42200", "2009-06-30": "41.35700", "2008-06-30": "25.94500", "2007-06-30": "21.24200", "2006-06-30": "11.35000", "2005-06-30": "11.45370"}, "Other Income": {"2020-06-30": "", "2019-06-30": "", "2018-06-30": "", "2017-06-30": "", "2016-06-30": "", "2015-06-30": "", "2014-06-30": "", "2013-06-30": "", "2012-06-30": "", "2011-06-30": "", "2010-06-30": "", "2009-06-30": "", "2008-06-30": "", "2007-06-30": "", "2006-06-30": "", "2005-06-30": ""}, "Income From Continuous Operations": {"2020-06-30": "196.25000", "2019-06-30": "89.07900", "2018-06-30": "-119.35100", "2017-06-30": "92.42500", "2016-06-30": "-82.43800", "2015-06-30": "52.67800", "2014-06-30": "63.47200", "2013-06-30": "73.40900", "2012-06-30": "98.30900", "2011-06-30": "77.29900", "2010-06-30": "29.42200", "2009-06-30": "41.35700", "2008-06-30": "25.39500", "2007-06-30": "19.72000", "2006-06-30": "11.35000", "2005-06-30": "11.45370"}, "Income From Discontinued Operations": {"2020-06-30": "", "2019-06-30": "", "2018-06-30": "", "2017-06-30": "", "2016-06-30": "", "2015-06-30": "", "2014-06-30": "", "2013-06-30": "", "2012-06-30": "", "2011-06-30": "", "2010-06-30": "", "2009-06-30": "", "2008-06-30": "", "2007-06-30": "", "2006-06-30": "", "2005-06-30": ""}, "Net Income": {"2020-06-30": "199.34300", "2019-06-30": "93.82500", "2018-06-30": "-113.13400", "2017-06-30": "101.53000", "2016-06-30": "-77.14900", "2015-06-30": "51.96500", "2014-06-30": "62.64100", "2013-06-30": "69.15300", "2012-06-30": "92.47600", "2011-06-30": "71.39500", "2010-06-30": "21.49200", "2009-06-30": "38.34800", "2008-06-30": "19.25500", "2007-06-30": "19.72000", "2006-06-30": "11.35000", "2005-06-30": "11.45370"}, "EBITDA": {"2020-06-30": "375.51500", "2019-06-30": "319.05100", "2018-06-30": "104.20700", "2017-06-30": "319.40300", "2016-06-30": "158.90900", "2015-06-30": "192.82100", "2014-06-30": "211.39400", "2013-06-30": "265.20200", "2012-06-30": "231.63500", "2011-06-30": "186.32400", "2010-06-30": "94.82800", "2009-06-30": "59.87000", "2008-06-30": "51.34600", "2007-06-30": "36.77500", "2006-06-30": "17.67300", "2005-06-30": "17.86700"}, "EBIT": {"2020-06-30": "198.94500", "2019-06-30": "140.70700", "2018-06-30": "-74.53500", "2017-06-30": "145.94200", "2016-06-30": "4.81600", "2015-06-30": "87.23500", "2014-06-30": "108.72000", "2013-06-30": "171.16700", "2012-06-30": "156.63400", "2011-06-30": "118.92500", "2010-06-30": "41.03500", "2009-06-30": "27.29200", "2008-06-30": "32.98200", "2007-06-30": "28.50600", "2006-06-30": "13.41200", "2005-06-30": "14.66200"}, "Basic Shares Outstanding": {"2020-06-30": "65.52300", "2019-06-30": "65.39500", "2018-06-30": "65.29200", "2017-06-30": "65.15300", "2016-06-30": "65.07400", "2015-06-30": "65.00800", "2014-06-30": "64.90900", "2013-06-30": "63.25000", "2012-06-30": "57.22000", "2011-06-30": "55.05300", "2010-06-30": "43.64000", "2009-06-30": "35.33700", "2008-06-30": "31.05500", "2007-06-30": "24.82700", "2006-06-30": "22.86400", "2005-06-30": "20.87600"}, "Shares Outstanding": {"2020-06-30": "65.64300", "2019-06-30": "65.50600", "2018-06-30": "65.29200", "2017-06-30": "65.27800", "2016-06-30": "65.07400", "2015-06-30": "65.12500", "2014-06-30": "65.02600", "2013-06-30": "63.43000", "2012-06-30": "57.46400", "2011-06-30": "55.32300", "2010-06-30": "43.98100", "2009-06-30": "35.78900", "2008-06-30": "31.39000", "2007-06-30": "25.07500", "2006-06-30": "23.13400", "2005-06-30": "21.07100"}, "Basic EPS": {"2020-06-30": "3.04000", "2019-06-30": "1.43000", "2018-06-30": "-1.73000", "2017-06-30": "1.55000", "2016-06-30": "-1.18000", "2015-06-30": "0.80000", "2014-06-30": "0.96000", "2013-06-30": "1.09000", "2012-06-30": "1.61000", "2011-06-30": "1.29000", "2010-06-30": "0.49000", "2009-06-30": "1.09000", "2008-06-30": "0.62000", "2007-06-30": "0.79000", "2006-06-30": "0.50000", "2005-06-30": "0.55000"}, "EPS - Earnings Per Share": {"2020-06-30": "3.03000", "2019-06-30": "1.43000", "2018-06-30": "-1.73000", "2017-06-30": "1.55000", "2016-06-30": "-1.18000", "2015-06-30": "0.80000", "2014-06-30": "0.96000", "2013-06-30": "1.09000", "2012-06-30": "1.61000", "2011-06-30": "1.29000", "2010-06-30": "0.49000", "2009-06-30": "1.07000", "2008-06-30": "0.61000", "2007-06-30": "0.79000", "2006-06-30": "0.49000", "2005-06-30": "0.54000"}}, "income statement, quarterly": {"Revenue": {"2020-12-31": "158.36000", "2020-09-30": "146.88000", "2020-06-30": "119.96500", "2020-03-31": "136.43700", "2019-12-31": "123.64300", "2019-09-30": "118.77400", "2019-06-30": "115.69400", "2019-03-31": "109.77800", "2018-12-31": "97.59200", "2018-09-30": "99.99200", "2018-06-30": "116.23500", "2018-03-31": "115.98300", "2017-12-31": "114.34800", "2017-09-30": "112.47600", "2017-06-30": "108.93400", "2017-03-31": "106.97200", "2016-12-31": "106.96100", "2016-09-30": "117.94700", "2016-06-30": "94.12900", "2016-03-31": "93.48700", "2015-12-31": "98.11800", "2015-09-30": "74.05600", "2015-06-30": "73.57900", "2015-03-31": "74.11000", "2014-12-31": "61.30400", "2014-09-30": "69.02600", "2014-06-30": "70.14200", "2014-03-31": "57.74800", "2013-12-31": "52.78500", "2013-09-30": "56.48700", "2013-06-30": "57.32600", "2013-03-31": "74.16600", "2012-12-31": "79.87000", "2012-09-30": "77.86200", "2012-06-30": "60.10900", "2012-03-31": "69.63800", "2011-12-31": "68.84200", "2011-09-30": "64.46500", "2011-06-30": "59.26900", "2011-03-31": "55.54600", "2010-12-31": "56.31600", "2010-09-30": "45.33800", "2010-06-30": "40.66900", "2010-03-31": "35.04300", "2009-12-31": "34.74000", "2009-09-30": "26.11300", "2009-06-30": "22.27300", "2009-03-31": "20.79700", "2008-12-31": "14.62200", "2008-09-30": "16.07900", "2008-06-30": "20.35300", "2008-03-31": "18.73100", "2007-12-31": "14.71000", "2007-09-30": "12.50300", "2007-06-30": "14.36410", "2007-03-31": "11.20900", "2006-12-31": "12.85530", "2006-09-30": "9.92860", "2006-06-30": "8.21630", "2006-03-31": "5.76080", "2005-12-31": "7.57530", "2005-09-30": "6.82760", "2005-06-30": "7.47790", "2005-03-31": "5.86850"}, "Cost Of Goods Sold": {"2020-12-31": "24.85900", "2020-09-30": "21.90200", "2020-06-30": "20.74100", "2020-03-31": "21.96100", "2019-12-31": "21.07700", "2019-09-30": "20.11100", "2019-06-30": "23.77100", "2019-03-31": "19.07500", "2018-12-31": "18.16200", "2018-09-30": "16.52700", "2018-06-30": "22.21200", "2018-03-31": "21.34500", "2017-12-31": "19.86300", "2017-09-30": "20.41900", "2017-06-30": "19.68200", "2017-03-31": "22.41900", "2016-12-31": "22.50200", "2016-09-30": "22.66200", "2016-06-30": "19.02000", "2016-03-31": "17.92100", "2015-12-31": "22.57200", "2015-09-30": "11.46600", "2015-06-30": "9.99800", "2015-03-31": "10.54200", "2014-12-31": "6.23600", "2014-09-30": "6.67400", "2014-06-30": "6.28300", "2014-03-31": "1.94000", "2013-12-31": "0.93500", "2013-09-30": "", "2013-06-30": "", "2013-03-31": "", "2012-12-31": "", "2012-09-30": "", "2012-06-30": "", "2012-03-31": "", "2011-12-31": "", "2011-09-30": "", "2011-06-30": "", "2011-03-31": "", "2010-12-31": "", "2010-09-30": "", "2010-06-30": "", "2010-03-31": "1.89400", "2009-12-31": "1.63800", "2009-09-30": "1.20100", "2009-06-30": "", "2009-03-31": "1.15400", "2008-12-31": "0.61300", "2008-09-30": "0.84700", "2008-06-30": "0.91600", "2008-03-31": "1.00600", "2007-12-31": "0.89600", "2007-09-30": "0.84600", "2007-06-30": "0.98490", "2007-03-31": "0.71200", "2006-12-31": "0.90050", "2006-09-30": "0.66770", "2006-06-30": "0.70510", "2006-03-31": "0.47570", "2005-12-31": "0.61750", "2005-09-30": "0.48970", "2005-06-30": "0.46220", "2005-03-31": "0.40090"}, "Gross Profit": {"2020-12-31": "133.50100", "2020-09-30": "124.97800", "2020-06-30": "99.22400", "2020-03-31": "114.47600", "2019-12-31": "102.56600", "2019-09-30": "98.66300", "2019-06-30": "91.92300", "2019-03-31": "90.70300", "2018-12-31": "79.43000", "2018-09-30": "83.46500", "2018-06-30": "94.02300", "2018-03-31": "94.63800", "2017-12-31": "94.48500", "2017-09-30": "92.05700", "2017-06-30": "89.25200", "2017-03-31": "84.55300", "2016-12-31": "84.45900", "2016-09-30": "95.28500", "2016-06-30": "75.10900", "2016-03-31": "75.56600", "2015-12-31": "75.54600", "2015-09-30": "62.59000", "2015-06-30": "63.58100", "2015-03-31": "63.56800", "2014-12-31": "55.06800", "2014-09-30": "62.35200", "2014-06-30": "63.85900", "2014-03-31": "55.80800", "2013-12-31": "51.85000", "2013-09-30": "56.48700", "2013-06-30": "57.32600", "2013-03-31": "74.16600", "2012-12-31": "79.87000", "2012-09-30": "77.86200", "2012-06-30": "60.10900", "2012-03-31": "69.63800", "2011-12-31": "68.84200", "2011-09-30": "64.46500", "2011-06-30": "59.26900", "2011-03-31": "55.54600", "2010-12-31": "56.31600", "2010-09-30": "45.33800", "2010-06-30": "40.66900", "2010-03-31": "33.14900", "2009-12-31": "33.10200", "2009-09-30": "24.91200", "2009-06-30": "22.27300", "2009-03-31": "19.64300", "2008-12-31": "14.00900", "2008-09-30": "15.23200", "2008-06-30": "19.43700", "2008-03-31": "17.72500", "2007-12-31": "13.81400", "2007-09-30": "11.65700", "2007-06-30": "13.37920", "2007-03-31": "10.49700", "2006-12-31": "11.95480", "2006-09-30": "9.26100", "2006-06-30": "7.51120", "2006-03-31": "5.28510", "2005-12-31": "6.95780", "2005-09-30": "6.33790", "2005-06-30": "7.01570", "2005-03-31": "5.46770"}, "Research And Development Expenses": {"2020-12-31": "", "2020-09-30": "0.56300", "2020-06-30": "0.48500", "2020-03-31": "0.56500", "2019-12-31": "1.51400", "2019-09-30": "2.62600", "2019-06-30": "1.62400", "2019-03-31": "0.33000", "2018-12-31": "0.84200", "2018-09-30": "4.36200", "2018-06-30": "3.84900", "2018-03-31": "0.53600", "2017-12-31": "1.35800", "2017-09-30": "3.20300", "2017-06-30": "4.45000", "2017-03-31": "2.64700", "2016-12-31": "2.47600", "2016-09-30": "3.28800", "2016-06-30": "2.46500", "2016-03-31": "1.85100", "2015-12-31": "1.12900", "2015-09-30": "3.15600", "2015-06-30": "2.03900", "2015-03-31": "0.15500", "2014-12-31": "", "2014-09-30": "", "2014-06-30": "", "2014-03-31": "", "2013-12-31": "", "2013-09-30": "", "2013-06-30": "", "2013-03-31": "", "2012-12-31": "", "2012-09-30": "", "2012-06-30": "", "2012-03-31": "", "2011-12-31": "", "2011-09-30": "", "2011-06-30": "", "2011-03-31": "", "2010-12-31": "", "2010-09-30": "", "2010-06-30": "", "2010-03-31": "0.98800", "2009-12-31": "2.82800", "2009-09-30": "0.88500", "2009-06-30": "", "2009-03-31": "0.73200", "2008-12-31": "0.96300", "2008-09-30": "0.67400", "2008-06-30": "0.78100", "2008-03-31": "0.81700", "2007-12-31": "1.85100", "2007-09-30": "0.63000", "2007-06-30": "0.92280", "2007-03-31": "0.67900", "2006-12-31": "0.47260", "2006-09-30": "0.41850", "2006-06-30": "0.72530", "2006-03-31": "1.21050", "2005-12-31": "1.02650", "2005-09-30": "0.43470", "2005-06-30": "0.44640", "2005-03-31": "0.39200"}, "SG&A Expenses": {"2020-12-31": "8.19000", "2020-09-30": "8.80900", "2020-06-30": "7.42600", "2020-03-31": "10.40200", "2019-12-31": "7.64900", "2019-09-30": "8.54200", "2019-06-30": "7.24500", "2019-03-31": "7.80400", "2018-12-31": "8.33200", "2018-09-30": "11.21900", "2018-06-30": "11.61000", "2018-03-31": "8.52300", "2017-12-31": "10.15700", "2017-09-30": "7.44200", "2017-06-30": "10.33200", "2017-03-31": "5.79100", "2016-12-31": "7.98300", "2016-09-30": "11.00400", "2016-06-30": "9.12200", "2016-03-31": "8.63700", "2015-12-31": "6.83700", "2015-09-30": "11.10200", "2015-06-30": "4.76500", "2015-03-31": "6.48000", "2014-12-31": "10.24200", "2014-09-30": "8.83200", "2014-06-30": "7.74000", "2014-03-31": "5.58900", "2013-12-31": "6.26400", "2013-09-30": "8.34900", "2013-06-30": "6.65100", "2013-03-31": "9.58500", "2012-12-31": "8.08500", "2012-09-30": "8.71600", "2012-06-30": "6.61600", "2012-03-31": "7.02400", "2011-12-31": "8.00300", "2011-09-30": "8.44800", "2011-06-30": "8.00500", "2011-03-31": "7.83100", "2010-12-31": "8.70600", "2010-09-30": "5.60300", "2010-06-30": "13.72200", "2010-03-31": "3.44400", "2009-12-31": "2.97200", "2009-09-30": "2.19500", "2009-06-30": "8.29600", "2009-03-31": "1.81200", "2008-12-31": "2.12200", "2008-09-30": "1.67100", "2008-06-30": "1.70000", "2008-03-31": "1.98100", "2007-12-31": "1.96800", "2007-09-30": "1.55900", "2007-06-30": "1.59310", "2007-03-31": "1.56500", "2006-12-31": "1.53230", "2006-09-30": "1.13370", "2006-06-30": "1.08890", "2006-03-31": "1.32560", "2005-12-31": "1.64800", "2005-09-30": "0.95950", "2005-06-30": "0.85050", "2005-03-31": "0.93990"}, "Other Operating Income Or Expenses": {"2020-12-31": "", "2020-09-30": "33.90600", "2020-06-30": "", "2020-03-31": "", "2019-12-31": "", "2019-09-30": "", "2019-06-30": "", "2019-03-31": "", "2018-12-31": "", "2018-09-30": "", "2018-06-30": "", "2018-03-31": "-239.36400", "2017-12-31": "", "2017-09-30": "", "2017-06-30": "", "2017-03-31": "", "2016-12-31": "", "2016-09-30": "", "2016-06-30": "0.38500", "2016-03-31": "-98.97300", "2015-12-31": "", "2015-09-30": "", "2015-06-30": "-2.99600", "2015-03-31": "", "2014-12-31": "-26.57000", "2014-09-30": "-1.76900", "2014-06-30": "", "2014-03-31": "", "2013-12-31": "", "2013-09-30": "", "2013-06-30": "", "2013-03-31": "", "2012-12-31": "", "2012-09-30": "", "2012-06-30": "", "2012-03-31": "", "2011-12-31": "", "2011-09-30": "", "2011-06-30": "", "2011-03-31": "", "2010-12-31": "", "2010-09-30": "", "2010-06-30": "", "2010-03-31": "", "2009-12-31": "", "2009-09-30": "", "2009-06-30": "", "2009-03-31": "", "2008-12-31": "", "2008-09-30": "", "2008-06-30": "", "2008-03-31": "", "2007-12-31": "", "2007-09-30": "", "2007-06-30": "", "2007-03-31": "", "2006-12-31": "", "2006-09-30": "", "2006-06-30": "", "2006-03-31": "", "2005-12-31": "", "2005-09-30": "", "2005-06-30": "", "2005-03-31": ""}, "Operating Expenses": {"2020-12-31": "80.99400", "2020-09-30": "43.66800", "2020-06-30": "75.38900", "2020-03-31": "84.15600", "2019-12-31": "70.33600", "2019-09-30": "69.99300", "2019-06-30": "74.97000", "2019-03-31": "66.57700", "2018-12-31": "66.14300", "2018-09-30": "74.65900", "2018-06-30": "79.98800", "2018-03-31": "309.44700", "2017-12-31": "73.38600", "2017-09-30": "70.75600", "2017-06-30": "74.31500", "2017-03-31": "71.02100", "2016-12-31": "72.48000", "2016-09-30": "77.05600", "2016-06-30": "65.61300", "2016-03-31": "165.54500", "2015-12-31": "70.94500", "2015-09-30": "52.87100", "2015-06-30": "46.01100", "2015-03-31": "41.96000", "2014-12-31": "63.32600", "2014-09-30": "39.48700", "2014-06-30": "38.69000", "2014-03-31": "29.13400", "2013-12-31": "29.86900", "2013-09-30": "30.74900", "2013-06-30": "27.40200", "2013-03-31": "31.23400", "2012-12-31": "29.20500", "2012-09-30": "30.21600", "2012-06-30": "23.25600", "2012-03-31": "26.74500", "2011-12-31": "29.42200", "2011-09-30": "26.99700", "2011-06-30": "24.63500", "2011-03-31": "23.66900", "2010-12-31": "24.71200", "2010-09-30": "24.52800", "2010-06-30": "24.35800", "2010-03-31": "36.27400", "2009-12-31": "19.53900", "2009-09-30": "15.35900", "2009-06-30": "12.97100", "2009-03-31": "13.65800", "2008-12-31": "12.23500", "2008-09-30": "7.61500", "2008-06-30": "9.82800", "2008-03-31": "9.72900", "2007-12-31": "8.32100", "2007-09-30": "5.43700", "2007-06-30": "6.01890", "2007-03-31": "5.51800", "2006-12-31": "5.01930", "2006-09-30": "3.29480", "2006-06-30": "3.84540", "2006-03-31": "4.01820", "2005-12-31": "4.32250", "2005-09-30": "2.78190", "2005-06-30": "2.54160", "2005-03-31": "2.42800"}, "Operating Income": {"2020-12-31": "77.36600", "2020-09-30": "103.21200", "2020-06-30": "44.57600", "2020-03-31": "52.28100", "2019-12-31": "53.30700", "2019-09-30": "48.78100", "2019-06-30": "40.72400", "2019-03-31": "43.20100", "2018-12-31": "31.44900", "2018-09-30": "25.33300", "2018-06-30": "36.24700", "2018-03-31": "-193.46400", "2017-12-31": "40.96200", "2017-09-30": "41.72000", "2017-06-30": "34.61900", "2017-03-31": "35.95100", "2016-12-31": "34.48100", "2016-09-30": "40.89100", "2016-06-30": "28.51600", "2016-03-31": "-72.05800", "2015-12-31": "27.17300", "2015-09-30": "21.18500", "2015-06-30": "27.56800", "2015-03-31": "32.15000", "2014-12-31": "-2.02200", "2014-09-30": "29.53900", "2014-06-30": "31.45200", "2014-03-31": "28.61400", "2013-12-31": "22.91600", "2013-09-30": "25.73800", "2013-06-30": "29.92400", "2013-03-31": "42.93200", "2012-12-31": "50.66500", "2012-09-30": "47.64600", "2012-06-30": "36.85300", "2012-03-31": "42.89300", "2011-12-31": "39.42000", "2011-09-30": "37.46800", "2011-06-30": "34.63400", "2011-03-31": "31.87700", "2010-12-31": "31.60400", "2010-09-30": "20.81000", "2010-06-30": "16.31100", "2010-03-31": "-1.23100", "2009-12-31": "15.20100", "2009-09-30": "10.75400", "2009-06-30": "9.30200", "2009-03-31": "7.13900", "2008-12-31": "2.38700", "2008-09-30": "8.46400", "2008-06-30": "10.52500", "2008-03-31": "9.00200", "2007-12-31": "6.38900", "2007-09-30": "7.06600", "2007-06-30": "8.34510", "2007-03-31": "5.69100", "2006-12-31": "7.83600", "2006-09-30": "6.63390", "2006-06-30": "4.37090", "2006-03-31": "1.74260", "2005-12-31": "3.25280", "2005-09-30": "4.04570", "2005-06-30": "4.93630", "2005-03-31": "3.44060"}, "Total Non-Operating Income/Expense": {"2020-12-31": "-1.34700", "2020-09-30": "1.08500", "2020-06-30": "4.14100", "2020-03-31": "-5.28700", "2019-12-31": "-1.76900", "2019-09-30": "-3.43400", "2019-06-30": "-9.11500", "2019-03-31": "-5.21900", "2018-12-31": "-10.55400", "2018-09-30": "-9.24200", "2018-06-30": "-7.51400", "2018-03-31": "-6.51300", "2017-12-31": "-8.38900", "2017-09-30": "-7.62800", "2017-06-30": "-10.06500", "2017-03-31": "-7.92800", "2016-12-31": "-2.33500", "2016-09-30": "-6.74800", "2016-06-30": "-5.41000", "2016-03-31": "-5.70200", "2015-12-31": "-8.51300", "2015-09-30": "-6.94900", "2015-06-30": "-6.20200", "2015-03-31": "-5.99800", "2014-12-31": "-6.13000", "2014-09-30": "-6.66100", "2014-06-30": "-10.19800", "2014-03-31": "-4.15300", "2013-12-31": "-5.82700", "2013-09-30": "-5.61500", "2013-06-30": "-3.56800", "2013-03-31": "-17.74900", "2012-12-31": "-6.79100", "2012-09-30": "-5.89100", "2012-06-30": "-2.47300", "2012-03-31": "-1.07600", "2011-12-31": "-1.12000", "2011-09-30": "1.05400", "2011-06-30": "-1.02900", "2011-03-31": "-1.23000", "2010-12-31": "0.48800", "2010-09-30": "-0.88100", "2010-06-30": "2.12400", "2010-03-31": "-0.95500", "2009-12-31": "-0.01600", "2009-09-30": "1.39800", "2009-06-30": "3.15300", "2009-03-31": "0.80900", "2008-12-31": "31.30900", "2008-09-30": "0.65100", "2008-06-30": "0.83900", "2008-03-31": "1.38500", "2007-12-31": "1.28300", "2007-09-30": "1.50600", "2007-06-30": "0.70410", "2007-03-31": "-0.21300", "2006-12-31": "0.88900", "2006-09-30": "0.90490", "2006-06-30": "0.88600", "2006-03-31": "0.75420", "2005-12-31": "0.98280", "2005-09-30": "0.41610", "2005-06-30": "0.29540", "2005-03-31": "0.18080"}, "Pre-Tax Income": {"2020-12-31": "76.01900", "2020-09-30": "104.29700", "2020-06-30": "48.71700", "2020-03-31": "46.99400", "2019-12-31": "51.53800", "2019-09-30": "45.34700", "2019-06-30": "31.60900", "2019-03-31": "37.98200", "2018-12-31": "20.89500", "2018-09-30": "16.09100", "2018-06-30": "28.73300", "2018-03-31": "-199.97700", "2017-12-31": "32.57300", "2017-09-30": "34.09200", "2017-06-30": "24.55400", "2017-03-31": "28.02300", "2016-12-31": "32.14600", "2016-09-30": "34.14300", "2016-06-30": "23.10600", "2016-03-31": "-77.76000", "2015-12-31": "18.66000", "2015-09-30": "14.23600", "2015-06-30": "21.36600", "2015-03-31": "26.15200", "2014-12-31": "-8.15200", "2014-09-30": "22.87800", "2014-06-30": "21.25400", "2014-03-31": "24.46100", "2013-12-31": "17.08900", "2013-09-30": "20.12300", "2013-06-30": "26.35600", "2013-03-31": "25.18300", "2012-12-31": "43.87400", "2012-09-30": "41.75500", "2012-06-30": "34.38000", "2012-03-31": "41.81700", "2011-12-31": "38.30000", "2011-09-30": "38.52200", "2011-06-30": "33.60500", "2011-03-31": "30.64700", "2010-12-31": "32.09200", "2010-09-30": "19.92900", "2010-06-30": "18.43500", "2010-03-31": "-2.18600", "2009-12-31": "15.18500", "2009-09-30": "12.15200", "2009-06-30": "12.45500", "2009-03-31": "7.94800", "2008-12-31": "33.69600", "2008-09-30": "9.11500", "2008-06-30": "11.36400", "2008-03-31": "10.38700", "2007-12-31": "7.67200", "2007-09-30": "8.57200", "2007-06-30": "9.04930", "2007-03-31": "5.47800", "2006-12-31": "8.72500", "2006-09-30": "7.53870", "2006-06-30": "5.25690", "2006-03-31": "2.49670", "2005-12-31": "4.23560", "2005-09-30": "4.46180", "2005-06-30": "5.23170", "2005-03-31": "3.62140"}, "Income Taxes": {"2020-12-31": "16.03100", "2020-09-30": "-2.37700", "2020-06-30": "0.04500", "2020-03-31": "8.70200", "2019-12-31": "11.12400", "2019-09-30": "-23.52500", "2019-06-30": "6.14300", "2019-03-31": "9.38800", "2018-12-31": "-2.14800", "2018-09-30": "4.11500", "2018-06-30": "4.72700", "2018-03-31": "-45.85900", "2017-12-31": "48.36000", "2017-09-30": "7.54400", "2017-06-30": "7.71700", "2017-03-31": "6.49200", "2016-12-31": "5.04400", "2016-09-30": "7.18800", "2016-06-30": "5.02500", "2016-03-31": "-8.26200", "2015-12-31": "4.74000", "2015-09-30": "59.17700", "2015-06-30": "6.39300", "2015-03-31": "1.04100", "2014-12-31": "-1.82700", "2014-09-30": "3.95900", "2014-06-30": "4.32200", "2014-03-31": "3.98000", "2013-12-31": "6.31100", "2013-09-30": "4.84200", "2013-06-30": "12.69700", "2013-03-31": "18.28600", "2012-12-31": "16.31500", "2012-09-30": "16.46100", "2012-06-30": "13.41400", "2012-03-31": "14.86400", "2011-12-31": "14.05100", "2011-09-30": "12.38100", "2011-06-30": "10.33400", "2011-03-31": "10.33900", "2010-12-31": "11.37400", "2010-09-30": "6.92700", "2010-06-30": "3.55900", "2010-03-31": "2.74200", "2009-12-31": "4.83300", "2009-09-30": "3.03000", "2009-06-30": "4.19600", "2009-03-31": "2.53400", "2008-12-31": "11.99800", "2008-09-30": "3.12900", "2008-06-30": "3.68700", "2008-03-31": "3.35800", "2007-12-31": "2.22900", "2007-09-30": "2.77600", "2007-06-30": "2.90480", "2007-03-31": "1.68600", "2006-12-31": "2.55060", "2006-09-30": "2.40760", "2006-06-30": "1.69080", "2006-03-31": "0.67760", "2005-12-31": "1.32830", "2005-09-30": "1.40430", "2005-06-30": "1.62080", "2005-03-31": "0.89530"}, "Income After Taxes": {"2020-12-31": "59.98800", "2020-09-30": "106.67400", "2020-06-30": "48.67200", "2020-03-31": "38.29200", "2019-12-31": "40.41400", "2019-09-30": "68.87200", "2019-06-30": "25.46600", "2019-03-31": "28.59400", "2018-12-31": "23.04300", "2018-09-30": "11.97600", "2018-06-30": "24.00600", "2018-03-31": "-154.11800", "2017-12-31": "-15.78700", "2017-09-30": "26.54800", "2017-06-30": "16.83700", "2017-03-31": "21.53100", "2016-12-31": "27.10200", "2016-09-30": "26.95500", "2016-06-30": "18.08100", "2016-03-31": "-69.49800", "2015-12-31": "13.92000", "2015-09-30": "-44.94100", "2015-06-30": "14.97300", "2015-03-31": "25.11100", "2014-12-31": "-6.32500", "2014-09-30": "18.91900", "2014-06-30": "16.93200", "2014-03-31": "20.48100", "2013-12-31": "10.77800", "2013-09-30": "15.28100", "2013-06-30": "13.65900", "2013-03-31": "6.89700", "2012-12-31": "27.55900", "2012-09-30": "25.29400", "2012-06-30": "20.96600", "2012-03-31": "26.95300", "2011-12-31": "24.24900", "2011-09-30": "26.14100", "2011-06-30": "23.27100", "2011-03-31": "20.30800", "2010-12-31": "20.71800", "2010-09-30": "13.00200", "2010-06-30": "14.87600", "2010-03-31": "-4.92800", "2009-12-31": "10.35200", "2009-09-30": "9.12200", "2009-06-30": "8.25900", "2009-03-31": "5.41400", "2008-12-31": "21.69800", "2008-09-30": "5.98600", "2008-06-30": "7.67700", "2008-03-31": "7.02900", "2007-12-31": "5.44300", "2007-09-30": "5.79600", "2007-06-30": "6.14450", "2007-03-31": "3.79200", "2006-12-31": "6.17440", "2006-09-30": "5.13110", "2006-06-30": "3.56610", "2006-03-31": "1.81910", "2005-12-31": "2.90730", "2005-09-30": "3.05740", "2005-06-30": "3.61090", "2005-03-31": "2.72610"}, "Other Income": {"2020-12-31": "", "2020-09-30": "", "2020-06-30": "", "2020-03-31": "", "2019-12-31": "", "2019-09-30": "", "2019-06-30": "", "2019-03-31": "", "2018-12-31": "", "2018-09-30": "", "2018-06-30": "", "2018-03-31": "", "2017-12-31": "", "2017-09-30": "", "2017-06-30": "", "2017-03-31": "", "2016-12-31": "", "2016-09-30": "", "2016-06-30": "", "2016-03-31": "", "2015-12-31": "", "2015-09-30": "", "2015-06-30": "", "2015-03-31": "", "2014-12-31": "", "2014-09-30": "", "2014-06-30": "", "2014-03-31": "", "2013-12-31": "", "2013-09-30": "", "2013-06-30": "", "2013-03-31": "", "2012-12-31": "", "2012-09-30": "", "2012-06-30": "", "2012-03-31": "", "2011-12-31": "", "2011-09-30": "", "2011-06-30": "", "2011-03-31": "", "2010-12-31": "", "2010-09-30": "", "2010-06-30": "", "2010-03-31": "", "2009-12-31": "", "2009-09-30": "", "2009-06-30": "", "2009-03-31": "", "2008-12-31": "", "2008-09-30": "", "2008-06-30": "", "2008-03-31": "", "2007-12-31": "", "2007-09-30": "", "2007-06-30": "", "2007-03-31": "", "2006-12-31": "", "2006-09-30": "", "2006-06-30": "", "2006-03-31": "", "2005-12-31": "", "2005-09-30": "", "2005-06-30": "", "2005-03-31": ""}, "Income From Continuous Operations": {"2020-12-31": "59.98800", "2020-09-30": "106.67400", "2020-06-30": "48.67200", "2020-03-31": "38.29200", "2019-12-31": "40.41400", "2019-09-30": "68.87200", "2019-06-30": "25.46600", "2019-03-31": "28.59400", "2018-12-31": "23.04300", "2018-09-30": "11.97600", "2018-06-30": "24.00600", "2018-03-31": "-154.11800", "2017-12-31": "-15.78700", "2017-09-30": "26.54800", "2017-06-30": "16.83700", "2017-03-31": "21.53100", "2016-12-31": "27.10200", "2016-09-30": "26.95500", "2016-06-30": "18.08100", "2016-03-31": "-69.49800", "2015-12-31": "13.92000", "2015-09-30": "-44.94100", "2015-06-30": "14.97300", "2015-03-31": "25.11100", "2014-12-31": "-6.32500", "2014-09-30": "18.91900", "2014-06-30": "16.93200", "2014-03-31": "20.48100", "2013-12-31": "10.77800", "2013-09-30": "15.28100", "2013-06-30": "13.65900", "2013-03-31": "6.89700", "2012-12-31": "27.55900", "2012-09-30": "25.29400", "2012-06-30": "20.96600", "2012-03-31": "26.95300", "2011-12-31": "24.24900", "2011-09-30": "26.14100", "2011-06-30": "23.27100", "2011-03-31": "20.30800", "2010-12-31": "20.71800", "2010-09-30": "13.00200", "2010-06-30": "14.87600", "2010-03-31": "-4.92800", "2009-12-31": "10.35200", "2009-09-30": "9.12200", "2009-06-30": "8.25900", "2009-03-31": "5.41400", "2008-12-31": "21.69800", "2008-09-30": "5.98600", "2008-06-30": "8.35800", "2008-03-31": "6.88900", "2007-12-31": "4.61000", "2007-09-30": "5.53800", "2007-06-30": "5.68520", "2007-03-31": "3.43900", "2006-12-31": "5.63570", "2006-09-30": "4.96010", "2006-06-30": "3.56610", "2006-03-31": "1.81910", "2005-12-31": "2.90730", "2005-09-30": "3.05740", "2005-06-30": "3.61090", "2005-03-31": "2.72610"}, "Income From Discontinued Operations": {"2020-12-31": "", "2020-09-30": "", "2020-06-30": "", "2020-03-31": "", "2019-12-31": "", "2019-09-30": "", "2019-06-30": "", "2019-03-31": "", "2018-12-31": "", "2018-09-30": "", "2018-06-30": "", "2018-03-31": "", "2017-12-31": "", "2017-09-30": "", "2017-06-30": "", "2017-03-31": "", "2016-12-31": "", "2016-09-30": "", "2016-06-30": "", "2016-03-31": "", "2015-12-31": "", "2015-09-30": "", "2015-06-30": "", "2015-03-31": "", "2014-12-31": "", "2014-09-30": "", "2014-06-30": "", "2014-03-31": "", "2013-12-31": "", "2013-09-30": "", "2013-06-30": "", "2013-03-31": "", "2012-12-31": "", "2012-09-30": "", "2012-06-30": "", "2012-03-31": "", "2011-12-31": "", "2011-09-30": "", "2011-06-30": "", "2011-03-31": "", "2010-12-31": "", "2010-09-30": "", "2010-06-30": "", "2010-03-31": "", "2009-12-31": "", "2009-09-30": "", "2009-06-30": "", "2009-03-31": "", "2008-12-31": "", "2008-09-30": "", "2008-06-30": "", "2008-03-31": "", "2007-12-31": "", "2007-09-30": "", "2007-06-30": "", "2007-03-31": "", "2006-12-31": "", "2006-09-30": "", "2006-06-30": "", "2006-03-31": "", "2005-12-31": "", "2005-09-30": "", "2005-06-30": "", "2005-03-31": ""}, "Net Income": {"2020-12-31": "59.88900", "2020-09-30": "106.93900", "2020-06-30": "49.01500", "2020-03-31": "38.55400", "2019-12-31": "41.32100", "2019-09-30": "70.45300", "2019-06-30": "26.45900", "2019-03-31": "28.77200", "2018-12-31": "23.58600", "2018-09-30": "15.00800", "2018-06-30": "26.65000", "2018-03-31": "-153.65000", "2017-12-31": "-14.76500", "2017-09-30": "28.63100", "2017-06-30": "20.02000", "2017-03-31": "23.66100", "2016-12-31": "28.06200", "2016-09-30": "29.78700", "2016-06-30": "20.43900", "2016-03-31": "-67.65600", "2015-12-31": "15.11400", "2015-09-30": "-45.04600", "2015-06-30": "14.81900", "2015-03-31": "25.01400", "2014-12-31": "-6.54800", "2014-09-30": "18.68000", "2014-06-30": "16.63600", "2014-03-31": "20.14300", "2013-12-31": "10.66700", "2013-09-30": "15.19500", "2013-06-30": "10.70100", "2013-03-31": "6.46400", "2012-12-31": "27.21700", "2012-09-30": "24.77100", "2012-06-30": "20.57100", "2012-03-31": "25.99900", "2011-12-31": "23.41100", "2011-09-30": "22.49500", "2011-06-30": "21.68700", "2011-03-31": "19.56500", "2010-12-31": "18.31200", "2010-09-30": "11.83100", "2010-06-30": "10.50500", "2010-03-31": "-5.75400", "2009-12-31": "9.61500", "2009-09-30": "7.12600", "2009-06-30": "7.06000", "2009-03-31": "4.14200", "2008-12-31": "21.39700", "2008-09-30": "5.74900", "2008-06-30": "7.00600", "2008-03-31": "3.30500", "2007-12-31": "3.40600", "2007-09-30": "5.53800", "2007-06-30": "5.68520", "2007-03-31": "3.43900", "2006-12-31": "5.63570", "2006-09-30": "4.96010", "2006-06-30": "3.56610", "2006-03-31": "1.81910", "2005-12-31": "2.90730", "2005-09-30": "3.05740", "2005-06-30": "3.61090", "2005-03-31": "2.72610"}, "EBITDA": {"2020-12-31": "125.31100", "2020-09-30": "149.51200", "2020-06-30": "90.25700", "2020-03-31": "104.36000", "2019-12-31": "93.40300", "2019-09-30": "87.49500", "2019-06-30": "86.46000", "2019-03-31": "86.58700", "2018-12-31": "74.21700", "2018-09-30": "71.78700", "2018-06-30": "82.40900", "2018-03-31": "-149.99800", "2017-12-31": "86.70500", "2017-09-30": "85.09100", "2017-06-30": "78.09300", "2017-03-31": "79.56600", "2016-12-31": "77.40000", "2016-09-30": "84.34400", "2016-06-30": "67.20500", "2016-03-31": "-30.64900", "2015-12-31": "70.82400", "2015-09-30": "51.52900", "2015-06-30": "58.25700", "2015-03-31": "59.54400", "2014-12-31": "20.79600", "2014-09-30": "54.22400", "2014-06-30": "60.31200", "2014-03-31": "52.63700", "2013-12-31": "47.96700", "2013-09-30": "50.47800", "2013-06-30": "52.97700", "2013-03-31": "66.84600", "2012-12-31": "74.04100", "2012-09-30": "71.33800", "2012-06-30": "53.49400", "2012-03-31": "62.61400", "2011-12-31": "60.83800", "2011-09-30": "54.68900", "2011-06-30": "51.26500", "2011-03-31": "47.71500", "2010-12-31": "47.60900", "2010-09-30": "39.73500", "2010-06-30": "33.92400", "2010-03-31": "11.77000", "2009-12-31": "27.30200", "2009-09-30": "21.83200", "2009-06-30": "18.95900", "2009-03-31": "17.10000", "2008-12-31": "10.92400", "2008-09-30": "12.88700", "2008-06-30": "16.95600", "2008-03-31": "14.92700", "2007-12-31": "9.99500", "2007-09-30": "9.46800", "2007-06-30": "10.86310", "2007-03-31": "8.26430", "2006-12-31": "9.93880", "2006-09-30": "7.70880", "2006-06-30": "5.69700", "2006-03-31": "2.74900", "2005-12-31": "4.28330", "2005-09-30": "4.94370", "2005-06-30": "5.71880", "2005-03-31": "4.13570"}, "EBIT": {"2020-12-31": "77.36600", "2020-09-30": "103.21200", "2020-06-30": "44.57600", "2020-03-31": "52.28100", "2019-12-31": "53.30700", "2019-09-30": "48.78100", "2019-06-30": "40.72400", "2019-03-31": "43.20100", "2018-12-31": "31.44900", "2018-09-30": "25.33300", "2018-06-30": "36.24700", "2018-03-31": "-193.46400", "2017-12-31": "40.96200", "2017-09-30": "41.72000", "2017-06-30": "34.61900", "2017-03-31": "35.95100", "2016-12-31": "34.48100", "2016-09-30": "40.89100", "2016-06-30": "28.51600", "2016-03-31": "-72.05800", "2015-12-31": "27.17300", "2015-09-30": "21.18500", "2015-06-30": "27.56800", "2015-03-31": "32.15000", "2014-12-31": "-2.02200", "2014-09-30": "29.53900", "2014-06-30": "31.45200", "2014-03-31": "28.61400", "2013-12-31": "22.91600", "2013-09-30": "25.73800", "2013-06-30": "29.92400", "2013-03-31": "42.93200", "2012-12-31": "50.66500", "2012-09-30": "47.64600", "2012-06-30": "36.85300", "2012-03-31": "42.89300", "2011-12-31": "39.42000", "2011-09-30": "37.46800", "2011-06-30": "34.63400", "2011-03-31": "31.87700", "2010-12-31": "31.60400", "2010-09-30": "20.81000", "2010-06-30": "16.31100", "2010-03-31": "-1.23100", "2009-12-31": "15.20100", "2009-09-30": "10.75400", "2009-06-30": "9.30200", "2009-03-31": "7.13900", "2008-12-31": "2.38700", "2008-09-30": "8.46400", "2008-06-30": "10.52500", "2008-03-31": "9.00200", "2007-12-31": "6.38900", "2007-09-30": "7.06600", "2007-06-30": "8.34510", "2007-03-31": "5.69100", "2006-12-31": "7.83600", "2006-09-30": "6.63390", "2006-06-30": "4.37090", "2006-03-31": "1.74260", "2005-12-31": "3.25280", "2005-09-30": "4.04570", "2005-06-30": "4.93630", "2005-03-31": "3.44060"}, "Basic Shares Outstanding": {"2020-12-31": "65.54700", "2020-09-30": "65.53800", "2020-06-30": "65.52300", "2020-03-31": "65.51200", "2019-12-31": "65.49600", "2019-09-30": "65.46600", "2019-06-30": "65.39500", "2019-03-31": "65.39800", "2018-12-31": "65.39500", "2018-09-30": "65.37500", "2018-06-30": "65.29200", "2018-03-31": "65.30700", "2017-12-31": "65.30700", "2017-09-30": "65.23550", "2017-06-30": "65.15300", "2017-03-31": "65.16900", "2016-12-31": "65.15000", "2016-09-30": "65.11700", "2016-06-30": "65.07400", "2016-03-31": "65.08500", "2015-12-31": "65.07400", "2015-09-30": "65.04800", "2015-06-30": "65.00800", "2015-03-31": "65.03400", "2014-12-31": "65.00200", "2014-09-30": "64.96300", "2014-06-30": "64.90900", "2014-03-31": "64.96400", "2013-12-31": "64.89800", "2013-09-30": "64.85800", "2013-06-30": "63.25000", "2013-03-31": "64.83800", "2012-12-31": "63.94200", "2012-09-30": "59.43600", "2012-06-30": "57.22000", "2012-03-31": "58.95300", "2011-12-31": "55.32900", "2011-09-30": "55.18400", "2011-06-30": "55.05300", "2011-03-31": "55.07700", "2010-12-31": "55.04300", "2010-09-30": "54.98700", "2010-06-30": "43.64000", "2010-03-31": "44.97600", "2009-12-31": "40.57800", "2009-09-30": "40.50200", "2009-06-30": "35.33700", "2009-03-31": "34.00900", "2008-12-31": "33.96100", "2008-09-30": "33.92600", "2008-06-30": "31.05500", "2008-03-31": "30.93210", "2007-12-31": "29.77700", "2007-09-30": "28.72900", "2007-06-30": "24.82700", "2007-03-31": "24.04220", "2006-12-31": "23.60500", "2006-09-30": "23.58700", "2006-06-30": "22.86400", "2006-03-31": "23.52300", "2005-12-31": "23.27600", "2005-09-30": "21.12700", "2005-06-30": "20.87600", "2005-03-31": "20.89500"}, "Shares Outstanding": {"2020-12-31": "65.61900", "2020-09-30": "65.63300", "2020-06-30": "65.64300", "2020-03-31": "65.60100", "2019-12-31": "65.61200", "2019-09-30": "65.61600", "2019-06-30": "65.50600", "2019-03-31": "65.51500", "2018-12-31": "65.47300", "2018-09-30": "65.49700", "2018-06-30": "65.29200", "2018-03-31": "65.30700", "2017-12-31": "65.30700", "2017-09-30": "65.40470", "2017-06-30": "65.27800", "2017-03-31": "65.27500", "2016-12-31": "65.25300", "2016-09-30": "65.28100", "2016-06-30": "65.07400", "2016-03-31": "65.08500", "2015-12-31": "65.12200", "2015-09-30": "65.04800", "2015-06-30": "65.12500", "2015-03-31": "65.12900", "2014-12-31": "65.00200", "2014-09-30": "65.10700", "2014-06-30": "65.02600", "2014-03-31": "65.08300", "2013-12-31": "64.99100", "2013-09-30": "64.98100", "2013-06-30": "63.43000", "2013-03-31": "64.99500", "2012-12-31": "64.13700", "2012-09-30": "59.68000", "2012-06-30": "57.46400", "2012-03-31": "59.16900", "2011-12-31": "55.57500", "2011-09-30": "55.49100", "2011-06-30": "55.32300", "2011-03-31": "55.33700", "2010-12-31": "55.30900", "2010-09-30": "55.25000", "2010-06-30": "43.98100", "2010-03-31": "44.97600", "2009-12-31": "40.96200", "2009-09-30": "40.86200", "2009-06-30": "35.78900", "2009-03-31": "34.44700", "2008-12-31": "34.37500", "2008-09-30": "34.27900", "2008-06-30": "31.39000", "2008-03-31": "31.21370", "2007-12-31": "30.12400", "2007-09-30": "28.86100", "2007-06-30": "25.07500", "2007-03-31": "24.31900", "2006-12-31": "23.93500", "2006-09-30": "23.82300", "2006-06-30": "23.13400", "2006-03-31": "23.81700", "2005-12-31": "23.56400", "2005-09-30": "21.36700", "2005-06-30": "21.07100", "2005-03-31": "21.09900"}, "Basic EPS": {"2020-12-31": "0.91000", "2020-09-30": "1.63000", "2020-06-30": "0.75000", "2020-03-31": "0.59000", "2019-12-31": "0.63000", "2019-09-30": "1.07000", "2019-06-30": "0.40000", "2019-03-31": "0.44000", "2018-12-31": "0.36000", "2018-09-30": "0.23000", "2018-06-30": "0.41000", "2018-03-31": "-2.35000", "2017-12-31": "-0.23000", "2017-09-30": "0.44000", "2017-06-30": "0.30000", "2017-03-31": "0.36000", "2016-12-31": "0.43000", "2016-09-30": "0.46000", "2016-06-30": "0.32000", "2016-03-31": "-1.04000", "2015-12-31": "0.23000", "2015-09-30": "-0.69000", "2015-06-30": "0.23000", "2015-03-31": "0.38000", "2014-12-31": "-0.10000", "2014-09-30": "0.29000", "2014-06-30": "0.26000", "2014-03-31": "0.31000", "2013-12-31": "0.16000", "2013-09-30": "0.23000", "2013-06-30": "0.15000", "2013-03-31": "0.10000", "2012-12-31": "0.42000", "2012-09-30": "0.42000", "2012-06-30": "0.34000", "2012-03-31": "0.44000", "2011-12-31": "0.42000", "2011-09-30": "0.41000", "2011-06-30": "0.38000", "2011-03-31": "0.36000", "2010-12-31": "0.33000", "2010-09-30": "0.22000", "2010-06-30": "0.20000", "2010-03-31": "-0.13000", "2009-12-31": "0.24000", "2009-09-30": "0.18000", "2009-06-30": "0.17000", "2009-03-31": "0.12000", "2008-12-31": "0.63000", "2008-09-30": "0.17000", "2008-06-30": "0.21000", "2008-03-31": "0.11000", "2007-12-31": "0.11000", "2007-09-30": "0.19000", "2007-06-30": "0.20000", "2007-03-31": "0.14000", "2006-12-31": "0.24000", "2006-09-30": "0.21000", "2006-06-30": "0.16000", "2006-03-31": "0.08000", "2005-12-31": "0.12000", "2005-09-30": "0.14000", "2005-06-30": "0.17000", "2005-03-31": "0.13000"}, "EPS - Earnings Per Share": {"2020-12-31": "0.91000", "2020-09-30": "1.63000", "2020-06-30": "0.74000", "2020-03-31": "0.59000", "2019-12-31": "0.63000", "2019-09-30": "1.07000", "2019-06-30": "0.40000", "2019-03-31": "0.44000", "2018-12-31": "0.36000", "2018-09-30": "0.23000", "2018-06-30": "0.41000", "2018-03-31": "-2.35000", "2017-12-31": "-0.23000", "2017-09-30": "0.44000", "2017-06-30": "0.30000", "2017-03-31": "0.36000", "2016-12-31": "0.43000", "2016-09-30": "0.46000", "2016-06-30": "0.32000", "2016-03-31": "-1.04000", "2015-12-31": "0.23000", "2015-09-30": "-0.69000", "2015-06-30": "0.23000", "2015-03-31": "0.38000", "2014-12-31": "-0.10000", "2014-09-30": "0.29000", "2014-06-30": "0.26000", "2014-03-31": "0.31000", "2013-12-31": "0.16000", "2013-09-30": "0.23000", "2013-06-30": "0.16000", "2013-03-31": "0.10000", "2012-12-31": "0.42000", "2012-09-30": "0.41000", "2012-06-30": "0.35000", "2012-03-31": "0.44000", "2011-12-31": "0.42000", "2011-09-30": "0.40000", "2011-06-30": "0.40000", "2011-03-31": "0.35000", "2010-12-31": "0.33000", "2010-09-30": "0.21000", "2010-06-30": "0.22000", "2010-03-31": "-0.13000", "2009-12-31": "0.23000", "2009-09-30": "0.17000", "2009-06-30": "0.16000", "2009-03-31": "0.12000", "2008-12-31": "0.62000", "2008-09-30": "0.17000", "2008-06-30": "0.20000", "2008-03-31": "0.11000", "2007-12-31": "0.11000", "2007-09-30": "0.19000", "2007-06-30": "0.20000", "2007-03-31": "0.14000", "2006-12-31": "0.24000", "2006-09-30": "0.21000", "2006-06-30": "0.15000", "2006-03-31": "0.08000", "2005-12-31": "0.12000", "2005-09-30": "0.14000", "2005-06-30": "0.17000", "2005-03-31": "0.13000"}}, "balance sheet": {"Cash On Hand": {"2020-06-30": "319.12800", "2019-06-30": "119.47500", "2018-06-30": "88.75000", "2017-06-30": "85.84700", "2016-06-30": "116.63300", "2015-06-30": "749.12200", "2014-06-30": "659.53600", "2013-06-30": "664.03500", "2012-06-30": "375.45600", "2011-06-30": "114.15500", "2010-06-30": "324.84600", "2009-06-30": "294.56600", "2008-06-30": "192.03500", "2007-06-30": "82.84200", "2006-06-30": "78.44940", "2005-06-30": "48.84040"}, "Receivables": {"2020-06-30": "30.12400", "2019-06-30": "23.43500", "2018-06-30": "26.39600", "2017-06-30": "49.05500", "2016-06-30": "41.20900", "2015-06-30": "44.10300", "2014-06-30": "68.60100", "2013-06-30": "65.54300", "2012-06-30": "64.99200", "2011-06-30": "48.82800", "2010-06-30": "43.89000", "2009-06-30": "22.96900", "2008-06-30": "18.50300", "2007-06-30": "12.47000", "2006-06-30": "5.96210", "2005-06-30": "6.60130"}, "Inventory": {"2020-06-30": "11.67100", "2019-06-30": "11.38000", "2018-06-30": "9.31100", "2017-06-30": "7.88300", "2016-06-30": "9.48900", "2015-06-30": "2.28700", "2014-06-30": "", "2013-06-30": "", "2012-06-30": "", "2011-06-30": "", "2010-06-30": "", "2009-06-30": "", "2008-06-30": "", "2007-06-30": "", "2006-06-30": "", "2005-06-30": ""}, "Pre-Paid Expenses": {"2020-06-30": "1.22700", "2019-06-30": "0.38900", "2018-06-30": "1.35000", "2017-06-30": "0.82200", "2016-06-30": "0.61400", "2015-06-30": "1.51100", "2014-06-30": "7.84000", "2013-06-30": "14.91900", "2012-06-30": "4.76000", "2011-06-30": "6.29000", "2010-06-30": "2.62700", "2009-06-30": "1.17300", "2008-06-30": "0.30800", "2007-06-30": "0.21700", "2006-06-30": "0.15590", "2005-06-30": "0.33390"}, "Other Current Assets": {"2020-06-30": "", "2019-06-30": "", "2018-06-30": "", "2017-06-30": "", "2016-06-30": "", "2015-06-30": "", "2014-06-30": "", "2013-06-30": "", "2012-06-30": "", "2011-06-30": "", "2010-06-30": "", "2009-06-30": "", "2008-06-30": "", "2007-06-30": "", "2006-06-30": "", "2005-06-30": ""}, "Total Current Assets": {"2020-06-30": "362.15000", "2019-06-30": "154.67900", "2018-06-30": "125.80700", "2017-06-30": "143.60700", "2016-06-30": "167.94500", "2015-06-30": "797.02300", "2014-06-30": "735.97700", "2013-06-30": "744.49700", "2012-06-30": "445.20800", "2011-06-30": "169.27300", "2010-06-30": "371.36300", "2009-06-30": "318.70800", "2008-06-30": "210.97700", "2007-06-30": "95.68300", "2006-06-30": "84.69900", "2005-06-30": "56.22830"}, "Property, Plant, And Equipment": {"2020-06-30": "2318.91300", "2019-06-30": "2339.31600", "2018-06-30": "2501.11700", "2017-06-30": "2892.25600", "2016-06-30": "2848.08700", "2015-06-30": "2083.60800", "2014-06-30": "2109.06700", "2013-06-30": "", "2012-06-30": "", "2011-06-30": "", "2010-06-30": "", "2009-06-30": "", "2008-06-30": "", "2007-06-30": "", "2006-06-30": "", "2005-06-30": ""}, "Long-Term Investments": {"2020-06-30": "", "2019-06-30": "", "2018-06-30": "", "2017-06-30": "", "2016-06-30": "", "2015-06-30": "", "2014-06-30": "9.60800", "2013-06-30": "9.69500", "2012-06-30": "15.01500", "2011-06-30": "28.87600", "2010-06-30": "0.20100", "2009-06-30": "", "2008-06-30": "", "2007-06-30": "", "2006-06-30": "1.98840", "2005-06-30": "0.55480"}, "Goodwill And Intangible Assets": {"2020-06-30": "", "2019-06-30": "", "2018-06-30": "", "2017-06-30": "", "2016-06-30": "", "2015-06-30": "", "2014-06-30": "", "2013-06-30": "2120.26800", "2012-06-30": "1890.98800", "2011-06-30": "1690.43900", "2010-06-30": "1476.79900", "2009-06-30": "455.96600", "2008-06-30": "300.67000", "2007-06-30": "215.83900", "2006-06-30": "84.58960", "2005-06-30": "44.81720"}, "Other Long-Term Assets": {"2020-06-30": "85.22400", "2019-06-30": "50.15600", "2018-06-30": "55.09200", "2017-06-30": "58.20200", "2016-06-30": "53.69700", "2015-06-30": "36.56000", "2014-06-30": "36.89200", "2013-06-30": "30.88100", "2012-06-30": "25.15500", "2011-06-30": "14.11400", "2010-06-30": "16.97000", "2009-06-30": "35.25000", "2008-06-30": "23.03300", "2007-06-30": "20.02100", "2006-06-30": "0.48780", "2005-06-30": "0.55780"}, "Total Long-Term Assets": {"2020-06-30": "2404.13700", "2019-06-30": "2389.47200", "2018-06-30": "2556.20900", "2017-06-30": "2950.45800", "2016-06-30": "2901.78400", "2015-06-30": "2120.16800", "2014-06-30": "2155.56700", "2013-06-30": "2160.84400", "2012-06-30": "1931.15800", "2011-06-30": "1733.42900", "2010-06-30": "1493.97000", "2009-06-30": "491.21600", "2008-06-30": "334.87300", "2007-06-30": "260.96600", "2006-06-30": "87.06580", "2005-06-30": "46.09020"}, "Total Assets": {"2020-06-30": "2766.28700", "2019-06-30": "2544.15100", "2018-06-30": "2682.01600", "2017-06-30": "3094.06500", "2016-06-30": "3069.72900", "2015-06-30": "2917.19100", "2014-06-30": "2891.54400", "2013-06-30": "2905.34100", "2012-06-30": "2376.36600", "2011-06-30": "1902.70200", "2010-06-30": "1865.33300", "2009-06-30": "809.92400", "2008-06-30": "545.85000", "2007-06-30": "356.64900", "2006-06-30": "171.76480", "2005-06-30": "102.31860"}, "Total Current Liabilities": {"2020-06-30": "43.55500", "2019-06-30": "33.61000", "2018-06-30": "51.38300", "2017-06-30": "34.28300", "2016-06-30": "25.85700", "2015-06-30": "24.97300", "2014-06-30": "22.50400", "2013-06-30": "35.08500", "2012-06-30": "15.20900", "2011-06-30": "28.86100", "2010-06-30": "35.77400", "2009-06-30": "6.18900", "2008-06-30": "8.93400", "2007-06-30": "4.68800", "2006-06-30": "3.32350", "2005-06-30": "2.89820"}, "Long Term Debt": {"2020-06-30": "300.43900", "2019-06-30": "214.55400", "2018-06-30": "351.02700", "2017-06-30": "586.17000", "2016-06-30": "600.68500", "2015-06-30": "313.86900", "2014-06-30": "311.86000", "2013-06-30": "302.26300", "2012-06-30": "293.24800", "2011-06-30": "210.50000", "2010-06-30": "222.50000", "2009-06-30": "19.25000", "2008-06-30": "15.75000", "2007-06-30": "15.75000", "2006-06-30": "", "2005-06-30": ""}, "Other Non-Current Liabilities": {"2020-06-30": "33.73500", "2019-06-30": "36.57300", "2018-06-30": "47.19000", "2017-06-30": "32.01800", "2016-06-30": "23.43500", "2015-06-30": "15.81900", "2014-06-30": "14.75800", "2013-06-30": "23.09000", "2012-06-30": "22.44300", "2011-06-30": "23.08200", "2010-06-30": "17.53300", "2009-06-30": "0.70300", "2008-06-30": "0.50400", "2007-06-30": "0.09800", "2006-06-30": "0.09770", "2005-06-30": "0.09660"}, "Total Long Term Liabilities": {"2020-06-30": "420.61300", "2019-06-30": "340.08800", "2018-06-30": "489.36400", "2017-06-30": "739.51800", "2016-06-30": "757.98700", "2015-06-30": "476.29100", "2014-06-30": "496.48300", "2013-06-30": "499.62000", "2012-06-30": "497.72800", "2011-06-30": "386.14600", "2010-06-30": "396.01100", "2009-06-30": "43.32400", "2008-06-30": "53.69900", "2007-06-30": "32.88000", "2006-06-30": "6.78160", "2005-06-30": "7.68300"}, "Total Liabilities": {"2020-06-30": "464.16800", "2019-06-30": "373.69800", "2018-06-30": "540.74700", "2017-06-30": "773.80100", "2016-06-30": "783.84400", "2015-06-30": "501.26400", "2014-06-30": "518.98700", "2013-06-30": "534.70500", "2012-06-30": "512.93700", "2011-06-30": "415.00700", "2010-06-30": "431.78500", "2009-06-30": "49.51300", "2008-06-30": "62.63300", "2007-06-30": "37.56800", "2006-06-30": "10.10520", "2005-06-30": "10.58130"}, "Common Stock Net": {"2020-06-30": "0.65500", "2019-06-30": "0.65500", "2018-06-30": "0.65400", "2017-06-30": "0.65200", "2016-06-30": "0.65100", "2015-06-30": "0.65000", "2014-06-30": "0.64600", "2013-06-30": "0.64200", "2012-06-30": "0.58600", "2011-06-30": "0.54300", "2010-06-30": "0.53400", "2009-06-30": "0.40500", "2008-06-30": "0.33900", "2007-06-30": "0.28900", "2006-06-30": "0.23820", "2005-06-30": "0.21260"}, "Retained Earnings (Accumulated Deficit)": {"2020-06-30": "61.13300", "2019-06-30": "-65.74700", "2018-06-30": "-89.89800", "2017-06-30": "88.05000", "2016-06-30": "48.58400", "2015-06-30": "185.12100", "2014-06-30": "189.87100", "2013-06-30": "181.27900", "2012-06-30": "160.12300", "2011-06-30": "100.00400", "2010-06-30": "51.86200", "2009-06-30": "46.70900", "2008-06-30": "0.06500", "2007-06-30": "8.99200", "2006-06-30": "-4.43980", "2005-06-30": "-10.73240"}, "Comprehensive Income": {"2020-06-30": "", "2019-06-30": "", "2018-06-30": "-1.20100", "2017-06-30": "0.87900", "2016-06-30": "", "2015-06-30": "-3.29200", "2014-06-30": "-0.16000", "2013-06-30": "-4.57200", "2012-06-30": "-13.76300", "2011-06-30": "0.05400", "2010-06-30": "-0.03400", "2009-06-30": "-0.08000", "2008-06-30": "19.47800", "2007-06-30": "0.45800", "2006-06-30": "0.49850", "2005-06-30": "-0.28490"}, "Other Share Holders Equity": {"2020-06-30": "", "2019-06-30": "", "2018-06-30": "", "2017-06-30": "", "2016-06-30": "", "2015-06-30": "", "2014-06-30": "", "2013-06-30": "", "2012-06-30": "", "2011-06-30": "", "2010-06-30": "", "2009-06-30": "", "2008-06-30": "", "2007-06-30": "", "2006-06-30": "", "2005-06-30": ""}, "Share Holder Equity": {"2020-06-30": "2302.11900", "2019-06-30": "2170.45300", "2018-06-30": "2141.26900", "2017-06-30": "2320.26400", "2016-06-30": "2285.88500", "2015-06-30": "2415.92700", "2014-06-30": "2372.55700", "2013-06-30": "2370.63600", "2012-06-30": "1863.42900", "2011-06-30": "1487.69500", "2010-06-30": "1433.54800", "2009-06-30": "760.41100", "2008-06-30": "483.21700", "2007-06-30": "319.08100", "2006-06-30": "161.65970", "2005-06-30": "91.73730"}, "Total Liabilities And Share Holders Equity": {"2020-06-30": "2766.28700", "2019-06-30": "2544.15100", "2018-06-30": "2682.01600", "2017-06-30": "3094.06500", "2016-06-30": "3069.72900", "2015-06-30": "2917.19100", "2014-06-30": "2891.54400", "2013-06-30": "2905.34100", "2012-06-30": "2376.36600", "2011-06-30": "1902.70200", "2010-06-30": "1865.33300", "2009-06-30": "809.92400", "2008-06-30": "545.85000", "2007-06-30": "356.64900", "2006-06-30": "171.76480", "2005-06-30": "102.31860"}}, "balance sheet, quarterly": {"Cash On Hand": {"2020-12-31": "381.85900", "2020-09-30": "413.11600", "2020-06-30": "319.12800", "2020-03-31": "93.71500", "2019-12-31": "80.50400", "2019-09-30": "121.97000", "2019-06-30": "119.47500", "2019-03-31": "215.99600", "2018-12-31": "156.53600", "2018-09-30": "117.07800", "2018-06-30": "88.75000", "2018-03-31": "109.37600", "2017-12-31": "98.13200", "2017-09-30": "88.39500", "2017-06-30": "85.84700", "2017-03-31": "88.09000", "2016-12-31": "83.98800", "2016-09-30": "133.04200", "2016-06-30": "116.63300", "2016-03-31": "126.72400", "2015-12-31": "117.60000", "2015-09-30": "104.31000", "2015-06-30": "749.12200", "2015-03-31": "715.22800", "2014-12-31": "675.12800", "2014-09-30": "691.41100", "2014-06-30": "659.53600", "2014-03-31": "646.11200", "2013-12-31": "659.28900", "2013-09-30": "637.89900", "2013-06-30": "664.03500", "2013-03-31": "673.10300", "2012-12-31": "680.73100", "2012-09-30": "302.03700", "2012-06-30": "375.45600", "2012-03-31": "183.33800", "2011-12-31": "95.80200", "2011-09-30": "123.40100", "2011-06-30": "114.15500", "2011-03-31": "125.77100", "2010-12-31": "71.40900", "2010-09-30": "321.50300", "2010-06-30": "324.84600", "2010-03-31": "53.65000", "2009-12-31": "316.83700", "2009-09-30": "307.49700", "2009-06-30": "294.56600", "2009-03-31": "50.53800", "2008-12-31": "55.04000", "2008-09-30": "209.81300", "2008-06-30": "192.03500", "2008-03-31": "183.82300", "2007-12-31": "195.65240", "2007-09-30": "90.81230", "2007-06-30": "82.84200", "2007-03-31": "19.16770", "2006-12-31": "70.93640", "2006-09-30": "73.22030", "2006-06-30": "78.44940", "2006-03-31": "79.91030", "2005-12-31": "79.87310", "2005-09-30": "109.48420", "2005-06-30": "48.84040", "2005-03-31": "46.88100"}, "Receivables": {"2020-12-31": "53.25500", "2020-09-30": "37.87100", "2020-06-30": "30.12400", "2020-03-31": "43.68300", "2019-12-31": "38.11700", "2019-09-30": "30.33300", "2019-06-30": "23.43500", "2019-03-31": "36.34400", "2018-12-31": "38.45200", "2018-09-30": "31.48700", "2018-06-30": "26.39600", "2018-03-31": "28.94400", "2017-12-31": "56.65100", "2017-09-30": "55.10200", "2017-06-30": "49.05500", "2017-03-31": "38.79700", "2016-12-31": "40.31000", "2016-09-30": "44.97900", "2016-06-30": "41.20900", "2016-03-31": "41.81100", "2015-12-31": "35.74100", "2015-09-30": "38.08900", "2015-06-30": "44.10300", "2015-03-31": "39.48600", "2014-12-31": "61.11400", "2014-09-30": "59.49800", "2014-06-30": "68.60100", "2014-03-31": "62.23500", "2013-12-31": "66.04400", "2013-09-30": "72.32800", "2013-06-30": "65.54300", "2013-03-31": "69.39800", "2012-12-31": "77.95800", "2012-09-30": "64.73500", "2012-06-30": "64.99200", "2012-03-31": "62.08600", "2011-12-31": "64.98400", "2011-09-30": "54.77800", "2011-06-30": "48.82800", "2011-03-31": "51.96200", "2010-12-31": "55.01600", "2010-09-30": "43.04100", "2010-06-30": "43.89000", "2010-03-31": "37.10300", "2009-12-31": "36.71900", "2009-09-30": "25.31400", "2009-06-30": "22.96900", "2009-03-31": "20.28600", "2008-12-31": "14.83300", "2008-09-30": "11.39200", "2008-06-30": "18.50300", "2008-03-31": "15.67700", "2007-12-31": "13.23180", "2007-09-30": "11.13540", "2007-06-30": "12.47000", "2007-03-31": "8.98590", "2006-12-31": "8.62100", "2006-09-30": "7.00680", "2006-06-30": "5.96210", "2006-03-31": "4.72970", "2005-12-31": "6.92780", "2005-09-30": "5.88380", "2005-06-30": "6.60130", "2005-03-31": "5.12550"}, "Inventory": {"2020-12-31": "13.90000", "2020-09-30": "17.15900", "2020-06-30": "11.67100", "2020-03-31": "11.94700", "2019-12-31": "15.33600", "2019-09-30": "10.77200", "2019-06-30": "11.38000", "2019-03-31": "12.41300", "2018-12-31": "7.95400", "2018-09-30": "10.01100", "2018-06-30": "9.31100", "2018-03-31": "12.69900", "2017-12-31": "7.35900", "2017-09-30": "7.79400", "2017-06-30": "7.88300", "2017-03-31": "6.62400", "2016-12-31": "10.17900", "2016-09-30": "12.61500", "2016-06-30": "9.48900", "2016-03-31": "5.40200", "2015-12-31": "8.28900", "2015-09-30": "", "2015-06-30": "2.28700", "2015-03-31": "", "2014-12-31": "", "2014-09-30": "", "2014-06-30": "", "2014-03-31": "", "2013-12-31": "", "2013-09-30": "", "2013-06-30": "", "2013-03-31": "", "2012-12-31": "", "2012-09-30": "", "2012-06-30": "", "2012-03-31": "", "2011-12-31": "", "2011-09-30": "", "2011-06-30": "", "2011-03-31": "", "2010-12-31": "", "2010-09-30": "", "2010-06-30": "", "2010-03-31": "", "2009-12-31": "", "2009-09-30": "", "2009-06-30": "", "2009-03-31": "", "2008-12-31": "", "2008-09-30": "", "2008-06-30": "", "2008-03-31": "", "2007-12-31": "", "2007-09-30": "", "2007-06-30": "", "2007-03-31": "", "2006-12-31": "", "2006-09-30": "", "2006-06-30": "", "2006-03-31": "", "2005-12-31": "", "2005-09-30": "", "2005-06-30": "", "2005-03-31": ""}, "Pre-Paid Expenses": {"2020-12-31": "1.47700", "2020-09-30": "1.67900", "2020-06-30": "1.22700", "2020-03-31": "1.23200", "2019-12-31": "2.48500", "2019-09-30": "1.13500", "2019-06-30": "0.38900", "2019-03-31": "0.60200", "2018-12-31": "0.79300", "2018-09-30": "0.85400", "2018-06-30": "1.35000", "2018-03-31": "0.82600", "2017-12-31": "3.33700", "2017-09-30": "4.48800", "2017-06-30": "0.82200", "2017-03-31": "0.66300", "2016-12-31": "1.72000", "2016-09-30": "1.35000", "2016-06-30": "0.61400", "2016-03-31": "1.24300", "2015-12-31": "1.23000", "2015-09-30": "9.91200", "2015-06-30": "1.51100", "2015-03-31": "4.91100", "2014-12-31": "15.62600", "2014-09-30": "6.46900", "2014-06-30": "7.84000", "2014-03-31": "4.09000", "2013-12-31": "3.67900", "2013-09-30": "5.17300", "2013-06-30": "14.91900", "2013-03-31": "6.48400", "2012-12-31": "22.36100", "2012-09-30": "5.07500", "2012-06-30": "4.76000", "2012-03-31": "6.08900", "2011-12-31": "5.34200", "2011-09-30": "6.34300", "2011-06-30": "6.29000", "2011-03-31": "7.26300", "2010-12-31": "1.96200", "2010-09-30": "1.81700", "2010-06-30": "2.62700", "2010-03-31": "2.08400", "2009-12-31": "0.72000", "2009-09-30": "0.68000", "2009-06-30": "1.17300", "2009-03-31": "1.42900", "2008-12-31": "0.70900", "2008-09-30": "0.37000", "2008-06-30": "0.30800", "2008-03-31": "0.32900", "2007-12-31": "0.28230", "2007-09-30": "0.75390", "2007-06-30": "0.21700", "2007-03-31": "0.22180", "2006-12-31": "0.48420", "2006-09-30": "0.40500", "2006-06-30": "0.15590", "2006-03-31": "0.73920", "2005-12-31": "3.93560", "2005-09-30": "0.32360", "2005-06-30": "0.33390", "2005-03-31": "0.22330"}, "Other Current Assets": {"2020-12-31": "", "2020-09-30": "", "2020-06-30": "", "2020-03-31": "", "2019-12-31": "", "2019-09-30": "", "2019-06-30": "", "2019-03-31": "", "2018-12-31": "", "2018-09-30": "", "2018-06-30": "", "2018-03-31": "", "2017-12-31": "", "2017-09-30": "", "2017-06-30": "", "2017-03-31": "", "2016-12-31": "", "2016-09-30": "", "2016-06-30": "", "2016-03-31": "", "2015-12-31": "", "2015-09-30": "", "2015-06-30": "", "2015-03-31": "", "2014-12-31": "", "2014-09-30": "", "2014-06-30": "", "2014-03-31": "", "2013-12-31": "", "2013-09-30": "", "2013-06-30": "", "2013-03-31": "", "2012-12-31": "", "2012-09-30": "", "2012-06-30": "", "2012-03-31": "", "2011-12-31": "", "2011-09-30": "", "2011-06-30": "", "2011-03-31": "", "2010-12-31": "", "2010-09-30": "", "2010-06-30": "", "2010-03-31": "", "2009-12-31": "", "2009-09-30": "", "2009-06-30": "", "2009-03-31": "", "2008-12-31": "", "2008-09-30": "", "2008-06-30": "", "2008-03-31": "", "2007-12-31": "", "2007-09-30": "", "2007-06-30": "", "2007-03-31": "", "2006-12-31": "", "2006-09-30": "", "2006-06-30": "", "2006-03-31": "", "2005-12-31": "", "2005-09-30": "", "2005-06-30": "", "2005-03-31": ""}, "Total Current Assets": {"2020-12-31": "450.49100", "2020-09-30": "469.82500", "2020-06-30": "362.15000", "2020-03-31": "150.57700", "2019-12-31": "136.44200", "2019-09-30": "164.21000", "2019-06-30": "154.67900", "2019-03-31": "265.35500", "2018-12-31": "203.73500", "2018-09-30": "159.43000", "2018-06-30": "125.80700", "2018-03-31": "151.84500", "2017-12-31": "165.47900", "2017-09-30": "155.77900", "2017-06-30": "143.60700", "2017-03-31": "134.17400", "2016-12-31": "136.19700", "2016-09-30": "191.98600", "2016-06-30": "167.94500", "2016-03-31": "175.18000", "2015-12-31": "162.86000", "2015-09-30": "152.31100", "2015-06-30": "797.02300", "2015-03-31": "759.62500", "2014-12-31": "751.86800", "2014-09-30": "757.37800", "2014-06-30": "735.97700", "2014-03-31": "712.43700", "2013-12-31": "729.01200", "2013-09-30": "715.40000", "2013-06-30": "744.49700", "2013-03-31": "748.98500", "2012-12-31": "781.05000", "2012-09-30": "371.84700", "2012-06-30": "445.20800", "2012-03-31": "251.51300", "2011-12-31": "166.12800", "2011-09-30": "184.52200", "2011-06-30": "169.27300", "2011-03-31": "184.99600", "2010-12-31": "128.38700", "2010-09-30": "366.36100", "2010-06-30": "371.36300", "2010-03-31": "93.00000", "2009-12-31": "354.43400", "2009-09-30": "333.67600", "2009-06-30": "318.70800", "2009-03-31": "72.34400", "2008-12-31": "70.72200", "2008-09-30": "221.71400", "2008-06-30": "210.97700", "2008-03-31": "199.91200", "2007-12-31": "209.35930", "2007-09-30": "102.86570", "2007-06-30": "95.68300", "2007-03-31": "28.45530", "2006-12-31": "80.14810", "2006-09-30": "80.74240", "2006-06-30": "84.69900", "2006-03-31": "85.53190", "2005-12-31": "90.94810", "2005-09-30": "116.11060", "2005-06-30": "56.22830", "2005-03-31": "53.22220"}, "Property, Plant, And Equipment": {"2020-12-31": "2231.98000", "2020-09-30": "2242.31400", "2020-06-30": "2318.91300", "2020-03-31": "2317.41300", "2019-12-31": "2333.09100", "2019-09-30": "2305.01800", "2019-06-30": "2339.31600", "2019-03-31": "", "2018-12-31": "", "2018-09-30": "", "2018-06-30": "2501.11700", "2018-03-31": "2532.60300", "2017-12-31": "2810.61600", "2017-09-30": "2852.59800", "2017-06-30": "2892.25600", "2017-03-31": "2932.08700", "2016-12-31": "2961.32800", "2016-09-30": "2898.09400", "2016-06-30": "2848.08700", "2016-03-31": "", "2015-12-31": "", "2015-09-30": "3012.95200", "2015-06-30": "2083.60800", "2015-03-31": "", "2014-12-31": "", "2014-09-30": "", "2014-06-30": "2109.06700", "2014-03-31": "", "2013-12-31": "", "2013-09-30": "", "2013-06-30": "", "2013-03-31": "", "2012-12-31": "", "2012-09-30": "", "2012-06-30": "", "2012-03-31": "", "2011-12-31": "", "2011-09-30": "", "2011-06-30": "", "2011-03-31": "", "2010-12-31": "", "2010-09-30": "", "2010-06-30": "", "2010-03-31": "", "2009-12-31": "", "2009-09-30": "", "2009-06-30": "", "2009-03-31": "", "2008-12-31": "", "2008-09-30": "", "2008-06-30": "", "2008-03-31": "", "2007-12-31": "", "2007-09-30": "", "2007-06-30": "", "2007-03-31": "", "2006-12-31": "", "2006-09-30": "", "2006-06-30": "", "2006-03-31": "", "2005-12-31": "", "2005-09-30": "", "2005-06-30": "", "2005-03-31": ""}, "Long-Term Investments": {"2020-12-31": "", "2020-09-30": "", "2020-06-30": "", "2020-03-31": "", "2019-12-31": "", "2019-09-30": "", "2019-06-30": "", "2019-03-31": "", "2018-12-31": "", "2018-09-30": "", "2018-06-30": "", "2018-03-31": "", "2017-12-31": "", "2017-09-30": "", "2017-06-30": "", "2017-03-31": "", "2016-12-31": "", "2016-09-30": "", "2016-06-30": "", "2016-03-31": "", "2015-12-31": "8.41100", "2015-09-30": "5.82400", "2015-06-30": "", "2015-03-31": "5.61900", "2014-12-31": "7.78800", "2014-09-30": "8.26800", "2014-06-30": "9.60800", "2014-03-31": "7.28000", "2013-12-31": "7.40800", "2013-09-30": "10.82600", "2013-06-30": "9.69500", "2013-03-31": "14.15400", "2012-12-31": "18.48900", "2012-09-30": "20.04400", "2012-06-30": "15.01500", "2012-03-31": "20.47400", "2011-12-31": "16.57000", "2011-09-30": "23.52800", "2011-06-30": "28.87600", "2011-03-31": "", "2010-12-31": "", "2010-09-30": "", "2010-06-30": "0.20100", "2010-03-31": "", "2009-12-31": "", "2009-09-30": "", "2009-06-30": "", "2009-03-31": "", "2008-12-31": "", "2008-09-30": "", "2008-06-30": "", "2008-03-31": "", "2007-12-31": "1.67910", "2007-09-30": "10.24570", "2007-06-30": "", "2007-03-31": "1.75610", "2006-12-31": "1.88470", "2006-09-30": "2.17750", "2006-06-30": "1.98840", "2006-03-31": "2.01660", "2005-12-31": "1.11070", "2005-09-30": "0.68910", "2005-06-30": "0.55480", "2005-03-31": "1.10230"}, "Goodwill And Intangible Assets": {"2020-12-31": "", "2020-09-30": "", "2020-06-30": "", "2020-03-31": "", "2019-12-31": "", "2019-09-30": "", "2019-06-30": "", "2019-03-31": "2381.59200", "2018-12-31": "2419.90800", "2018-09-30": "2458.61500", "2018-06-30": "", "2018-03-31": "", "2017-12-31": "", "2017-09-30": "", "2017-06-30": "", "2017-03-31": "", "2016-12-31": "", "2016-09-30": "", "2016-06-30": "", "2016-03-31": "2863.44000", "2015-12-31": "2996.42100", "2015-09-30": "", "2015-06-30": "", "2015-03-31": "2109.70200", "2014-12-31": "2067.15200", "2014-09-30": "2091.32300", "2014-06-30": "", "2014-03-31": "2133.37500", "2013-12-31": "2123.34700", "2013-09-30": "2145.92900", "2013-06-30": "2120.26800", "2013-03-31": "2104.04300", "2012-12-31": "2063.60400", "2012-09-30": "1989.69200", "2012-06-30": "1890.98800", "2012-03-31": "1824.56500", "2011-12-31": "1798.99300", "2011-09-30": "1671.94300", "2011-06-30": "1690.43900", "2011-03-31": "1715.82000", "2010-12-31": "1715.47700", "2010-09-30": "1474.59400", "2010-06-30": "1476.79900", "2010-03-31": "1467.48400", "2009-12-31": "435.31100", "2009-09-30": "445.29800", "2009-06-30": "455.96600", "2009-03-31": "466.28200", "2008-12-31": "475.72400", "2008-09-30": "296.76200", "2008-06-30": "300.67000", "2008-03-31": "306.27700", "2007-12-31": "298.04460", "2007-09-30": "213.87230", "2007-06-30": "215.83900", "2007-03-31": "217.25160", "2006-12-31": "99.70170", "2006-09-30": "95.17870", "2006-06-30": "84.58960", "2006-03-31": "81.00010", "2005-12-31": "68.16630", "2005-09-30": "43.94970", "2005-06-30": "44.81720", "2005-03-31": "45.49700"}, "Other Long-Term Assets": {"2020-12-31": "81.26300", "2020-09-30": "85.04800", "2020-06-30": "85.22400", "2020-03-31": "81.87400", "2019-12-31": "85.10300", "2019-09-30": "78.68300", "2019-06-30": "50.15600", "2019-03-31": "52.43800", "2018-12-31": "51.46300", "2018-09-30": "54.82100", "2018-06-30": "55.09200", "2018-03-31": "68.99900", "2017-12-31": "53.30500", "2017-09-30": "57.51800", "2017-06-30": "58.20200", "2017-03-31": "62.52100", "2016-12-31": "62.71900", "2016-09-30": "58.51100", "2016-06-30": "53.69700", "2016-03-31": "60.62200", "2015-12-31": "55.57600", "2015-09-30": "57.60800", "2015-06-30": "36.56000", "2015-03-31": "35.08100", "2014-12-31": "35.78000", "2014-09-30": "35.89400", "2014-06-30": "36.89200", "2014-03-31": "29.73900", "2013-12-31": "29.43100", "2013-09-30": "30.33800", "2013-06-30": "30.88100", "2013-03-31": "26.67800", "2012-12-31": "23.90400", "2012-09-30": "21.77600", "2012-06-30": "25.15500", "2012-03-31": "12.40400", "2011-12-31": "12.68800", "2011-09-30": "12.48600", "2011-06-30": "14.11400", "2011-03-31": "11.91100", "2010-12-31": "19.76000", "2010-09-30": "21.85200", "2010-06-30": "16.97000", "2010-03-31": "15.78000", "2009-12-31": "4.66500", "2009-09-30": "4.90000", "2009-06-30": "35.25000", "2009-03-31": "25.03600", "2008-12-31": "24.52700", "2008-09-30": "27.05100", "2008-06-30": "23.03300", "2008-03-31": "23.19500", "2007-12-31": "22.18310", "2007-09-30": "18.73780", "2007-06-30": "20.02100", "2007-03-31": "17.43110", "2006-12-31": "0.64120", "2006-09-30": "0.41910", "2006-06-30": "0.48780", "2006-03-31": "0.40510", "2005-12-31": "0.47470", "2005-09-30": "0.65250", "2005-06-30": "0.55780", "2005-03-31": "0.60590"}, "Total Long-Term Assets": {"2020-12-31": "2313.24300", "2020-09-30": "2327.36200", "2020-06-30": "2404.13700", "2020-03-31": "2399.28700", "2019-12-31": "2418.19400", "2019-09-30": "2383.70100", "2019-06-30": "2389.47200", "2019-03-31": "2434.03000", "2018-12-31": "2471.37100", "2018-09-30": "2513.43600", "2018-06-30": "2556.20900", "2018-03-31": "2601.60200", "2017-12-31": "2863.92100", "2017-09-30": "2910.11600", "2017-06-30": "2950.45800", "2017-03-31": "2994.60800", "2016-12-31": "3024.04700", "2016-09-30": "2956.60500", "2016-06-30": "2901.78400", "2016-03-31": "2924.06200", "2015-12-31": "3060.40800", "2015-09-30": "3076.38400", "2015-06-30": "2120.16800", "2015-03-31": "2150.40200", "2014-12-31": "2110.72000", "2014-09-30": "2135.48500", "2014-06-30": "2155.56700", "2014-03-31": "2170.39400", "2013-12-31": "2160.18600", "2013-09-30": "2187.09300", "2013-06-30": "2160.84400", "2013-03-31": "2144.87500", "2012-12-31": "2105.99700", "2012-09-30": "2031.51200", "2012-06-30": "1931.15800", "2012-03-31": "1857.44300", "2011-12-31": "1828.25100", "2011-09-30": "1707.95700", "2011-06-30": "1733.42900", "2011-03-31": "1727.73100", "2010-12-31": "1735.23700", "2010-09-30": "1496.44600", "2010-06-30": "1493.97000", "2010-03-31": "1493.73400", "2009-12-31": "449.91900", "2009-09-30": "459.82700", "2009-06-30": "491.21600", "2009-03-31": "502.37000", "2008-12-31": "511.90500", "2008-09-30": "335.15100", "2008-06-30": "334.87300", "2008-03-31": "340.37600", "2007-12-31": "332.78770", "2007-09-30": "268.92470", "2007-06-30": "260.96600", "2007-03-31": "261.89240", "2006-12-31": "103.24360", "2006-09-30": "98.38650", "2006-06-30": "87.06580", "2006-03-31": "84.04510", "2005-12-31": "76.87790", "2005-09-30": "45.47470", "2005-06-30": "46.09020", "2005-03-31": "47.55630"}, "Total Assets": {"2020-12-31": "2763.73400", "2020-09-30": "2797.18700", "2020-06-30": "2766.28700", "2020-03-31": "2549.86400", "2019-12-31": "2554.63600", "2019-09-30": "2547.91100", "2019-06-30": "2544.15100", "2019-03-31": "2699.38500", "2018-12-31": "2675.10600", "2018-09-30": "2672.86600", "2018-06-30": "2682.01600", "2018-03-31": "2753.44700", "2017-12-31": "3029.40000", "2017-09-30": "3065.89500", "2017-06-30": "3094.06500", "2017-03-31": "3128.78200", "2016-12-31": "3160.24400", "2016-09-30": "3148.59100", "2016-06-30": "3069.72900", "2016-03-31": "3099.24200", "2015-12-31": "3223.26800", "2015-09-30": "3228.69500", "2015-06-30": "2917.19100", "2015-03-31": "2910.02700", "2014-12-31": "2862.58800", "2014-09-30": "2892.86300", "2014-06-30": "2891.54400", "2014-03-31": "2882.83100", "2013-12-31": "2889.19800", "2013-09-30": "2902.49300", "2013-06-30": "2905.34100", "2013-03-31": "2893.86000", "2012-12-31": "2887.04700", "2012-09-30": "2403.35900", "2012-06-30": "2376.36600", "2012-03-31": "2108.95600", "2011-12-31": "1994.37900", "2011-09-30": "1892.47900", "2011-06-30": "1902.70200", "2011-03-31": "1912.72700", "2010-12-31": "1863.62400", "2010-09-30": "1862.80700", "2010-06-30": "1865.33300", "2010-03-31": "1586.73400", "2009-12-31": "804.35300", "2009-09-30": "793.50300", "2009-06-30": "809.92400", "2009-03-31": "574.71400", "2008-12-31": "582.62700", "2008-09-30": "556.86500", "2008-06-30": "545.85000", "2008-03-31": "540.28800", "2007-12-31": "542.14700", "2007-09-30": "371.79040", "2007-06-30": "356.64900", "2007-03-31": "290.34770", "2006-12-31": "183.39170", "2006-09-30": "179.12880", "2006-06-30": "171.76480", "2006-03-31": "169.57700", "2005-12-31": "167.82600", "2005-09-30": "161.58530", "2005-06-30": "102.31860", "2005-03-31": "100.77850"}, "Total Current Liabilities": {"2020-12-31": "57.15400", "2020-09-30": "56.13900", "2020-06-30": "43.55500", "2020-03-31": "49.83000", "2019-12-31": "44.13000", "2019-09-30": "32.37300", "2019-06-30": "33.61000", "2019-03-31": "49.26400", "2018-12-31": "37.17600", "2018-09-30": "37.37100", "2018-06-30": "51.38300", "2018-03-31": "43.49700", "2017-12-31": "41.57500", "2017-09-30": "39.69500", "2017-06-30": "34.28300", "2017-03-31": "24.77700", "2016-12-31": "22.33800", "2016-09-30": "25.58500", "2016-06-30": "25.85700", "2016-03-31": "24.20200", "2015-12-31": "20.51800", "2015-09-30": "27.12000", "2015-06-30": "24.97300", "2015-03-31": "25.70600", "2014-12-31": "19.46600", "2014-09-30": "20.78500", "2014-06-30": "22.50400", "2014-03-31": "25.54400", "2013-12-31": "24.21000", "2013-09-30": "28.04700", "2013-06-30": "35.08500", "2013-03-31": "21.64300", "2012-12-31": "18.55300", "2012-09-30": "19.32700", "2012-06-30": "15.20900", "2012-03-31": "31.18500", "2011-12-31": "30.20100", "2011-09-30": "36.01000", "2011-06-30": "28.86100", "2011-03-31": "33.93800", "2010-12-31": "37.95400", "2010-09-30": "37.20200", "2010-06-30": "35.77400", "2010-03-31": "36.74500", "2009-12-31": "7.80400", "2009-09-30": "5.36500", "2009-06-30": "6.18900", "2009-03-31": "10.57500", "2008-12-31": "19.55100", "2008-09-30": "13.05400", "2008-06-30": "8.93400", "2008-03-31": "8.95800", "2007-12-31": "8.36830", "2007-09-30": "9.12830", "2007-06-30": "4.68800", "2007-03-31": "5.70080", "2006-12-31": "5.69060", "2006-09-30": "6.16640", "2006-06-30": "3.32350", "2006-03-31": "4.21440", "2005-12-31": "5.64950", "2005-09-30": "5.55050", "2005-06-30": "2.89820", "2005-03-31": "3.67940"}, "Long Term Debt": {"2020-12-31": "195.98300", "2020-09-30": "270.69600", "2020-06-30": "300.43900", "2020-03-31": "100.15400", "2019-12-31": "129.86900", "2019-09-30": "164.59500", "2019-06-30": "214.55400", "2019-03-31": "362.91500", "2018-12-31": "358.89700", "2018-09-30": "354.93900", "2018-06-30": "351.02700", "2018-03-31": "422.27300", "2017-12-31": "493.48600", "2017-09-30": "539.77200", "2017-06-30": "586.17000", "2017-03-31": "635.88100", "2016-12-31": "677.42900", "2016-09-30": "674.02900", "2016-06-30": "600.68500", "2016-03-31": "630.25200", "2015-12-31": "677.49400", "2015-09-30": "674.78000", "2015-06-30": "313.86900", "2015-03-31": "319.48400", "2014-12-31": "316.87400", "2014-09-30": "314.33300", "2014-06-30": "311.86000", "2014-03-31": "309.40100", "2013-12-31": "306.98300", "2013-09-30": "304.60400", "2013-06-30": "302.26300", "2013-03-31": "299.96100", "2012-12-31": "297.69700", "2012-09-30": "295.44000", "2012-06-30": "293.24800", "2012-03-31": "98.80000", "2011-12-31": "272.70000", "2011-09-30": "176.60000", "2011-06-30": "210.50000", "2011-03-31": "229.40000", "2010-12-31": "199.50000", "2010-09-30": "216.00000", "2010-06-30": "222.50000", "2010-03-31": "229.00000", "2009-12-31": "", "2009-09-30": "", "2009-06-30": "19.25000", "2009-03-31": "19.25000", "2008-12-31": "19.25000", "2008-09-30": "19.25000", "2008-06-30": "15.75000", "2008-03-31": "15.75000", "2007-12-31": "15.75000", "2007-09-30": "15.75000", "2007-06-30": "15.75000", "2007-03-31": "75.75000", "2006-12-31": "", "2006-09-30": "", "2006-06-30": "", "2006-03-31": "", "2005-12-31": "", "2005-09-30": "", "2005-06-30": "", "2005-03-31": ""}, "Other Non-Current Liabilities": {"2020-12-31": "20.90100", "2020-09-30": "21.34700", "2020-06-30": "33.73500", "2020-03-31": "42.56900", "2019-12-31": "46.07100", "2019-09-30": "40.43100", "2019-06-30": "36.57300", "2019-03-31": "36.52400", "2018-12-31": "41.36300", "2018-09-30": "49.93400", "2018-06-30": "47.19000", "2018-03-31": "54.05100", "2017-12-31": "46.97400", "2017-09-30": "34.51100", "2017-06-30": "32.01800", "2017-03-31": "30.72800", "2016-12-31": "29.43900", "2016-09-30": "29.76100", "2016-06-30": "23.43500", "2016-03-31": "23.56900", "2015-12-31": "22.42400", "2015-09-30": "21.71700", "2015-06-30": "15.81900", "2015-03-31": "16.15500", "2014-12-31": "15.45200", "2014-09-30": "14.91500", "2014-06-30": "14.75800", "2014-03-31": "25.78700", "2013-12-31": "23.01100", "2013-09-30": "23.48400", "2013-06-30": "23.09000", "2013-03-31": "22.18800", "2012-12-31": "22.17400", "2012-09-30": "22.76900", "2012-06-30": "22.44300", "2012-03-31": "21.48900", "2011-12-31": "24.34200", "2011-09-30": "23.15500", "2011-06-30": "23.08200", "2011-03-31": "22.75700", "2010-12-31": "19.75400", "2010-09-30": "16.04500", "2010-06-30": "17.53300", "2010-03-31": "13.59500", "2009-12-31": "0.83100", "2009-09-30": "0.84000", "2009-06-30": "0.70300", "2009-03-31": "0.68800", "2008-12-31": "0.49000", "2008-09-30": "0.49700", "2008-06-30": "0.50400", "2008-03-31": "0.48800", "2007-12-31": "0.49460", "2007-09-30": "0.09160", "2007-06-30": "0.09800", "2007-03-31": "0.07790", "2006-12-31": "0.08450", "2006-09-30": "0.09110", "2006-06-30": "0.09770", "2006-03-31": "0.07680", "2005-12-31": "0.08340", "2005-09-30": "0.09000", "2005-06-30": "0.09660", "2005-03-31": "0.08330"}, "Total Long Term Liabilities": {"2020-12-31": "301.90100", "2020-09-30": "377.82700", "2020-06-30": "420.61300", "2020-03-31": "229.49900", "2019-12-31": "263.29200", "2019-09-30": "293.21000", "2019-06-30": "340.08800", "2019-03-31": "489.76000", "2018-12-31": "490.96000", "2018-09-30": "496.22900", "2018-06-30": "489.36400", "2018-03-31": "579.54500", "2017-12-31": "688.00800", "2017-09-30": "696.01400", "2017-06-30": "739.51800", "2017-03-31": "787.50400", "2016-12-31": "827.64110", "2016-09-30": "824.46200", "2016-06-30": "757.98700", "2016-03-31": "793.68200", "2015-12-31": "840.53200", "2015-09-30": "841.75300", "2015-06-30": "476.29100", "2015-03-31": "471.30500", "2014-12-31": "485.08800", "2014-09-30": "493.73800", "2014-06-30": "496.48300", "2014-03-31": "496.46500", "2013-12-31": "496.23500", "2013-09-30": "499.51000", "2013-06-30": "499.62000", "2013-03-31": "494.35800", "2012-12-31": "495.74600", "2012-09-30": "497.97800", "2012-06-30": "497.72800", "2012-03-31": "272.09500", "2011-12-31": "448.71500", "2011-09-30": "352.78300", "2011-06-30": "386.14600", "2011-03-31": "408.63700", "2010-12-31": "370.62900", "2010-09-30": "384.10700", "2010-06-30": "396.01100", "2010-03-31": "397.73700", "2009-12-31": "22.05500", "2009-09-30": "23.28400", "2009-06-30": "43.32400", "2009-03-31": "54.82200", "2008-12-31": "55.34700", "2008-09-30": "56.87600", "2008-06-30": "53.69900", "2008-03-31": "52.37400", "2007-12-31": "52.83100", "2007-09-30": "32.55050", "2007-06-30": "32.88000", "2007-03-31": "92.78150", "2006-12-31": "6.72410", "2006-09-30": "7.15180", "2006-06-30": "6.78160", "2006-03-31": "7.36750", "2005-12-31": "7.21770", "2005-09-30": "7.36150", "2005-06-30": "7.68300", "2005-03-31": "7.64990"}, "Total Liabilities": {"2020-12-31": "359.05500", "2020-09-30": "433.96600", "2020-06-30": "464.16800", "2020-03-31": "279.32900", "2019-12-31": "307.42200", "2019-09-30": "325.58300", "2019-06-30": "373.69800", "2019-03-31": "539.02400", "2018-12-31": "528.13600", "2018-09-30": "533.60000", "2018-06-30": "540.74700", "2018-03-31": "623.04200", "2017-12-31": "729.58300", "2017-09-30": "735.70900", "2017-06-30": "773.80100", "2017-03-31": "812.28100", "2016-12-31": "849.97900", "2016-09-30": "850.04700", "2016-06-30": "783.84400", "2016-03-31": "817.88400", "2015-12-31": "861.05000", "2015-09-30": "868.87300", "2015-06-30": "501.26400", "2015-03-31": "497.01100", "2014-12-31": "504.55400", "2014-09-30": "514.52300", "2014-06-30": "518.98700", "2014-03-31": "522.00900", "2013-12-31": "520.44500", "2013-09-30": "527.55700", "2013-06-30": "534.70500", "2013-03-31": "516.00100", "2012-12-31": "514.29900", "2012-09-30": "517.30500", "2012-06-30": "512.93700", "2012-03-31": "303.28000", "2011-12-31": "478.91600", "2011-09-30": "388.79300", "2011-06-30": "415.00700", "2011-03-31": "442.57500", "2010-12-31": "408.58300", "2010-09-30": "421.30900", "2010-06-30": "431.78500", "2010-03-31": "434.48200", "2009-12-31": "29.85900", "2009-09-30": "28.64900", "2009-06-30": "49.51300", "2009-03-31": "65.39700", "2008-12-31": "74.89800", "2008-09-30": "69.93000", "2008-06-30": "62.63300", "2008-03-31": "61.33200", "2007-12-31": "61.19930", "2007-09-30": "41.67880", "2007-06-30": "37.56800", "2007-03-31": "98.48230", "2006-12-31": "12.41470", "2006-09-30": "13.31820", "2006-06-30": "10.10520", "2006-03-31": "11.58180", "2005-12-31": "12.86720", "2005-09-30": "12.91200", "2005-06-30": "10.58130", "2005-03-31": "11.32930"}, "Common Stock Net": {"2020-12-31": "0.65600", "2020-09-30": "0.65600", "2020-06-30": "0.65500", "2020-03-31": "0.65500", "2019-12-31": "0.65500", "2019-09-30": "0.65500", "2019-06-30": "0.65500", "2019-03-31": "0.65400", "2018-12-31": "0.65400", "2018-09-30": "0.65400", "2018-06-30": "0.65400", "2018-03-31": "0.65300", "2017-12-31": "0.65300", "2017-09-30": "0.65300", "2017-06-30": "0.65200", "2017-03-31": "0.65200", "2016-12-31": "0.65200", "2016-09-30": "0.65200", "2016-06-30": "0.65100", "2016-03-31": "0.65100", "2015-12-31": "0.65100", "2015-09-30": "0.65100", "2015-06-30": "0.65000", "2015-03-31": "0.65000", "2014-12-31": "0.64700", "2014-09-30": "0.64600", "2014-06-30": "0.64600", "2014-03-31": "0.64400", "2013-12-31": "0.64300", "2013-09-30": "0.64200", "2013-06-30": "0.64200", "2013-03-31": "0.64200", "2012-12-31": "0.64200", "2012-09-30": "0.58800", "2012-06-30": "0.58600", "2012-03-31": "0.58600", "2011-12-31": "0.54600", "2011-09-30": "0.54500", "2011-06-30": "0.54300", "2011-03-31": "0.53600", "2010-12-31": "0.53500", "2010-09-30": "0.53400", "2010-06-30": "0.53400", "2010-03-31": "0.47200", "2009-12-31": "0.40700", "2009-09-30": "0.40500", "2009-06-30": "0.40500", "2009-03-31": "0.34000", "2008-12-31": "0.34000", "2008-09-30": "0.33900", "2008-06-30": "0.33900", "2008-03-31": "0.34400", "2007-12-31": "0.30310", "2007-09-30": "0.29150", "2007-06-30": "0.28900", "2007-03-31": "0.24430", "2006-12-31": "0.23840", "2006-09-30": "0.23820", "2006-06-30": "0.23820", "2006-03-31": "0.23760", "2005-12-31": "0.23680", "2005-09-30": "0.23490", "2005-06-30": "0.21260", "2005-03-31": "0.21240"}, "Retained Earnings (Accumulated Deficit)": {"2020-12-31": "189.91000", "2020-09-30": "149.70200", "2020-06-30": "61.13300", "2020-03-31": "30.48300", "2019-12-31": "10.29000", "2019-09-30": "-12.67600", "2019-06-30": "-65.74700", "2019-03-31": "-74.56300", "2018-12-31": "-86.23800", "2018-09-30": "-92.46700", "2018-06-30": "-89.89800", "2018-03-31": "-100.17300", "2017-12-31": "69.84200", "2017-09-30": "100.97200", "2017-06-30": "88.05000", "2017-03-31": "83.71000", "2016-12-31": "75.73200", "2016-09-30": "63.34900", "2016-06-30": "48.58400", "2016-03-31": "43.15300", "2015-12-31": "125.82100", "2015-09-30": "125.71700", "2015-06-30": "185.12100", "2015-03-31": "184.64400", "2014-12-31": "173.97200", "2014-09-30": "194.85900", "2014-06-30": "189.87100", "2014-03-31": "186.91500", "2013-12-31": "180.44600", "2013-09-30": "183.45300", "2013-06-30": "181.27900", "2013-03-31": "183.58600", "2012-12-31": "190.13100", "2012-09-30": "175.92500", "2012-06-30": "160.12300", "2012-03-31": "148.50000", "2011-12-31": "131.45100", "2011-09-30": "116.38500", "2011-06-30": "100.00400", "2011-03-31": "84.41100", "2010-12-31": "70.93500", "2010-09-30": "58.71300", "2010-06-30": "51.86200", "2010-03-31": "46.32600", "2009-12-31": "56.50300", "2009-09-30": "50.57200", "2009-06-30": "46.70900", "2009-03-31": "42.90900", "2008-12-31": "41.53400", "2008-09-30": "22.87300", "2008-06-30": "0.06500", "2008-03-31": "16.06700", "2007-12-31": "15.81920", "2007-09-30": "12.86740", "2007-06-30": "8.99200", "2007-03-31": "5.17400", "2006-12-31": "3.31490", "2006-09-30": "-0.77930", "2006-06-30": "-4.43980", "2006-03-31": "-6.70540", "2005-12-31": "-7.22690", "2005-09-30": "-8.83780", "2005-06-30": "-10.73240", "2005-03-31": "-13.29260"}, "Comprehensive Income": {"2020-12-31": "", "2020-09-30": "", "2020-06-30": "", "2020-03-31": "", "2019-12-31": "", "2019-09-30": "", "2019-06-30": "", "2019-03-31": "", "2018-12-31": "", "2018-09-30": "", "2018-06-30": "-1.20100", "2018-03-31": "0.02100", "2017-12-31": "0.68700", "2017-09-30": "1.07600", "2017-06-30": "0.87900", "2017-03-31": "1.18300", "2016-12-31": "0.82200", "2016-09-30": "", "2016-06-30": "", "2016-03-31": "0.55300", "2015-12-31": "-1.15400", "2015-09-30": "-3.74100", "2015-06-30": "-3.29200", "2015-03-31": "-4.14900", "2014-12-31": "-1.98000", "2014-09-30": "-1.50000", "2014-06-30": "-0.16000", "2014-03-31": "-6.98700", "2013-12-31": "-6.86000", "2013-09-30": "-3.44100", "2013-06-30": "-4.57200", "2013-03-31": "-0.11300", "2012-12-31": "-10.28900", "2012-09-30": "-8.71600", "2012-06-30": "-13.76300", "2012-03-31": "-8.30300", "2011-12-31": "-12.20800", "2011-09-30": "-5.25000", "2011-06-30": "0.05400", "2011-03-31": "0.07300", "2010-12-31": "0.11700", "2010-09-30": "-0.02700", "2010-06-30": "-0.03400", "2010-03-31": "0.01400", "2009-12-31": "0.06800", "2009-09-30": "-0.02700", "2009-06-30": "-0.08000", "2009-03-31": "-0.03200", "2008-12-31": "-0.00700", "2008-09-30": "-0.24800", "2008-06-30": "19.47800", "2008-03-31": "0.17600", "2007-12-31": "0.28550", "2007-09-30": "0.27200", "2007-06-30": "0.45800", "2007-03-31": "0.30400", "2006-12-31": "0.38700", "2006-09-30": "0.57620", "2006-06-30": "0.49850", "2006-03-31": "0.51630", "2005-12-31": "-0.05980", "2005-09-30": "-0.19900", "2005-06-30": "-0.28490", "2005-03-31": "0.06550"}, "Other Share Holders Equity": {"2020-12-31": "", "2020-09-30": "", "2020-06-30": "", "2020-03-31": "", "2019-12-31": "", "2019-09-30": "", "2019-06-30": "", "2019-03-31": "", "2018-12-31": "", "2018-09-30": "", "2018-06-30": "", "2018-03-31": "", "2017-12-31": "", "2017-09-30": "", "2017-06-30": "", "2017-03-31": "", "2016-12-31": "", "2016-09-30": "", "2016-06-30": "", "2016-03-31": "", "2015-12-31": "", "2015-09-30": "", "2015-06-30": "", "2015-03-31": "", "2014-12-31": "", "2014-09-30": "", "2014-06-30": "", "2014-03-31": "", "2013-12-31": "", "2013-09-30": "", "2013-06-30": "", "2013-03-31": "", "2012-12-31": "", "2012-09-30": "", "2012-06-30": "", "2012-03-31": "", "2011-12-31": "", "2011-09-30": "", "2011-06-30": "", "2011-03-31": "", "2010-12-31": "", "2010-09-30": "", "2010-06-30": "", "2010-03-31": "", "2009-12-31": "", "2009-09-30": "", "2009-06-30": "", "2009-03-31": "", "2008-12-31": "", "2008-09-30": "", "2008-06-30": "", "2008-03-31": "", "2007-12-31": "", "2007-09-30": "", "2007-06-30": "", "2007-03-31": "", "2006-12-31": "", "2006-09-30": "", "2006-06-30": "", "2006-03-31": "", "2005-12-31": "", "2005-09-30": "", "2005-06-30": "", "2005-03-31": ""}, "Share Holder Equity": {"2020-12-31": "2404.67900", "2020-09-30": "2363.22100", "2020-06-30": "2302.11900", "2020-03-31": "2270.53500", "2019-12-31": "2247.21400", "2019-09-30": "2222.32800", "2019-06-30": "2170.45300", "2019-03-31": "2160.36100", "2018-12-31": "2146.97000", "2018-09-30": "2139.26600", "2018-06-30": "2141.26900", "2018-03-31": "2130.40500", "2017-12-31": "2299.81700", "2017-09-30": "2330.18600", "2017-06-30": "2320.26400", "2017-03-31": "2316.50100", "2016-12-31": "2310.26500", "2016-09-30": "2298.54400", "2016-06-30": "2285.88500", "2016-03-31": "2281.35800", "2015-12-31": "2362.21800", "2015-09-30": "2359.82200", "2015-06-30": "2415.92700", "2015-03-31": "2413.01600", "2014-12-31": "2358.03400", "2014-09-30": "2378.34000", "2014-06-30": "2372.55700", "2014-03-31": "2360.82200", "2013-12-31": "2368.75300", "2013-09-30": "2374.93600", "2013-06-30": "2370.63600", "2013-03-31": "2377.85900", "2012-12-31": "2372.74800", "2012-09-30": "1886.05400", "2012-06-30": "1863.42900", "2012-03-31": "1805.67600", "2011-12-31": "1515.46300", "2011-09-30": "1503.68600", "2011-06-30": "1487.69500", "2011-03-31": "1470.15200", "2010-12-31": "1455.04100", "2010-09-30": "1441.49800", "2010-06-30": "1433.54800", "2010-03-31": "1152.25200", "2009-12-31": "774.49400", "2009-09-30": "764.85400", "2009-06-30": "760.41100", "2009-03-31": "509.31700", "2008-12-31": "507.72900", "2008-09-30": "486.93500", "2008-06-30": "483.21700", "2008-03-31": "478.95600", "2007-12-31": "480.94780", "2007-09-30": "330.11160", "2007-06-30": "319.08100", "2007-03-31": "191.86540", "2006-12-31": "170.97700", "2006-09-30": "165.81070", "2006-06-30": "161.65970", "2006-03-31": "157.99510", "2005-12-31": "154.95870", "2005-09-30": "148.67330", "2005-06-30": "91.73730", "2005-03-31": "89.44920"}, "Total Liabilities And Share Holders Equity": {"2020-12-31": "2763.73400", "2020-09-30": "2797.18700", "2020-06-30": "2766.28700", "2020-03-31": "2549.86400", "2019-12-31": "2554.63600", "2019-09-30": "2547.91100", "2019-06-30": "2544.15100", "2019-03-31": "2699.38500", "2018-12-31": "2675.10600", "2018-09-30": "2672.86600", "2018-06-30": "2682.01600", "2018-03-31": "2753.44700", "2017-12-31": "3029.40000", "2017-09-30": "3065.89500", "2017-06-30": "3094.06500", "2017-03-31": "3128.78200", "2016-12-31": "3160.24400", "2016-09-30": "3148.59100", "2016-06-30": "3069.72900", "2016-03-31": "3099.24200", "2015-12-31": "3223.26800", "2015-09-30": "3228.69500", "2015-06-30": "2917.19100", "2015-03-31": "2910.02700", "2014-12-31": "2862.58800", "2014-09-30": "2892.86300", "2014-06-30": "2891.54400", "2014-03-31": "2882.83100", "2013-12-31": "2889.19800", "2013-09-30": "2902.49300", "2013-06-30": "2905.34100", "2013-03-31": "2893.86000", "2012-12-31": "2887.04700", "2012-09-30": "2403.35900", "2012-06-30": "2376.36600", "2012-03-31": "2108.95600", "2011-12-31": "1994.37900", "2011-09-30": "1892.47900", "2011-06-30": "1902.70200", "2011-03-31": "1912.72700", "2010-12-31": "1863.62400", "2010-09-30": "1862.80700", "2010-06-30": "1865.33300", "2010-03-31": "1586.73400", "2009-12-31": "804.35300", "2009-09-30": "793.50300", "2009-06-30": "809.92400", "2009-03-31": "574.71400", "2008-12-31": "582.62700", "2008-09-30": "556.86500", "2008-06-30": "545.85000", "2008-03-31": "540.28800", "2007-12-31": "542.14700", "2007-09-30": "371.79040", "2007-06-30": "356.64900", "2007-03-31": "290.34770", "2006-12-31": "183.39170", "2006-09-30": "179.12880", "2006-06-30": "171.76480", "2006-03-31": "169.57700", "2005-12-31": "167.82600", "2005-09-30": "161.58530", "2005-06-30": "102.31860", "2005-03-31": "100.77850"}}, "cash flow statement": {"Net Income/Loss": {"2020-06-30": "196.25000", "2019-06-30": "89.07900", "2018-06-30": "-119.35100", "2017-06-30": "92.42500", "2016-06-30": "-82.43800", "2015-06-30": "52.67800", "2014-06-30": "63.47200", "2013-06-30": "73.40900", "2012-06-30": "98.30900", "2011-06-30": "77.29900", "2010-06-30": "29.42200", "2009-06-30": "41.35700", "2008-06-30": "25.39500", "2007-06-30": "19.72000", "2006-06-30": "11.35000", "2005-06-30": "11.45370"}, "Total Depreciation And Amortization - Cash Flow": {"2020-06-30": "176.57000", "2019-06-30": "178.34400", "2018-06-30": "178.74200", "2017-06-30": "173.46100", "2016-06-30": "154.09300", "2015-06-30": "105.58600", "2014-06-30": "102.67400", "2013-06-30": "94.03500", "2012-06-30": "75.00100", "2011-06-30": "67.39900", "2010-06-30": "53.79300", "2009-06-30": "32.57800", "2008-06-30": "18.36400", "2007-06-30": "8.26900", "2006-06-30": "4.26100", "2005-06-30": "3.20500"}, "Other Non-Cash Items": {"2020-06-30": "-23.50800", "2019-06-30": "11.67000", "2018-06-30": "214.60300", "2017-06-30": "6.66500", "2016-06-30": "100.91400", "2015-06-30": "8.59800", "2014-06-30": "-1.94300", "2013-06-30": "0.70000", "2012-06-30": "1.45000", "2011-06-30": "-3.22500", "2010-06-30": "-7.41500", "2009-06-30": "-35.22100", "2008-06-30": "1.71900", "2007-06-30": "1.55600", "2006-06-30": "0.46700", "2005-06-30": "1.48460"}, "Total Non-Cash Items": {"2020-06-30": "153.06200", "2019-06-30": "190.01400", "2018-06-30": "393.34500", "2017-06-30": "180.12600", "2016-06-30": "255.00700", "2015-06-30": "114.18400", "2014-06-30": "100.73100", "2013-06-30": "94.73500", "2012-06-30": "76.45100", "2011-06-30": "64.17400", "2010-06-30": "46.37800", "2009-06-30": "-2.64300", "2008-06-30": "20.08300", "2007-06-30": "9.82500", "2006-06-30": "4.72800", "2005-06-30": "4.68960"}, "Change In Accounts Receivable": {"2020-06-30": "-6.95700", "2019-06-30": "5.62300", "2018-06-30": "0.53000", "2017-06-30": "-6.88300", "2016-06-30": "19.50800", "2015-06-30": "5.97700", "2014-06-30": "3.73100", "2013-06-30": "3.56200", "2012-06-30": "-5.11800", "2011-06-30": "-8.46500", "2010-06-30": "-19.05500", "2009-06-30": "-4.28000", "2008-06-30": "-3.12000", "2007-06-30": "-6.50800", "2006-06-30": "0.63900", "2005-06-30": "-1.38000"}, "Change In Inventories": {"2020-06-30": "-0.29100", "2019-06-30": "-2.06900", "2018-06-30": "-1.42800", "2017-06-30": "1.60600", "2016-06-30": "-7.20300", "2015-06-30": "1.11000", "2014-06-30": "-3.39600", "2013-06-30": "", "2012-06-30": "", "2011-06-30": "", "2010-06-30": "", "2009-06-30": "", "2008-06-30": "", "2007-06-30": "", "2006-06-30": "", "2005-06-30": ""}, "Change In Accounts Payable": {"2020-06-30": "-0.27500", "2019-06-30": "-6.42600", "2018-06-30": "5.17300", "2017-06-30": "-0.20600", "2016-06-30": "-0.84900", "2015-06-30": "0.15000", "2014-06-30": "1.10500", "2013-06-30": "0.11300", "2012-06-30": "0.53000", "2011-06-30": "-0.93000", "2010-06-30": "-10.74200", "2009-06-30": "-1.83400", "2008-06-30": "2.24400", "2007-06-30": "1.02000", "2006-06-30": "-0.06500", "2005-06-30": "-0.14150"}, "Change In Assets/Liabilities": {"2020-06-30": "3.49200", "2019-06-30": "-12.29100", "2018-06-30": "8.05700", "2017-06-30": "1.73500", "2016-06-30": "-2.40400", "2015-06-30": "1.07000", "2014-06-30": "-4.81700", "2013-06-30": "2.24100", "2012-06-30": "-1.46200", "2011-06-30": "9.35200", "2010-06-30": "5.06500", "2009-06-30": "-2.40600", "2008-06-30": "-2.96400", "2007-06-30": "0.41400", "2006-06-30": "0.26600", "2005-06-30": "-0.07230"}, "Total Change In Assets/Liabilities": {"2020-06-30": "-8.56000", "2019-06-30": "-25.92700", "2018-06-30": "54.83000", "2017-06-30": "-5.69800", "2016-06-30": "-3.25800", "2015-06-30": "25.23700", "2014-06-30": "-17.00100", "2013-06-30": "4.48600", "2012-06-30": "-12.59600", "2011-06-30": "5.48400", "2010-06-30": "-27.42900", "2009-06-30": "-8.66700", "2008-06-30": "-5.68600", "2007-06-30": "-5.05800", "2006-06-30": "2.36000", "2005-06-30": "-1.32300"}, "Cash Flow From Operating Activities": {"2020-06-30": "340.75200", "2019-06-30": "253.16600", "2018-06-30": "328.82400", "2017-06-30": "266.85300", "2016-06-30": "169.31100", "2015-06-30": "192.09900", "2014-06-30": "147.20200", "2013-06-30": "172.63000", "2012-06-30": "162.16400", "2011-06-30": "146.95700", "2010-06-30": "48.37100", "2009-06-30": "30.04700", "2008-06-30": "39.12700", "2007-06-30": "24.34700", "2006-06-30": "18.60500", "2005-06-30": "14.82030"}, "Net Change In Property, Plant, And Equipment": {"2020-06-30": "", "2019-06-30": "", "2018-06-30": "", "2017-06-30": "", "2016-06-30": "", "2015-06-30": "", "2014-06-30": "", "2013-06-30": "", "2012-06-30": "", "2011-06-30": "", "2010-06-30": "", "2009-06-30": "", "2008-06-30": "", "2007-06-30": "", "2006-06-30": "-0.03900", "2005-06-30": "-0.12700"}, "Net Change In Intangible Assets": {"2020-06-30": "", "2019-06-30": "", "2018-06-30": "", "2017-06-30": "", "2016-06-30": "", "2015-06-30": "", "2014-06-30": "", "2013-06-30": "", "2012-06-30": "", "2011-06-30": "", "2010-06-30": "", "2009-06-30": "", "2008-06-30": "", "2007-06-30": "", "2006-06-30": "", "2005-06-30": ""}, "Net Acquisitions/Divestitures": {"2020-06-30": "-155.98500", "2019-06-30": "-1.05500", "2018-06-30": "-11.81200", "2017-06-30": "-203.72100", "2016-06-30": "-1001.10900", "2015-06-30": "-50.42900", "2014-06-30": "-80.01900", "2013-06-30": "-314.26200", "2012-06-30": "-276.68300", "2011-06-30": "-308.58300", "2010-06-30": "-503.22900", "2009-06-30": "-186.11000", "2008-06-30": "-19.17900", "2007-06-30": "-120.80800", "2006-06-30": "-43.93100", "2005-06-30": "-7.51490"}, "Net Change In Short-term Investments": {"2020-06-30": "", "2019-06-30": "", "2018-06-30": "", "2017-06-30": "", "2016-06-30": "11.90500", "2015-06-30": "", "2014-06-30": "", "2013-06-30": "", "2012-06-30": "", "2011-06-30": "", "2010-06-30": "", "2009-06-30": "", "2008-06-30": "", "2007-06-30": "-14.49400", "2006-06-30": "", "2005-06-30": "0.54000"}, "Net Change In Long-Term Investments": {"2020-06-30": "-0.46100", "2019-06-30": "-3.57300", "2018-06-30": "-17.86900", "2017-06-30": "", "2016-06-30": "", "2015-06-30": "", "2014-06-30": "", "2013-06-30": "", "2012-06-30": "", "2011-06-30": "", "2010-06-30": "", "2009-06-30": "", "2008-06-30": "", "2007-06-30": "", "2006-06-30": "-0.20500", "2005-06-30": "-1.00000"}, "Net Change In Investments - Total": {"2020-06-30": "-0.46100", "2019-06-30": "-3.57300", "2018-06-30": "-17.86900", "2017-06-30": "", "2016-06-30": "11.90500", "2015-06-30": "", "2014-06-30": "", "2013-06-30": "", "2012-06-30": "", "2011-06-30": "", "2010-06-30": "", "2009-06-30": "", "2008-06-30": "", "2007-06-30": "-14.49400", "2006-06-30": "-0.20500", "2005-06-30": "-0.46000"}, "Investing Activities - Other": {"2020-06-30": "3.58700", "2019-06-30": "-0.96700", "2018-06-30": "19.09100", "2017-06-30": "3.60500", "2016-06-30": "-20.30900", "2015-06-30": "-0.77300", "2014-06-30": "-4.78200", "2013-06-30": "4.82000", "2012-06-30": "5.32700", "2011-06-30": "2.32000", "2010-06-30": "22.69100", "2009-06-30": "33.56900", "2008-06-30": "0.87800", "2007-06-30": "-17.08900", "2006-06-30": "", "2005-06-30": ""}, "Cash Flow From Investing Activities": {"2020-06-30": "-152.85900", "2019-06-30": "-5.59500", "2018-06-30": "-10.59000", "2017-06-30": "-200.11600", "2016-06-30": "-1009.51300", "2015-06-30": "-51.20200", "2014-06-30": "-84.80100", "2013-06-30": "-309.44200", "2012-06-30": "-271.35600", "2011-06-30": "-306.26300", "2010-06-30": "-480.53800", "2009-06-30": "-152.54100", "2008-06-30": "-18.30100", "2007-06-30": "-152.39100", "2006-06-30": "-44.17500", "2005-06-30": "-8.10190"}, "Net Long-Term Debt": {"2020-06-30": "85.00000", "2019-06-30": "-150.00000", "2018-06-30": "-250.00000", "2017-06-30": "-25.00000", "2016-06-30": "275.00000", "2015-06-30": "", "2014-06-30": "", "2013-06-30": "", "2012-06-30": "130.92300", "2011-06-30": "-23.36800", "2010-06-30": "198.14400", "2009-06-30": "3.50000", "2008-06-30": "-6.47600", "2007-06-30": "15.75000", "2006-06-30": "", "2005-06-30": ""}, "Net Current Debt": {"2020-06-30": "", "2019-06-30": "", "2018-06-30": "", "2017-06-30": "", "2016-06-30": "", "2015-06-30": "", "2014-06-30": "", "2013-06-30": "", "2012-06-30": "", "2011-06-30": "", "2010-06-30": "", "2009-06-30": "", "2008-06-30": "", "2007-06-30": "", "2006-06-30": "", "2005-06-30": ""}, "Debt Issuance/Retirement Net - Total": {"2020-06-30": "85.00000", "2019-06-30": "-150.00000", "2018-06-30": "-250.00000", "2017-06-30": "-25.00000", "2016-06-30": "275.00000", "2015-06-30": "", "2014-06-30": "", "2013-06-30": "", "2012-06-30": "130.92300", "2011-06-30": "-23.36800", "2010-06-30": "198.14400", "2009-06-30": "3.50000", "2008-06-30": "-6.47600", "2007-06-30": "15.75000", "2006-06-30": "", "2005-06-30": ""}, "Net Common Equity Issued/Repurchased": {"2020-06-30": "-4.18000", "2019-06-30": "-1.59500", "2018-06-30": "-4.04200", "2017-06-30": "-2.42600", "2016-06-30": "-0.35300", "2015-06-30": "0.77500", "2014-06-30": "1.12000", "2013-06-30": "473.77100", "2012-06-30": "271.53600", "2011-06-30": "", "2010-06-30": "276.83900", "2009-06-30": "235.70700", "2008-06-30": "-4.81800", "2007-06-30": "122.52600", "2006-06-30": "58.63000", "2005-06-30": "0.97300"}, "Net Total Equity Issued/Repurchased": {"2020-06-30": "-4.18000", "2019-06-30": "-1.59500", "2018-06-30": "-4.04200", "2017-06-30": "-2.42600", "2016-06-30": "-0.35300", "2015-06-30": "0.77500", "2014-06-30": "1.12000", "2013-06-30": "473.77100", "2012-06-30": "271.53600", "2011-06-30": "", "2010-06-30": "276.83900", "2009-06-30": "235.70700", "2008-06-30": "106.28000", "2007-06-30": "122.52600", "2006-06-30": "58.63000", "2005-06-30": "0.97300"}, "Total Common And Preferred Stock Dividends Paid": {"2020-06-30": "-71.47100", "2019-06-30": "-67.47700", "2018-06-30": "-64.11800", "2017-06-30": "-61.39600", "2016-06-30": "-58.72000", "2015-06-30": "-56.05400", "2014-06-30": "-53.38000", "2013-06-30": "-43.93400", "2012-06-30": "-29.50400", "2011-06-30": "-22.13000", "2010-06-30": "-14.62800", "2009-06-30": "-10.24200", "2008-06-30": "-11.05500", "2007-06-30": "-5.72100", "2006-06-30": "-4.80700", "2005-06-30": "-3.65190"}, "Financial Activities - Other": {"2020-06-30": "2.41100", "2019-06-30": "2.22600", "2018-06-30": "2.82900", "2017-06-30": "-8.70100", "2016-06-30": "-1.94100", "2015-06-30": "-2.30500", "2014-06-30": "-14.64000", "2013-06-30": "-4.44600", "2012-06-30": "-2.46200", "2011-06-30": "-5.88700", "2010-06-30": "2.09200", "2009-06-30": "-3.94000", "2008-06-30": "-0.38200", "2007-06-30": "-0.11800", "2006-06-30": "1.35600", "2005-06-30": ""}, "Cash Flow From Financial Activities": {"2020-06-30": "11.76000", "2019-06-30": "-216.84600", "2018-06-30": "-315.33100", "2017-06-30": "-97.52300", "2016-06-30": "213.98600", "2015-06-30": "-57.58400", "2014-06-30": "-66.90000", "2013-06-30": "425.39100", "2012-06-30": "370.49300", "2011-06-30": "-51.38500", "2010-06-30": "462.44700", "2009-06-30": "225.02500", "2008-06-30": "88.36700", "2007-06-30": "132.43700", "2006-06-30": "55.17900", "2005-06-30": "-2.67890"}, "Net Cash Flow": {"2020-06-30": "199.65300", "2019-06-30": "30.72500", "2018-06-30": "2.90300", "2017-06-30": "-30.78600", "2016-06-30": "-626.21600", "2015-06-30": "83.31300", "2014-06-30": "-4.49900", "2013-06-30": "288.57900", "2012-06-30": "261.30100", "2011-06-30": "-210.69100", "2010-06-30": "30.28000", "2009-06-30": "102.53100", "2008-06-30": "109.19300", "2007-06-30": "4.39300", "2006-06-30": "29.60900", "2005-06-30": "4.03950"}, "Stock-Based Compensation": {"2020-06-30": "9.11600", "2019-06-30": "6.61700", "2018-06-30": "8.27900", "2017-06-30": "9.98300", "2016-06-30": "10.03900", "2015-06-30": "5.14100", "2014-06-30": "2.58000", "2013-06-30": "5.70100", "2012-06-30": "6.50700", "2011-06-30": "6.49400", "2010-06-30": "7.27900", "2009-06-30": "2.92100", "2008-06-30": "2.86900", "2007-06-30": "2.66300", "2006-06-30": "2.77800", "2005-06-30": "0.20530"}, "Common Stock Dividends Paid": {"2020-06-30": "-71.47100", "2019-06-30": "-67.47700", "2018-06-30": "-64.11800", "2017-06-30": "-61.39600", "2016-06-30": "-58.72000", "2015-06-30": "-56.05400", "2014-06-30": "-53.38000", "2013-06-30": "-43.93400", "2012-06-30": "-29.50400", "2011-06-30": "-22.13000", "2010-06-30": "-14.62800", "2009-06-30": "-10.24200", "2008-06-30": "-8.25300", "2007-06-30": "-5.72100", "2006-06-30": "-4.80700", "2005-06-30": "-3.65190"}}, "cash flow statement, quarterly": {"Net Income/Loss": {"2020-12-31": 59.988, "2020-09-30": "106.67400", "2020-06-30": 48.671, "2020-03-31": 38.293, "2019-12-31": 40.414, "2019-09-30": "68.87200", "2019-06-30": 25.464, "2019-03-31": 28.594, "2018-12-31": 23.045, "2018-09-30": "11.97600", "2018-06-30": 24.008, "2018-03-31": -154.118, "2017-12-31": -15.789, "2017-09-30": "26.54800", "2017-06-30": 16.837, "2017-03-31": 21.529, "2016-12-31": 27.104, "2016-09-30": "26.95500", "2016-06-30": 18.083, "2016-03-31": -69.498, "2015-12-31": 13.918, "2015-09-30": "-44.94100", "2015-06-30": 14.971, "2015-03-31": 25.111, "2014-12-31": -6.323, "2014-09-30": "18.91900", "2014-06-30": 16.933, "2014-03-31": 20.48, "2013-12-31": 10.778, "2013-09-30": "15.28100", "2013-06-30": 13.66, "2013-03-31": 6.897, "2012-12-31": 27.558, "2012-09-30": "25.29400", "2012-06-30": 20.967, "2012-03-31": 26.952, "2011-12-31": 24.249, "2011-09-30": "26.14100", "2011-06-30": 23.272, "2011-03-31": 20.306, "2010-12-31": 20.719, "2010-09-30": "13.00200", "2010-06-30": 14.877, "2010-03-31": -4.928, "2009-12-31": 10.351, "2009-09-30": "9.12200", "2009-06-30": 8.258, "2009-03-31": 5.415, "2008-12-31": 21.698, "2008-09-30": "5.98600", "2008-06-30": 8.358, "2008-03-31": 6.889, "2007-12-31": 4.61, "2007-09-30": "5.53800", "2007-06-30": 5.686, "2007-03-31": 3.4382, "2006-12-31": 5.6357, "2006-09-30": "4.96010", "2006-06-30": 3.5661, "2006-03-31": 1.8192, "2005-12-31": 2.9073, "2005-09-30": "3.05740", "2005-06-30": 3.6109, "2005-03-31": 7.8428}, "Total Depreciation And Amortization - Cash Flow": {"2020-12-31": 47.945, "2020-09-30": "46.30000", "2020-06-30": 45.681, "2020-03-31": 52.079, "2019-12-31": 40.096, "2019-09-30": "38.71400", "2019-06-30": 45.736, "2019-03-31": 43.386, "2018-12-31": 42.768, "2018-09-30": "46.45400", "2018-06-30": 46.162, "2018-03-31": 43.466, "2017-12-31": 45.743, "2017-09-30": "43.37100", "2017-06-30": 43.474, "2017-03-31": 43.615, "2016-12-31": 42.919, "2016-09-30": "43.45300", "2016-06-30": 38.689, "2016-03-31": 41.409, "2015-12-31": 43.651, "2015-09-30": "30.34400", "2015-06-30": 30.689, "2015-03-31": 27.394, "2014-12-31": 22.818, "2014-09-30": "24.68500", "2014-06-30": 28.86, "2014-03-31": 24.023, "2013-12-31": 25.051, "2013-09-30": "24.74000", "2013-06-30": 23.053, "2013-03-31": 23.914, "2012-12-31": 23.376, "2012-09-30": "23.69200", "2012-06-30": 16.641, "2012-03-31": 19.721, "2011-12-31": 21.418, "2011-09-30": "17.22100", "2011-06-30": 16.631, "2011-03-31": 15.838, "2010-12-31": 16.005, "2010-09-30": "18.92500", "2010-06-30": 17.613, "2010-03-31": 13.001, "2009-12-31": 12.101, "2009-09-30": "11.07800", "2009-06-30": 9.657, "2009-03-31": 9.961, "2008-12-31": 8.537, "2008-09-30": "4.42300", "2008-06-30": 6.431, "2008-03-31": 5.925, "2007-12-31": 3.606, "2007-09-30": "2.40200", "2007-06-30": 2.518, "2007-03-31": 2.5733, "2006-12-31": 2.1028, "2006-09-30": "1.07490", "2006-06-30": 1.3261, "2006-03-31": 1.0064, "2005-12-31": 1.0305, "2005-09-30": "0.89800", "2005-06-30": 0.7825, "2005-03-31": 2.4225}, "Other Non-Cash Items": {"2020-12-31": 4.207, "2020-09-30": "-45.38600", "2020-06-30": 0.502, "2020-03-31": 6.758, "2019-12-31": -1.386, "2019-09-30": "-29.38200", "2019-06-30": 8.171, "2019-03-31": -5.363, "2018-12-31": 6.631, "2018-09-30": "2.23100", "2018-06-30": 1.063, "2018-03-31": 180.345, "2017-12-31": 31.772, "2017-09-30": "1.42300", "2017-06-30": 10.811, "2017-03-31": -2.74, "2016-12-31": -4.367, "2016-09-30": "2.96100", "2016-06-30": 12.601, "2016-03-31": 94.774, "2015-12-31": -22.215, "2015-09-30": "15.75400", "2015-06-30": 7.876, "2015-03-31": -13.264, "2014-12-31": 14.839, "2014-09-30": "-0.85300", "2014-06-30": 10.349, "2014-03-31": -5.805, "2013-12-31": -5.271, "2013-09-30": "-1.21600", "2013-06-30": -10.021, "2013-03-31": 10.289, "2012-12-31": -2.548, "2012-09-30": "2.98000", "2012-06-30": 2.318, "2012-03-31": 0.955, "2011-12-31": -1.272, "2011-09-30": "-0.55100", "2011-06-30": -2.726, "2011-03-31": 1.163, "2010-12-31": -0.993, "2010-09-30": "-0.66900", "2010-06-30": -5.026, "2010-03-31": -1.549, "2009-12-31": 0.627, "2009-09-30": "-1.46700", "2009-06-30": -2.569, "2009-03-31": 0.091, "2008-12-31": -32.956, "2008-09-30": "0.21300", "2008-06-30": 1.907, "2008-03-31": 0.097, "2007-12-31": 0.185, "2007-09-30": "-0.47000", "2007-06-30": 1.095, "2007-03-31": 0.1695, "2006-12-31": 0.122, "2006-09-30": "0.16950", "2006-06-30": 0.2703, "2006-03-31": 0.0084, "2005-12-31": 0.3091, "2005-09-30": "-0.12080", "2005-06-30": 0.8123, "2005-03-31": 0.6723}, "Total Non-Cash Items": {"2020-12-31": 52.152, "2020-09-30": "0.91400", "2020-06-30": 46.183, "2020-03-31": 58.837, "2019-12-31": 38.71, "2019-09-30": "9.33200", "2019-06-30": 53.907, "2019-03-31": 38.023, "2018-12-31": 49.399, "2018-09-30": "48.68500", "2018-06-30": 47.225, "2018-03-31": 223.811, "2017-12-31": 77.515, "2017-09-30": "44.79400", "2017-06-30": 54.285, "2017-03-31": 40.875, "2016-12-31": 38.552, "2016-09-30": "46.41400", "2016-06-30": 51.29, "2016-03-31": 136.183, "2015-12-31": 21.436, "2015-09-30": "46.09800", "2015-06-30": 38.565, "2015-03-31": 14.13, "2014-12-31": 37.657, "2014-09-30": "23.83200", "2014-06-30": 39.209, "2014-03-31": 18.218, "2013-12-31": 19.78, "2013-09-30": "23.52400", "2013-06-30": 13.032, "2013-03-31": 34.203, "2012-12-31": 20.828, "2012-09-30": "26.67200", "2012-06-30": 18.959, "2012-03-31": 20.676, "2011-12-31": 20.146, "2011-09-30": "16.67000", "2011-06-30": 13.905, "2011-03-31": 17.001, "2010-12-31": 15.012, "2010-09-30": "18.25600", "2010-06-30": 12.587, "2010-03-31": 11.452, "2009-12-31": 12.728, "2009-09-30": "9.61100", "2009-06-30": 7.088, "2009-03-31": 10.052, "2008-12-31": -24.419, "2008-09-30": "4.63600", "2008-06-30": 8.338, "2008-03-31": 6.022, "2007-12-31": 3.791, "2007-09-30": "1.93200", "2007-06-30": 3.613, "2007-03-31": 2.7428, "2006-12-31": 2.2248, "2006-09-30": "1.24440", "2006-06-30": 1.5963, "2006-03-31": 1.0149, "2005-12-31": 1.3396, "2005-09-30": "0.77720", "2005-06-30": 1.5948, "2005-03-31": 3.0948}, "Change In Accounts Receivable": {"2020-12-31": -10.743, "2020-09-30": "-5.88400", "2020-06-30": 4.632, "2020-03-31": -3.875, "2019-12-31": -1.812, "2019-09-30": "-5.90200", "2019-06-30": 6.821, "2019-03-31": -1.895, "2018-12-31": -0.553, "2018-09-30": "1.25000", "2018-06-30": 1.439, "2018-03-31": 1.49, "2017-12-31": -0.206, "2017-09-30": "-2.19300", "2017-06-30": -5.516, "2017-03-31": 5.768, "2016-12-31": -0.087, "2016-09-30": "-7.04800", "2016-06-30": 4.532, "2016-03-31": 0.208, "2015-12-31": 1.626, "2015-09-30": "13.14200", "2015-06-30": 1.805, "2015-03-31": -5.168, "2014-12-31": 5.913, "2014-09-30": "3.42700", "2014-06-30": -4.444, "2014-03-31": 0.845, "2013-12-31": 5.137, "2013-09-30": "2.19300", "2013-06-30": 8.635, "2013-03-31": 11.735, "2012-12-31": -6.019, "2012-09-30": "-10.78900", "2012-06-30": 8.14, "2012-03-31": 2.435, "2011-12-31": -9.743, "2011-09-30": "-5.95000", "2011-06-30": -2.326, "2011-03-31": 6.366, "2010-12-31": -9.827, "2010-09-30": "-2.67800", "2010-06-30": -5.836, "2010-03-31": 0.197, "2009-12-31": -8.699, "2009-09-30": "-4.71700", "2009-06-30": -2.319, "2009-03-31": -3.445, "2008-12-31": -3.441, "2008-09-30": "4.92500", "2008-06-30": -2.425, "2008-03-31": -2.132, "2007-12-31": -0.212, "2007-09-30": "1.64900", "2007-06-30": -4.247, "2007-03-31": 0.3979, "2006-12-31": -1.6142, "2006-09-30": "-1.04470", "2006-06-30": -1.2326, "2006-03-31": 1.6616, "2005-12-31": -0.5075, "2005-09-30": "0.71750", "2005-06-30": -1.4758, "2005-03-31": 0.0958}, "Change In Inventories": {"2020-12-31": 3.259, "2020-09-30": "-5.48800", "2020-06-30": 0.276, "2020-03-31": 3.389, "2019-12-31": -4.564, "2019-09-30": "0.60800", "2019-06-30": 1.033, "2019-03-31": -4.458, "2018-12-31": 2.057, "2018-09-30": "-0.70100", "2018-06-30": 3.388, "2018-03-31": -5.34, "2017-12-31": 0.435, "2017-09-30": "0.08900", "2017-06-30": -1.259, "2017-03-31": 3.554, "2016-12-31": 2.436, "2016-09-30": "-3.12500", "2016-06-30": -4.088, "2016-03-31": 2.887, "2015-12-31": -4.021, "2015-09-30": "-1.98100", "2015-06-30": 0.676, "2015-03-31": -0.874, "2014-12-31": 1.308, "2014-09-30": "", "2014-06-30": -3.396, "2014-03-31": 0, "2013-12-31": 0, "2013-09-30": "", "2013-06-30": 0, "2013-03-31": 0, "2012-12-31": 0, "2012-09-30": "", "2012-06-30": 0, "2012-03-31": 0, "2011-12-31": 0, "2011-09-30": "", "2011-06-30": 0, "2011-03-31": 0, "2010-12-31": 0, "2010-09-30": "", "2010-06-30": 0, "2010-03-31": 0, "2009-12-31": 0, "2009-09-30": "", "2009-06-30": 0, "2009-03-31": 0, "2008-12-31": 0, "2008-09-30": "", "2008-06-30": 0, "2008-03-31": 0, "2007-12-31": 0, "2007-09-30": "", "2007-06-30": 0, "2007-03-31": 0, "2006-12-31": 0, "2006-09-30": "", "2006-06-30": 0, "2006-03-31": 0, "2005-12-31": 0, "2005-09-30": "", "2005-06-30": 0, "2005-03-31": 0}, "Change In Accounts Payable": {"2020-12-31": -0.314, "2020-09-30": "-0.23500", "2020-06-30": 1.02, "2020-03-31": -0.366, "2019-12-31": -1.446, "2019-09-30": "0.51700", "2019-06-30": -2.1, "2019-03-31": 2.7, "2018-12-31": -2.966, "2018-09-30": "-4.06000", "2018-06-30": 6.112, "2018-03-31": 0.719, "2017-12-31": -0.673, "2017-09-30": "-0.98500", "2017-06-30": 1.435, "2017-03-31": 0.191, "2016-12-31": -3.609, "2016-09-30": "1.77700", "2016-06-30": 0.684, "2016-03-31": 0.559, "2015-12-31": -5.358, "2015-09-30": "3.26600", "2015-06-30": 1.892, "2015-03-31": -0.56, "2014-12-31": 0.388, "2014-09-30": "-1.57000", "2014-06-30": 0.911, "2014-03-31": 1.005, "2013-12-31": -0.086, "2013-09-30": "-0.72500", "2013-06-30": 0.694, "2013-03-31": 0.08, "2012-12-31": -0.714, "2012-09-30": "0.05300", "2012-06-30": 0.846, "2012-03-31": -0.122, "2011-12-31": -0.264, "2011-09-30": "0.07000", "2011-06-30": -0.729, "2011-03-31": 0.1, "2010-12-31": -0.71, "2010-09-30": "0.40900", "2010-06-30": -2.005, "2010-03-31": -10.154, "2009-12-31": 2.169, "2009-09-30": "-0.75200", "2009-06-30": -3.334, "2009-03-31": -0.736, "2008-12-31": -0.509, "2008-09-30": "2.74500", "2008-06-30": -0.677, "2008-03-31": 0.554, "2007-12-31": 1.245, "2007-09-30": "1.12200", "2007-06-30": -1.626, "2007-03-31": 0.9308, "2006-12-31": 1.234, "2006-09-30": "0.48120", "2006-06-30": -1.3427, "2006-03-31": -0.9578, "2005-12-31": 1.46, "2005-09-30": "0.77550", "2005-06-30": -0.8974, "2005-03-31": 0.7559}, "Change In Assets/Liabilities": {"2020-12-31": 1.077, "2020-09-30": "-0.17700", "2020-06-30": 0.568, "2020-03-31": 9.944, "2019-12-31": -5.505, "2019-09-30": "-1.51500", "2019-06-30": -9.726, "2019-03-31": -4.87, "2018-12-31": 1.502, "2018-09-30": "0.80300", "2018-06-30": -8.867, "2018-03-31": 8.033, "2017-12-31": 10.209, "2017-09-30": "-1.31800", "2017-06-30": 2.891, "2017-03-31": -2.779, "2016-12-31": 1.383, "2016-09-30": "0.24000", "2016-06-30": -10.573, "2016-03-31": 1.094, "2015-12-31": 3.053, "2015-09-30": "4.02200", "2015-06-30": -4.007, "2015-03-31": 5.603, "2014-12-31": -2.52, "2014-09-30": "1.99400", "2014-06-30": -8.024, "2014-03-31": 1.257, "2013-12-31": -0.091, "2013-09-30": "2.04100", "2013-06-30": 4.177, "2013-03-31": 18.349, "2012-12-31": -20.038, "2012-09-30": "-0.24700", "2012-06-30": -1.59, "2012-03-31": -1.257, "2011-12-31": 1.904, "2011-09-30": "-0.51900", "2011-06-30": 4.056, "2011-03-31": 0.362, "2010-12-31": 4.576, "2010-09-30": "0.35800", "2010-06-30": 2.427, "2010-03-31": 2.561, "2009-12-31": -0.304, "2009-09-30": "0.38100", "2009-06-30": -0.714, "2009-03-31": -1.403, "2008-12-31": -0.162, "2008-09-30": "-0.12700", "2008-06-30": -0.765, "2008-03-31": 0.119, "2007-12-31": -1.967, "2007-09-30": "-0.35100", "2007-06-30": 0.704, "2007-03-31": 0.2146, "2006-12-31": -0.3232, "2006-09-30": "-0.18140", "2006-06-30": 0.5257, "2006-03-31": 3.3227, "2005-12-31": -3.4659, "2005-09-30": "-0.11650", "2005-06-30": -0.0859, "2005-03-31": 0.0136}, "Total Change In Assets/Liabilities": {"2020-12-31": -12.228, "2020-09-30": "-13.43600", "2020-06-30": -3.297, "2020-03-31": 2.569, "2019-12-31": -0.867, "2019-09-30": "-6.96500", "2019-06-30": -7.114, "2019-03-31": 10.824, "2018-12-31": -13.613, "2018-09-30": "-16.02400", "2018-06-30": 5.782, "2018-03-31": 34.882, "2017-12-31": 13.899, "2017-09-30": "0.26700", "2017-06-30": -5.201, "2017-03-31": 13.656, "2016-12-31": 4.108, "2016-09-30": "-18.26100", "2016-06-30": -20.709, "2016-03-31": -0.634, "2015-12-31": 16.751, "2015-09-30": "1.33400", "2015-06-30": -9.631, "2015-03-31": 26.679, "2014-12-31": -1.518, "2014-09-30": "9.70700", "2014-06-30": -24.026, "2014-03-31": 6.182, "2013-12-31": 6.344, "2013-09-30": "-5.50100", "2013-06-30": 13.425, "2013-03-31": 26.988, "2012-12-31": -35.253, "2012-09-30": "-0.67400", "2012-06-30": -0.664, "2012-03-31": -0.162, "2011-12-31": -15.133, "2011-09-30": "3.36300", "2011-06-30": 7.429, "2011-03-31": 3.69, "2010-12-31": -8.611, "2010-09-30": "2.97600", "2010-06-30": -6.436, "2010-03-31": -7.064, "2009-12-31": -11.386, "2009-09-30": "-2.54300", "2009-06-30": -6.704, "2009-03-31": -16.766, "2008-12-31": 3.853, "2008-09-30": "10.95000", "2008-06-30": -5.78, "2008-03-31": -0.771, "2007-12-31": -4.745, "2007-09-30": "5.61000", "2007-06-30": -3.954, "2007-03-31": -0.1359, "2006-12-31": -2.5858, "2006-09-30": "1.61770", "2006-06-30": -1.2184, "2006-03-31": 4.4726, "2005-12-31": -4.0419, "2005-09-30": "3.14770", "2005-06-30": -2.2747, "2005-03-31": 0.9517}, "Cash Flow From Operating Activities": {"2020-12-31": 99.912, "2020-09-30": "94.15200", "2020-06-30": 91.557, "2020-03-31": 99.699, "2019-12-31": 78.257, "2019-09-30": "71.23900", "2019-06-30": 72.257, "2019-03-31": 77.441, "2018-12-31": 58.831, "2018-09-30": "44.63700", "2018-06-30": 77.015, "2018-03-31": 104.575, "2017-12-31": 75.625, "2017-09-30": "71.60900", "2017-06-30": 65.921, "2017-03-31": 76.06, "2016-12-31": 69.764, "2016-09-30": "55.10800", "2016-06-30": 48.664, "2016-03-31": 66.051, "2015-12-31": 52.105, "2015-09-30": "2.49100", "2015-06-30": 43.905, "2015-03-31": 65.92, "2014-12-31": 29.816, "2014-09-30": "52.45800", "2014-06-30": 32.116, "2014-03-31": 44.88, "2013-12-31": 34.719, "2013-09-30": "35.48700", "2013-06-30": 40.117, "2013-03-31": 68.088, "2012-12-31": 10.883, "2012-09-30": "53.54200", "2012-06-30": 39.262, "2012-03-31": 47.466, "2011-12-31": 29.262, "2011-09-30": "46.17400", "2011-06-30": 44.606, "2011-03-31": 40.997, "2010-12-31": 27.12, "2010-09-30": "34.23400", "2010-06-30": 21.028, "2010-03-31": -0.54, "2009-12-31": 11.693, "2009-09-30": "16.19000", "2009-06-30": 8.642, "2009-03-31": -0.8, "2008-12-31": 0.619, "2008-09-30": "21.58600", "2008-06-30": 10.422, "2008-03-31": 11.598, "2007-12-31": 3.847, "2007-09-30": "13.26000", "2007-06-30": 5.205, "2007-03-31": 6.0451, "2006-12-31": 5.2747, "2006-09-30": "7.82220", "2006-06-30": 4.111, "2006-03-31": 7.3066, "2005-12-31": 0.205, "2005-09-30": "6.98240", "2005-06-30": 2.931, "2005-03-31": 11.8893}, "Net Change In Property, Plant, And Equipment": {"2020-12-31": 0, "2020-09-30": "", "2020-06-30": 0, "2020-03-31": 0, "2019-12-31": 0, "2019-09-30": "", "2019-06-30": 0, "2019-03-31": 0, "2018-12-31": 0, "2018-09-30": "", "2018-06-30": 0, "2018-03-31": 0, "2017-12-31": 0, "2017-09-30": "", "2017-06-30": 0, "2017-03-31": 0, "2016-12-31": 0, "2016-09-30": "", "2016-06-30": 0, "2016-03-31": 0, "2015-12-31": 0, "2015-09-30": "", "2015-06-30": 0, "2015-03-31": 0, "2014-12-31": 0, "2014-09-30": "", "2014-06-30": 0, "2014-03-31": 0, "2013-12-31": 0, "2013-09-30": "", "2013-06-30": 0, "2013-03-31": 0, "2012-12-31": 0, "2012-09-30": "", "2012-06-30": 0, "2012-03-31": 0, "2011-12-31": 0, "2011-09-30": "", "2011-06-30": 0, "2011-03-31": 0, "2010-12-31": 0, "2010-09-30": "", "2010-06-30": 0, "2010-03-31": 0, "2009-12-31": 0, "2009-09-30": "", "2009-06-30": 0, "2009-03-31": 0, "2008-12-31": 0, "2008-09-30": "", "2008-06-30": 0.012, "2008-03-31": -0.001, "2007-12-31": 0, "2007-09-30": "-0.01100", "2007-06-30": 0.268, "2007-03-31": -0.2233, "2006-12-31": -0.0101, "2006-09-30": "-0.03460", "2006-06-30": -0.0294, "2006-03-31": -0.0045, "2005-12-31": 0, "2005-09-30": "-0.00510", "2005-06-30": 0.0036, "2005-03-31": -0.1306}, "Net Change In Intangible Assets": {"2020-12-31": 0, "2020-09-30": "", "2020-06-30": 0, "2020-03-31": 0, "2019-12-31": 0, "2019-09-30": "", "2019-06-30": 0, "2019-03-31": 0, "2018-12-31": 0, "2018-09-30": "", "2018-06-30": 0, "2018-03-31": 0, "2017-12-31": 0, "2017-09-30": "", "2017-06-30": 0, "2017-03-31": 0, "2016-12-31": 0, "2016-09-30": "", "2016-06-30": 0, "2016-03-31": 0, "2015-12-31": 0, "2015-09-30": "", "2015-06-30": 0, "2015-03-31": 0, "2014-12-31": 0, "2014-09-30": "", "2014-06-30": 0, "2014-03-31": 0, "2013-12-31": 0, "2013-09-30": "", "2013-06-30": 0, "2013-03-31": 0, "2012-12-31": 0, "2012-09-30": "", "2012-06-30": 0, "2012-03-31": 0, "2011-12-31": 0, "2011-09-30": "", "2011-06-30": 0, "2011-03-31": 0, "2010-12-31": 0, "2010-09-30": "", "2010-06-30": 0, "2010-03-31": 0, "2009-12-31": 0, "2009-09-30": "", "2009-06-30": 0, "2009-03-31": 0, "2008-12-31": 0, "2008-09-30": "", "2008-06-30": 0, "2008-03-31": 0, "2007-12-31": 0, "2007-09-30": "", "2007-06-30": 0, "2007-03-31": 0, "2006-12-31": 0, "2006-09-30": "", "2006-06-30": 0, "2006-03-31": 0, "2005-12-31": 0, "2005-09-30": "", "2005-06-30": 0, "2005-03-31": 0}, "Net Acquisitions/Divestitures": {"2020-12-31": -37.528, "2020-09-30": "-11.30400", "2020-06-30": -48.13, "2020-03-31": -35.438, "2019-12-31": -68.055, "2019-09-30": "-4.36200", "2019-06-30": 0, "2019-03-31": -1, "2018-12-31": -0.052, "2018-09-30": "-0.00300", "2018-06-30": -10.8, "2018-03-31": -1.012, "2017-12-31": 0.005, "2017-09-30": "-0.00500", "2017-06-30": 0, "2017-03-31": -10.903, "2016-12-31": -102.735, "2016-09-30": "-90.08300", "2016-06-30": -19.853, "2016-03-31": -1.272, "2015-12-31": -24.103, "2015-09-30": "-955.88100", "2015-06-30": 9.912, "2015-03-31": -21.607, "2014-12-31": -32.525, "2014-09-30": "-6.20900", "2014-06-30": -0.327, "2014-03-31": -31.603, "2013-12-31": -0.061, "2013-09-30": "-48.02800", "2013-06-30": -37.181, "2013-03-31": -62.049, "2012-12-31": -94.997, "2012-09-30": "-120.03500", "2012-06-30": -83.021, "2012-03-31": -45.48, "2011-12-31": -148.182, "2011-09-30": "", "2011-06-30": -29.083, "2011-03-31": 0, "2010-12-31": -254.5, "2010-09-30": "-25.00000", "2010-06-30": -15.054, "2010-03-31": -488.175, "2009-12-31": 0, "2009-09-30": "", "2009-06-30": 0, "2009-03-31": 0, "2008-12-31": -186.11, "2008-09-30": "", "2008-06-30": -0.307, "2008-03-31": -13.639, "2007-12-31": -4.833, "2007-09-30": "-0.40000", "2007-06-30": -1.072, "2007-03-31": -101.5006, "2006-12-31": -6.6004, "2006-09-30": "-11.63500", "2006-06-30": -4.892, "2006-03-31": -13.8172, "2005-12-31": -25.2218, "2005-09-30": "", "2005-06-30": -0.0149, "2005-03-31": -7.5}, "Net Change In Short-term Investments": {"2020-12-31": 0, "2020-09-30": "", "2020-06-30": 0, "2020-03-31": 0, "2019-12-31": 0, "2019-09-30": "", "2019-06-30": 0, "2019-03-31": 0, "2018-12-31": 0, "2018-09-30": "", "2018-06-30": 0, "2018-03-31": 0, "2017-12-31": 0, "2017-09-30": "", "2017-06-30": 0, "2017-03-31": 0, "2016-12-31": 0, "2016-09-30": "", "2016-06-30": 4.972, "2016-03-31": 6.933, "2015-12-31": 0, "2015-09-30": "", "2015-06-30": 0, "2015-03-31": 0, "2014-12-31": 0, "2014-09-30": "", "2014-06-30": 0, "2014-03-31": 0, "2013-12-31": 0, "2013-09-30": "", "2013-06-30": 0, "2013-03-31": 0, "2012-12-31": 0, "2012-09-30": "", "2012-06-30": 0, "2012-03-31": 0, "2011-12-31": 0, "2011-09-30": "", "2011-06-30": 0, "2011-03-31": 0, "2010-12-31": 0, "2010-09-30": "", "2010-06-30": 0, "2010-03-31": 0, "2009-12-31": 0, "2009-09-30": "", "2009-06-30": 0, "2009-03-31": 0, "2008-12-31": 0, "2008-09-30": "", "2008-06-30": 0, "2008-03-31": 0, "2007-12-31": 0, "2007-09-30": "", "2007-06-30": -0.567, "2007-03-31": -13.927, "2006-12-31": 0, "2006-09-30": "", "2006-06-30": 0, "2006-03-31": 0, "2005-12-31": 0, "2005-09-30": "", "2005-06-30": 0, "2005-03-31": 0.54}, "Net Change In Long-Term Investments": {"2020-12-31": 0, "2020-09-30": "", "2020-06-30": 0, "2020-03-31": -0.461, "2019-12-31": 0, "2019-09-30": "", "2019-06-30": 0, "2019-03-31": -0.004, "2018-12-31": -3.569, "2018-09-30": "", "2018-06-30": -17.869, "2018-03-31": 0, "2017-12-31": 0, "2017-09-30": "", "2017-06-30": 0, "2017-03-31": 0, "2016-12-31": 0, "2016-09-30": "", "2016-06-30": 0, "2016-03-31": 0, "2015-12-31": 0, "2015-09-30": "", "2015-06-30": 0, "2015-03-31": 0, "2014-12-31": 0, "2014-09-30": "", "2014-06-30": 0, "2014-03-31": 0, "2013-12-31": 0, "2013-09-30": "", "2013-06-30": 0, "2013-03-31": 0, "2012-12-31": 0, "2012-09-30": "", "2012-06-30": 0, "2012-03-31": 0, "2011-12-31": 0, "2011-09-30": "", "2011-06-30": 0, "2011-03-31": 0, "2010-12-31": 0, "2010-09-30": "", "2010-06-30": 0, "2010-03-31": 0, "2009-12-31": 0, "2009-09-30": "", "2009-06-30": 0, "2009-03-31": 0, "2008-12-31": 0, "2008-09-30": "", "2008-06-30": 0, "2008-03-31": 0, "2007-12-31": 2.242, "2007-09-30": "-2.24200", "2007-06-30": 0.081, "2007-03-31": 0, "2006-12-31": 0, "2006-09-30": "-0.08100", "2006-06-30": -0.0003, "2006-03-31": 0, "2005-12-31": -0.2047, "2005-09-30": "", "2005-06-30": 0, "2005-03-31": -1}, "Net Change In Investments - Total": {"2020-12-31": 0, "2020-09-30": "", "2020-06-30": 0, "2020-03-31": -0.461, "2019-12-31": 0, "2019-09-30": "", "2019-06-30": 0, "2019-03-31": -0.004, "2018-12-31": -3.569, "2018-09-30": "", "2018-06-30": -17.869, "2018-03-31": 0, "2017-12-31": 0, "2017-09-30": "", "2017-06-30": 0, "2017-03-31": 0, "2016-12-31": 0, "2016-09-30": "", "2016-06-30": 4.972, "2016-03-31": 6.933, "2015-12-31": 0, "2015-09-30": "", "2015-06-30": 0, "2015-03-31": 0, "2014-12-31": 0, "2014-09-30": "", "2014-06-30": 0, "2014-03-31": 0, "2013-12-31": 0, "2013-09-30": "", "2013-06-30": 0, "2013-03-31": 0, "2012-12-31": 0, "2012-09-30": "", "2012-06-30": 0, "2012-03-31": 0, "2011-12-31": 0, "2011-09-30": "", "2011-06-30": 0, "2011-03-31": 0, "2010-12-31": 0, "2010-09-30": "", "2010-06-30": 0, "2010-03-31": 0, "2009-12-31": 0, "2009-09-30": "", "2009-06-30": 0, "2009-03-31": 0, "2008-12-31": 0, "2008-09-30": "", "2008-06-30": 0, "2008-03-31": 0, "2007-12-31": 2.242, "2007-09-30": "-2.24200", "2007-06-30": -0.486, "2007-03-31": -13.927, "2006-12-31": 0, "2006-09-30": "-0.08100", "2006-06-30": -0.0003, "2006-03-31": 0, "2005-12-31": -0.2047, "2005-09-30": "", "2005-06-30": 0, "2005-03-31": -0.46}, "Investing Activities - Other": {"2020-12-31": -0.025, "2020-09-30": "60.96100", "2020-06-30": 0.36, "2020-03-31": -1.136, "2019-12-31": -0.495, "2019-09-30": "4.85800", "2019-06-30": -0.81, "2019-03-31": -0.07, "2018-12-31": 0.034, "2018-09-30": "-0.12100", "2018-06-30": 20.342, "2018-03-31": -1.157, "2017-12-31": -0.194, "2017-09-30": "0.10000", "2017-06-30": 2.102, "2017-03-31": -0.271, "2016-12-31": 2, "2016-09-30": "-0.22600", "2016-06-30": -0.007, "2016-03-31": -0.031, "2015-12-31": -0.043, "2015-09-30": "-20.22800", "2015-06-30": -10.702, "2015-03-31": 10.446, "2014-12-31": -0.39, "2014-09-30": "-0.12700", "2014-06-30": -5.009, "2014-03-31": 0.281, "2013-12-31": -0.03, "2013-09-30": "-0.02400", "2013-06-30": 4.638, "2013-03-31": 0.102, "2012-12-31": -0.021, "2012-09-30": "0.10100", "2012-06-30": -0.03, "2012-03-31": 0.643, "2011-12-31": 0.37, "2011-09-30": "4.34400", "2011-06-30": -1.341, "2011-03-31": 1.554, "2010-12-31": 1.364, "2010-09-30": "0.74300", "2010-06-30": 0.497, "2010-03-31": 0.26, "2009-12-31": 0.064, "2009-09-30": "21.87000", "2009-06-30": 3.973, "2009-03-31": 1.673, "2008-12-31": 32.847, "2008-09-30": "-4.92400", "2008-06-30": 0.941, "2008-03-31": -0.007, "2007-12-31": 0.77, "2007-09-30": "-0.82600", "2007-06-30": -0.964, "2007-03-31": -16.125, "2006-12-31": 0, "2006-09-30": "", "2006-06-30": 0, "2006-03-31": 6.6876, "2005-12-31": -6.6876, "2005-09-30": "", "2005-06-30": 0, "2005-03-31": 0}, "Cash Flow From Investing Activities": {"2020-12-31": -37.553, "2020-09-30": "49.65700", "2020-06-30": -47.77, "2020-03-31": -37.035, "2019-12-31": -68.55, "2019-09-30": "0.49600", "2019-06-30": -0.81, "2019-03-31": -1.074, "2018-12-31": -3.587, "2018-09-30": "-0.12400", "2018-06-30": -8.327, "2018-03-31": -2.169, "2017-12-31": -0.189, "2017-09-30": "0.09500", "2017-06-30": 2.102, "2017-03-31": -11.174, "2016-12-31": -100.735, "2016-09-30": "-90.30900", "2016-06-30": -14.888, "2016-03-31": 5.63, "2015-12-31": -24.146, "2015-09-30": "-976.10900", "2015-06-30": -0.79, "2015-03-31": -11.161, "2014-12-31": -32.915, "2014-09-30": "-6.33600", "2014-06-30": -5.336, "2014-03-31": -31.322, "2013-12-31": -0.091, "2013-09-30": "-48.05200", "2013-06-30": -32.543, "2013-03-31": -61.947, "2012-12-31": -95.018, "2012-09-30": "-119.93400", "2012-06-30": -83.051, "2012-03-31": -44.837, "2011-12-31": -147.812, "2011-09-30": "4.34400", "2011-06-30": -30.424, "2011-03-31": 1.554, "2010-12-31": -253.136, "2010-09-30": "-24.25700", "2010-06-30": -14.557, "2010-03-31": -487.915, "2009-12-31": 0.064, "2009-09-30": "21.87000", "2009-06-30": 3.973, "2009-03-31": 1.673, "2008-12-31": -153.263, "2008-09-30": "-4.92400", "2008-06-30": 0.646, "2008-03-31": -13.647, "2007-12-31": -1.821, "2007-09-30": "-3.47900", "2007-06-30": -2.254, "2007-03-31": -131.7758, "2006-12-31": -6.6105, "2006-09-30": "-11.75070", "2006-06-30": -4.9216, "2006-03-31": -7.1343, "2005-12-31": -32.114, "2005-09-30": "-0.00510", "2005-06-30": -0.0113, "2005-03-31": -8.0906}, "Net Long-Term Debt": {"2020-12-31": -75, "2020-09-30": "-30.00000", "2020-06-30": 200, "2020-03-31": -30, "2019-12-31": -35, "2019-09-30": "-50.00000", "2019-06-30": -150, "2019-03-31": 0, "2018-12-31": 0, "2018-09-30": "", "2018-06-30": -75, "2018-03-31": -75, "2017-12-31": -50, "2017-09-30": "-50.00000", "2017-06-30": -50, "2017-03-31": -45, "2016-12-31": 0, "2016-09-30": "70.00000", "2016-06-30": -25, "2016-03-31": -50, "2015-12-31": 0, "2015-09-30": "350.00000", "2015-06-30": 0, "2015-03-31": 0, "2014-12-31": 0, "2014-09-30": "", "2014-06-30": 0, "2014-03-31": 0, "2013-12-31": 0, "2013-09-30": "", "2013-06-30": 0, "2013-03-31": 0, "2012-12-31": 0, "2012-09-30": "", "2012-06-30": 242.623, "2012-03-31": -173.9, "2011-12-31": 96.1, "2011-09-30": "-33.90000", "2011-06-30": -19.868, "2011-03-31": 19.5, "2010-12-31": -16.5, "2010-09-30": "-6.50000", "2010-06-30": -8.093, "2010-03-31": 225.487, "2009-12-31": 0, "2009-09-30": "-19.25000", "2009-06-30": 0, "2009-03-31": 0, "2008-12-31": 3.5, "2008-09-30": "", "2008-06-30": 0.376, "2008-03-31": 0, "2007-12-31": -6.852, "2007-09-30": "", "2007-06-30": -44.25, "2007-03-31": 60, "2006-12-31": 0, "2006-09-30": "", "2006-06-30": 0, "2006-03-31": 0, "2005-12-31": 0, "2005-09-30": "", "2005-06-30": 0, "2005-03-31": 0}, "Net Current Debt": {"2020-12-31": 0, "2020-09-30": "", "2020-06-30": 0, "2020-03-31": 0, "2019-12-31": 0, "2019-09-30": "", "2019-06-30": 0, "2019-03-31": 0, "2018-12-31": 0, "2018-09-30": "", "2018-06-30": 0, "2018-03-31": 0, "2017-12-31": 0, "2017-09-30": "", "2017-06-30": 0, "2017-03-31": 0, "2016-12-31": 0, "2016-09-30": "", "2016-06-30": 0, "2016-03-31": 0, "2015-12-31": 0, "2015-09-30": "", "2015-06-30": 0, "2015-03-31": 0, "2014-12-31": 0, "2014-09-30": "", "2014-06-30": 0, "2014-03-31": 0, "2013-12-31": 0, "2013-09-30": "", "2013-06-30": 0, "2013-03-31": 0, "2012-12-31": 0, "2012-09-30": "", "2012-06-30": 0, "2012-03-31": 0, "2011-12-31": 0, "2011-09-30": "", "2011-06-30": 0, "2011-03-31": 0, "2010-12-31": 0, "2010-09-30": "", "2010-06-30": 0, "2010-03-31": 0, "2009-12-31": 0, "2009-09-30": "", "2009-06-30": 0, "2009-03-31": 0, "2008-12-31": -3.5, "2008-09-30": "3.50000", "2008-06-30": 0, "2008-03-31": 0, "2007-12-31": 0, "2007-09-30": "", "2007-06-30": -15.75, "2007-03-31": 15.75, "2006-12-31": 0, "2006-09-30": "", "2006-06-30": 0, "2006-03-31": 0, "2005-12-31": 0, "2005-09-30": "", "2005-06-30": 0, "2005-03-31": 0}, "Debt Issuance/Retirement Net - Total": {"2020-12-31": -75, "2020-09-30": "-30.00000", "2020-06-30": 200, "2020-03-31": -30, "2019-12-31": -35, "2019-09-30": "-50.00000", "2019-06-30": -150, "2019-03-31": 0, "2018-12-31": 0, "2018-09-30": "", "2018-06-30": -75, "2018-03-31": -75, "2017-12-31": -50, "2017-09-30": "-50.00000", "2017-06-30": -50, "2017-03-31": -45, "2016-12-31": 0, "2016-09-30": "70.00000", "2016-06-30": -25, "2016-03-31": -50, "2015-12-31": 0, "2015-09-30": "350.00000", "2015-06-30": 0, "2015-03-31": 0, "2014-12-31": 0, "2014-09-30": "", "2014-06-30": 0, "2014-03-31": 0, "2013-12-31": 0, "2013-09-30": "", "2013-06-30": 0, "2013-03-31": 0, "2012-12-31": 0, "2012-09-30": "", "2012-06-30": 242.623, "2012-03-31": -173.9, "2011-12-31": 96.1, "2011-09-30": "-33.90000", "2011-06-30": -19.868, "2011-03-31": 19.5, "2010-12-31": -16.5, "2010-09-30": "-6.50000", "2010-06-30": -8.093, "2010-03-31": 225.487, "2009-12-31": 0, "2009-09-30": "-19.25000", "2009-06-30": 0, "2009-03-31": 0, "2008-12-31": 0, "2008-09-30": "3.50000", "2008-06-30": 0.376, "2008-03-31": 0, "2007-12-31": -6.852, "2007-09-30": "", "2007-06-30": -60, "2007-03-31": 75.75, "2006-12-31": 0, "2006-09-30": "", "2006-06-30": 0, "2006-03-31": 0, "2005-12-31": 0, "2005-09-30": "", "2005-06-30": 0, "2005-03-31": 0}, "Net Common Equity Issued/Repurchased": {"2020-12-31": -0.026, "2020-09-30": "-1.38900", "2020-06-30": 0.077, "2020-03-31": -1.51, "2019-12-31": -0.324, "2019-09-30": "-2.42300", "2019-06-30": 0.387, "2019-03-31": 0.235, "2018-12-31": -0.245, "2018-09-30": "-1.97200", "2018-06-30": -0.54, "2018-03-31": 0.039, "2017-12-31": -3.541, "2017-09-30": "", "2017-06-30": 0.192, "2017-03-31": -0.298, "2016-12-31": -0.282, "2016-09-30": "-2.03800", "2016-06-30": -0.179, "2016-03-31": -0.174, "2015-12-31": 0, "2015-09-30": "", "2015-06-30": 0, "2015-03-31": 0, "2014-12-31": 0.576, "2014-09-30": "0.19900", "2014-06-30": 0.559, "2014-03-31": 0.467, "2013-12-31": 0.094, "2013-09-30": "", "2013-06-30": 0, "2013-03-31": -0.005, "2012-12-31": 472.065, "2012-09-30": "1.71100", "2012-06-30": 0.096, "2012-03-31": 268.523, "2011-12-31": 0.381, "2011-09-30": "2.53600", "2011-06-30": 0, "2011-03-31": 0, "2010-12-31": 0, "2010-09-30": "", "2010-06-30": 274.49, "2010-03-31": 1.755, "2009-12-31": 0.594, "2009-09-30": "", "2009-06-30": 234.935, "2009-03-31": 0.049, "2008-12-31": 0.723, "2008-09-30": "", "2008-06-30": 0.023, "2008-03-31": -5.239, "2007-12-31": 0.398, "2007-09-30": "", "2007-06-30": 122.056, "2007-03-31": 0.1875, "2006-12-31": 0.2825, "2006-09-30": "", "2006-06-30": 0.0996, "2006-03-31": 0.8548, "2005-12-31": 2.9592, "2005-09-30": "54.71640", "2005-06-30": 0.0902, "2005-03-31": 0.8828}, "Net Total Equity Issued/Repurchased": {"2020-12-31": -0.026, "2020-09-30": "-1.38900", "2020-06-30": 0.077, "2020-03-31": -1.51, "2019-12-31": -0.324, "2019-09-30": "-2.42300", "2019-06-30": 0.387, "2019-03-31": 0.235, "2018-12-31": -0.245, "2018-09-30": "-1.97200", "2018-06-30": -0.54, "2018-03-31": 0.039, "2017-12-31": -3.541, "2017-09-30": "", "2017-06-30": 0.192, "2017-03-31": -0.298, "2016-12-31": -0.282, "2016-09-30": "-2.03800", "2016-06-30": -0.179, "2016-03-31": -0.174, "2015-12-31": 0, "2015-09-30": "", "2015-06-30": 0, "2015-03-31": 0, "2014-12-31": 0.576, "2014-09-30": "0.19900", "2014-06-30": 0.559, "2014-03-31": 0.467, "2013-12-31": 0.094, "2013-09-30": "", "2013-06-30": 0, "2013-03-31": -0.005, "2012-12-31": 472.065, "2012-09-30": "1.71100", "2012-06-30": 0.096, "2012-03-31": 268.523, "2011-12-31": 0.381, "2011-09-30": "2.53600", "2011-06-30": 0, "2011-03-31": 0, "2010-12-31": 0, "2010-09-30": "", "2010-06-30": 274.49, "2010-03-31": 1.755, "2009-12-31": 0.594, "2009-09-30": "", "2009-06-30": 234.935, "2009-03-31": 0.049, "2008-12-31": 0.723, "2008-09-30": "", "2008-06-30": 0.023, "2008-03-31": -5.239, "2007-12-31": 111.496, "2007-09-30": "", "2007-06-30": 122.056, "2007-03-31": 0.1875, "2006-12-31": 0.2825, "2006-09-30": "", "2006-06-30": 0.0996, "2006-03-31": 0.8548, "2005-12-31": 2.9592, "2005-09-30": "54.71640", "2005-06-30": 0.0902, "2005-03-31": 0.8828}, "Total Common And Preferred Stock Dividends Paid": {"2020-12-31": -18.37, "2020-09-30": "-18.36500", "2020-06-30": -18.36, "2020-03-31": -18.356, "2019-12-31": -17.382, "2019-09-30": "-17.37300", "2019-06-30": -17.363, "2019-03-31": -17.36, "2018-12-31": -16.378, "2018-09-30": "-16.37600", "2018-06-30": -16.363, "2018-03-31": -16.364, "2017-12-31": -15.709, "2017-09-30": "-15.68200", "2017-06-30": -15.681, "2017-03-31": -15.68, "2016-12-31": -15.023, "2016-09-30": "-15.01200", "2016-06-30": -15.011, "2016-03-31": -15.01, "2015-12-31": -14.358, "2015-09-30": "-14.34100", "2015-06-30": -14.342, "2015-03-31": -14.343, "2014-12-31": -13.691, "2014-09-30": "-13.67800", "2014-06-30": -13.674, "2014-03-31": -13.674, "2013-12-31": -13.022, "2013-09-30": "-13.01000", "2013-06-30": -13.009, "2013-03-31": -13.01, "2012-12-31": -8.966, "2012-09-30": "-8.94900", "2012-06-30": -8.95, "2012-03-31": -8.345, "2011-12-31": -6.114, "2011-09-30": "-6.09500", "2011-06-30": -6.088, "2011-03-31": -6.089, "2010-12-31": -4.98, "2010-09-30": "-4.97300", "2010-06-30": -4.422, "2010-03-31": -3.684, "2009-12-31": -3.263, "2009-09-30": "-3.25900", "2009-06-30": -2.738, "2009-03-31": -2.736, "2008-12-31": -2.384, "2008-09-30": "-2.38400", "2008-06-30": -2.384, "2008-03-31": -4.916, "2007-12-31": -1.885, "2007-09-30": "-1.87000", "2007-06-30": -1.579, "2007-03-31": -1.5417, "2006-12-31": -1.2997, "2006-09-30": "-1.30060", "2006-06-30": -1.2971, "2006-03-31": -1.2964, "2005-12-31": -1.1629, "2005-09-30": "-1.05060", "2005-06-30": -1.0505, "2005-03-31": -2.6014}, "Financial Activities - Other": {"2020-12-31": -0.22, "2020-09-30": "-0.06700", "2020-06-30": -0.091, "2020-03-31": 0.413, "2019-12-31": 1.533, "2019-09-30": "0.55600", "2019-06-30": -0.992, "2019-03-31": 0.218, "2018-12-31": 0.837, "2018-09-30": "2.16300", "2018-06-30": 2.589, "2018-03-31": 0.163, "2017-12-31": 3.551, "2017-09-30": "-3.47400", "2017-06-30": -4.777, "2017-03-31": 0.194, "2016-12-31": -2.778, "2016-09-30": "-1.34000", "2016-06-30": 0.184, "2016-03-31": -1.234, "2015-12-31": -0.311, "2015-09-30": "-0.58000", "2015-06-30": -1.152, "2015-03-31": -0.316, "2014-12-31": -0.069, "2014-09-30": "-0.76800", "2014-06-30": -0.241, "2014-03-31": -13.528, "2013-12-31": -0.31, "2013-09-30": "-0.56100", "2013-06-30": -3.633, "2013-03-31": -0.754, "2012-12-31": -0.27, "2012-09-30": "0.21100", "2012-06-30": 2.138, "2012-03-31": -1.371, "2011-12-31": 0.584, "2011-09-30": "-3.81300", "2011-06-30": 0.158, "2011-03-31": -1.6, "2010-12-31": -2.598, "2010-09-30": "-1.84700", "2010-06-30": 2.75, "2010-03-31": 1.71, "2009-12-31": 0.252, "2009-09-30": "-2.62000", "2009-06-30": -0.784, "2009-03-31": -2.688, "2008-12-31": -0.468, "2008-09-30": "", "2008-06-30": -0.871, "2008-03-31": 0.375, "2007-12-31": 0.054, "2007-09-30": "0.06000", "2007-06-30": 0.246, "2007-03-31": -0.4331, "2006-12-31": 0.0691, "2006-09-30": "", "2006-06-30": 0.5472, "2006-03-31": 0.3064, "2005-12-31": 0.5016, "2005-09-30": "0.00080", "2005-06-30": 0, "2005-03-31": 0}, "Cash Flow From Financial Activities": {"2020-12-31": -93.616, "2020-09-30": "-49.82100", "2020-06-30": 181.626, "2020-03-31": -49.453, "2019-12-31": -51.173, "2019-09-30": "-69.24000", "2019-06-30": -167.968, "2019-03-31": -16.907, "2018-12-31": -15.786, "2018-09-30": "-16.18500", "2018-06-30": -89.314, "2018-03-31": -91.162, "2017-12-31": -65.699, "2017-09-30": "-69.15600", "2017-06-30": -70.266, "2017-03-31": -60.784, "2016-12-31": -18.083, "2016-09-30": "51.61000", "2016-06-30": -40.006, "2016-03-31": -66.418, "2015-12-31": -14.669, "2015-09-30": "335.07900", "2015-06-30": -15.494, "2015-03-31": -14.659, "2014-12-31": -13.184, "2014-09-30": "-14.24700", "2014-06-30": -13.356, "2014-03-31": -26.735, "2013-12-31": -13.238, "2013-09-30": "-13.57100", "2013-06-30": -16.642, "2013-03-31": -13.769, "2012-12-31": 462.829, "2012-09-30": "-7.02700", "2012-06-30": 235.907, "2012-03-31": 84.907, "2011-12-31": 90.951, "2011-09-30": "-41.27200", "2011-06-30": -25.798, "2011-03-31": 11.811, "2010-12-31": -24.078, "2010-09-30": "-13.32000", "2010-06-30": 264.725, "2010-03-31": 225.268, "2009-12-31": -2.417, "2009-09-30": "-25.12900", "2009-06-30": 231.413, "2009-03-31": -5.375, "2008-12-31": -2.129, "2008-09-30": "1.11600", "2008-06-30": -2.856, "2008-03-31": -9.78, "2007-12-31": 102.813, "2007-09-30": "-1.81000", "2007-06-30": 60.723, "2007-03-31": 73.9627, "2006-12-31": -0.9481, "2006-09-30": "-1.30060", "2006-06-30": -0.6503, "2006-03-31": -0.1352, "2005-12-31": 2.2979, "2005-09-30": "53.66660", "2005-06-30": -0.9603, "2005-03-31": -1.7186}, "Net Cash Flow": {"2020-12-31": -31.257, "2020-09-30": "93.98800", "2020-06-30": 225.413, "2020-03-31": 13.211, "2019-12-31": -41.466, "2019-09-30": "2.49500", "2019-06-30": -96.521, "2019-03-31": 59.46, "2018-12-31": 39.458, "2018-09-30": "28.32800", "2018-06-30": -20.626, "2018-03-31": 11.244, "2017-12-31": 9.737, "2017-09-30": "2.54800", "2017-06-30": -2.243, "2017-03-31": 4.102, "2016-12-31": -49.054, "2016-09-30": "16.40900", "2016-06-30": -6.23, "2016-03-31": 5.263, "2015-12-31": 13.29, "2015-09-30": "-638.53900", "2015-06-30": 27.621, "2015-03-31": 40.1, "2014-12-31": -16.283, "2014-09-30": "31.87500", "2014-06-30": 13.424, "2014-03-31": -13.177, "2013-12-31": 21.39, "2013-09-30": "-26.13600", "2013-06-30": -9.068, "2013-03-31": -7.628, "2012-12-31": 378.694, "2012-09-30": "-73.41900", "2012-06-30": 192.118, "2012-03-31": 87.536, "2011-12-31": -27.599, "2011-09-30": "9.24600", "2011-06-30": -11.616, "2011-03-31": 54.362, "2010-12-31": -250.094, "2010-09-30": "-3.34300", "2010-06-30": 271.196, "2010-03-31": -263.187, "2009-12-31": 9.34, "2009-09-30": "12.93100", "2009-06-30": 244.028, "2009-03-31": -4.502, "2008-12-31": -154.773, "2008-09-30": "17.77800", "2008-06-30": 8.212, "2008-03-31": -11.829, "2007-12-31": 104.839, "2007-09-30": "7.97100", "2007-06-30": 63.674, "2007-03-31": -51.768, "2006-12-31": -2.2839, "2006-09-30": "-5.22910", "2006-06-30": -1.4609, "2006-03-31": 0.0372, "2005-12-31": -29.6112, "2005-09-30": "60.64390", "2005-06-30": 1.9594, "2005-03-31": 2.0801}, "Stock-Based Compensation": {"2020-12-31": 1.399, "2020-09-30": "1.49300", "2020-06-30": 0.833, "2020-03-31": 4.644, "2019-12-31": 1.538, "2019-09-30": "2.10100", "2019-06-30": 1.107, "2019-03-31": 1.44, "2018-12-31": 1.626, "2018-09-30": "2.44400", "2018-06-30": 2.321, "2018-03-31": 1.563, "2017-12-31": 2.022, "2017-09-30": "2.37300", "2017-06-30": 3.225, "2017-03-31": 0.315, "2016-12-31": 2.299, "2016-09-30": "4.14400", "2016-06-30": 2.25, "2016-03-31": 2.34, "2015-12-31": 1.222, "2015-09-30": "4.22700", "2015-06-30": 1.481, "2015-03-31": 0.836, "2014-12-31": 0.375, "2014-09-30": "2.44900", "2014-06-30": 1.291, "2014-03-31": -0.47, "2013-12-31": 0.146, "2013-09-30": "1.61300", "2013-06-30": -0.107, "2013-03-31": 1.908, "2012-12-31": 1.805, "2012-09-30": "2.09500", "2012-06-30": 0.947, "2012-03-31": 1.494, "2011-12-31": 1.868, "2011-09-30": "2.19800", "2011-06-30": 1.484, "2011-03-31": 1.803, "2010-12-31": 1.922, "2010-09-30": "1.28500", "2010-06-30": 1.643, "2010-03-31": 2.549, "2009-12-31": 1.937, "2009-09-30": "1.15000", "2009-06-30": 0.696, "2009-03-31": 0.674, "2008-12-31": 0.915, "2008-09-30": "0.63600", "2008-06-30": 0.724, "2008-03-31": 0.727, "2007-12-31": 0.879, "2007-09-30": "0.53900", "2007-06-30": 0.938, "2007-03-31": 0.4025, "2006-12-31": 0.9097, "2006-09-30": "0.41280", "2006-06-30": 0.7694, "2006-03-31": 0.6958, "2005-12-31": 1.0745, "2005-09-30": "0.23830", "2005-06-30": 0.0431, "2005-03-31": 0.1622}, "Common Stock Dividends Paid": {"2020-12-31": -18.37, "2020-09-30": "-18.36500", "2020-06-30": -18.36, "2020-03-31": -18.356, "2019-12-31": -17.382, "2019-09-30": "-17.37300", "2019-06-30": -17.363, "2019-03-31": -17.36, "2018-12-31": -16.378, "2018-09-30": "-16.37600", "2018-06-30": -16.363, "2018-03-31": -16.364, "2017-12-31": -15.709, "2017-09-30": "-15.68200", "2017-06-30": -15.681, "2017-03-31": -15.68, "2016-12-31": -15.023, "2016-09-30": "-15.01200", "2016-06-30": -15.011, "2016-03-31": -15.01, "2015-12-31": -14.358, "2015-09-30": "-14.34100", "2015-06-30": -14.342, "2015-03-31": -14.343, "2014-12-31": -13.691, "2014-09-30": "-13.67800", "2014-06-30": -13.674, "2014-03-31": -13.674, "2013-12-31": -13.022, "2013-09-30": "-13.01000", "2013-06-30": -13.009, "2013-03-31": -13.01, "2012-12-31": -8.966, "2012-09-30": "-8.94900", "2012-06-30": -8.95, "2012-03-31": -8.345, "2011-12-31": -6.114, "2011-09-30": "-6.09500", "2011-06-30": -6.088, "2011-03-31": -6.089, "2010-12-31": -4.98, "2010-09-30": "-4.97300", "2010-06-30": -4.422, "2010-03-31": -3.684, "2009-12-31": -3.263, "2009-09-30": "-3.25900", "2009-06-30": -2.738, "2009-03-31": -2.736, "2008-12-31": -2.384, "2008-09-30": "-2.38400", "2008-06-30": -2.384, "2008-03-31": -2.114, "2007-12-31": -1.885, "2007-09-30": "-1.87000", "2007-06-30": -1.579, "2007-03-31": -1.5417, "2006-12-31": -1.2997, "2006-09-30": "-1.30060", "2006-06-30": -1.2971, "2006-03-31": -1.2964, "2005-12-31": -1.1629, "2005-09-30": "-1.05060", "2005-06-30": -1.0505, "2005-03-31": -2.6014}}, "financial ratios": {"Current Ratio": {"2020-06-30": "8.31480", "2019-06-30": "4.60220", "2018-06-30": "2.44840", "2017-06-30": "4.18890", "2016-06-30": "6.49510", "2015-06-30": "31.91540", "2014-06-30": "32.70430", "2013-06-30": "21.21980", "2012-06-30": "29.27270", "2011-06-30": "5.86510", "2010-06-30": "10.38080", "2009-06-30": "51.49590", "2008-06-30": "23.61510", "2007-06-30": "20.41020", "2006-06-30": "25.48480", "2005-06-30": "19.40090"}, "Long-term Debt / Capital": {"2020-06-30": "0.11540", "2019-06-30": "0.09000", "2018-06-30": "0.14080", "2017-06-30": "0.20170", "2016-06-30": "0.20810", "2015-06-30": "0.11500", "2014-06-30": "0.11620", "2013-06-30": "0.11310", "2012-06-30": "0.13600", "2011-06-30": "0.12400", "2010-06-30": "0.13440", "2009-06-30": "0.02470", "2008-06-30": "0.03160", "2007-06-30": "0.04700", "2006-06-30": "", "2005-06-30": ""}, "Debt/Equity Ratio": {"2020-06-30": "0.13050", "2019-06-30": "0.09890", "2018-06-30": "0.16390", "2017-06-30": "0.25260", "2016-06-30": "0.26280", "2015-06-30": "0.12990", "2014-06-30": "0.13140", "2013-06-30": "0.12750", "2012-06-30": "0.15740", "2011-06-30": "0.15200", "2010-06-30": "0.17330", "2009-06-30": "0.02530", "2008-06-30": "0.03260", "2007-06-30": "0.04940", "2006-06-30": "", "2005-06-30": ""}, "Gross Margin": {"2020-06-30": "83.18230", "2019-06-30": "81.67260", "2018-06-30": "81.73610", "2017-06-30": "80.20370", "2016-06-30": "80.27210", "2015-06-30": "87.96850", "2014-06-30": "96.13850", "2013-06-30": "100.00000", "2012-06-30": "100.00000", "2011-06-30": "100.00000", "2010-06-30": "100.00000", "2009-06-30": "100.00000", "2008-06-30": "94.47340", "2007-06-30": "93.24810", "2006-06-30": "91.93800", "2005-06-30": "92.69890"}, "Operating Margin": {"2020-06-30": "39.88320", "2019-06-30": "33.25970", "2018-06-30": "-16.23710", "2017-06-30": "33.10740", "2016-06-30": "1.33860", "2015-06-30": "31.37740", "2014-06-30": "45.84210", "2013-06-30": "59.18150", "2012-06-30": "59.54440", "2011-06-30": "54.93860", "2010-06-30": "30.04800", "2009-06-30": "36.99560", "2008-06-30": "49.74890", "2007-06-30": "58.94910", "2006-06-30": "47.25860", "2005-06-30": "57.94740"}, "EBIT Margin": {"2020-06-30": "39.88320", "2019-06-30": "33.25970", "2018-06-30": "-16.23710", "2017-06-30": "33.10740", "2016-06-30": "1.33860", "2015-06-30": "31.37740", "2014-06-30": "45.84210", "2013-06-30": "59.18150", "2012-06-30": "59.54440", "2011-06-30": "54.93860", "2010-06-30": "30.04800", "2009-06-30": "36.99560", "2008-06-30": "49.74890", "2007-06-30": "58.94910", "2006-06-30": "47.25860", "2005-06-30": "57.94740"}, "EBITDA Margin": {"2020-06-30": "75.28080", "2019-06-30": "75.41580", "2018-06-30": "22.70100", "2017-06-30": "72.45750", "2016-06-30": "44.16720", "2015-06-30": "69.35530", "2014-06-30": "89.13490", "2013-06-30": "91.69430", "2012-06-30": "88.05610", "2011-06-30": "86.07420", "2010-06-30": "69.43800", "2009-06-30": "81.15660", "2008-06-30": "77.44850", "2007-06-30": "76.04900", "2006-06-30": "62.27270", "2005-06-30": "70.61420"}, "Pre-Tax Profit Margin": {"2020-06-30": "38.61040", "2019-06-30": "25.19220", "2018-06-30": "-22.78200", "2017-06-30": "26.96510", "2016-06-30": "-6.04740", "2015-06-30": "22.38840", "2014-06-30": "34.96640", "2013-06-30": "47.42620", "2012-06-30": "58.17020", "2011-06-30": "53.71350", "2010-06-30": "31.91590", "2009-06-30": "85.68950", "2008-06-30": "57.31030", "2007-06-30": "63.67430", "2006-06-30": "57.96690", "2005-06-30": "61.48120"}, "Net Profit Margin": {"2020-06-30": "39.96300", "2019-06-30": "22.17790", "2018-06-30": "-24.64570", "2017-06-30": "23.03240", "2016-06-30": "-21.44280", "2015-06-30": "18.69120", "2014-06-30": "26.41280", "2013-06-30": "23.90980", "2012-06-30": "35.15480", "2011-06-30": "32.98160", "2010-06-30": "15.73760", "2009-06-30": "51.98250", "2008-06-30": "29.04360", "2007-06-30": "40.78000", "2006-06-30": "39.99300", "2005-06-30": "45.26740"}, "Asset Turnover": {"2020-06-30": "0.18030", "2019-06-30": "0.16630", "2018-06-30": "0.17120", "2017-06-30": "0.14250", "2016-06-30": "0.11720", "2015-06-30": "0.09530", "2014-06-30": "0.08200", "2013-06-30": "0.09950", "2012-06-30": "0.11070", "2011-06-30": "0.11380", "2010-06-30": "0.07320", "2009-06-30": "0.09110", "2008-06-30": "0.12150", "2007-06-30": "0.13560", "2006-06-30": "0.16520", "2005-06-30": "0.24730"}, "Inventory Turnover Ratio": {"2020-06-30": "7.18790", "2019-06-30": "6.81330", "2018-06-30": "9.00430", "2017-06-30": "11.07000", "2016-06-30": "7.48010", "2015-06-30": "14.62620", "2014-06-30": "", "2013-06-30": "", "2012-06-30": "", "2011-06-30": "", "2010-06-30": "", "2009-06-30": "", "2008-06-30": "", "2007-06-30": "", "2006-06-30": "", "2005-06-30": ""}, "Receiveable Turnover": {"2020-06-30": "16.55890", "2019-06-30": "18.05230", "2018-06-30": "17.39060", "2017-06-30": "8.98610", "2016-06-30": "8.73090", "2015-06-30": "6.30390", "2014-06-30": "3.45710", "2013-06-30": "4.41270", "2012-06-30": "4.04750", "2011-06-30": "4.43330", "2010-06-30": "3.11150", "2009-06-30": "3.21180", "2008-06-30": "3.58300", "2007-06-30": "3.87790", "2006-06-30": "4.76010", "2005-06-30": "3.83290"}, "Days Sales In Receivables": {"2020-06-30": "22.04260", "2019-06-30": "20.21900", "2018-06-30": "20.98840", "2017-06-30": "40.61820", "2016-06-30": "41.80570", "2015-06-30": "57.90110", "2014-06-30": "105.57920", "2013-06-30": "82.71510", "2012-06-30": "90.17950", "2011-06-30": "82.33150", "2010-06-30": "117.30570", "2009-06-30": "113.64470", "2008-06-30": "101.86880", "2007-06-30": "94.12390", "2006-06-30": "76.67900", "2005-06-30": "95.22780"}, "ROE - Return On Equity": {"2020-06-30": "8.52480", "2019-06-30": "4.10420", "2018-06-30": "-5.57380", "2017-06-30": "3.98340", "2016-06-30": "-3.60640", "2015-06-30": "2.18040", "2014-06-30": "2.67530", "2013-06-30": "3.09660", "2012-06-30": "5.27570", "2011-06-30": "5.19590", "2010-06-30": "2.05240", "2009-06-30": "5.43880", "2008-06-30": "5.25540", "2007-06-30": "6.18020", "2006-06-30": "7.02090", "2005-06-30": "12.48530"}, "Return On Tangible Equity": {"2020-06-30": "8.52480", "2019-06-30": "4.10420", "2018-06-30": "-5.57380", "2017-06-30": "3.98340", "2016-06-30": "-3.60640", "2015-06-30": "2.18040", "2014-06-30": "2.67530", "2013-06-30": "29.32050", "2012-06-30": "-356.72090", "2011-06-30": "-38.12640", "2010-06-30": "-68.02620", "2009-06-30": "13.58440", "2008-06-30": "13.91150", "2007-06-30": "19.10080", "2006-06-30": "14.72690", "2005-06-30": "24.41110"}, "ROA - Return On Assets": {"2020-06-30": "7.09430", "2019-06-30": "3.50130", "2018-06-30": "-4.45000", "2017-06-30": "2.98720", "2016-06-30": "-2.68550", "2015-06-30": "1.80580", "2014-06-30": "2.19510", "2013-06-30": "2.52670", "2012-06-30": "4.13690", "2011-06-30": "4.06260", "2010-06-30": "1.57730", "2009-06-30": "5.10630", "2008-06-30": "4.65240", "2007-06-30": "5.52920", "2006-06-30": "6.60790", "2005-06-30": "11.19420"}, "ROI - Return On Investment": {"2020-06-30": "7.54070", "2019-06-30": "3.73500", "2018-06-30": "-4.78880", "2017-06-30": "3.18000", "2016-06-30": "-2.85590", "2015-06-30": "1.92970", "2014-06-30": "2.36450", "2013-06-30": "2.74640", "2012-06-30": "4.55840", "2011-06-30": "4.55180", "2010-06-30": "1.77660", "2009-06-30": "5.30450", "2008-06-30": "5.08950", "2007-06-30": "5.88950", "2006-06-30": "7.02090", "2005-06-30": "12.48530"}, "Book Value Per Share": {"2020-06-30": "35.13020", "2019-06-30": "33.16710", "2018-06-30": "32.76120", "2017-06-30": "35.59780", "2016-06-30": "35.11670", "2015-06-30": "37.14870", "2014-06-30": "36.52450", "2013-06-30": "36.55510", "2012-06-30": "31.36400", "2011-06-30": "26.98130", "2010-06-30": "26.08630", "2009-06-30": "18.78490", "2008-06-30": "14.24330", "2007-06-30": "11.13180", "2006-06-30": "6.85350", "2005-06-30": "4.36220"}, "Operating Cash Flow Per Share": {"2020-06-30": 1.3262, "2019-06-30": -1.1714, "2018-06-30": 0.9483, "2017-06-30": 1.4861, "2016-06-30": -0.3479, "2015-06-30": 0.686, "2014-06-30": -0.4579, "2013-06-30": -0.1004, "2012-06-30": 0.1657, "2011-06-30": 1.5565, "2010-06-30": 0.2602, "2009-06-30": -0.4069, "2008-06-30": 0.2755, "2007-06-30": 0.1668, "2006-06-30": 0.1008, "2005-06-30": 0.7034}, "Free Cash Flow Per Share": {"2020-06-30": 1.3262, "2019-06-30": -1.1714, "2018-06-30": 0.9483, "2017-06-30": 1.4861, "2016-06-30": -0.3479, "2015-06-30": 0.686, "2014-06-30": -0.4579, "2013-06-30": -0.1004, "2012-06-30": 0.1657, "2011-06-30": 1.5565, "2010-06-30": 0.2602, "2009-06-30": -0.4069, "2008-06-30": 0.2755, "2007-06-30": 0.1685, "2006-06-30": 0.1052, "2005-06-30": 0.6973}}, "financial ratios, quarterly": {"Current Ratio": {"2020-12-31": "7.88210", "2020-09-30": "8.36900", "2020-06-30": "8.31480", "2020-03-31": "3.02180", "2019-12-31": "3.09180", "2019-09-30": "5.07240", "2019-06-30": "4.60220", "2019-03-31": "5.38640", "2018-12-31": "5.48030", "2018-09-30": "4.26610", "2018-06-30": "2.44840", "2018-03-31": "3.49090", "2017-12-31": "3.98030", "2017-09-30": "3.92440", "2017-06-30": "4.18890", "2017-03-31": "5.41530", "2016-12-31": "6.09710", "2016-09-30": "7.50390", "2016-06-30": "6.49510", "2016-03-31": "7.23820", "2015-12-31": "7.93740", "2015-09-30": "5.61620", "2015-06-30": "31.91540", "2015-03-31": "29.55050", "2014-12-31": "38.62470", "2014-09-30": "36.43870", "2014-06-30": "32.70430", "2014-03-31": "27.89060", "2013-12-31": "30.11200", "2013-09-30": "25.50720", "2013-06-30": "21.21980", "2013-03-31": "34.60630", "2012-12-31": "42.09830", "2012-09-30": "19.23980", "2012-06-30": "29.27270", "2012-03-31": "8.06520", "2011-12-31": "5.50070", "2011-09-30": "5.12420", "2011-06-30": "5.86510", "2011-03-31": "5.45100", "2010-12-31": "3.38270", "2010-09-30": "9.84790", "2010-06-30": "10.38080", "2010-03-31": "2.53100", "2009-12-31": "45.41700", "2009-09-30": "62.19500", "2009-06-30": "51.49590", "2009-03-31": "6.84100", "2008-12-31": "3.61730", "2008-09-30": "16.98440", "2008-06-30": "23.61510", "2008-03-31": "22.31660", "2007-12-31": "25.01830", "2007-09-30": "11.26890", "2007-06-30": "20.41020", "2007-03-31": "4.99140", "2006-12-31": "14.08440", "2006-09-30": "13.09400", "2006-06-30": "25.48480", "2006-03-31": "20.29540", "2005-12-31": "16.09840", "2005-09-30": "20.91880", "2005-06-30": "19.40090", "2005-03-31": "14.46470"}, "Long-term Debt / Capital": {"2020-12-31": "0.07540", "2020-09-30": "0.10280", "2020-06-30": "0.11540", "2020-03-31": "0.04220", "2019-12-31": "0.05460", "2019-09-30": "0.06900", "2019-06-30": "0.09000", "2019-03-31": "0.14380", "2018-12-31": "0.14320", "2018-09-30": "0.14230", "2018-06-30": "0.14080", "2018-03-31": "0.16540", "2017-12-31": "0.17670", "2017-09-30": "0.18810", "2017-06-30": "0.20170", "2017-03-31": "0.21540", "2016-12-31": "0.22670", "2016-09-30": "0.22670", "2016-06-30": "0.20810", "2016-03-31": "0.21650", "2015-12-31": "0.22290", "2015-09-30": "0.22240", "2015-06-30": "0.11500", "2015-03-31": "0.11690", "2014-12-31": "0.11850", "2014-09-30": "0.11670", "2014-06-30": "0.11620", "2014-03-31": "0.11590", "2013-12-31": "0.11470", "2013-09-30": "0.11370", "2013-06-30": "0.11310", "2013-03-31": "0.11200", "2012-12-31": "0.11150", "2012-09-30": "0.13540", "2012-06-30": "0.13600", "2012-03-31": "0.05190", "2011-12-31": "0.15250", "2011-09-30": "0.10510", "2011-06-30": "0.12400", "2011-03-31": "0.13500", "2010-12-31": "0.12060", "2010-09-30": "0.13030", "2010-06-30": "0.13440", "2010-03-31": "0.16580", "2009-12-31": "", "2009-09-30": "", "2009-06-30": "0.02470", "2009-03-31": "0.03640", "2008-12-31": "0.03650", "2008-09-30": "0.03800", "2008-06-30": "0.03160", "2008-03-31": "0.03180", "2007-12-31": "0.03170", "2007-09-30": "0.04550", "2007-06-30": "0.04700", "2007-03-31": "0.28310", "2006-12-31": "", "2006-09-30": "", "2006-06-30": "", "2006-03-31": "", "2005-12-31": "", "2005-09-30": "", "2005-06-30": "", "2005-03-31": ""}, "Debt/Equity Ratio": {"2020-12-31": "0.08150", "2020-09-30": "0.11450", "2020-06-30": "0.13050", "2020-03-31": "0.04410", "2019-12-31": "0.05780", "2019-09-30": "0.07410", "2019-06-30": "0.09890", "2019-03-31": "0.16800", "2018-12-31": "0.16720", "2018-09-30": "0.16590", "2018-06-30": "0.16390", "2018-03-31": "0.19820", "2017-12-31": "0.21460", "2017-09-30": "0.23160", "2017-06-30": "0.25260", "2017-03-31": "0.27450", "2016-12-31": "0.29320", "2016-09-30": "0.29320", "2016-06-30": "0.26280", "2016-03-31": "0.27630", "2015-12-31": "0.28680", "2015-09-30": "0.28590", "2015-06-30": "0.12990", "2015-03-31": "0.13240", "2014-12-31": "0.13440", "2014-09-30": "0.13220", "2014-06-30": "0.13140", "2014-03-31": "0.13110", "2013-12-31": "0.12960", "2013-09-30": "0.12830", "2013-06-30": "0.12750", "2013-03-31": "0.12610", "2012-12-31": "0.12550", "2012-09-30": "0.15660", "2012-06-30": "0.15740", "2012-03-31": "0.06340", "2011-12-31": "0.19020", "2011-09-30": "0.12780", "2011-06-30": "0.15200", "2011-03-31": "0.16660", "2010-12-31": "0.15500", "2010-09-30": "0.16790", "2010-06-30": "0.17330", "2010-03-31": "0.22130", "2009-12-31": "", "2009-09-30": "", "2009-06-30": "0.02530", "2009-03-31": "0.03780", "2008-12-31": "0.03790", "2008-09-30": "0.03950", "2008-06-30": "0.03260", "2008-03-31": "0.03290", "2007-12-31": "0.03270", "2007-09-30": "0.04770", "2007-06-30": "0.04940", "2007-03-31": "0.39480", "2006-12-31": "", "2006-09-30": "", "2006-06-30": "", "2006-03-31": "", "2005-12-31": "", "2005-09-30": "", "2005-06-30": "", "2005-03-31": ""}, "Gross Margin": {"2020-12-31": "84.30220", "2020-09-30": "85.08850", "2020-06-30": "82.71080", "2020-03-31": "83.90390", "2019-12-31": "82.95330", "2019-09-30": "83.06790", "2019-06-30": "79.45360", "2019-03-31": "82.62400", "2018-12-31": "81.38990", "2018-09-30": "83.47170", "2018-06-30": "80.89040", "2018-03-31": "81.59640", "2017-12-31": "82.62930", "2017-09-30": "81.84590", "2017-06-30": "81.93220", "2017-03-31": "79.04220", "2016-12-31": "78.96240", "2016-09-30": "80.78630", "2016-06-30": "79.79370", "2016-03-31": "80.83050", "2015-12-31": "76.99510", "2015-09-30": "84.51710", "2015-06-30": "86.41190", "2015-03-31": "85.77520", "2014-12-31": "89.82770", "2014-09-30": "90.33120", "2014-06-30": "91.04250", "2014-03-31": "96.64060", "2013-12-31": "98.22870", "2013-09-30": "100.00000", "2013-06-30": "100.00000", "2013-03-31": "100.00000", "2012-12-31": "100.00000", "2012-09-30": "100.00000", "2012-06-30": "100.00000", "2012-03-31": "100.00000", "2011-12-31": "100.00000", "2011-09-30": "100.00000", "2011-06-30": "100.00000", "2011-03-31": "100.00000", "2010-12-31": "100.00000", "2010-09-30": "100.00000", "2010-06-30": "111.63780", "2010-03-31": "94.59520", "2009-12-31": "95.28500", "2009-09-30": "95.40080", "2009-06-30": "111.73620", "2009-03-31": "94.45110", "2008-12-31": "95.80770", "2008-09-30": "94.73230", "2008-06-30": "95.49940", "2008-03-31": "94.62920", "2007-12-31": "93.90890", "2007-09-30": "93.23360", "2007-06-30": "93.14350", "2007-03-31": "93.64800", "2006-12-31": "92.99540", "2006-09-30": "93.27540", "2006-06-30": "91.41820", "2006-03-31": "91.74270", "2005-12-31": "91.84840", "2005-09-30": "92.82770", "2005-06-30": "93.81960", "2005-03-31": "93.16890"}, "Operating Margin": {"2020-12-31": "48.85450", "2020-09-30": "70.26960", "2020-06-30": "37.15750", "2020-03-31": "38.31880", "2019-12-31": "43.11360", "2019-09-30": "41.07040", "2019-06-30": "35.19980", "2019-03-31": "39.35310", "2018-12-31": "32.22500", "2018-09-30": "25.33500", "2018-06-30": "31.18420", "2018-03-31": "-166.80370", "2017-12-31": "35.82220", "2017-09-30": "37.09240", "2017-06-30": "31.77980", "2017-03-31": "33.60790", "2016-12-31": "32.23700", "2016-09-30": "34.66900", "2016-06-30": "30.29460", "2016-03-31": "-77.07810", "2015-12-31": "27.69420", "2015-09-30": "28.60670", "2015-06-30": "37.46720", "2015-03-31": "43.38150", "2014-12-31": "-3.29830", "2014-09-30": "42.79400", "2014-06-30": "44.84050", "2014-03-31": "49.54980", "2013-12-31": "43.41390", "2013-09-30": "45.56450", "2013-06-30": "52.19970", "2013-03-31": "57.88640", "2012-12-31": "63.43430", "2012-09-30": "61.19290", "2012-06-30": "61.31030", "2012-03-31": "61.59420", "2011-12-31": "57.26160", "2011-09-30": "58.12150", "2011-06-30": "58.43520", "2011-03-31": "57.38850", "2010-12-31": "56.11900", "2010-09-30": "45.89970", "2010-06-30": "40.10670", "2010-03-31": "-3.51280", "2009-12-31": "43.75650", "2009-09-30": "41.18260", "2009-06-30": "41.76360", "2009-03-31": "34.32710", "2008-12-31": "16.32470", "2008-09-30": "52.64010", "2008-06-30": "51.71230", "2008-03-31": "48.05940", "2007-12-31": "43.43300", "2007-09-30": "56.51440", "2007-06-30": "58.09740", "2007-03-31": "50.77170", "2006-12-31": "60.95530", "2006-09-30": "66.81550", "2006-06-30": "53.19810", "2006-03-31": "30.24910", "2005-12-31": "42.93980", "2005-09-30": "59.25460", "2005-06-30": "66.01170", "2005-03-31": "58.62770"}, "EBIT Margin": {"2020-12-31": "48.85450", "2020-09-30": "70.26960", "2020-06-30": "37.15750", "2020-03-31": "38.31880", "2019-12-31": "43.11360", "2019-09-30": "41.07040", "2019-06-30": "35.19980", "2019-03-31": "39.35310", "2018-12-31": "32.22500", "2018-09-30": "25.33500", "2018-06-30": "31.18420", "2018-03-31": "-166.80370", "2017-12-31": "35.82220", "2017-09-30": "37.09240", "2017-06-30": "31.77980", "2017-03-31": "33.60790", "2016-12-31": "32.23700", "2016-09-30": "34.66900", "2016-06-30": "30.29460", "2016-03-31": "-77.07810", "2015-12-31": "27.69420", "2015-09-30": "28.60670", "2015-06-30": "37.46720", "2015-03-31": "43.38150", "2014-12-31": "-3.29830", "2014-09-30": "42.79400", "2014-06-30": "44.84050", "2014-03-31": "49.54980", "2013-12-31": "43.41390", "2013-09-30": "45.56450", "2013-06-30": "52.19970", "2013-03-31": "57.88640", "2012-12-31": "63.43430", "2012-09-30": "61.19290", "2012-06-30": "61.31030", "2012-03-31": "61.59420", "2011-12-31": "57.26160", "2011-09-30": "58.12150", "2011-06-30": "58.43530", "2011-03-31": "57.38850", "2010-12-31": "56.11900", "2010-09-30": "45.89970", "2010-06-30": "40.10670", "2010-03-31": "-3.51280", "2009-12-31": "43.75650", "2009-09-30": "41.18260", "2009-06-30": "41.76360", "2009-03-31": "34.32710", "2008-12-31": "16.32470", "2008-09-30": "52.64010", "2008-06-30": "51.71230", "2008-03-31": "48.05940", "2007-12-31": "43.43300", "2007-09-30": "56.51440", "2007-06-30": "58.09740", "2007-03-31": "50.77170", "2006-12-31": "60.95530", "2006-09-30": "66.81550", "2006-06-30": "53.19810", "2006-03-31": "30.24910", "2005-12-31": "42.93980", "2005-09-30": "59.25460", "2005-06-30": "66.01170", "2005-03-31": "58.62770"}, "EBITDA Margin": {"2020-12-31": "", "2020-09-30": "", "2020-06-30": "", "2020-03-31": "", "2019-12-31": "", "2019-09-30": "", "2019-06-30": "", "2019-03-31": "", "2018-12-31": "", "2018-09-30": "", "2018-06-30": "", "2018-03-31": "", "2017-12-31": "", "2017-09-30": "", "2017-06-30": "", "2017-03-31": "", "2016-12-31": "", "2016-09-30": "", "2016-06-30": "", "2016-03-31": "", "2015-12-31": "", "2015-09-30": "", "2015-06-30": "", "2015-03-31": "", "2014-12-31": "", "2014-09-30": "", "2014-06-30": "", "2014-03-31": "", "2013-12-31": "", "2013-09-30": "", "2013-06-30": "", "2013-03-31": "", "2012-12-31": "", "2012-09-30": "", "2012-06-30": "", "2012-03-31": "", "2011-12-31": "", "2011-09-30": "", "2011-06-30": "", "2011-03-31": "", "2010-12-31": "", "2010-09-30": "", "2010-06-30": "", "2010-03-31": "", "2009-12-31": "", "2009-09-30": "", "2009-06-30": "", "2009-03-31": "", "2008-12-31": "", "2008-09-30": "", "2008-06-30": "", "2008-03-31": "", "2007-12-31": "", "2007-09-30": "", "2007-06-30": "", "2007-03-31": "", "2006-12-31": "", "2006-09-30": "", "2006-06-30": "", "2006-03-31": "", "2005-12-31": "", "2005-09-30": "", "2005-06-30": "", "2005-03-31": ""}, "Pre-Tax Profit Margin": {"2020-12-31": "48.00390", "2020-09-30": "71.00830", "2020-06-30": "40.60930", "2020-03-31": "34.44370", "2019-12-31": "41.68290", "2019-09-30": "38.17920", "2019-06-30": "27.32120", "2019-03-31": "34.59890", "2018-12-31": "21.41060", "2018-09-30": "16.09230", "2018-06-30": "24.71980", "2018-03-31": "-172.41920", "2017-12-31": "28.48590", "2017-09-30": "30.31050", "2017-06-30": "22.54030", "2017-03-31": "26.19660", "2016-12-31": "30.05400", "2016-09-30": "28.94780", "2016-06-30": "24.54720", "2016-03-31": "-83.17730", "2015-12-31": "19.01790", "2015-09-30": "19.22330", "2015-06-30": "29.03820", "2015-03-31": "35.28810", "2014-12-31": "-13.29770", "2014-09-30": "33.14400", "2014-06-30": "30.30140", "2014-03-31": "42.35820", "2013-12-31": "32.37470", "2013-09-30": "35.62410", "2013-06-30": "45.97570", "2013-03-31": "33.95490", "2012-12-31": "54.93180", "2012-09-30": "53.62690", "2012-06-30": "57.19610", "2012-03-31": "60.04910", "2011-12-31": "55.63460", "2011-09-30": "59.75650", "2011-06-30": "56.69920", "2011-03-31": "55.17410", "2010-12-31": "56.98560", "2010-09-30": "43.95650", "2010-06-30": "45.32940", "2010-03-31": "-6.23810", "2009-12-31": "43.71040", "2009-09-30": "46.53620", "2009-06-30": "55.91970", "2009-03-31": "38.21710", "2008-12-31": "230.44730", "2008-09-30": "56.68890", "2008-06-30": "55.83450", "2008-03-31": "55.45350", "2007-12-31": "52.15500", "2007-09-30": "68.55950", "2007-06-30": "62.99950", "2007-03-31": "48.87140", "2006-12-31": "67.87070", "2006-09-30": "75.92930", "2006-06-30": "63.98110", "2006-03-31": "43.34040", "2005-12-31": "55.91330", "2005-09-30": "65.34880", "2005-06-30": "69.96190", "2005-03-31": "61.70920"}, "Net Profit Margin": {"2020-12-31": "37.81830", "2020-09-30": "72.80710", "2020-06-30": "40.85780", "2020-03-31": "28.25770", "2019-12-31": "33.41960", "2019-09-30": "59.31690", "2019-06-30": "22.86980", "2019-03-31": "26.20930", "2018-12-31": "24.16800", "2018-09-30": "15.00920", "2018-06-30": "22.92770", "2018-03-31": "-132.47630", "2017-12-31": "-12.91230", "2017-09-30": "25.45520", "2017-06-30": "18.37810", "2017-03-31": "22.11890", "2016-12-31": "26.23570", "2016-09-30": "25.25460", "2016-06-30": "21.71380", "2016-03-31": "-72.36940", "2015-12-31": "15.40390", "2015-09-30": "-60.82700", "2015-06-30": "20.14030", "2015-03-31": "33.75250", "2014-12-31": "-10.68120", "2014-09-30": "27.06230", "2014-06-30": "23.71760", "2014-03-31": "34.88090", "2013-12-31": "20.20840", "2013-09-30": "26.90000", "2013-06-30": "18.66690", "2013-03-31": "8.71560", "2012-12-31": "34.07660", "2012-09-30": "31.81400", "2012-06-30": "34.22280", "2012-03-31": "37.33450", "2011-12-31": "34.00690", "2011-09-30": "34.89490", "2011-06-30": "36.59080", "2011-03-31": "35.22310", "2010-12-31": "32.51650", "2010-09-30": "26.09510", "2010-06-30": "25.83050", "2010-03-31": "-16.41980", "2009-12-31": "27.67700", "2009-09-30": "27.28910", "2009-06-30": "31.69760", "2009-03-31": "19.91630", "2008-12-31": "146.33430", "2008-09-30": "35.75470", "2008-06-30": "34.42250", "2008-03-31": "17.64450", "2007-12-31": "23.15430", "2007-09-30": "44.29340", "2007-06-30": "39.57940", "2007-03-31": "30.68070", "2006-12-31": "43.83920", "2006-09-30": "49.95790", "2006-06-30": "43.40310", "2006-03-31": "31.57820", "2005-12-31": "38.37860", "2005-09-30": "44.78030", "2005-06-30": "48.28760", "2005-03-31": "46.45260"}, "Asset Turnover": {"2020-12-31": "0.05730", "2020-09-30": "0.05250", "2020-06-30": "0.04340", "2020-03-31": "0.05350", "2019-12-31": "0.04840", "2019-09-30": "0.04660", "2019-06-30": "0.04550", "2019-03-31": "0.04070", "2018-12-31": "0.03650", "2018-09-30": "0.03740", "2018-06-30": "0.04330", "2018-03-31": "0.04210", "2017-12-31": "0.03770", "2017-09-30": "0.03670", "2017-06-30": "0.03520", "2017-03-31": "0.03420", "2016-12-31": "0.03380", "2016-09-30": "0.03750", "2016-06-30": "0.03070", "2016-03-31": "0.03020", "2015-12-31": "0.03040", "2015-09-30": "0.02290", "2015-06-30": "0.02520", "2015-03-31": "0.02550", "2014-12-31": "0.02140", "2014-09-30": "0.02390", "2014-06-30": "0.02430", "2014-03-31": "0.02000", "2013-12-31": "0.01830", "2013-09-30": "0.01950", "2013-06-30": "0.01970", "2013-03-31": "0.02560", "2012-12-31": "0.02770", "2012-09-30": "0.03240", "2012-06-30": "0.02530", "2012-03-31": "0.03300", "2011-12-31": "0.03450", "2011-09-30": "0.03410", "2011-06-30": "0.03110", "2011-03-31": "0.02900", "2010-12-31": "0.03020", "2010-09-30": "0.02430", "2010-06-30": "0.02180", "2010-03-31": "0.02210", "2009-12-31": "0.04320", "2009-09-30": "0.03290", "2009-06-30": "0.02750", "2009-03-31": "0.03620", "2008-12-31": "0.02510", "2008-09-30": "0.02890", "2008-06-30": "0.03730", "2008-03-31": "0.03470", "2007-12-31": "0.02710", "2007-09-30": "0.03360", "2007-06-30": "0.04030", "2007-03-31": "0.03860", "2006-12-31": "0.07010", "2006-09-30": "0.05540", "2006-06-30": "0.04780", "2006-03-31": "0.03400", "2005-12-31": "0.04510", "2005-09-30": "0.04230", "2005-06-30": "0.07310", "2005-03-31": "0.05820"}, "Inventory Turnover Ratio": {"2020-12-31": "1.78840", "2020-09-30": "1.27640", "2020-06-30": "1.77710", "2020-03-31": "1.83820", "2019-12-31": "1.37430", "2019-09-30": "1.86700", "2019-06-30": "2.08880", "2019-03-31": "1.53670", "2018-12-31": "2.28340", "2018-09-30": "1.65090", "2018-06-30": "2.38560", "2018-03-31": "1.68080", "2017-12-31": "2.69910", "2017-09-30": "2.61980", "2017-06-30": "2.49680", "2017-03-31": "3.38450", "2016-12-31": "2.21060", "2016-09-30": "1.79640", "2016-06-30": "2.00440", "2016-03-31": "3.31750", "2015-12-31": "2.72310", "2015-09-30": "", "2015-06-30": "4.37170", "2015-03-31": "", "2014-12-31": "", "2014-09-30": "", "2014-06-30": "", "2014-03-31": "", "2013-12-31": "", "2013-09-30": "", "2013-06-30": "", "2013-03-31": "", "2012-12-31": "", "2012-09-30": "", "2012-06-30": "", "2012-03-31": "", "2011-12-31": "", "2011-09-30": "", "2011-06-30": "", "2011-03-31": "", "2010-12-31": "", "2010-09-30": "", "2010-06-30": "", "2010-03-31": "", "2009-12-31": "", "2009-09-30": "", "2009-06-30": "", "2009-03-31": "", "2008-12-31": "", "2008-09-30": "", "2008-06-30": "", "2008-03-31": "", "2007-12-31": "", "2007-09-30": "", "2007-06-30": "", "2007-03-31": "", "2006-12-31": "", "2006-09-30": "", "2006-06-30": "", "2006-03-31": "", "2005-12-31": "", "2005-09-30": "", "2005-06-30": "", "2005-03-31": ""}, "Receiveable Turnover": {"2020-12-31": "2.97360", "2020-09-30": "3.87840", "2020-06-30": "3.98240", "2020-03-31": "3.12330", "2019-12-31": "3.24380", "2019-09-30": "3.91570", "2019-06-30": "4.93680", "2019-03-31": "3.02050", "2018-12-31": "2.53800", "2018-09-30": "3.17570", "2018-06-30": "4.40350", "2018-03-31": "4.00720", "2017-12-31": "2.01850", "2017-09-30": "2.04120", "2017-06-30": "2.22070", "2017-03-31": "2.75720", "2016-12-31": "2.65350", "2016-09-30": "2.62230", "2016-06-30": "2.28420", "2016-03-31": "2.23590", "2015-12-31": "2.74530", "2015-09-30": "1.94430", "2015-06-30": "1.66830", "2015-03-31": "1.87690", "2014-12-31": "1.00310", "2014-09-30": "1.16010", "2014-06-30": "1.02250", "2014-03-31": "0.92790", "2013-12-31": "0.79920", "2013-09-30": "0.78100", "2013-06-30": "0.87460", "2013-03-31": "1.06870", "2012-12-31": "1.02450", "2012-09-30": "1.20280", "2012-06-30": "0.92490", "2012-03-31": "1.12160", "2011-12-31": "1.05940", "2011-09-30": "1.17680", "2011-06-30": "1.21380", "2011-03-31": "1.06900", "2010-12-31": "1.02360", "2010-09-30": "1.05340", "2010-06-30": "0.92660", "2010-03-31": "0.94450", "2009-12-31": "0.94610", "2009-09-30": "1.03160", "2009-06-30": "0.96970", "2009-03-31": "1.02520", "2008-12-31": "0.98580", "2008-09-30": "1.41140", "2008-06-30": "1.10000", "2008-03-31": "1.19480", "2007-12-31": "1.11170", "2007-09-30": "1.12280", "2007-06-30": "1.15190", "2007-03-31": "1.24740", "2006-12-31": "1.49120", "2006-09-30": "1.41700", "2006-06-30": "1.37810", "2006-03-31": "1.21800", "2005-12-31": "1.09350", "2005-09-30": "1.16040", "2005-06-30": "1.13280", "2005-03-31": "1.14500"}, "Days Sales In Receivables": {"2020-12-31": "30.26620", "2020-09-30": "23.20530", "2020-06-30": "22.59960", "2020-03-31": "28.81530", "2019-12-31": "27.74540", "2019-09-30": "22.98460", "2019-06-30": "18.23040", "2019-03-31": "29.79610", "2018-12-31": "35.46070", "2018-09-30": "28.34060", "2018-06-30": "20.43830", "2018-03-31": "22.45980", "2017-12-31": "44.58840", "2017-09-30": "44.09100", "2017-06-30": "40.52870", "2017-03-31": "32.64150", "2016-12-31": "33.91800", "2016-09-30": "34.32140", "2016-06-30": "39.40140", "2016-03-31": "40.25150", "2015-12-31": "32.78390", "2015-09-30": "46.28940", "2015-06-30": "53.94570", "2015-03-31": "47.95220", "2014-12-31": "89.72110", "2014-09-30": "77.57690", "2014-06-30": "88.02270", "2014-03-31": "96.99300", "2013-12-31": "112.60700", "2013-09-30": "115.23930", "2013-06-30": "102.90040", "2013-03-31": "84.21410", "2012-12-31": "87.84550", "2012-09-30": "74.82660", "2012-06-30": "97.31120", "2012-03-31": "80.23980", "2011-12-31": "84.95630", "2011-09-30": "76.47590", "2011-06-30": "74.14540", "2011-03-31": "84.19290", "2010-12-31": "87.92240", "2010-09-30": "85.44030", "2010-06-30": "97.12800", "2010-03-31": "95.29060", "2009-12-31": "95.12690", "2009-09-30": "87.24620", "2009-06-30": "92.81240", "2009-03-31": "87.78860", "2008-12-31": "91.29870", "2008-09-30": "63.76520", "2008-06-30": "81.81940", "2008-03-31": "75.32590", "2007-12-31": "80.95570", "2007-09-30": "80.15590", "2007-06-30": "78.13250", "2007-03-31": "72.15050", "2006-12-31": "60.35540", "2006-09-30": "63.51410", "2006-06-30": "65.30720", "2006-03-31": "73.89190", "2005-12-31": "82.30660", "2005-09-30": "77.55910", "2005-06-30": "79.45040", "2005-03-31": "78.60420"}, "ROE - Return On Equity": {"2020-12-31": "2.49460", "2020-09-30": "4.51390", "2020-06-30": "2.11420", "2020-03-31": "1.68650", "2019-12-31": "1.79840", "2019-09-30": "3.09910", "2019-06-30": "1.17330", "2019-03-31": "1.32360", "2018-12-31": "1.07330", "2018-09-30": "0.55980", "2018-06-30": "1.12110", "2018-03-31": "-7.23420", "2017-12-31": "-0.68640", "2017-09-30": "1.13930", "2017-06-30": "0.72570", "2017-03-31": "0.92950", "2016-12-31": "1.17310", "2016-09-30": "1.17270", "2016-06-30": "0.79100", "2016-03-31": "-3.04630", "2015-12-31": "0.58930", "2015-09-30": "-1.90440", "2015-06-30": "0.61980", "2015-03-31": "1.04060", "2014-12-31": "-0.26820", "2014-09-30": "0.79550", "2014-06-30": "0.71370", "2014-03-31": "0.86750", "2013-12-31": "0.45500", "2013-09-30": "0.64340", "2013-06-30": "0.57620", "2013-03-31": "0.29010", "2012-12-31": "1.16150", "2012-09-30": "1.34110", "2012-06-30": "1.12510", "2012-03-31": "1.49270", "2011-12-31": "1.60010", "2011-09-30": "1.73850", "2011-06-30": "1.56420", "2011-03-31": "1.38140", "2010-12-31": "1.42390", "2010-09-30": "0.90200", "2010-06-30": "1.03770", "2010-03-31": "-0.42770", "2009-12-31": "1.33660", "2009-09-30": "1.19260", "2009-06-30": "1.08610", "2009-03-31": "1.06300", "2008-12-31": "4.27350", "2008-09-30": "1.22930", "2008-06-30": "1.72970", "2008-03-31": "1.43830", "2007-12-31": "1.25970", "2007-09-30": "1.67760", "2007-06-30": "1.78170", "2007-03-31": "1.79240", "2006-12-31": "3.29610", "2006-09-30": "2.99140", "2006-06-30": "2.20600", "2006-03-31": "1.15140", "2005-12-31": "1.87620", "2005-09-30": "2.05650", "2005-06-30": "3.93610", "2005-03-31": "3.04760"}, "Return On Tangible Equity": {"2020-12-31": "2.49460", "2020-09-30": "4.51390", "2020-06-30": "2.11420", "2020-03-31": "1.68650", "2019-12-31": "1.79840", "2019-09-30": "3.09910", "2019-06-30": "1.17330", "2019-03-31": "-12.92500", "2018-12-31": "-8.44260", "2018-09-30": "-3.75010", "2018-06-30": "1.12110", "2018-03-31": "-7.23420", "2017-12-31": "-0.68640", "2017-09-30": "1.13930", "2017-06-30": "0.72570", "2017-03-31": "0.92950", "2016-12-31": "1.17310", "2016-09-30": "1.17270", "2016-06-30": "0.79100", "2016-03-31": "11.93960", "2015-12-31": "-2.19490", "2015-09-30": "-1.90440", "2015-06-30": "0.61980", "2015-03-31": "8.27890", "2014-12-31": "-2.17440", "2014-09-30": "6.59160", "2014-06-30": "0.71370", "2014-03-31": "9.00470", "2013-12-31": "4.39190", "2013-09-30": "6.67270", "2013-06-30": "5.45560", "2013-03-31": "2.51880", "2012-12-31": "8.91460", "2012-09-30": "-24.40610", "2012-06-30": "-76.07650", "2012-03-31": "-142.69220", "2011-12-31": "-8.55250", "2011-09-30": "-15.53640", "2011-06-30": "-11.47800", "2011-03-31": "-8.26640", "2010-12-31": "-7.95510", "2010-09-30": "-39.28580", "2010-06-30": "-34.39460", "2010-03-31": "1.56330", "2009-12-31": "3.05200", "2009-09-30": "2.85460", "2009-06-30": "2.71280", "2009-03-31": "12.58050", "2008-12-31": "67.79560", "2008-09-30": "3.14770", "2008-06-30": "4.57850", "2008-03-31": "3.98950", "2007-12-31": "2.52050", "2007-09-30": "4.76430", "2007-06-30": "5.50670", "2007-03-31": "-13.54670", "2006-12-31": "7.90690", "2006-09-30": "7.02250", "2006-06-30": "4.62710", "2006-03-31": "2.36270", "2005-12-31": "3.34970", "2005-09-30": "2.91950", "2005-06-30": "7.69580", "2005-03-31": "6.20240"}, "ROA - Return On Assets": {"2020-12-31": "2.17050", "2020-09-30": "3.81360", "2020-06-30": "1.75950", "2020-03-31": "1.50170", "2019-12-31": "1.58200", "2019-09-30": "2.70310", "2019-06-30": "1.00100", "2019-03-31": "1.05930", "2018-12-31": "0.86140", "2018-09-30": "0.44810", "2018-06-30": "0.89510", "2018-03-31": "-5.59730", "2017-12-31": "-0.52110", "2017-09-30": "0.86590", "2017-06-30": "0.54420", "2017-03-31": "0.68820", "2016-12-31": "0.85760", "2016-09-30": "0.85610", "2016-06-30": "0.58900", "2016-03-31": "-2.24240", "2015-12-31": "0.43190", "2015-09-30": "-1.39190", "2015-06-30": "0.51330", "2015-03-31": "0.86290", "2014-12-31": "-0.22100", "2014-09-30": "0.65400", "2014-06-30": "0.58560", "2014-03-31": "0.71040", "2013-12-31": "0.37300", "2013-09-30": "0.52650", "2013-06-30": "0.47010", "2013-03-31": "0.23830", "2012-12-31": "0.95460", "2012-09-30": "1.05240", "2012-06-30": "0.88230", "2012-03-31": "1.27800", "2011-12-31": "1.21590", "2011-09-30": "1.38130", "2011-06-30": "1.22310", "2011-03-31": "1.06170", "2010-12-31": "1.11170", "2010-09-30": "0.69800", "2010-06-30": "0.79750", "2010-03-31": "-0.31060", "2009-12-31": "1.28700", "2009-09-30": "1.14960", "2009-06-30": "1.01970", "2009-03-31": "0.94200", "2008-12-31": "3.72420", "2008-09-30": "1.07490", "2008-06-30": "1.53120", "2008-03-31": "1.27510", "2007-12-31": "0.85030", "2007-09-30": "1.48950", "2007-06-30": "1.59410", "2007-03-31": "1.18440", "2006-12-31": "3.07300", "2006-09-30": "2.76900", "2006-06-30": "2.07620", "2006-03-31": "1.07280", "2005-12-31": "1.73230", "2005-09-30": "1.89210", "2005-06-30": "3.52910", "2005-03-31": "2.70500"}, "ROI - Return On Investment": {"2020-12-31": "2.30660", "2020-09-30": "4.05000", "2020-06-30": "1.87020", "2020-03-31": "1.61520", "2019-12-31": "1.70020", "2019-09-30": "2.88540", "2019-06-30": "1.06780", "2019-03-31": "1.13320", "2018-12-31": "0.91960", "2018-09-30": "0.48020", "2018-06-30": "0.96320", "2018-03-31": "-6.03750", "2017-12-31": "-0.56520", "2017-09-30": "0.92500", "2017-06-30": "0.57930", "2017-03-31": "0.72930", "2016-12-31": "0.90710", "2016-09-30": "0.90680", "2016-06-30": "0.62640", "2016-03-31": "-2.38690", "2015-12-31": "0.45790", "2015-09-30": "-1.48100", "2015-06-30": "0.54850", "2015-03-31": "0.91900", "2014-12-31": "-0.23650", "2014-09-30": "0.70260", "2014-06-30": "0.63080", "2014-03-31": "0.76700", "2013-12-31": "0.40280", "2013-09-30": "0.57030", "2013-06-30": "0.51100", "2013-03-31": "0.25760", "2012-12-31": "1.03200", "2012-09-30": "1.15950", "2012-06-30": "0.97210", "2012-03-31": "1.41520", "2011-12-31": "1.35610", "2011-09-30": "1.55570", "2011-06-30": "1.37030", "2011-03-31": "1.19490", "2010-12-31": "1.25220", "2010-09-30": "0.78440", "2010-06-30": "0.89830", "2010-03-31": "-0.35680", "2009-12-31": "1.33660", "2009-09-30": "1.19260", "2009-06-30": "1.05930", "2009-03-31": "1.02430", "2008-12-31": "4.11740", "2008-09-30": "1.18260", "2008-06-30": "1.67510", "2008-03-31": "1.39250", "2007-12-31": "0.92810", "2007-09-30": "1.60120", "2007-06-30": "1.69790", "2007-03-31": "1.28510", "2006-12-31": "3.29610", "2006-09-30": "2.99140", "2006-06-30": "2.20600", "2006-03-31": "1.15140", "2005-12-31": "1.87620", "2005-09-30": "2.05650", "2005-06-30": "3.93610", "2005-03-31": "3.04760"}, "Book Value Per Share": {"2020-12-31": "36.68580", "2020-09-30": "36.05440", "2020-06-30": "35.13020", "2020-03-31": "34.65830", "2019-12-31": "34.31070", "2019-09-30": "33.93070", "2019-06-30": "33.16710", "2019-03-31": "33.03300", "2018-12-31": "32.83030", "2018-09-30": "32.71300", "2018-06-30": "32.76120", "2018-03-31": "32.62040", "2017-12-31": "35.21550", "2017-09-30": "35.68100", "2017-06-30": "35.59780", "2017-03-31": "35.54330", "2016-12-31": "35.45090", "2016-09-30": "35.28460", "2016-06-30": "35.11670", "2016-03-31": "35.04980", "2015-12-31": "36.29550", "2015-09-30": "36.26870", "2015-06-30": "37.14870", "2015-03-31": "37.10450", "2014-12-31": "36.47160", "2014-09-30": "36.81980", "2014-06-30": "36.52450", "2014-03-31": "36.65360", "2013-12-31": "36.86320", "2013-09-30": "36.99220", "2013-06-30": "36.55510", "2013-03-31": "37.05560", "2012-12-31": "36.98060", "2012-09-30": "32.09980", "2012-06-30": "31.36400", "2012-03-31": "30.81570", "2011-12-31": "27.77710", "2011-09-30": "27.61590", "2011-06-30": "26.98130", "2011-03-31": "27.50310", "2010-12-31": "27.21180", "2010-09-30": "26.98880", "2010-06-30": "26.08630", "2010-03-31": "24.41420", "2009-12-31": "19.04480", "2009-09-30": "18.87690", "2009-06-30": "18.78490", "2009-03-31": "14.99840", "2008-12-31": "14.93010", "2008-09-30": "14.35290", "2008-06-30": "14.24330", "2008-03-31": "14.11930", "2007-12-31": "15.98900", "2007-09-30": "11.41230", "2007-06-30": "11.13180", "2007-03-31": "7.92830", "2006-12-31": "7.24020", "2006-09-30": "7.02950", "2006-06-30": "6.85350", "2006-03-31": "6.71380", "2005-12-31": "6.60690", "2005-09-30": "6.39240", "2005-06-30": "4.36220", "2005-03-31": "4.25750"}, "Operating Cash Flow Per Share": {"2020-12-31": 1.5229, "2020-09-30": "1.43450", "2020-06-30": 1.3924, "2020-03-31": 1.5201, "2019-12-31": 1.1928, "2019-09-30": "1.08570", "2019-06-30": 1.1035, "2019-03-31": 1.181, "2018-12-31": 0.8988, "2018-09-30": "0.68150", "2018-06-30": 1.1804, "2018-03-31": 1.6013, "2017-12-31": 1.1596, "2017-09-30": "1.09490", "2017-06-30": 1.0097, "2017-03-31": 1.1645, "2016-12-31": 1.0695, "2016-09-30": "0.84420", "2016-06-30": 0.7481, "2016-03-31": 1.0153, "2015-12-31": 0.8001, "2015-09-30": "0.03830", "2015-06-30": 0.6743, "2015-03-31": 1.0097, "2014-12-31": 0.46, "2014-09-30": "0.80570", "2014-06-30": 0.4954, "2014-03-31": 0.6881, "2013-12-31": 0.5341, "2013-09-30": "0.54610", "2013-06-30": 0.6828, "2013-03-31": 1.0343, "2012-12-31": 0.1073, "2012-09-30": "0.89720", "2012-06-30": 0.7449, "2012-03-31": 0.7197, "2011-12-31": 0.5253, "2011-09-30": "0.83210", "2011-06-30": 0.8067, "2011-03-31": 0.7403, "2010-12-31": 0.4897, "2010-09-30": "0.61960", "2010-06-30": 0.4919, "2010-03-31": -0.0728, "2009-12-31": 0.2845, "2009-09-30": "0.39620", "2009-06-30": 0.2182, "2009-03-31": -0.0246, "2008-12-31": 0.0163, "2008-09-30": "0.62970", "2008-06-30": 0.3269, "2008-03-31": 0.3517, "2007-12-31": 0.1085, "2007-09-30": "0.45940", "2007-06-30": 0.1839, "2007-03-31": 0.2399, "2006-12-31": 0.2189, "2006-09-30": "0.32830", "2006-06-30": 0.1956, "2006-03-31": 0.3036, "2005-12-31": -0.0218, "2005-09-30": "0.32680", "2005-06-30": 0.1399, "2005-03-31": 0.5635}, "Free Cash Flow Per Share": {"2020-12-31": 1.5229, "2020-09-30": "1.43450", "2020-06-30": 1.3924, "2020-03-31": 1.5201, "2019-12-31": 1.1928, "2019-09-30": "1.08570", "2019-06-30": 1.1035, "2019-03-31": 1.181, "2018-12-31": 0.8988, "2018-09-30": "0.68150", "2018-06-30": 1.1804, "2018-03-31": 1.6013, "2017-12-31": 1.1596, "2017-09-30": "1.09490", "2017-06-30": 1.0097, "2017-03-31": 1.1645, "2016-12-31": 1.0695, "2016-09-30": "0.84420", "2016-06-30": 0.7481, "2016-03-31": 1.0153, "2015-12-31": 0.8001, "2015-09-30": "0.03830", "2015-06-30": 0.6743, "2015-03-31": 1.0097, "2014-12-31": 0.46, "2014-09-30": "0.80570", "2014-06-30": 0.4954, "2014-03-31": 0.6881, "2013-12-31": 0.5341, "2013-09-30": "0.54610", "2013-06-30": 0.6828, "2013-03-31": 1.0343, "2012-12-31": 0.1073, "2012-09-30": "0.89720", "2012-06-30": 0.7449, "2012-03-31": 0.7197, "2011-12-31": 0.5253, "2011-09-30": "0.83210", "2011-06-30": 0.8067, "2011-03-31": 0.7403, "2010-12-31": 0.4897, "2010-09-30": "0.61960", "2010-06-30": 0.4919, "2010-03-31": -0.0728, "2009-12-31": 0.2845, "2009-09-30": "0.39620", "2009-06-30": 0.2182, "2009-03-31": -0.0246, "2008-12-31": 0.0163, "2008-09-30": "0.62970", "2008-06-30": 0.3273, "2008-03-31": 0.3517, "2007-12-31": 0.1084, "2007-09-30": "0.45910", "2007-06-30": 0.1949, "2007-03-31": 0.2308, "2006-12-31": 0.2184, "2006-09-30": "0.32690", "2006-06-30": 0.1943, "2006-03-31": 0.3034, "2005-12-31": -0.0217, "2005-09-30": "0.32650", "2005-06-30": 0.14, "2005-03-31": 0.5573}}, "revenue": {"Royal Gold Annual Revenue (Millions of US $)": {"2020": "$499", "2019": "$423", "2018": "$459", "2017": "$441", "2016": "$360", "2015": "$278", "2014": "$237", "2013": "$289", "2012": "$263", "2011": "$216", "2010": "$137", "2009": "$74", "2008": "$66", "2007": "$48", "2006": "$28", "2005": "$25"}, "Royal Gold Quarterly Revenue (Millions of US $)": {"2020-12-31": "$158", "2020-09-30": "$147", "2020-06-30": "$120", "2020-03-31": "$136", "2019-12-31": "$124", "2019-09-30": "$119", "2019-06-30": "$116", "2019-03-31": "$110", "2018-12-31": "$98", "2018-09-30": "$100", "2018-06-30": "$116", "2018-03-31": "$116", "2017-12-31": "$114", "2017-09-30": "$112", "2017-06-30": "$109", "2017-03-31": "$107", "2016-12-31": "$107", "2016-09-30": "$118", "2016-06-30": "$94", "2016-03-31": "$93", "2015-12-31": "$98", "2015-09-30": "$74", "2015-06-30": "$74", "2015-03-31": "$74", "2014-12-31": "$61", "2014-09-30": "$69", "2014-06-30": "$70", "2014-03-31": "$58", "2013-12-31": "$53", "2013-09-30": "$56", "2013-06-30": "$57", "2013-03-31": "$74", "2012-12-31": "$80", "2012-09-30": "$78", "2012-06-30": "$60", "2012-03-31": "$70", "2011-12-31": "$69", "2011-09-30": "$64", "2011-06-30": "$59", "2011-03-31": "$56", "2010-12-31": "$56", "2010-09-30": "$45", "2010-06-30": "$41", "2010-03-31": "$35", "2009-12-31": "$35", "2009-09-30": "$26", "2009-06-30": "$22", "2009-03-31": "$21", "2008-12-31": "$15", "2008-09-30": "$16", "2008-06-30": "$20", "2008-03-31": "$19", "2007-12-31": "$15", "2007-09-30": "$13", "2007-06-30": "$14", "2007-03-31": "$11", "2006-12-31": "$13", "2006-09-30": "$10", "2006-06-30": "$8", "2006-03-31": "$6", "2005-12-31": "$8", "2005-09-30": "$7", "2005-06-30": "$7", "2005-03-31": "$6"}}, "gross-profit": {"Royal Gold Annual Gross Profit (Millions of US $)": {"2020": "$415", "2019": "$346", "2018": "$375", "2017": "$354", "2016": "$289", "2015": "$245", "2014": "$228", "2013": "$289", "2012": "$263", "2011": "$216", "2010": "$137", "2009": "$74", "2008": "$63", "2007": "$45", "2006": "$26", "2005": "$23"}, "Royal Gold Quarterly Gross Profit (Millions of US $)": {"2020-12-31": "$134", "2020-09-30": "$125", "2020-06-30": "$99", "2020-03-31": "$114", "2019-12-31": "$103", "2019-09-30": "$99", "2019-06-30": "$92", "2019-03-31": "$91", "2018-12-31": "$79", "2018-09-30": "$83", "2018-06-30": "$94", "2018-03-31": "$95", "2017-12-31": "$94", "2017-09-30": "$92", "2017-06-30": "$89", "2017-03-31": "$85", "2016-12-31": "$84", "2016-09-30": "$95", "2016-06-30": "$75", "2016-03-31": "$76", "2015-12-31": "$76", "2015-09-30": "$63", "2015-06-30": "$64", "2015-03-31": "$64", "2014-12-31": "$55", "2014-09-30": "$62", "2014-06-30": "$64", "2014-03-31": "$56", "2013-12-31": "$52", "2013-09-30": "$56", "2013-06-30": "$57", "2013-03-31": "$74", "2012-12-31": "$80", "2012-09-30": "$78", "2012-06-30": "$60", "2012-03-31": "$70", "2011-12-31": "$69", "2011-09-30": "$64", "2011-06-30": "$59", "2011-03-31": "$56", "2010-12-31": "$56", "2010-09-30": "$45", "2010-06-30": "$41", "2010-03-31": "$33", "2009-12-31": "$33", "2009-09-30": "$25", "2009-06-30": "$22", "2009-03-31": "$20", "2008-12-31": "$14", "2008-09-30": "$15", "2008-06-30": "$19", "2008-03-31": "$18", "2007-12-31": "$14", "2007-09-30": "$12", "2007-06-30": "$13", "2007-03-31": "$10", "2006-12-31": "$12", "2006-09-30": "$9", "2006-06-30": "$8", "2006-03-31": "$5", "2005-12-31": "$7", "2005-09-30": "$6", "2005-06-30": "$7", "2005-03-31": "$5"}}, "operating-income": {"Royal Gold Annual Operating Income (Millions of US $)": {"2020": "$199", "2019": "$141", "2018": "$-75", "2017": "$146", "2016": "$5", "2015": "$87", "2014": "$109", "2013": "$171", "2012": "$157", "2011": "$119", "2010": "$41", "2009": "$27", "2008": "$33", "2007": "$29", "2006": "$13", "2005": "$15"}, "Royal Gold Quarterly Operating Income (Millions of US $)": {"2020-12-31": "$77", "2020-09-30": "$103", "2020-06-30": "$45", "2020-03-31": "$52", "2019-12-31": "$53", "2019-09-30": "$49", "2019-06-30": "$41", "2019-03-31": "$43", "2018-12-31": "$31", "2018-09-30": "$25", "2018-06-30": "$36", "2018-03-31": "$-193", "2017-12-31": "$41", "2017-09-30": "$42", "2017-06-30": "$35", "2017-03-31": "$36", "2016-12-31": "$34", "2016-09-30": "$41", "2016-06-30": "$29", "2016-03-31": "$-72", "2015-12-31": "$27", "2015-09-30": "$21", "2015-06-30": "$28", "2015-03-31": "$32", "2014-12-31": "$-2", "2014-09-30": "$30", "2014-06-30": "$31", "2014-03-31": "$29", "2013-12-31": "$23", "2013-09-30": "$26", "2013-06-30": "$30", "2013-03-31": "$43", "2012-12-31": "$51", "2012-09-30": "$48", "2012-06-30": "$37", "2012-03-31": "$43", "2011-12-31": "$39", "2011-09-30": "$37", "2011-06-30": "$35", "2011-03-31": "$32", "2010-12-31": "$32", "2010-09-30": "$21", "2010-06-30": "$16", "2010-03-31": "$-1", "2009-12-31": "$15", "2009-09-30": "$11", "2009-06-30": "$9", "2009-03-31": "$7", "2008-12-31": "$2", "2008-09-30": "$8", "2008-06-30": "$11", "2008-03-31": "$9", "2007-12-31": "$6", "2007-09-30": "$7", "2007-06-30": "$8", "2007-03-31": "$6", "2006-12-31": "$8", "2006-09-30": "$7", "2006-06-30": "$4", "2006-03-31": "$2", "2005-12-31": "$3", "2005-09-30": "$4", "2005-06-30": "$5", "2005-03-31": "$3"}}, "ebitda": {"Royal Gold Annual EBITDA (Millions of US $)": {"2020": "$376", "2019": "$319", "2018": "$104", "2017": "$319", "2016": "$159", "2015": "$193", "2014": "$211", "2013": "$265", "2012": "$232", "2011": "$186", "2010": "$95", "2009": "$60", "2008": "$51", "2007": "$37", "2006": "$18", "2005": "$18"}, "Royal Gold Quarterly EBITDA (Millions of US $)": {"2020-12-31": "$125", "2020-09-30": "$150", "2020-06-30": "$90", "2020-03-31": "$104", "2019-12-31": "$93", "2019-09-30": "$87", "2019-06-30": "$86", "2019-03-31": "$87", "2018-12-31": "$74", "2018-09-30": "$72", "2018-06-30": "$82", "2018-03-31": "$-150", "2017-12-31": "$87", "2017-09-30": "$85", "2017-06-30": "$78", "2017-03-31": "$80", "2016-12-31": "$77", "2016-09-30": "$84", "2016-06-30": "$67", "2016-03-31": "$-31", "2015-12-31": "$71", "2015-09-30": "$52", "2015-06-30": "$58", "2015-03-31": "$60", "2014-12-31": "$21", "2014-09-30": "$54", "2014-06-30": "$60", "2014-03-31": "$53", "2013-12-31": "$48", "2013-09-30": "$50", "2013-06-30": "$53", "2013-03-31": "$67", "2012-12-31": "$74", "2012-09-30": "$71", "2012-06-30": "$53", "2012-03-31": "$63", "2011-12-31": "$61", "2011-09-30": "$55", "2011-06-30": "$51", "2011-03-31": "$48", "2010-12-31": "$48", "2010-09-30": "$40", "2010-06-30": "$34", "2010-03-31": "$12", "2009-12-31": "$27", "2009-09-30": "$22", "2009-06-30": "$19", "2009-03-31": "$17", "2008-12-31": "$11", "2008-09-30": "$13", "2008-06-30": "$17", "2008-03-31": "$15", "2007-12-31": "$10", "2007-09-30": "$9", "2007-06-30": "$11", "2007-03-31": "$8", "2006-12-31": "$10", "2006-09-30": "$8", "2006-06-30": "$6", "2006-03-31": "$3", "2005-12-31": "$4", "2005-09-30": "$5", "2005-06-30": "$6", "2005-03-31": "$4"}}, "net-income": {"Royal Gold Annual Net Income (Millions of US $)": {"2020": "$199", "2019": "$94", "2018": "$-113", "2017": "$102", "2016": "$-77", "2015": "$52", "2014": "$63", "2013": "$69", "2012": "$92", "2011": "$71", "2010": "$21", "2009": "$38", "2008": "$19", "2007": "$20", "2006": "$11", "2005": "$11"}, "Royal Gold Quarterly Net Income (Millions of US $)": {"2020-12-31": "$60", "2020-09-30": "$107", "2020-06-30": "$49", "2020-03-31": "$39", "2019-12-31": "$41", "2019-09-30": "$70", "2019-06-30": "$26", "2019-03-31": "$29", "2018-12-31": "$24", "2018-09-30": "$15", "2018-06-30": "$27", "2018-03-31": "$-154", "2017-12-31": "$-15", "2017-09-30": "$29", "2017-06-30": "$20", "2017-03-31": "$24", "2016-12-31": "$28", "2016-09-30": "$30", "2016-06-30": "$20", "2016-03-31": "$-68", "2015-12-31": "$15", "2015-09-30": "$-45", "2015-06-30": "$15", "2015-03-31": "$25", "2014-12-31": "$-7", "2014-09-30": "$19", "2014-06-30": "$17", "2014-03-31": "$20", "2013-12-31": "$11", "2013-09-30": "$15", "2013-06-30": "$11", "2013-03-31": "$6", "2012-12-31": "$27", "2012-09-30": "$25", "2012-06-30": "$21", "2012-03-31": "$26", "2011-12-31": "$23", "2011-09-30": "$22", "2011-06-30": "$22", "2011-03-31": "$20", "2010-12-31": "$18", "2010-09-30": "$12", "2010-06-30": "$11", "2010-03-31": "$-6", "2009-12-31": "$10", "2009-09-30": "$7", "2009-06-30": "$7", "2009-03-31": "$4", "2008-12-31": "$21", "2008-09-30": "$6", "2008-06-30": "$7", "2008-03-31": "$3", "2007-12-31": "$3", "2007-09-30": "$6", "2007-06-30": "$6", "2007-03-31": "$3", "2006-12-31": "$6", "2006-09-30": "$5", "2006-06-30": "$4", "2006-03-31": "$2", "2005-12-31": "$3", "2005-09-30": "$3", "2005-06-30": "$4", "2005-03-31": "$3"}}, "eps-earnings-per-share-diluted": {"Royal Gold Annual EPS": {"2020": "$3.03", "2019": "$1.43", "2018": "$-1.73", "2017": "$1.55", "2016": "$-1.18", "2015": "$0.80", "2014": "$0.96", "2013": "$1.09", "2012": "$1.61", "2011": "$1.29", "2010": "$0.49", "2009": "$1.07", "2008": "$0.61", "2007": "$0.79", "2006": "$0.49", "2005": "$0.54"}, "Royal Gold Quarterly EPS": {"2020-12-31": "$0.91", "2020-09-30": "$1.63", "2020-06-30": "$0.74", "2020-03-31": "$0.59", "2019-12-31": "$0.63", "2019-09-30": "$1.07", "2019-06-30": "$0.40", "2019-03-31": "$0.44", "2018-12-31": "$0.36", "2018-09-30": "$0.23", "2018-06-30": "$0.41", "2018-03-31": "$-2.35", "2017-12-31": "$-0.23", "2017-09-30": "$0.44", "2017-06-30": "$0.30", "2017-03-31": "$0.36", "2016-12-31": "$0.43", "2016-09-30": "$0.46", "2016-06-30": "$0.32", "2016-03-31": "$-1.04", "2015-12-31": "$0.23", "2015-09-30": "$-0.69", "2015-06-30": "$0.23", "2015-03-31": "$0.38", "2014-12-31": "$-0.10", "2014-09-30": "$0.29", "2014-06-30": "$0.26", "2014-03-31": "$0.31", "2013-12-31": "$0.16", "2013-09-30": "$0.23", "2013-06-30": "$0.16", "2013-03-31": "$0.10", "2012-12-31": "$0.42", "2012-09-30": "$0.41", "2012-06-30": "$0.35", "2012-03-31": "$0.44", "2011-12-31": "$0.42", "2011-09-30": "$0.40", "2011-06-30": "$0.40", "2011-03-31": "$0.35", "2010-12-31": "$0.33", "2010-09-30": "$0.21", "2010-06-30": "$0.22", "2010-03-31": "$-0.13", "2009-12-31": "$0.23", "2009-09-30": "$0.17", "2009-06-30": "$0.16", "2009-03-31": "$0.12", "2008-12-31": "$0.62", "2008-09-30": "$0.17", "2008-06-30": "$0.20", "2008-03-31": "$0.11", "2007-12-31": "$0.11", "2007-09-30": "$0.19", "2007-06-30": "$0.20", "2007-03-31": "$0.14", "2006-12-31": "$0.24", "2006-09-30": "$0.21", "2006-06-30": "$0.15", "2006-03-31": "$0.08", "2005-12-31": "$0.12", "2005-09-30": "$0.14", "2005-06-30": "$0.17", "2005-03-31": "$0.13"}}, "shares-outstanding": {"Royal Gold Annual Shares Outstanding (Millions of Shares)": {"2020": "66", "2019": "66", "2018": "65", "2017": "65", "2016": "65", "2015": "65", "2014": "65", "2013": "63", "2012": "57", "2011": "55", "2010": "44", "2009": "36", "2008": "31", "2007": "25", "2006": "23", "2005": "21"}, "Royal Gold Quarterly Shares Outstanding (Millions of Shares)": {"2020-12-31": "66", "2020-09-30": "66", "2020-06-30": "66", "2020-03-31": "66", "2019-12-31": "66", "2019-09-30": "66", "2019-06-30": "66", "2019-03-31": "66", "2018-12-31": "65", "2018-09-30": "65", "2018-06-30": "65", "2018-03-31": "65", "2017-12-31": "65", "2017-09-30": "65", "2017-06-30": "65", "2017-03-31": "65", "2016-12-31": "65", "2016-09-30": "65", "2016-06-30": "65", "2016-03-31": "65", "2015-12-31": "65", "2015-09-30": "65", "2015-06-30": "65", "2015-03-31": "65", "2014-12-31": "65", "2014-09-30": "65", "2014-06-30": "65", "2014-03-31": "65", "2013-12-31": "65", "2013-09-30": "65", "2013-06-30": "63", "2013-03-31": "65", "2012-12-31": "64", "2012-09-30": "60", "2012-06-30": "57", "2012-03-31": "59", "2011-12-31": "56", "2011-09-30": "55", "2011-06-30": "55", "2011-03-31": "55", "2010-12-31": "55", "2010-09-30": "55", "2010-06-30": "44", "2010-03-31": "45", "2009-12-31": "41", "2009-09-30": "41", "2009-06-30": "36", "2009-03-31": "34", "2008-12-31": "34", "2008-09-30": "34", "2008-06-30": "31", "2008-03-31": "31", "2007-12-31": "30", "2007-09-30": "29", "2007-06-30": "25", "2007-03-31": "24", "2006-12-31": "24", "2006-09-30": "24", "2006-06-30": "23", "2006-03-31": "24", "2005-12-31": "24", "2005-09-30": "21", "2005-06-30": "21", "2005-03-31": "21"}}, "total-assets": {"Royal Gold Annual Total Assets (Millions of US $)": {"2020": "$2,766", "2019": "$2,544", "2018": "$2,682", "2017": "$3,094", "2016": "$3,070", "2015": "$2,917", "2014": "$2,892", "2013": "$2,905", "2012": "$2,376", "2011": "$1,903", "2010": "$1,865", "2009": "$810", "2008": "$546", "2007": "$357", "2006": "$172", "2005": "$102"}, "Royal Gold Quarterly Total Assets (Millions of US $)": {"2020-12-31": "$2,764", "2020-09-30": "$2,797", "2020-06-30": "$2,766", "2020-03-31": "$2,550", "2019-12-31": "$2,555", "2019-09-30": "$2,548", "2019-06-30": "$2,544", "2019-03-31": "$2,699", "2018-12-31": "$2,675", "2018-09-30": "$2,673", "2018-06-30": "$2,682", "2018-03-31": "$2,753", "2017-12-31": "$3,029", "2017-09-30": "$3,066", "2017-06-30": "$3,094", "2017-03-31": "$3,129", "2016-12-31": "$3,160", "2016-09-30": "$3,149", "2016-06-30": "$3,070", "2016-03-31": "$3,099", "2015-12-31": "$3,223", "2015-09-30": "$3,229", "2015-06-30": "$2,917", "2015-03-31": "$2,910", "2014-12-31": "$2,863", "2014-09-30": "$2,893", "2014-06-30": "$2,892", "2014-03-31": "$2,883", "2013-12-31": "$2,889", "2013-09-30": "$2,902", "2013-06-30": "$2,905", "2013-03-31": "$2,894", "2012-12-31": "$2,887", "2012-09-30": "$2,403", "2012-06-30": "$2,376", "2012-03-31": "$2,109", "2011-12-31": "$1,994", "2011-09-30": "$1,892", "2011-06-30": "$1,903", "2011-03-31": "$1,913", "2010-12-31": "$1,864", "2010-09-30": "$1,863", "2010-06-30": "$1,865", "2010-03-31": "$1,587", "2009-12-31": "$804", "2009-09-30": "$794", "2009-06-30": "$810", "2009-03-31": "$575", "2008-12-31": "$583", "2008-09-30": "$557", "2008-06-30": "$546", "2008-03-31": "$540", "2007-12-31": "$542", "2007-09-30": "$372", "2007-06-30": "$357", "2007-03-31": "$290", "2006-12-31": "$183", "2006-09-30": "$179", "2006-06-30": "$172", "2006-03-31": "$170", "2005-12-31": "$168", "2005-09-30": "$162", "2005-06-30": "$102", "2005-03-31": "$101"}}, "cash-on-hand": {"Royal Gold Annual Cash on Hand (Millions of US $)": {"2020": "$319", "2019": "$119", "2018": "$89", "2017": "$86", "2016": "$117", "2015": "$749", "2014": "$660", "2013": "$664", "2012": "$375", "2011": "$114", "2010": "$325", "2009": "$295", "2008": "$192", "2007": "$83", "2006": "$78", "2005": "$49"}, "Royal Gold Quarterly Cash on Hand (Millions of US $)": {"2020-12-31": "$382", "2020-09-30": "$413", "2020-06-30": "$319", "2020-03-31": "$94", "2019-12-31": "$81", "2019-09-30": "$122", "2019-06-30": "$119", "2019-03-31": "$216", "2018-12-31": "$157", "2018-09-30": "$117", "2018-06-30": "$89", "2018-03-31": "$109", "2017-12-31": "$98", "2017-09-30": "$88", "2017-06-30": "$86", "2017-03-31": "$88", "2016-12-31": "$84", "2016-09-30": "$133", "2016-06-30": "$117", "2016-03-31": "$127", "2015-12-31": "$118", "2015-09-30": "$104", "2015-06-30": "$749", "2015-03-31": "$715", "2014-12-31": "$675", "2014-09-30": "$691", "2014-06-30": "$660", "2014-03-31": "$646", "2013-12-31": "$659", "2013-09-30": "$638", "2013-06-30": "$664", "2013-03-31": "$673", "2012-12-31": "$681", "2012-09-30": "$302", "2012-06-30": "$375", "2012-03-31": "$183", "2011-12-31": "$96", "2011-09-30": "$123", "2011-06-30": "$114", "2011-03-31": "$126", "2010-12-31": "$71", "2010-09-30": "$322", "2010-06-30": "$325", "2010-03-31": "$54", "2009-12-31": "$317", "2009-09-30": "$307", "2009-06-30": "$295", "2009-03-31": "$51", "2008-12-31": "$55", "2008-09-30": "$210", "2008-06-30": "$192", "2008-03-31": "$184", "2007-12-31": "$196", "2007-09-30": "$91", "2007-06-30": "$83", "2007-03-31": "$19", "2006-12-31": "$71", "2006-09-30": "$73", "2006-06-30": "$78", "2006-03-31": "$80", "2005-12-31": "$80", "2005-09-30": "$109", "2005-06-30": "$49", "2005-03-31": "$47"}}, "long-term-debt": {"Royal Gold Annual Long Term Debt (Millions of US $)": {"2020": "$300", "2019": "$215", "2018": "$351", "2017": "$586", "2016": "$601", "2015": "$314", "2014": "$312", "2013": "$302", "2012": "$293", "2011": "$211", "2010": "$223", "2009": "$19", "2008": "$16", "2007": "$16", "2006": "$", "2005": "$"}, "Royal Gold Quarterly Long Term Debt (Millions of US $)": {"2020-12-31": "$196", "2020-09-30": "$271", "2020-06-30": "$300", "2020-03-31": "$100", "2019-12-31": "$130", "2019-09-30": "$165", "2019-06-30": "$215", "2019-03-31": "$363", "2018-12-31": "$359", "2018-09-30": "$355", "2018-06-30": "$351", "2018-03-31": "$422", "2017-12-31": "$493", "2017-09-30": "$540", "2017-06-30": "$586", "2017-03-31": "$636", "2016-12-31": "$677", "2016-09-30": "$674", "2016-06-30": "$601", "2016-03-31": "$630", "2015-12-31": "$677", "2015-09-30": "$675", "2015-06-30": "$314", "2015-03-31": "$319", "2014-12-31": "$317", "2014-09-30": "$314", "2014-06-30": "$312", "2014-03-31": "$309", "2013-12-31": "$307", "2013-09-30": "$305", "2013-06-30": "$302", "2013-03-31": "$300", "2012-12-31": "$298", "2012-09-30": "$295", "2012-06-30": "$293", "2012-03-31": "$99", "2011-12-31": "$273", "2011-09-30": "$177", "2011-06-30": "$211", "2011-03-31": "$229", "2010-12-31": "$200", "2010-09-30": "$216", "2010-06-30": "$223", "2010-03-31": "$229", "2009-12-31": "", "2009-09-30": "", "2009-06-30": "$19", "2009-03-31": "$19", "2008-12-31": "$19", "2008-09-30": "$19", "2008-06-30": "$16", "2008-03-31": "$16", "2007-12-31": "$16", "2007-09-30": "$16", "2007-06-30": "$16", "2007-03-31": "$76", "2006-12-31": "", "2006-09-30": "", "2006-06-30": "", "2006-03-31": "", "2005-12-31": "", "2005-09-30": "", "2005-06-30": "", "2005-03-31": ""}}, "total-liabilities": {"Royal Gold Annual Total Liabilities (Millions of US $)": {"2020": "$464", "2019": "$374", "2018": "$541", "2017": "$774", "2016": "$784", "2015": "$501", "2014": "$519", "2013": "$535", "2012": "$513", "2011": "$415", "2010": "$432", "2009": "$50", "2008": "$63", "2007": "$38", "2006": "$10", "2005": "$11"}, "Royal Gold Quarterly Total Liabilities (Millions of US $)": {"2020-12-31": "$359", "2020-09-30": "$434", "2020-06-30": "$464", "2020-03-31": "$279", "2019-12-31": "$307", "2019-09-30": "$326", "2019-06-30": "$374", "2019-03-31": "$539", "2018-12-31": "$528", "2018-09-30": "$534", "2018-06-30": "$541", "2018-03-31": "$623", "2017-12-31": "$730", "2017-09-30": "$736", "2017-06-30": "$774", "2017-03-31": "$812", "2016-12-31": "$850", "2016-09-30": "$850", "2016-06-30": "$784", "2016-03-31": "$818", "2015-12-31": "$861", "2015-09-30": "$869", "2015-06-30": "$501", "2015-03-31": "$497", "2014-12-31": "$505", "2014-09-30": "$515", "2014-06-30": "$519", "2014-03-31": "$522", "2013-12-31": "$520", "2013-09-30": "$528", "2013-06-30": "$535", "2013-03-31": "$516", "2012-12-31": "$514", "2012-09-30": "$517", "2012-06-30": "$513", "2012-03-31": "$303", "2011-12-31": "$479", "2011-09-30": "$389", "2011-06-30": "$415", "2011-03-31": "$443", "2010-12-31": "$409", "2010-09-30": "$421", "2010-06-30": "$432", "2010-03-31": "$434", "2009-12-31": "$30", "2009-09-30": "$29", "2009-06-30": "$50", "2009-03-31": "$65", "2008-12-31": "$75", "2008-09-30": "$70", "2008-06-30": "$63", "2008-03-31": "$61", "2007-12-31": "$61", "2007-09-30": "$42", "2007-06-30": "$38", "2007-03-31": "$98", "2006-12-31": "$12", "2006-09-30": "$13", "2006-06-30": "$10", "2006-03-31": "$12", "2005-12-31": "$13", "2005-09-30": "$13", "2005-06-30": "$11", "2005-03-31": "$11"}}, "total-share-holder-equity": {"Royal Gold Annual Share Holder Equity (Millions of US $)": {"2020": "$2,302", "2019": "$2,170", "2018": "$2,141", "2017": "$2,320", "2016": "$2,286", "2015": "$2,416", "2014": "$2,373", "2013": "$2,371", "2012": "$1,863", "2011": "$1,488", "2010": "$1,434", "2009": "$760", "2008": "$483", "2007": "$319", "2006": "$162", "2005": "$92"}, "Royal Gold Quarterly Share Holder Equity (Millions of US $)": {"2020-12-31": "$2,405", "2020-09-30": "$2,363", "2020-06-30": "$2,302", "2020-03-31": "$2,271", "2019-12-31": "$2,247", "2019-09-30": "$2,222", "2019-06-30": "$2,170", "2019-03-31": "$2,160", "2018-12-31": "$2,147", "2018-09-30": "$2,139", "2018-06-30": "$2,141", "2018-03-31": "$2,130", "2017-12-31": "$2,300", "2017-09-30": "$2,330", "2017-06-30": "$2,320", "2017-03-31": "$2,317", "2016-12-31": "$2,310", "2016-09-30": "$2,299", "2016-06-30": "$2,286", "2016-03-31": "$2,281", "2015-12-31": "$2,362", "2015-09-30": "$2,360", "2015-06-30": "$2,416", "2015-03-31": "$2,413", "2014-12-31": "$2,358", "2014-09-30": "$2,378", "2014-06-30": "$2,373", "2014-03-31": "$2,361", "2013-12-31": "$2,369", "2013-09-30": "$2,375", "2013-06-30": "$2,371", "2013-03-31": "$2,378", "2012-12-31": "$2,373", "2012-09-30": "$1,886", "2012-06-30": "$1,863", "2012-03-31": "$1,806", "2011-12-31": "$1,515", "2011-09-30": "$1,504", "2011-06-30": "$1,488", "2011-03-31": "$1,470", "2010-12-31": "$1,455", "2010-09-30": "$1,441", "2010-06-30": "$1,434", "2010-03-31": "$1,152", "2009-12-31": "$774", "2009-09-30": "$765", "2009-06-30": "$760", "2009-03-31": "$509", "2008-12-31": "$508", "2008-09-30": "$487", "2008-06-30": "$483", "2008-03-31": "$479", "2007-12-31": "$481", "2007-09-30": "$330", "2007-06-30": "$319", "2007-03-31": "$192", "2006-12-31": "$171", "2006-09-30": "$166", "2006-06-30": "$162", "2006-03-31": "$158", "2005-12-31": "$155", "2005-09-30": "$149", "2005-06-30": "$92", "2005-03-31": "$89"}}, "profit-margins": {"current": "45.29%"}, "gross margin": {"2020-12-31": "84.14%", "2020-09-30": "83.68%", "2020-06-30": "83.17%", "2020-03-31": "82.42%", "2019-12-31": "82.09%", "2019-09-30": "81.49%", "2019-06-30": "81.37%", "2019-03-31": "81.84%", "2018-12-31": "81.63%", "2018-09-30": "82.06%", "2018-06-30": "81.88%", "2018-03-31": "82.04%", "2017-12-31": "81.45%", "2017-09-30": "80.46%", "2017-06-30": "80.05%", "2017-03-31": "79.58%", "2016-12-31": "80.10%", "2016-09-30": "79.90%", "2016-06-30": "80.78%", "2016-03-31": "82.30%", "2015-12-31": "83.44%", "2015-09-30": "86.93%", "2015-06-30": "88.13%", "2015-03-31": "89.42%", "2014-12-31": "91.86%", "2014-09-30": "93.60%", "2014-06-30": "96.20%", "2014-03-31": "98.66%", "2013-12-31": "99.58%", "2013-09-30": "100.00%", "2013-06-30": "100.00%", "2013-03-31": "100.00%", "2012-12-31": "100.00%", "2012-09-30": "100.00%", "2012-06-30": "100.00%", "2012-03-31": "100.00%", "2011-12-31": "100.00%", "2011-09-30": "100.00%", "2011-06-30": "100.00%", "2011-03-31": "100.00%", "2010-12-31": "98.87%", "2010-09-30": "97.44%", "2010-06-30": "96.35%", "2010-03-31": "95.76%", "2009-12-31": "96.15%", "2009-09-30": "96.43%", "2009-06-30": "95.95%", "2009-03-31": "94.44%", "2008-12-31": "94.29%", "2008-09-30": "94.29%", "2008-06-30": "94.03%", "2008-03-31": "93.44%", "2007-12-31": "92.45%", "2007-09-30": "92.16%", "2007-06-30": "91.67%", "2007-03-31": "92.86%", "2006-12-31": "91.89%", "2006-09-30": "90.63%", "2006-06-30": "89.66%", "2006-03-31": "89.29%", "2005-12-31": "89.29%"}, "operating margin": {"2020-12-31": "49.38%", "2020-09-30": "48.01%", "2020-06-30": "39.88%", "2020-03-31": "39.39%", "2019-12-31": "39.66%", "2019-09-30": "37.02%", "2019-06-30": "33.02%", "2019-03-31": "31.84%", "2018-12-31": "-23.49%", "2018-09-30": "-20.40%", "2018-06-30": "-16.16%", "2018-03-31": "-16.63%", "2017-12-31": "34.84%", "2017-09-30": "33.79%", "2017-06-30": "33.11%", "2017-03-31": "32.86%", "2016-12-31": "7.77%", "2016-09-30": "6.20%", "2016-06-30": "1.39%", "2016-03-31": "1.18%", "2015-12-31": "33.75%", "2015-09-30": "27.92%", "2015-06-30": "31.65%", "2015-03-31": "33.21%", "2014-12-31": "34.11%", "2014-09-30": "45.20%", "2014-06-30": "45.99%", "2014-03-31": "48.21%", "2013-12-31": "50.83%", "2013-09-30": "56.18%", "2013-06-30": "59.52%", "2013-03-31": "61.30%", "2012-12-31": "62.15%", "2012-09-30": "60.29%", "2012-06-30": "59.32%", "2012-03-31": "58.78%", "2011-12-31": "57.66%", "2011-09-30": "57.87%", "2011-06-30": "55.56%", "2011-03-31": "51.01%", "2010-12-31": "38.42%", "2010-09-30": "32.69%", "2010-06-30": "29.93%", "2010-03-31": "28.81%", "2009-12-31": "40.38%", "2009-09-30": "34.52%", "2009-06-30": "35.14%", "2009-03-31": "38.89%", "2008-12-31": "42.86%", "2008-09-30": "48.57%", "2008-06-30": "49.25%", "2008-03-31": "49.18%", "2007-12-31": "50.94%", "2007-09-30": "56.86%", "2007-06-30": "60.42%", "2007-03-31": "59.52%", "2006-12-31": "56.76%", "2006-09-30": "50.00%", "2006-06-30": "44.83%", "2006-03-31": "50.00%", "2005-12-31": "53.57%"}, "ebitda margin": {"2020-12-31": "83.60%", "2020-09-30": "82.92%", "2020-06-30": "74.95%", "2020-03-31": "74.75%", "2019-12-31": "75.27%", "2019-09-30": "75.40%", "2019-06-30": "75.24%", "2019-03-31": "74.29%", "2018-12-31": "18.14%", "2018-09-30": "20.40%", "2018-06-30": "22.71%", "2018-03-31": "22.17%", "2017-12-31": "74.66%", "2017-09-30": "73.56%", "2017-06-30": "72.34%", "2017-03-31": "72.30%", "2016-12-31": "47.82%", "2016-09-30": "47.39%", "2016-06-30": "44.29%", "2016-03-31": "44.25%", "2015-12-31": "75.31%", "2015-09-30": "67.49%", "2015-06-30": "69.42%", "2015-03-31": "71.17%", "2014-12-31": "72.87%", "2014-09-30": "86.00%", "2014-06-30": "89.03%", "2014-03-31": "91.07%", "2013-12-31": "90.83%", "2013-09-30": "91.39%", "2013-06-30": "91.70%", "2013-03-31": "90.75%", "2012-12-31": "90.63%", "2012-09-30": "89.53%", "2012-06-30": "88.21%", "2012-03-31": "87.79%", "2011-12-31": "86.69%", "2011-09-30": "85.96%", "2011-06-30": "86.57%", "2011-03-31": "85.86%", "2010-12-31": "75.71%", "2010-09-30": "72.44%", "2010-06-30": "69.34%", "2010-03-31": "67.80%", "2009-12-31": "81.73%", "2009-09-30": "82.14%", "2009-06-30": "81.08%", "2009-03-31": "80.56%", "2008-12-31": "80.00%", "2008-09-30": "78.57%", "2008-06-30": "76.12%", "2008-03-31": "73.77%", "2007-12-31": "71.70%", "2007-09-30": "74.51%", "2007-06-30": "77.08%", "2007-03-31": "76.19%", "2006-12-31": "72.97%", "2006-09-30": "65.63%", "2006-06-30": "62.07%", "2006-03-31": "64.29%", "2005-12-31": "67.86%"}, "pre tax profit margin": {"2020-12-31": "49.20%", "2020-09-30": "47.82%", "2020-06-30": "38.68%", "2020-03-31": "35.56%", "2019-12-31": "35.61%", "2019-09-30": "30.70%", "2019-06-30": "25.24%", "2019-03-31": "24.53%", "2018-12-31": "-31.16%", "2018-09-30": "-27.35%", "2018-06-30": "-22.71%", "2018-03-31": "-23.95%", "2017-12-31": "27.15%", "2017-09-30": "27.36%", "2017-06-30": "26.98%", "2017-03-31": "27.46%", "2016-12-31": "2.67%", "2016-09-30": "-0.50%", "2016-06-30": "-6.13%", "2016-03-31": "-7.08%", "2015-12-31": "25.00%", "2015-09-30": "18.73%", "2015-06-30": "22.30%", "2015-03-31": "22.63%", "2014-12-31": "23.26%", "2014-09-30": "34.00%", "2014-06-30": "34.60%", "2014-03-31": "38.84%", "2013-12-31": "36.67%", "2013-09-30": "43.07%", "2013-06-30": "47.40%", "2013-03-31": "49.66%", "2012-12-31": "56.25%", "2012-09-30": "56.32%", "2012-06-30": "58.17%", "2012-03-31": "58.40%", "2011-12-31": "57.26%", "2011-09-30": "57.87%", "2011-06-30": "54.17%", "2011-03-31": "51.01%", "2010-12-31": "38.42%", "2010-09-30": "32.69%", "2010-06-30": "31.39%", "2010-03-31": "31.36%", "2009-12-31": "45.19%", "2009-09-30": "78.57%", "2009-06-30": "85.14%", "2009-03-31": "86.11%", "2008-12-31": "91.43%", "2008-09-30": "54.29%", "2008-06-30": "56.72%", "2008-03-31": "59.02%", "2007-12-31": "58.49%", "2007-09-30": "62.75%", "2007-06-30": "64.58%", "2007-03-31": "64.29%", "2006-12-31": "64.86%", "2006-09-30": "59.38%", "2006-06-30": "51.72%", "2006-03-31": "53.57%", "2005-12-31": "60.71%"}, "net profit margin": {"2020-12-31": "45.45%", "2020-09-30": "44.78%", "2020-06-30": "39.88%", "2020-03-31": "35.56%", "2019-12-31": "35.39%", "2019-09-30": "33.63%", "2019-06-30": "22.17%", "2019-03-31": "22.41%", "2018-12-31": "-20.47%", "2018-09-30": "-28.48%", "2018-06-30": "-24.67%", "2018-03-31": "-26.61%", "2017-12-31": "13.12%", "2017-09-30": "23.22%", "2017-06-30": "23.13%", "2017-03-31": "23.94%", "2016-12-31": "2.43%", "2016-09-30": "-0.74%", "2016-06-30": "-21.73%", "2016-03-31": "-24.48%", "2015-12-31": "3.13%", "2015-09-30": "-4.24%", "2015-06-30": "18.71%", "2015-03-31": "19.71%", "2014-12-31": "18.99%", "2014-09-30": "26.80%", "2014-06-30": "26.58%", "2014-03-31": "25.45%", "2013-12-31": "17.92%", "2013-09-30": "22.10%", "2013-06-30": "23.88%", "2013-03-31": "27.05%", "2012-12-31": "34.38%", "2012-09-30": "34.30%", "2012-06-30": "34.98%", "2012-03-31": "35.50%", "2011-12-31": "35.08%", "2011-09-30": "34.89%", "2011-06-30": "33.33%", "2011-03-31": "30.81%", "2010-12-31": "19.77%", "2010-09-30": "17.31%", "2010-06-30": "16.06%", "2010-03-31": "15.25%", "2009-12-31": "26.92%", "2009-09-30": "46.43%", "2009-06-30": "51.35%", "2009-03-31": "52.78%", "2008-12-31": "52.86%", "2008-09-30": "27.14%", "2008-06-30": "28.36%", "2008-03-31": "29.51%", "2007-12-31": "33.96%", "2007-09-30": "41.18%", "2007-06-30": "41.67%", "2007-03-31": "42.86%", "2006-12-31": "45.95%", "2006-09-30": "43.75%", "2006-06-30": "41.38%", "2006-03-31": "42.86%", "2005-12-31": "46.43%"}, "pe ratio": {"current": "35.83", "2021-02-05": "35.59", "2020-12-31": "35.71", "2020-09-30": "33.21", "2020-06-30": "40.60", "2020-03-31": "32.27", "2019-12-31": "47.52", "2019-09-30": "53.48", "2019-06-30": "70.44", "2019-03-31": "61.89", "2018-12-31": "0.00", "2018-09-30": "0.00", "2018-06-30": "0.00", "2018-03-31": "0.00", "2017-12-31": "90.11", "2017-09-30": "53.80", "2017-06-30": "48.10", "2017-03-31": "42.69", "2016-12-31": "355.20", "2016-09-30": "0.00", "2016-06-30": "0.00", "2016-03-31": "0.00", "2015-12-31": "227.90", "2015-09-30": "0.00", "2015-06-30": "71.83", "2015-03-31": "70.69", "2014-12-31": "76.43", "2014-09-30": "58.59", "2014-06-30": "72.78", "2014-03-31": "66.60", "2013-12-31": "64.83", "2013-09-30": "48.49", "2013-06-30": "34.84", "2013-03-31": "50.32", "2012-12-31": "45.36", "2012-09-30": "55.57", "2012-06-30": "43.83", "2012-03-31": "35.28", "2011-12-31": "38.49", "2011-09-30": "38.81", "2011-06-30": "40.68", "2011-03-31": "42.19", "2010-12-31": "77.71", "2010-09-30": "84.53", "2010-06-30": "88.03", "2010-03-31": "90.23", "2009-12-31": "58.99", "2009-09-30": "36.62", "2009-06-30": "33.42", "2009-03-31": "35.40", "2008-12-31": "37.25", "2008-09-30": "47.27", "2008-06-30": "39.35", "2008-03-31": "40.00", "2007-12-31": "39.17", "2007-09-30": "36.03", "2007-06-30": "25.76", "2007-03-31": "34.74", "2006-12-31": "45.11"}, "price sales": {"2021-02-05": "12.35", "2020-12-31": "12.39", "2020-09-30": "14.89", "2020-06-30": "16.23", "2020-03-31": "11.51", "2019-12-31": "16.92", "2019-09-30": "18.01", "2019-06-30": "15.60", "2019-03-31": "13.77", "2018-12-31": "12.73", "2018-09-30": "10.98", "2018-06-30": "12.83", "2018-03-31": "12.03", "2017-12-31": "11.70", "2017-09-30": "12.43", "2017-06-30": "11.11", "2017-03-31": "10.26", "2016-12-31": "9.54", "2016-09-30": "11.91", "2016-06-30": "12.38", "2016-03-31": "9.32", "2015-12-31": "6.96", "2015-09-30": "10.12", "2015-06-30": "13.45", "2015-03-31": "13.90", "2014-12-31": "14.63", "2014-09-30": "15.57", "2014-06-30": "19.15", "2014-03-31": "16.49", "2013-12-31": "11.31", "2013-09-30": "10.61", "2013-06-30": "8.27", "2013-03-31": "13.49", "2012-12-31": "15.30", "2012-09-30": "18.77", "2012-06-30": "15.17", "2012-03-31": "12.52", "2011-12-31": "13.42", "2011-09-30": "13.41", "2011-06-30": "13.30", "2011-03-31": "12.32", "2010-12-31": "13.60", "2010-09-30": "13.03", "2010-06-30": "13.24", "2010-03-31": "14.06", "2009-12-31": "15.22", "2009-09-30": "17.42", "2009-06-30": "17.18", "2009-03-31": "18.96", "2008-12-31": "19.99", "2008-09-30": "14.14", "2008-06-30": "12.51", "2008-03-31": "12.41", "2007-12-31": "13.42", "2007-09-30": "14.02", "2007-06-30": "10.24", "2007-03-31": "14.53", "2006-12-31": "19.78"}, "price book": {"current": "2.88", "2021-02-05": "2.88", "2020-12-31": "2.89", "2020-09-30": "3.32", "2020-06-30": "3.51", "2020-03-31": "2.50", "2019-12-31": "3.52", "2019-09-30": "3.58", "2019-06-30": "3.04", "2019-03-31": "2.70", "2018-12-31": "2.55", "2018-09-30": "2.29", "2018-06-30": "2.75", "2018-03-31": "2.55", "2017-12-31": "2.25", "2017-09-30": "2.32", "2017-06-30": "2.11", "2017-03-31": "1.89", "2016-12-31": "1.70", "2016-09-30": "2.09", "2016-06-30": "1.95", "2016-03-31": "1.39", "2015-12-31": "0.94", "2015-09-30": "1.21", "2015-06-30": "1.55", "2015-03-31": "1.58", "2014-12-31": "1.59", "2014-09-30": "1.62", "2014-06-30": "1.91", "2014-03-31": "1.56", "2013-12-31": "1.14", "2013-09-30": "1.19", "2013-06-30": "1.04", "2013-03-31": "1.72", "2012-12-31": "1.97", "2012-09-30": "2.79", "2012-06-30": "2.24", "2012-03-31": "1.89", "2011-12-31": "2.16", "2011-09-30": "2.07", "2011-06-30": "1.93", "2011-03-31": "1.69", "2010-12-31": "1.77", "2010-09-30": "1.63", "2010-06-30": "1.62", "2010-03-31": "1.66", "2009-12-31": "2.17", "2009-09-30": "2.11", "2009-06-30": "1.94", "2009-03-31": "2.71", "2008-12-31": "2.87", "2008-09-30": "2.17", "2008-06-30": "1.91", "2008-03-31": "1.84", "2007-12-31": "1.64", "2007-09-30": "2.46", "2007-06-30": "1.83", "2007-03-31": "3.24", "2006-12-31": "4.24", "2006-09-30": "3.28", "2006-06-30": "3.45", "2006-03-31": "4.57"}, "price fcf": {"2021-02-05": "", "2020-12-31": "$5.87", "2020-09-30": "$5.54", "2020-06-30": "$5.19", "2020-03-31": "$4.90", "2019-12-31": "$4.56", "2019-09-30": "$4.27", "2019-06-30": "$3.86", "2019-03-31": "$3.94", "2018-12-31": "$4.36", "2018-09-30": "$4.62", "2018-06-30": "$5.04", "2018-03-31": "$4.87", "2017-12-31": "$4.43", "2017-09-30": "$4.34", "2017-06-30": "$4.09", "2017-03-31": "$3.83", "2016-12-31": "$3.68", "2016-09-30": "$3.41", "2016-06-30": "$2.60", "2016-03-31": "$2.53", "2015-12-31": "$2.52", "2015-09-30": "$2.18", "2015-06-30": "$2.95", "2015-03-31": "$2.77", "2014-12-31": "$2.45", "2014-09-30": "$2.52", "2014-06-30": "$2.26", "2014-03-31": "$2.45", "2013-12-31": "$2.80", "2013-09-30": "$2.37", "2013-06-30": "$2.72", "2013-03-31": "$2.78", "2012-12-31": "$2.47", "2012-09-30": "$2.89", "2012-06-30": "$2.82", "2012-03-31": "$2.88", "2011-12-31": "$2.90", "2011-09-30": "$2.87", "2011-06-30": "$2.66", "2011-03-31": "$2.34", "2010-12-31": "$1.53", "2010-09-30": "$1.32", "2010-06-30": "$1.10", "2010-03-31": "$0.83", "2009-12-31": "$0.87", "2009-09-30": "$0.61", "2009-06-30": "$0.84", "2009-03-31": "$0.95", "2008-12-31": "$1.33", "2008-09-30": "$1.42", "2008-06-30": "$1.25", "2008-03-31": "$1.11", "2007-12-31": "$0.99", "2007-09-30": "$1.10", "2007-06-30": "$0.97", "2007-03-31": "$0.97", "2006-12-31": "$1.35"}, "net worth": {"value": "$6.93B"}, "current ratio": {"current": "7.88", "2020-12-31": "7.88", "2020-09-30": "8.37", "2020-06-30": "8.32", "2020-03-31": "3.02", "2019-12-31": "3.09", "2019-09-30": "5.07", "2019-06-30": "4.60", "2019-03-31": "5.39", "2018-12-31": "5.48", "2018-09-30": "4.27", "2018-06-30": "2.45", "2018-03-31": "3.49", "2017-12-31": "3.98", "2017-09-30": "3.92", "2017-06-30": "4.19", "2017-03-31": "5.42", "2016-12-31": "6.10", "2016-09-30": "7.50", "2016-06-30": "6.50", "2016-03-31": "7.24", "2015-12-31": "7.94", "2015-09-30": "5.62", "2015-06-30": "31.92", "2015-03-31": "29.55", "2014-12-31": "38.63", "2014-09-30": "36.44", "2014-06-30": "32.70", "2014-03-31": "27.89", "2013-12-31": "30.11", "2013-09-30": "25.51", "2013-06-30": "21.22", "2013-03-31": "34.61", "2012-12-31": "42.10", "2012-09-30": "19.24", "2012-06-30": "29.27", "2012-03-31": "8.07", "2011-12-31": "5.50", "2011-09-30": "5.12", "2011-06-30": "5.87", "2011-03-31": "5.45", "2010-12-31": "3.38", "2010-09-30": "9.85", "2010-06-30": "10.38", "2010-03-31": "2.53", "2009-12-31": "45.42", "2009-09-30": "62.20", "2009-06-30": "51.50", "2009-03-31": "6.84", "2008-12-31": "3.62", "2008-09-30": "16.98", "2008-06-30": "23.62", "2008-03-31": "22.32", "2007-12-31": "25.02", "2007-09-30": "11.27", "2007-06-30": "20.41", "2007-03-31": "4.99", "2006-12-31": "14.08", "2006-09-30": "13.09", "2006-06-30": "25.49", "2006-03-31": "20.30", "2005-12-31": "16.10", "2005-09-30": "20.92", "2005-06-30": "19.40", "2005-03-31": "14.47"}, "quick ratio": {"2020-12-31": "7.64", "2020-09-30": "8.06", "2020-06-30": "8.05", "2020-03-31": "2.78", "2019-12-31": "2.74", "2019-09-30": "4.74", "2019-06-30": "4.26", "2019-03-31": "5.13", "2018-12-31": "5.27", "2018-09-30": "4.00", "2018-06-30": "2.27", "2018-03-31": "3.20", "2017-12-31": "3.80", "2017-09-30": "3.73", "2017-06-30": "3.96", "2017-03-31": "5.15", "2016-12-31": "5.64", "2016-09-30": "7.01", "2016-06-30": "6.13", "2016-03-31": "7.02", "2015-12-31": "7.53", "2015-09-30": "0.00", "2015-06-30": "31.82", "2015-03-31": "0.00", "2014-12-31": "0.00", "2014-09-30": "0.00", "2014-06-30": "0.00", "2014-03-31": "0.00", "2013-12-31": "0.00", "2013-09-30": "0.00", "2013-06-30": "0.00", "2013-03-31": "0.00", "2012-12-31": "0.00", "2012-09-30": "0.00", "2012-06-30": "0.00", "2012-03-31": "0.00", "2011-12-31": "0.00", "2011-09-30": "0.00", "2011-06-30": "0.00", "2011-03-31": "0.00", "2010-12-31": "0.00", "2010-09-30": "0.00", "2010-06-30": "0.00", "2010-03-31": "0.00", "2009-12-31": "0.00", "2009-09-30": "0.00", "2009-06-30": "0.00", "2009-03-31": "0.00", "2008-12-31": "0.00", "2008-09-30": "0.00", "2008-06-30": "0.00", "2008-03-31": "0.00", "2007-12-31": "0.00", "2007-09-30": "0.00", "2007-06-30": "0.00", "2007-03-31": "0.00", "2006-12-31": "0.00", "2006-09-30": "0.00", "2006-06-30": "0.00", "2006-03-31": "0.00", "2005-12-31": "0.00", "2005-09-30": "0.00", "2005-06-30": "0.00", "2005-03-31": "0.00"}, "debt equity ratio": {"current": "0.08", "2020-12-31": "0.15", "2020-09-30": "0.18", "2020-06-30": "0.20", "2020-03-31": "0.12", "2019-12-31": "0.14", "2019-09-30": "0.15", "2019-06-30": "0.17", "2019-03-31": "0.25", "2018-12-31": "0.25", "2018-09-30": "0.25", "2018-06-30": "0.25", "2018-03-31": "0.29", "2017-12-31": "0.32", "2017-09-30": "0.32", "2017-06-30": "0.33", "2017-03-31": "0.35", "2016-12-31": "0.37", "2016-09-30": "0.37", "2016-06-30": "0.34", "2016-03-31": "0.36", "2015-12-31": "0.37", "2015-09-30": "0.37", "2015-06-30": "0.21", "2015-03-31": "0.21", "2014-12-31": "0.21", "2014-09-30": "0.22", "2014-06-30": "0.22", "2014-03-31": "0.22", "2013-12-31": "0.22", "2013-09-30": "0.22", "2013-06-30": "0.23", "2013-03-31": "0.22", "2012-12-31": "0.22", "2012-09-30": "0.27", "2012-06-30": "0.28", "2012-03-31": "0.17", "2011-12-31": "0.32", "2011-09-30": "0.26", "2011-06-30": "0.28", "2011-03-31": "0.30", "2010-12-31": "0.28", "2010-09-30": "0.29", "2010-06-30": "0.30", "2010-03-31": "0.38", "2009-12-31": "0.04", "2009-09-30": "0.04", "2009-06-30": "0.07", "2009-03-31": "0.13", "2008-12-31": "0.15", "2008-09-30": "0.14", "2008-06-30": "0.13", "2008-03-31": "0.13", "2007-12-31": "0.13", "2007-09-30": "0.13", "2007-06-30": "0.12", "2007-03-31": "0.51", "2006-12-31": "0.07", "2006-09-30": "0.08", "2006-06-30": "0.06", "2006-03-31": "0.07", "2005-12-31": "0.08", "2005-09-30": "0.09", "2005-06-30": "0.12", "2005-03-31": "0.13"}, "return on equity": {"2020-12-31": "10.92%", "2020-09-30": "10.28%", "2020-06-30": "8.80%", "2020-03-31": "7.90%", "2019-12-31": "7.55%", "2019-09-30": "6.85%", "2019-06-30": "4.36%", "2019-03-31": "4.43%", "2018-12-31": "-4.11%", "2018-09-30": "-5.83%", "2018-06-30": "-5.08%", "2018-03-31": "-5.29%", "2017-12-31": "2.50%", "2017-09-30": "4.35%", "2017-06-30": "4.41%", "2017-03-31": "4.43%", "2016-12-31": "0.44%", "2016-09-30": "-0.13%", "2016-06-30": "-3.36%", "2016-03-31": "-3.52%", "2015-12-31": "0.42%", "2015-09-30": "-0.50%", "2015-06-30": "2.17%", "2015-03-31": "2.27%", "2014-12-31": "2.07%", "2014-09-30": "2.83%", "2014-06-30": "2.66%", "2014-03-31": "2.41%", "2013-12-31": "1.81%", "2013-09-30": "2.48%", "2013-06-30": "3.06%", "2013-03-31": "3.72%", "2012-12-31": "4.99%", "2012-09-30": "5.37%", "2012-06-30": "5.50%", "2012-03-31": "5.89%", "2011-12-31": "5.82%", "2011-09-30": "5.54%", "2011-06-30": "4.92%", "2011-03-31": "4.21%", "2010-12-31": "2.55%", "2010-09-30": "2.25%", "2010-06-30": "2.13%", "2010-03-31": "2.09%", "2009-12-31": "3.99%", "2009-09-30": "6.14%", "2009-06-30": "6.71%", "2009-03-31": "7.65%", "2008-12-31": "7.56%", "2008-09-30": "3.94%", "2008-06-30": "4.29%", "2008-03-31": "4.47%", "2007-12-31": "5.45%", "2007-09-30": "8.30%", "2007-06-30": "9.43%", "2007-03-31": "10.42%", "2006-12-31": "10.35%", "2006-09-30": "8.74%", "2006-06-30": "7.69%", "2006-03-31": "8.66%", "2005-12-31": "10.72%"}, "return on assets": {"2020-12-31": "9.38%", "2020-09-30": "8.85%", "2020-06-30": "7.64%", "2020-03-31": "6.90%", "2019-12-31": "6.42%", "2019-09-30": "5.69%", "2019-06-30": "3.55%", "2019-03-31": "3.54%", "2018-12-31": "-3.26%", "2018-09-30": "-4.56%", "2018-06-30": "-3.92%", "2018-03-31": "-4.02%", "2017-12-31": "1.88%", "2017-09-30": "3.25%", "2017-06-30": "3.26%", "2017-03-31": "3.26%", "2016-12-31": "0.32%", "2016-09-30": "-0.10%", "2016-06-30": "-2.47%", "2016-03-31": "-2.66%", "2015-12-31": "0.33%", "2015-09-30": "-0.40%", "2015-06-30": "1.80%", "2015-03-31": "1.87%", "2014-12-31": "1.70%", "2014-09-30": "2.32%", "2014-06-30": "2.18%", "2014-03-31": "1.97%", "2013-12-31": "1.48%", "2013-09-30": "2.04%", "2013-06-30": "2.49%", "2013-03-31": "2.99%", "2012-12-31": "4.05%", "2012-09-30": "4.28%", "2012-06-30": "4.40%", "2012-03-31": "4.71%", "2011-12-31": "4.52%", "2011-09-30": "4.33%", "2011-06-30": "3.82%", "2011-03-31": "3.25%", "2010-12-31": "1.95%", "2010-09-30": "1.76%", "2010-06-30": "1.74%", "2010-03-31": "1.80%", "2009-12-31": "3.75%", "2009-09-30": "5.65%", "2009-06-30": "6.02%", "2009-03-31": "6.72%", "2008-12-31": "6.65%", "2008-09-30": "3.48%", "2008-06-30": "3.80%", "2008-03-31": "3.98%", "2007-12-31": "4.61%", "2007-09-30": "6.99%", "2007-06-30": "7.93%", "2007-03-31": "8.74%", "2006-12-31": "9.66%", "2006-09-30": "8.13%", "2006-06-30": "7.14%", "2006-03-31": "7.97%", "2005-12-31": "9.76%"}, "return on investments": {"2020-12-31": "10.85%", "2020-09-30": "10.14%", "2020-06-30": "8.17%", "2020-03-31": "8.19%", "2019-12-31": "7.69%", "2019-09-30": "6.69%", "2019-06-30": "5.65%", "2019-03-31": "5.39%", "2018-12-31": "-4.02%", "2018-09-30": "-3.52%", "2018-06-30": "-2.76%", "2018-03-31": "-2.70%", "2017-12-31": "5.35%", "2017-09-30": "5.02%", "2017-06-30": "4.94%", "2017-03-31": "4.75%", "2016-12-31": "1.09%", "2016-09-30": "0.85%", "2016-06-30": "0.17%", "2016-03-31": "0.14%", "2015-12-31": "3.74%", "2015-09-30": "2.83%", "2015-06-30": "3.25%", "2015-03-31": "3.38%", "2014-12-31": "3.28%", "2014-09-30": "4.22%", "2014-06-30": "4.07%", "2014-03-31": "4.04%", "2013-12-31": "4.56%", "2013-09-30": "5.61%", "2013-06-30": "6.74%", "2013-03-31": "7.39%", "2012-12-31": "8.03%", "2012-09-30": "8.32%", "2012-06-30": "8.29%", "2012-03-31": "8.71%", "2011-12-31": "8.33%", "2011-09-30": "8.08%", "2011-06-30": "7.15%", "2011-03-31": "6.06%", "2010-12-31": "4.28%", "2010-09-30": "4.35%", "2010-06-30": "5.40%", "2010-03-31": "6.29%", "2009-12-31": "12.83%", "2009-09-30": "6.32%", "2009-06-30": "4.44%", "2009-03-31": "5.43%", "2008-12-31": "5.92%", "2008-09-30": "6.81%", "2008-06-30": "7.19%", "2008-03-31": "7.17%", "2007-12-31": "7.47%", "2007-09-30": "12.22%", "2007-06-30": "19.24%", "2007-03-31": "37.31%", "2006-12-31": "inf%", "2006-09-30": "inf%", "2006-06-30": "inf%", "2006-03-31": "inf%", "2005-12-31": "inf%"}, "return on tangible equity": {"2020-12-31": "10.92%", "2020-09-30": "10.28%", "2020-06-30": "8.80%", "2020-03-31": "7.90%", "2019-12-31": "10.35%", "2019-09-30": "15.29%", "2019-06-30": "27.71%", "2019-03-31": "28.61%", "2018-12-31": "-9.57%", "2018-09-30": "-8.13%", "2018-06-30": "-5.08%", "2018-03-31": "-5.29%", "2017-12-31": "2.50%", "2017-09-30": "4.35%", "2017-06-30": "4.41%", "2017-03-31": "4.43%", "2016-12-31": "0.63%", "2016-09-30": "-0.36%", "2016-06-30": "-9.10%", "2016-03-31": "-9.33%", "2015-12-31": "0.90%", "2015-09-30": "-0.89%", "2015-06-30": "6.31%", "2015-03-31": "6.64%", "2014-12-31": "6.17%", "2014-09-30": "8.56%", "2014-06-30": "8.20%", "2014-03-31": "23.97%", "2013-12-31": "17.23%", "2013-09-30": "22.22%", "2013-06-30": "37.86%", "2013-03-31": "70.07%", "2012-12-31": "250.63%", "2012-09-30": "-87.36%", "2012-06-30": "-73.75%", "2012-03-31": "-55.19%", "2011-12-31": "-38.62%", "2011-09-30": "-37.40%", "2011-06-30": "-38.81%", "2011-03-31": "-41.92%", "2010-12-31": "-21.51%", "2010-09-30": "-207.69%", "2010-06-30": "29.24%", "2010-03-31": "11.11%", "2009-12-31": "11.13%", "2009-09-30": "22.32%", "2009-06-30": "26.71%", "2009-03-31": "33.93%", "2008-12-31": "25.61%", "2008-09-30": "10.43%", "2008-06-30": "11.60%", "2008-03-31": "12.52%", "2007-12-31": "19.10%", "2007-09-30": "31.70%", "2007-06-30": "36.36%", "2007-03-31": "37.11%", "2006-12-31": "22.97%", "2006-09-30": "17.95%", "2006-06-30": "13.87%", "2006-03-31": "15.19%", "2005-12-31": "18.37%"}, "dividend yield history": {"last payout": "$1.20", "last yield": "1.14%"}}