{"ticker": "RES", "price": {"title": "RPC Historical Annual Stock Price Data", "value": 5.12, "historical": {"2021": {"Average Stock Price": "4.1358", "Year Open": "3.4000", "Year High": "5.1200", "Year Low": "3.4000", "Year Close": "5.1200", "Annual % Change": "62.54%"}, "2020": {"Average Stock Price": "3.2136", "Year Open": "5.0700", "Year High": "5.2800", "Year Low": "1.9600", "Year Close": "3.1500", "Annual % Change": "-39.89%"}, "2019": {"Average Stock Price": "7.6077", "Year Open": "10.3400", "Year High": "12.8900", "Year Low": "3.4500", "Year Close": "5.2400", "Annual % Change": "-46.91%"}, "2018": {"Average Stock Price": "16.5524", "Year Open": "26.0200", "Year High": "26.5900", "Year Low": "9.5300", "Year Close": "9.8700", "Annual % Change": "-61.34%"}, "2017": {"Average Stock Price": "21.0309", "Year Open": "20.4800", "Year High": "26.7300", "Year Low": "16.8300", "Year Close": "25.5300", "Annual % Change": "28.87%"}, "2016": {"Average Stock Price": "15.3291", "Year Open": "11.8800", "Year High": "21.6300", "Year Low": "10.3500", "Year Close": "19.8100", "Annual % Change": "65.77%"}, "2015": {"Average Stock Price": "12.6675", "Year Open": "13.3000", "Year High": "16.2700", "Year Low": "8.5400", "Year Close": "11.9500", "Annual % Change": "-8.36%"}, "2014": {"Average Stock Price": "19.5645", "Year Open": "17.7300", "Year High": "24.9100", "Year Low": "11.8600", "Year Close": "13.0400", "Annual % Change": "-26.95%"}, "2013": {"Average Stock Price": "15.2678", "Year Open": "12.6900", "Year High": "18.5600", "Year Low": "12.5200", "Year Close": "17.8500", "Annual % Change": "45.83%"}, "2012": {"Average Stock Price": "11.3926", "Year Open": "13.6733", "Year High": "14.4500", "Year Low": "8.9600", "Year Close": "12.2400", "Annual % Change": "0.60%"}, "2011": {"Average Stock Price": "14.1630", "Year Open": "12.3667", "Year High": "18.0333", "Year Low": "10.0800", "Year Close": "12.1667", "Annual % Change": "0.72%"}, "2010": {"Average Stock Price": "7.6157", "Year Open": "4.8667", "Year High": "14.4089", "Year Low": "4.6533", "Year Close": "12.0800", "Annual % Change": "161.35%"}, "2009": {"Average Stock Price": "3.9769", "Year Open": "4.6133", "Year High": "5.2178", "Year Low": "2.3511", "Year Close": "4.6222", "Annual % Change": "6.56%"}, "2008": {"Average Stock Price": "5.9032", "Year Open": "5.3911", "Year High": "8.2978", "Year Low": "2.6978", "Year Close": "4.3378", "Annual % Change": "-16.65%"}, "2007": {"Average Stock Price": "6.5810", "Year Open": "7.0222", "Year High": "8.3333", "Year Low": "4.7867", "Year Close": "5.2044", "Annual % Change": "-30.63%"}, "2006": {"Average Stock Price": "6.9221", "Year Open": "7.7333", "Year High": "10.5333", "Year Low": "5.1052", "Year Close": "7.5022", "Annual % Change": "-3.87%"}, "2005": {"Average Stock Price": "4.1232", "Year Open": "3.1289", "Year High": "7.8667", "Year Low": "2.6272", "Year Close": "7.8044", "Annual % Change": "135.93%"}, "2004": {"Average Stock Price": "2.0590", "Year Open": "1.4472", "Year High": "3.6346", "Year Low": "1.4156", "Year Close": "3.3080", "Annual % Change": "128.58%"}, "2003": {"Average Stock Price": "1.3977", "Year Open": "1.5526", "Year High": "1.6263", "Year Low": "1.1852", "Year Close": "1.4472", "Annual % Change": "-5.26%"}, "2002": {"Average Stock Price": "1.7185", "Year Open": "2.2716", "Year High": "2.3058", "Year Low": "1.1588", "Year Close": "1.5276", "Annual % Change": "-34.28%"}, "2001": {"Average Stock Price": "1.8149", "Year Open": "1.8107", "Year High": "2.3335", "Year Low": "1.4038", "Year Close": "2.3243", "Annual % Change": "21.72%"}, "2000": {"Average Stock Price": "1.3660", "Year Open": "0.7243", "Year High": "2.0003", "Year Low": "0.7164", "Year Close": "1.9095", "Annual % Change": "152.18%"}, "1999": {"Average Stock Price": "0.9544", "Year Open": "0.9705", "Year High": "1.2840", "Year Low": "0.7493", "Year Close": "0.7572", "Annual % Change": "-21.98%"}, "1998": {"Average Stock Price": "1.4401", "Year Open": "1.5644", "Year High": "1.8265", "Year Low": "0.9297", "Year Close": "0.9705", "Annual % Change": "-37.60%"}, "1997": {"Average Stock Price": "1.2758", "Year Open": "0.9791", "Year High": "2.1274", "Year Low": "0.8230", "Year Close": "1.5552", "Annual % Change": "57.46%"}, "1996": {"Average Stock Price": "0.7685", "Year Open": "0.5761", "Year High": "1.0456", "Year Low": "0.5676", "Year Close": "0.9877", "Annual % Change": "64.48%"}, "1995": {"Average Stock Price": "0.5290", "Year Open": "0.5103", "Year High": "0.6334", "Year Low": "0.4444", "Year Close": "0.6005", "Annual % Change": "19.53%"}, "1994": {"Average Stock Price": "0.5247", "Year Open": "0.5597", "Year High": "0.5926", "Year Low": "0.4115", "Year Close": "0.5024", "Annual % Change": "-10.24%"}, "1993": {"Average Stock Price": "0.5231", "Year Open": "0.4359", "Year High": "0.6334", "Year Low": "0.4280", "Year Close": "0.5597", "Annual % Change": "28.40%"}, "1992": {"Average Stock Price": "0.4591", "Year Open": "0.5353", "Year High": "0.5353", "Year Low": "0.3786", "Year Close": "0.4359", "Annual % Change": "-22.12%"}, "1991": {"Average Stock Price": "0.6292", "Year Open": "0.5676", "Year High": "0.8481", "Year Low": "0.5024", "Year Close": "0.5597", "Annual % Change": "-1.39%"}, "1990": {"Average Stock Price": "0.5150", "Year Open": "0.4359", "Year High": "0.6005", "Year Low": "0.3621", "Year Close": "0.5676", "Annual % Change": "32.62%"}, "1989": {"Average Stock Price": "0.4409", "Year Open": "0.4030", "Year High": "0.5432", "Year Low": "0.3457", "Year Close": "0.4280", "Annual % Change": "4.01%"}, "1988": {"Average Stock Price": "0.3655", "Year Open": "0.3128", "Year High": "0.4444", "Year Low": "0.2884", "Year Close": "0.4115", "Annual % Change": "34.96%"}}}, "market cap": {"value": "$1.1B"}, "income statement": {"Revenue": {"2020-12-31": "598.30200", "2019-12-31": "1222.40900", "2018-12-31": "1721.00500", "2017-12-31": "1595.22700", "2016-12-31": "728.97400", "2015-12-31": "1263.84000", "2014-12-31": "2337.41300", "2013-12-31": "1861.48900", "2012-12-31": "1945.02300", "2011-12-31": "1809.80700", "2010-12-31": "1096.38400", "2009-12-31": "587.86300", "2008-12-31": "876.97700", "2007-12-31": "690.22600", "2006-12-31": "596.63000", "2005-12-31": "427.64300"}, "Cost Of Goods Sold": {"2020-12-31": "480.73900", "2019-12-31": "919.59500", "2018-12-31": "1183.04800", "2017-12-31": "1050.80900", "2016-12-31": "607.88800", "2015-12-31": "986.14400", "2014-12-31": "1493.08200", "2013-12-31": "1178.41200", "2012-12-31": "1105.88600", "2011-12-31": "992.70400", "2010-12-31": "606.09800", "2009-12-31": "393.80600", "2008-12-31": "503.63100", "2007-12-31": "368.17500", "2006-12-31": "287.03700", "2005-12-31": "227.49200"}, "Gross Profit": {"2020-12-31": "117.56300", "2019-12-31": "302.81410", "2018-12-31": "537.95700", "2017-12-31": "544.41810", "2016-12-31": "121.08600", "2015-12-31": "277.69600", "2014-12-31": "844.33110", "2013-12-31": "683.07700", "2012-12-31": "839.13700", "2011-12-31": "817.10300", "2010-12-31": "490.28600", "2009-12-31": "194.05700", "2008-12-31": "373.34600", "2007-12-31": "322.05100", "2006-12-31": "309.59300", "2005-12-31": "200.15100"}, "Research And Development Expenses": {"2020-12-31": "", "2019-12-31": "", "2018-12-31": "", "2017-12-31": "", "2016-12-31": "", "2015-12-31": "", "2014-12-31": "", "2013-12-31": "", "2012-12-31": "", "2011-12-31": "", "2010-12-31": "", "2009-12-31": "", "2008-12-31": "", "2007-12-31": "", "2006-12-31": "", "2005-12-31": ""}, "SG&A Expenses": {"2020-12-31": "123.69800", "2019-12-31": "168.12700", "2018-12-31": "168.15100", "2017-12-31": "159.19400", "2016-12-31": "150.69000", "2015-12-31": "156.57900", "2014-12-31": "197.11700", "2013-12-31": "183.13900", "2012-12-31": "175.74900", "2011-12-31": "151.28600", "2010-12-31": "121.83900", "2009-12-31": "97.67200", "2008-12-31": "117.14000", "2007-12-31": "107.80000", "2006-12-31": "91.05100", "2005-12-31": "75.47800"}, "Other Operating Income Or Expenses": {"2020-12-31": "-207.97000", "2019-12-31": "-78.56600", "2018-12-31": "3.34400", "2017-12-31": "4.53000", "2016-12-31": "7.92000", "2015-12-31": "-6.41700", "2014-12-31": "-15.47200", "2013-12-31": "-9.37100", "2012-12-31": "-6.09900", "2011-12-31": "-3.83100", "2010-12-31": "3.75800", "2009-12-31": "1.14300", "2008-12-31": "6.36700", "2007-12-31": "6.29300", "2006-12-31": "5.96900", "2005-12-31": "12.16900"}, "Operating Expenses": {"2020-12-31": "907.93700", "2019-12-31": "1336.69700", "2018-12-31": "1510.97500", "2017-12-31": "1369.01000", "2016-12-31": "967.91600", "2015-12-31": "1420.11700", "2014-12-31": "1936.48400", "2013-12-31": "1584.05000", "2012-12-31": "1502.63300", "2011-12-31": "1327.72600", "2010-12-31": "857.53900", "2009-12-31": "620.91500", "2008-12-31": "732.80700", "2007-12-31": "548.18790", "2006-12-31": "418.83000", "2005-12-31": "329.93000"}, "Operating Income": {"2020-12-31": "-309.63500", "2019-12-31": "-114.28780", "2018-12-31": "210.03000", "2017-12-31": "226.21720", "2016-12-31": "-238.94200", "2015-12-31": "-156.27700", "2014-12-31": "400.92910", "2013-12-31": "277.43900", "2012-12-31": "442.38990", "2011-12-31": "482.08090", "2010-12-31": "238.84500", "2009-12-31": "-33.05200", "2008-12-31": "144.17000", "2007-12-31": "142.03810", "2006-12-31": "177.80000", "2005-12-31": "97.71300"}, "Total Non-Operating Income/Expense": {"2020-12-31": "0.20400", "2019-12-31": "1.18700", "2018-12-31": "11.25000", "2017-12-31": "6.59900", "2016-12-31": "-0.41800", "2015-12-31": "3.23600", "2014-12-31": "-1.54300", "2013-12-31": "-1.16900", "2012-12-31": "0.22900", "2011-12-31": "-3.26600", "2010-12-31": "-1.31300", "2009-12-31": "-0.44700", "2008-12-31": "-6.38500", "2007-12-31": "-2.20400", "2006-12-31": "1.04800", "2005-12-31": "3.02700"}, "Pre-Tax Income": {"2020-12-31": "-309.43100", "2019-12-31": "-113.10100", "2018-12-31": "221.28000", "2017-12-31": "232.81600", "2016-12-31": "-239.36000", "2015-12-31": "-153.04100", "2014-12-31": "399.38600", "2013-12-31": "276.27000", "2012-12-31": "442.61900", "2011-12-31": "478.81500", "2010-12-31": "237.53200", "2009-12-31": "-33.49900", "2008-12-31": "137.78500", "2007-12-31": "139.83400", "2006-12-31": "178.84800", "2005-12-31": "100.74000"}, "Income Taxes": {"2020-12-31": "-97.23900", "2019-12-31": "-25.99000", "2018-12-31": "45.87800", "2017-12-31": "70.30500", "2016-12-31": "-98.11400", "2015-12-31": "-53.48000", "2014-12-31": "154.19300", "2013-12-31": "109.37500", "2012-12-31": "168.18300", "2011-12-31": "182.43400", "2010-12-31": "90.79000", "2009-12-31": "-10.75400", "2008-12-31": "54.38200", "2007-12-31": "52.78500", "2006-12-31": "68.05400", "2005-12-31": "34.25600"}, "Income After Taxes": {"2020-12-31": "-212.19200", "2019-12-31": "-87.11100", "2018-12-31": "175.40200", "2017-12-31": "162.51100", "2016-12-31": "-141.24600", "2015-12-31": "-99.56100", "2014-12-31": "245.19300", "2013-12-31": "166.89500", "2012-12-31": "274.43600", "2011-12-31": "296.38100", "2010-12-31": "146.74200", "2009-12-31": "-22.74500", "2008-12-31": "83.40300", "2007-12-31": "87.04900", "2006-12-31": "110.79400", "2005-12-31": "66.48400"}, "Other Income": {"2020-12-31": "", "2019-12-31": "", "2018-12-31": "", "2017-12-31": "", "2016-12-31": "", "2015-12-31": "", "2014-12-31": "", "2013-12-31": "", "2012-12-31": "", "2011-12-31": "", "2010-12-31": "", "2009-12-31": "", "2008-12-31": "", "2007-12-31": "", "2006-12-31": "", "2005-12-31": ""}, "Income From Continuous Operations": {"2020-12-31": "-212.19200", "2019-12-31": "-87.11100", "2018-12-31": "175.40200", "2017-12-31": "162.51100", "2016-12-31": "-141.24600", "2015-12-31": "-99.56100", "2014-12-31": "245.19300", "2013-12-31": "166.89500", "2012-12-31": "274.43600", "2011-12-31": "296.38100", "2010-12-31": "146.74200", "2009-12-31": "-22.74500", "2008-12-31": "83.40300", "2007-12-31": "87.04900", "2006-12-31": "110.79400", "2005-12-31": "66.48400"}, "Income From Discontinued Operations": {"2020-12-31": "", "2019-12-31": "", "2018-12-31": "", "2017-12-31": "", "2016-12-31": "", "2015-12-31": "", "2014-12-31": "", "2013-12-31": "", "2012-12-31": "", "2011-12-31": "", "2010-12-31": "", "2009-12-31": "", "2008-12-31": "", "2007-12-31": "", "2006-12-31": "", "2005-12-31": ""}, "Net Income": {"2020-12-31": "-212.19200", "2019-12-31": "-87.44500", "2018-12-31": "173.56300", "2017-12-31": "160.40900", "2016-12-31": "-141.39300", "2015-12-31": "-99.80100", "2014-12-31": "245.19300", "2013-12-31": "166.89500", "2012-12-31": "274.43600", "2011-12-31": "296.38100", "2010-12-31": "146.74200", "2009-12-31": "-22.74500", "2008-12-31": "83.40300", "2007-12-31": "87.04900", "2006-12-31": "110.79400", "2005-12-31": "66.48400"}, "EBITDA": {"2020-12-31": "-309.63500", "2019-12-31": "58.31920", "2018-12-31": "376.81900", "2017-12-31": "392.77510", "2016-12-31": "-17.90400", "2015-12-31": "119.13600", "2014-12-31": "634.86910", "2013-12-31": "493.25100", "2012-12-31": "656.54290", "2011-12-31": "661.86790", "2010-12-31": "372.09800", "2009-12-31": "97.52900", "2008-12-31": "262.61400", "2007-12-31": "220.53110", "2006-12-31": "224.52600", "2005-12-31": "136.84200"}, "EBIT": {"2020-12-31": "-309.63500", "2019-12-31": "-114.28780", "2018-12-31": "210.03000", "2017-12-31": "226.21720", "2016-12-31": "-238.94200", "2015-12-31": "-156.27700", "2014-12-31": "400.92910", "2013-12-31": "277.43900", "2012-12-31": "442.38990", "2011-12-31": "482.08090", "2010-12-31": "238.84500", "2009-12-31": "-33.05200", "2008-12-31": "144.17000", "2007-12-31": "142.03810", "2006-12-31": "177.80000", "2005-12-31": "97.71300"}, "Basic Shares Outstanding": {"2020-12-31": "212.49200", "2019-12-31": "212.22100", "2018-12-31": "212.74500", "2017-12-31": "214.30300", "2016-12-31": "214.22700", "2015-12-31": "210.27300", "2014-12-31": "211.20800", "2013-12-31": "215.50400", "2012-12-31": "215.24100", "2011-12-31": "217.68300", "2010-12-31": "217.48400", "2009-12-31": "216.68700", "2008-12-31": "217.27200", "2007-12-31": "216.60300", "2006-12-31": "214.29670", "2005-12-31": "213.86700"}, "Shares Outstanding": {"2020-12-31": "212.49200", "2019-12-31": "212.22100", "2018-12-31": "212.74500", "2017-12-31": "214.30300", "2016-12-31": "214.22700", "2015-12-31": "210.27300", "2014-12-31": "212.25700", "2013-12-31": "216.73300", "2012-12-31": "216.79600", "2011-12-31": "220.25000", "2010-12-31": "219.80500", "2009-12-31": "216.68700", "2008-12-31": "220.19700", "2007-12-31": "221.31450", "2006-12-31": "220.94100", "2005-12-31": "221.64530"}, "Basic EPS": {"2020-12-31": "-1.00000", "2019-12-31": "-0.41000", "2018-12-31": "0.82000", "2017-12-31": "0.75000", "2016-12-31": "-0.66000", "2015-12-31": "-0.47000", "2014-12-31": "1.14000", "2013-12-31": "0.77000", "2012-12-31": "1.28000", "2011-12-31": "1.36000", "2010-12-31": "0.67000", "2009-12-31": "-0.10670", "2008-12-31": "0.38000", "2007-12-31": "0.40000", "2006-12-31": "0.51560", "2005-12-31": "0.31110"}, "EPS - Earnings Per Share": {"2020-12-31": "-1.00000", "2019-12-31": "-0.41000", "2018-12-31": "0.82000", "2017-12-31": "0.75000", "2016-12-31": "-0.66000", "2015-12-31": "-0.47000", "2014-12-31": "1.14000", "2013-12-31": "0.77000", "2012-12-31": "1.27000", "2011-12-31": "1.35000", "2010-12-31": "0.67000", "2009-12-31": "-0.10670", "2008-12-31": "0.38000", "2007-12-31": "0.39560", "2006-12-31": "0.50220", "2005-12-31": "0.29780"}}, "income statement, quarterly": {"Revenue": {"2020-12-31": "148.63700", "2020-09-30": "116.58800", "2020-06-30": "89.30000", "2020-03-31": "243.77700", "2019-12-31": "235.99710", "2019-09-30": "293.24000", "2019-06-30": "358.51600", "2019-03-31": "334.65600", "2018-12-31": "376.75090", "2018-09-30": "439.99400", "2018-06-30": "467.92600", "2018-03-31": "436.33400", "2017-12-31": "427.29900", "2017-09-30": "470.99900", "2017-06-30": "398.81000", "2017-03-31": "298.11900", "2016-12-31": "220.99700", "2016-09-30": "175.88400", "2016-06-30": "142.99800", "2016-03-31": "189.09500", "2015-12-31": "268.08600", "2015-09-30": "291.92400", "2015-06-30": "297.56000", "2015-03-31": "406.27000", "2014-12-31": "632.20590", "2014-09-30": "620.68400", "2014-06-30": "582.83100", "2014-03-31": "501.69200", "2013-12-31": "486.98100", "2013-09-30": "491.12100", "2013-06-30": "457.56600", "2013-03-31": "425.82100", "2012-12-31": "469.94200", "2012-09-30": "472.41800", "2012-06-30": "500.10600", "2012-03-31": "502.55700", "2011-12-31": "482.78200", "2011-09-30": "502.23500", "2011-06-30": "443.02900", "2011-03-31": "381.76100", "2010-12-31": "328.14400", "2010-09-30": "302.20000", "2010-06-30": "252.89600", "2010-03-31": "213.14400", "2009-12-31": "152.41500", "2009-09-30": "132.15900", "2009-06-30": "127.01800", "2009-03-31": "176.27100", "2008-12-31": "227.84400", "2008-09-30": "237.21700", "2008-06-30": "214.68900", "2008-03-31": "197.22700", "2007-12-31": "186.18900", "2007-09-30": "161.96100", "2007-06-30": "171.03100", "2007-03-31": "171.04500", "2006-12-31": "160.33200", "2006-09-30": "154.20900", "2006-06-30": "146.06500", "2006-03-31": "136.02400", "2005-12-31": "117.56700", "2005-09-30": "115.80100", "2005-06-30": "101.94500", "2005-03-31": "92.33000"}, "Cost Of Goods Sold": {"2020-12-31": "117.88600", "2020-09-30": "100.87200", "2020-06-30": "80.03700", "2020-03-31": "181.94400", "2019-12-31": "176.88200", "2019-09-30": "225.23000", "2019-06-30": "265.08800", "2019-03-31": "252.39500", "2018-12-31": "274.41700", "2018-09-30": "300.94700", "2018-06-30": "312.07900", "2018-03-31": "295.60500", "2017-12-31": "285.73100", "2017-09-30": "294.82000", "2017-06-30": "254.01600", "2017-03-31": "216.24200", "2016-12-31": "173.02000", "2016-09-30": "146.61500", "2016-06-30": "126.99700", "2016-03-31": "161.25600", "2015-12-31": "217.44200", "2015-09-30": "234.64000", "2015-06-30": "241.61700", "2015-03-31": "292.44500", "2014-12-31": "390.48600", "2014-09-30": "398.30600", "2014-06-30": "374.27500", "2014-03-31": "330.01500", "2013-12-31": "318.90000", "2013-09-30": "303.70700", "2013-06-30": "287.57800", "2013-03-31": "268.22700", "2012-12-31": "279.40700", "2012-09-30": "271.40100", "2012-06-30": "281.27900", "2012-03-31": "273.79900", "2011-12-31": "268.52500", "2011-09-30": "279.93600", "2011-06-30": "242.99100", "2011-03-31": "201.25200", "2010-12-31": "174.47700", "2010-09-30": "162.52900", "2010-06-30": "139.47800", "2010-03-31": "129.61400", "2009-12-31": "102.31400", "2009-09-30": "90.44200", "2009-06-30": "91.08000", "2009-03-31": "109.97000", "2008-12-31": "130.90800", "2008-09-30": "134.87800", "2008-06-30": "120.17500", "2008-03-31": "117.67000", "2007-12-31": "101.03200", "2007-09-30": "91.43100", "2007-06-30": "88.19100", "2007-03-31": "87.52100", "2006-12-31": "77.58000", "2006-09-30": "74.01100", "2006-06-30": "69.69500", "2006-03-31": "65.75100", "2005-12-31": "59.91100", "2005-09-30": "61.42400", "2005-06-30": "55.74600", "2005-03-31": "50.41100"}, "Gross Profit": {"2020-12-31": "30.75100", "2020-09-30": "15.71600", "2020-06-30": "9.26300", "2020-03-31": "61.83300", "2019-12-31": "59.11510", "2019-09-30": "68.01000", "2019-06-30": "93.42800", "2019-03-31": "82.26100", "2018-12-31": "102.33400", "2018-09-30": "139.04700", "2018-06-30": "155.84700", "2018-03-31": "140.72900", "2017-12-31": "141.56810", "2017-09-30": "176.17900", "2017-06-30": "144.79400", "2017-03-31": "81.87700", "2016-12-31": "47.97700", "2016-09-30": "29.26900", "2016-06-30": "16.00100", "2016-03-31": "27.83900", "2015-12-31": "50.64400", "2015-09-30": "57.28400", "2015-06-30": "55.94300", "2015-03-31": "113.82500", "2014-12-31": "241.72000", "2014-09-30": "222.37800", "2014-06-30": "208.55600", "2014-03-31": "171.67700", "2013-12-31": "168.08100", "2013-09-30": "187.41400", "2013-06-30": "169.98800", "2013-03-31": "157.59400", "2012-12-31": "190.53500", "2012-09-30": "201.01700", "2012-06-30": "218.82700", "2012-03-31": "228.75800", "2011-12-31": "214.25710", "2011-09-30": "222.29900", "2011-06-30": "200.03800", "2011-03-31": "180.50900", "2010-12-31": "153.66700", "2010-09-30": "139.67100", "2010-06-30": "113.41800", "2010-03-31": "83.53000", "2009-12-31": "50.10100", "2009-09-30": "41.71700", "2009-06-30": "35.93800", "2009-03-31": "66.30100", "2008-12-31": "96.93600", "2008-09-30": "102.33900", "2008-06-30": "94.51400", "2008-03-31": "79.55700", "2007-12-31": "85.15700", "2007-09-30": "70.53000", "2007-06-30": "82.84000", "2007-03-31": "83.52400", "2006-12-31": "82.75200", "2006-09-30": "80.19800", "2006-06-30": "76.37000", "2006-03-31": "70.27300", "2005-12-31": "57.65600", "2005-09-30": "54.37700", "2005-06-30": "46.19900", "2005-03-31": "41.91900"}, "Research And Development Expenses": {"2020-12-31": "", "2020-09-30": "", "2020-06-30": "", "2020-03-31": "", "2019-12-31": "", "2019-09-30": "", "2019-06-30": "", "2019-03-31": "", "2018-12-31": "", "2018-09-30": "", "2018-06-30": "", "2018-03-31": "", "2017-12-31": "", "2017-09-30": "", "2017-06-30": "", "2017-03-31": "", "2016-12-31": "", "2016-09-30": "", "2016-06-30": "", "2016-03-31": "", "2015-12-31": "", "2015-09-30": "", "2015-06-30": "", "2015-03-31": "", "2014-12-31": "", "2014-09-30": "", "2014-06-30": "", "2014-03-31": "", "2013-12-31": "", "2013-09-30": "", "2013-06-30": "", "2013-03-31": "", "2012-12-31": "", "2012-09-30": "", "2012-06-30": "", "2012-03-31": "", "2011-12-31": "", "2011-09-30": "", "2011-06-30": "", "2011-03-31": "", "2010-12-31": "", "2010-09-30": "", "2010-06-30": "", "2010-03-31": "", "2009-12-31": "", "2009-09-30": "", "2009-06-30": "", "2009-03-31": "", "2008-12-31": "", "2008-09-30": "", "2008-06-30": "", "2008-03-31": "", "2007-12-31": "", "2007-09-30": "", "2007-06-30": "", "2007-03-31": "", "2006-12-31": "", "2006-09-30": "", "2006-06-30": "", "2006-03-31": "", "2005-12-31": "", "2005-09-30": "", "2005-06-30": "", "2005-03-31": ""}, "SG&A Expenses": {"2020-12-31": "26.01700", "2020-09-30": "32.37600", "2020-06-30": "28.77500", "2020-03-31": "36.53000", "2019-12-31": "36.84200", "2019-09-30": "42.57100", "2019-06-30": "43.29300", "2019-03-31": "45.42100", "2018-12-31": "40.01600", "2018-09-30": "41.78700", "2018-06-30": "42.53400", "2018-03-31": "43.81400", "2017-12-31": "42.01100", "2017-09-30": "39.73800", "2017-06-30": "40.28800", "2017-03-31": "37.15700", "2016-12-31": "35.82700", "2016-09-30": "34.85900", "2016-06-30": "36.45800", "2016-03-31": "43.54600", "2015-12-31": "36.59300", "2015-09-30": "37.34500", "2015-06-30": "40.20800", "2015-03-31": "42.43300", "2014-12-31": "49.99200", "2014-09-30": "50.81400", "2014-06-30": "47.60300", "2014-03-31": "48.70800", "2013-12-31": "43.51800", "2013-09-30": "47.09600", "2013-06-30": "47.61100", "2013-03-31": "44.91400", "2012-12-31": "44.69100", "2012-09-30": "43.01600", "2012-06-30": "43.11500", "2012-03-31": "44.92700", "2011-12-31": "42.08300", "2011-09-30": "37.19000", "2011-06-30": "35.95600", "2011-03-31": "36.05700", "2010-12-31": "31.42900", "2010-09-30": "33.09500", "2010-06-30": "29.47800", "2010-03-31": "27.83700", "2009-12-31": "23.85100", "2009-09-30": "22.84300", "2009-06-30": "23.37200", "2009-03-31": "27.60600", "2008-12-31": "30.15300", "2008-09-30": "29.66000", "2008-06-30": "29.01000", "2008-03-31": "28.31700", "2007-12-31": "28.57100", "2007-09-30": "26.32700", "2007-06-30": "27.07700", "2007-03-31": "25.82500", "2006-12-31": "24.09600", "2006-09-30": "23.48000", "2006-06-30": "22.39200", "2006-03-31": "21.08300", "2005-12-31": "19.88400", "2005-09-30": "19.00000", "2005-06-30": "18.18800", "2005-03-31": "18.40600"}, "Other Operating Income Or Expenses": {"2020-12-31": "-8.37100", "2020-09-30": "3.56300", "2020-06-30": "1.55500", "2020-03-31": "-204.71700", "2019-12-31": "-9.82600", "2019-09-30": "-73.37700", "2019-06-30": "1.13300", "2019-03-31": "3.50400", "2018-12-31": "-0.11500", "2018-09-30": "0.28600", "2018-06-30": "1.81000", "2018-03-31": "1.36300", "2017-12-31": "-1.24900", "2017-09-30": "0.50300", "2017-06-30": "3.75900", "2017-03-31": "1.51700", "2016-12-31": "4.00100", "2016-09-30": "1.14800", "2016-06-30": "1.51500", "2016-03-31": "1.25600", "2015-12-31": "-5.30200", "2015-09-30": "-3.79100", "2015-06-30": "1.71800", "2015-03-31": "0.95800", "2014-12-31": "-4.15100", "2014-09-30": "-7.68400", "2014-06-30": "-1.40500", "2014-03-31": "-2.23200", "2013-12-31": "-3.70600", "2013-09-30": "-1.26800", "2013-06-30": "-1.75700", "2013-03-31": "-2.64000", "2012-12-31": "-1.24000", "2012-09-30": "-1.55100", "2012-06-30": "-1.90400", "2012-03-31": "-1.40400", "2011-12-31": "-1.14100", "2011-09-30": "-4.17900", "2011-06-30": "0.07800", "2011-03-31": "1.41100", "2010-12-31": "2.18400", "2010-09-30": "0.90500", "2010-06-30": "1.53300", "2010-03-31": "-0.86400", "2009-12-31": "-0.39900", "2009-09-30": "-0.49200", "2009-06-30": "0.31200", "2009-03-31": "1.72200", "2008-12-31": "1.36900", "2008-09-30": "1.99800", "2008-06-30": "1.47300", "2008-03-31": "1.52700", "2007-12-31": "1.80100", "2007-09-30": "1.30600", "2007-06-30": "1.63700", "2007-03-31": "1.54900", "2006-12-31": "1.48900", "2006-09-30": "1.47900", "2006-06-30": "1.96900", "2006-03-31": "1.03200", "2005-12-31": "-0.04300", "2005-09-30": "10.80100", "2005-06-30": "0.78500", "2005-03-31": "0.62600"}, "Operating Expenses": {"2020-12-31": "170.28300", "2020-09-30": "148.34000", "2020-06-30": "126.83000", "2020-03-31": "462.48400", "2019-12-31": "263.87190", "2019-09-30": "385.87900", "2019-06-30": "350.12900", "2019-03-31": "336.81700", "2018-12-31": "357.10100", "2018-09-30": "385.44100", "2018-06-30": "392.89700", "2018-03-31": "375.53600", "2017-12-31": "367.01490", "2017-09-30": "373.64200", "2017-06-30": "331.80800", "2017-03-31": "296.54500", "2016-12-31": "253.21300", "2016-09-30": "232.30100", "2016-06-30": "218.22000", "2016-03-31": "264.18200", "2015-12-31": "325.48990", "2015-09-30": "344.82300", "2015-06-30": "349.90800", "2015-03-31": "399.89600", "2014-12-31": "506.20090", "2014-09-30": "514.02300", "2014-06-30": "479.80000", "2014-03-31": "436.46000", "2013-12-31": "420.45310", "2013-09-30": "405.28200", "2013-06-30": "389.71300", "2013-03-31": "368.60200", "2012-12-31": "380.63500", "2012-09-30": "370.05000", "2012-06-30": "380.24800", "2012-03-31": "371.70000", "2011-12-31": "360.74810", "2011-09-30": "367.78100", "2011-06-30": "323.76200", "2011-03-31": "275.43500", "2010-12-31": "238.34600", "2010-09-30": "227.81000", "2010-06-30": "200.80700", "2010-03-31": "190.57600", "2009-12-31": "159.45890", "2009-09-30": "147.06600", "2009-06-30": "146.51600", "2009-03-31": "167.87400", "2008-12-31": "191.14700", "2008-09-30": "192.98500", "2008-06-30": "176.88900", "2008-03-31": "171.78600", "2007-12-31": "151.50390", "2007-09-30": "137.29800", "2007-06-30": "132.32600", "2007-03-31": "127.06000", "2006-12-31": "113.02400", "2006-09-30": "107.58400", "2006-06-30": "101.71500", "2006-03-31": "96.50700", "2005-12-31": "90.21700", "2005-09-30": "79.48600", "2005-06-30": "82.75600", "2005-03-31": "77.47100"}, "Operating Income": {"2020-12-31": "-21.64600", "2020-09-30": "-31.75200", "2020-06-30": "-37.53000", "2020-03-31": "-218.70700", "2019-12-31": "-27.87480", "2019-09-30": "-92.63900", "2019-06-30": "8.38700", "2019-03-31": "-2.16100", "2018-12-31": "19.65000", "2018-09-30": "54.55300", "2018-06-30": "75.02900", "2018-03-31": "60.79800", "2017-12-31": "60.28420", "2017-09-30": "97.35700", "2017-06-30": "67.00200", "2017-03-31": "1.57400", "2016-12-31": "-32.21600", "2016-09-30": "-56.41700", "2016-06-30": "-75.22200", "2016-03-31": "-75.08700", "2015-12-31": "-57.40400", "2015-09-30": "-52.89900", "2015-06-30": "-52.34800", "2015-03-31": "6.37400", "2014-12-31": "126.00500", "2014-09-30": "106.66100", "2014-06-30": "103.03100", "2014-03-31": "65.23200", "2013-12-31": "66.52790", "2013-09-30": "85.83900", "2013-06-30": "67.85300", "2013-03-31": "57.21900", "2012-12-31": "89.30700", "2012-09-30": "102.36800", "2012-06-30": "119.85800", "2012-03-31": "130.85700", "2011-12-31": "122.03390", "2011-09-30": "134.45400", "2011-06-30": "119.26700", "2011-03-31": "106.32600", "2010-12-31": "89.79810", "2010-09-30": "74.39000", "2010-06-30": "52.08900", "2010-03-31": "22.56800", "2009-12-31": "-7.04400", "2009-09-30": "-14.90700", "2009-06-30": "-19.49800", "2009-03-31": "8.39700", "2008-12-31": "36.69700", "2008-09-30": "44.23200", "2008-06-30": "37.80000", "2008-03-31": "25.44100", "2007-12-31": "34.68510", "2007-09-30": "24.66300", "2007-06-30": "38.70500", "2007-03-31": "43.98500", "2006-12-31": "47.30800", "2006-09-30": "46.62500", "2006-06-30": "44.35000", "2006-03-31": "39.51700", "2005-12-31": "27.35000", "2005-09-30": "36.31500", "2005-06-30": "19.18900", "2005-03-31": "14.85900"}, "Total Non-Operating Income/Expense": {"2020-12-31": "1.05000", "2020-09-30": "0.72500", "2020-06-30": "-1.48400", "2020-03-31": "-0.08700", "2019-12-31": "0.41700", "2019-09-30": "-0.76300", "2019-06-30": "0.37700", "2019-03-31": "1.15600", "2018-12-31": "0.18900", "2018-09-30": "0.92000", "2018-06-30": "4.44900", "2018-03-31": "5.69200", "2017-12-31": "3.10700", "2017-09-30": "0.94700", "2017-06-30": "2.30700", "2017-03-31": "0.23800", "2016-12-31": "-0.42200", "2016-09-30": "0.14000", "2016-06-30": "-0.17600", "2016-03-31": "0.04000", "2015-12-31": "-0.38600", "2015-09-30": "-1.04000", "2015-06-30": "-0.23800", "2015-03-31": "4.90000", "2014-12-31": "-1.17200", "2014-09-30": "-0.90600", "2014-06-30": "0.78800", "2014-03-31": "-0.25300", "2013-12-31": "-1.32000", "2013-09-30": "1.00400", "2013-06-30": "-1.07300", "2013-03-31": "0.22000", "2012-12-31": "0.74700", "2012-09-30": "0.67900", "2012-06-30": "-1.52600", "2012-03-31": "0.32900", "2011-12-31": "0.26400", "2011-09-30": "-1.78400", "2011-06-30": "-1.00500", "2011-03-31": "-0.74100", "2010-12-31": "-0.16500", "2010-09-30": "-0.25200", "2010-06-30": "-0.78100", "2010-03-31": "-0.11500", "2009-12-31": "-0.27200", "2009-09-30": "0.11000", "2009-06-30": "0.13300", "2009-03-31": "-0.41800", "2008-12-31": "-2.22800", "2008-09-30": "-1.58000", "2008-06-30": "-1.12100", "2008-03-31": "-1.45600", "2007-12-31": "-1.36400", "2007-09-30": "-1.17400", "2007-06-30": "0.17300", "2007-03-31": "0.16100", "2006-12-31": "0.08800", "2006-09-30": "0.33300", "2006-06-30": "0.21300", "2006-03-31": "0.41400", "2005-12-31": "0.94400", "2005-09-30": "0.45000", "2005-06-30": "0.27100", "2005-03-31": "1.36200"}, "Pre-Tax Income": {"2020-12-31": "-20.59600", "2020-09-30": "-31.02700", "2020-06-30": "-39.01400", "2020-03-31": "-218.79400", "2019-12-31": "-27.45800", "2019-09-30": "-93.40200", "2019-06-30": "8.76400", "2019-03-31": "-1.00500", "2018-12-31": "19.83900", "2018-09-30": "55.47300", "2018-06-30": "79.47800", "2018-03-31": "66.49000", "2017-12-31": "63.39100", "2017-09-30": "98.30400", "2017-06-30": "69.30900", "2017-03-31": "1.81200", "2016-12-31": "-32.63800", "2016-09-30": "-56.27700", "2016-06-30": "-75.39800", "2016-03-31": "-75.04700", "2015-12-31": "-57.79000", "2015-09-30": "-53.93900", "2015-06-30": "-52.58600", "2015-03-31": "11.27400", "2014-12-31": "124.83300", "2014-09-30": "105.75500", "2014-06-30": "103.81900", "2014-03-31": "64.97900", "2013-12-31": "65.20800", "2013-09-30": "86.84300", "2013-06-30": "66.78000", "2013-03-31": "57.43900", "2012-12-31": "90.05400", "2012-09-30": "103.04700", "2012-06-30": "118.33200", "2012-03-31": "131.18600", "2011-12-31": "122.29800", "2011-09-30": "132.67000", "2011-06-30": "118.26200", "2011-03-31": "105.58500", "2010-12-31": "89.63300", "2010-09-30": "74.13800", "2010-06-30": "51.30800", "2010-03-31": "22.45300", "2009-12-31": "-7.31600", "2009-09-30": "-14.79700", "2009-06-30": "-19.36500", "2009-03-31": "7.97900", "2008-12-31": "34.46900", "2008-09-30": "42.65200", "2008-06-30": "36.67900", "2008-03-31": "23.98500", "2007-12-31": "33.32100", "2007-09-30": "23.48900", "2007-06-30": "38.87800", "2007-03-31": "44.14600", "2006-12-31": "47.39600", "2006-09-30": "46.95800", "2006-06-30": "44.56300", "2006-03-31": "39.93100", "2005-12-31": "28.29400", "2005-09-30": "36.76500", "2005-06-30": "19.46000", "2005-03-31": "16.22100"}, "Income Taxes": {"2020-12-31": "-10.35700", "2020-09-30": "-14.59000", "2020-06-30": "-13.92100", "2020-03-31": "-58.37100", "2019-12-31": "-4.09600", "2019-09-30": "-24.22100", "2019-06-30": "2.59300", "2019-03-31": "-0.26600", "2018-12-31": "6.47700", "2018-09-30": "5.50600", "2018-06-30": "19.53500", "2018-03-31": "14.36000", "2017-12-31": "5.68800", "2017-09-30": "40.97000", "2017-06-30": "25.46900", "2017-03-31": "-1.82200", "2016-12-31": "-11.53100", "2016-09-30": "-17.33500", "2016-06-30": "-26.71200", "2016-03-31": "-42.53600", "2015-12-31": "-19.90900", "2015-09-30": "-18.76600", "2015-06-30": "-18.53100", "2015-03-31": "3.72600", "2014-12-31": "47.19600", "2014-09-30": "40.87000", "2014-06-30": "40.53600", "2014-03-31": "25.59100", "2013-12-31": "27.56500", "2013-09-30": "33.08300", "2013-06-30": "26.36400", "2013-03-31": "22.36300", "2012-12-31": "34.67300", "2012-09-30": "37.00700", "2012-06-30": "46.07200", "2012-03-31": "50.43100", "2011-12-31": "47.71700", "2011-09-30": "49.55900", "2011-06-30": "45.09700", "2011-03-31": "40.06100", "2010-12-31": "34.16200", "2010-09-30": "27.86900", "2010-06-30": "19.70600", "2010-03-31": "9.05300", "2009-12-31": "-2.11400", "2009-09-30": "-4.41200", "2009-06-30": "-7.74100", "2009-03-31": "3.51300", "2008-12-31": "14.06100", "2008-09-30": "16.87200", "2008-06-30": "14.22100", "2008-03-31": "9.22800", "2007-12-31": "13.02500", "2007-09-30": "8.59600", "2007-06-30": "15.06300", "2007-03-31": "16.10100", "2006-12-31": "17.88600", "2006-09-30": "18.18800", "2006-06-30": "16.94900", "2006-03-31": "15.03100", "2005-12-31": "6.75400", "2005-09-30": "13.65800", "2005-06-30": "7.55000", "2005-03-31": "6.29400"}, "Income After Taxes": {"2020-12-31": "-10.23900", "2020-09-30": "-16.43700", "2020-06-30": "-25.09300", "2020-03-31": "-160.42300", "2019-12-31": "-23.36200", "2019-09-30": "-69.18100", "2019-06-30": "6.17100", "2019-03-31": "-0.73900", "2018-12-31": "13.36200", "2018-09-30": "49.96700", "2018-06-30": "59.94300", "2018-03-31": "52.13000", "2017-12-31": "57.70300", "2017-09-30": "57.33400", "2017-06-30": "43.84000", "2017-03-31": "3.63400", "2016-12-31": "-21.10700", "2016-09-30": "-38.94200", "2016-06-30": "-48.68600", "2016-03-31": "-32.51100", "2015-12-31": "-37.88100", "2015-09-30": "-35.17300", "2015-06-30": "-34.05500", "2015-03-31": "7.54800", "2014-12-31": "77.63700", "2014-09-30": "64.88500", "2014-06-30": "63.28300", "2014-03-31": "39.38800", "2013-12-31": "37.64300", "2013-09-30": "53.76000", "2013-06-30": "40.41600", "2013-03-31": "35.07600", "2012-12-31": "55.38100", "2012-09-30": "66.04000", "2012-06-30": "72.26000", "2012-03-31": "80.75500", "2011-12-31": "74.58100", "2011-09-30": "83.11100", "2011-06-30": "73.16500", "2011-03-31": "65.52400", "2010-12-31": "55.47100", "2010-09-30": "46.26900", "2010-06-30": "31.60200", "2010-03-31": "13.40000", "2009-12-31": "-5.20200", "2009-09-30": "-10.38500", "2009-06-30": "-11.62400", "2009-03-31": "4.46600", "2008-12-31": "20.40800", "2008-09-30": "25.78000", "2008-06-30": "22.45800", "2008-03-31": "14.75700", "2007-12-31": "20.29600", "2007-09-30": "14.89300", "2007-06-30": "23.81500", "2007-03-31": "28.04500", "2006-12-31": "29.51000", "2006-09-30": "28.77000", "2006-06-30": "27.61400", "2006-03-31": "24.90000", "2005-12-31": "21.54000", "2005-09-30": "23.10700", "2005-06-30": "11.91000", "2005-03-31": "9.92700"}, "Other Income": {"2020-12-31": "", "2020-09-30": "", "2020-06-30": "", "2020-03-31": "", "2019-12-31": "", "2019-09-30": "", "2019-06-30": "", "2019-03-31": "", "2018-12-31": "", "2018-09-30": "", "2018-06-30": "", "2018-03-31": "", "2017-12-31": "", "2017-09-30": "", "2017-06-30": "", "2017-03-31": "", "2016-12-31": "", "2016-09-30": "", "2016-06-30": "", "2016-03-31": "", "2015-12-31": "", "2015-09-30": "", "2015-06-30": "", "2015-03-31": "", "2014-12-31": "", "2014-09-30": "", "2014-06-30": "", "2014-03-31": "", "2013-12-31": "", "2013-09-30": "", "2013-06-30": "", "2013-03-31": "", "2012-12-31": "", "2012-09-30": "", "2012-06-30": "", "2012-03-31": "", "2011-12-31": "", "2011-09-30": "", "2011-06-30": "", "2011-03-31": "", "2010-12-31": "", "2010-09-30": "", "2010-06-30": "", "2010-03-31": "", "2009-12-31": "", "2009-09-30": "", "2009-06-30": "", "2009-03-31": "", "2008-12-31": "", "2008-09-30": "", "2008-06-30": "", "2008-03-31": "", "2007-12-31": "", "2007-09-30": "", "2007-06-30": "", "2007-03-31": "", "2006-12-31": "", "2006-09-30": "", "2006-06-30": "", "2006-03-31": "", "2005-12-31": "", "2005-09-30": "", "2005-06-30": "", "2005-03-31": ""}, "Income From Continuous Operations": {"2020-12-31": "-10.23900", "2020-09-30": "-16.43700", "2020-06-30": "-25.09300", "2020-03-31": "-160.42300", "2019-12-31": "-23.36200", "2019-09-30": "-69.18100", "2019-06-30": "6.17100", "2019-03-31": "-0.73900", "2018-12-31": "13.36200", "2018-09-30": "49.96700", "2018-06-30": "59.94300", "2018-03-31": "52.13000", "2017-12-31": "57.70300", "2017-09-30": "57.33400", "2017-06-30": "43.84000", "2017-03-31": "3.63400", "2016-12-31": "-21.10700", "2016-09-30": "-38.94200", "2016-06-30": "-48.68600", "2016-03-31": "-32.51100", "2015-12-31": "-37.88100", "2015-09-30": "-35.17300", "2015-06-30": "-34.05500", "2015-03-31": "7.54800", "2014-12-31": "77.63700", "2014-09-30": "64.88500", "2014-06-30": "63.28300", "2014-03-31": "39.38800", "2013-12-31": "37.64300", "2013-09-30": "53.76000", "2013-06-30": "40.41600", "2013-03-31": "35.07600", "2012-12-31": "55.38100", "2012-09-30": "66.04000", "2012-06-30": "72.26000", "2012-03-31": "80.75500", "2011-12-31": "74.58100", "2011-09-30": "83.11100", "2011-06-30": "73.16500", "2011-03-31": "65.52400", "2010-12-31": "55.47100", "2010-09-30": "46.26900", "2010-06-30": "31.60200", "2010-03-31": "13.40000", "2009-12-31": "-5.20200", "2009-09-30": "-10.38500", "2009-06-30": "-11.62400", "2009-03-31": "4.46600", "2008-12-31": "20.40800", "2008-09-30": "25.78000", "2008-06-30": "22.45800", "2008-03-31": "14.75700", "2007-12-31": "20.29600", "2007-09-30": "14.89300", "2007-06-30": "23.81500", "2007-03-31": "28.04500", "2006-12-31": "29.51000", "2006-09-30": "28.77000", "2006-06-30": "27.61400", "2006-03-31": "24.90000", "2005-12-31": "21.54000", "2005-09-30": "23.10700", "2005-06-30": "11.91000", "2005-03-31": "9.92700"}, "Income From Discontinued Operations": {"2020-12-31": "", "2020-09-30": "", "2020-06-30": "", "2020-03-31": "", "2019-12-31": "", "2019-09-30": "", "2019-06-30": "", "2019-03-31": "", "2018-12-31": "", "2018-09-30": "", "2018-06-30": "", "2018-03-31": "", "2017-12-31": "", "2017-09-30": "", "2017-06-30": "", "2017-03-31": "", "2016-12-31": "", "2016-09-30": "", "2016-06-30": "", "2016-03-31": "", "2015-12-31": "", "2015-09-30": "", "2015-06-30": "", "2015-03-31": "", "2014-12-31": "", "2014-09-30": "", "2014-06-30": "", "2014-03-31": "", "2013-12-31": "", "2013-09-30": "", "2013-06-30": "", "2013-03-31": "", "2012-12-31": "", "2012-09-30": "", "2012-06-30": "", "2012-03-31": "", "2011-12-31": "", "2011-09-30": "", "2011-06-30": "", "2011-03-31": "", "2010-12-31": "", "2010-09-30": "", "2010-06-30": "", "2010-03-31": "", "2009-12-31": "", "2009-09-30": "", "2009-06-30": "", "2009-03-31": "", "2008-12-31": "", "2008-09-30": "", "2008-06-30": "", "2008-03-31": "", "2007-12-31": "", "2007-09-30": "", "2007-06-30": "", "2007-03-31": "", "2006-12-31": "", "2006-09-30": "", "2006-06-30": "", "2006-03-31": "", "2005-12-31": "", "2005-09-30": "", "2005-06-30": "", "2005-03-31": ""}, "Net Income": {"2020-12-31": "-10.23900", "2020-09-30": "-16.43700", "2020-06-30": "-25.09300", "2020-03-31": "-160.42300", "2019-12-31": "-23.36200", "2019-09-30": "-69.18100", "2019-06-30": "6.06200", "2019-03-31": "-0.96400", "2018-12-31": "13.31500", "2018-09-30": "49.43900", "2018-06-30": "59.27000", "2018-03-31": "51.53900", "2017-12-31": "56.97600", "2017-09-30": "56.60200", "2017-06-30": "43.24800", "2017-03-31": "3.58300", "2016-12-31": "-21.25400", "2016-09-30": "-38.94200", "2016-06-30": "-48.68600", "2016-03-31": "-32.51100", "2015-12-31": "-38.12100", "2015-09-30": "-35.17300", "2015-06-30": "-34.05500", "2015-03-31": "7.54800", "2014-12-31": "77.63700", "2014-09-30": "64.88500", "2014-06-30": "63.28300", "2014-03-31": "39.38800", "2013-12-31": "37.64300", "2013-09-30": "53.76000", "2013-06-30": "40.41600", "2013-03-31": "35.07600", "2012-12-31": "55.38100", "2012-09-30": "66.04000", "2012-06-30": "72.26000", "2012-03-31": "80.75500", "2011-12-31": "74.58100", "2011-09-30": "83.11100", "2011-06-30": "73.16500", "2011-03-31": "65.52400", "2010-12-31": "55.47100", "2010-09-30": "46.26900", "2010-06-30": "31.60200", "2010-03-31": "13.40000", "2009-12-31": "-5.20200", "2009-09-30": "-10.38500", "2009-06-30": "-11.62400", "2009-03-31": "4.46600", "2008-12-31": "20.40800", "2008-09-30": "25.78000", "2008-06-30": "22.45800", "2008-03-31": "14.75700", "2007-12-31": "20.29600", "2007-09-30": "14.89300", "2007-06-30": "23.81500", "2007-03-31": "28.04500", "2006-12-31": "29.51000", "2006-09-30": "28.77000", "2006-06-30": "27.61400", "2006-03-31": "24.90000", "2005-12-31": "21.54000", "2005-09-30": "23.10700", "2005-06-30": "11.91000", "2005-03-31": "9.92700"}, "EBITDA": {"2020-12-31": "", "2020-09-30": "-13.09400", "2020-06-30": "-18.13800", "2020-03-31": "-179.17500", "2019-12-31": "12.21720", "2019-09-30": "-46.93300", "2019-06-30": "52.13400", "2019-03-31": "40.90100", "2018-12-31": "63.15800", "2018-09-30": "98.42400", "2018-06-30": "116.29100", "2018-03-31": "98.94600", "2017-12-31": "99.16320", "2017-09-30": "137.65700", "2017-06-30": "108.96900", "2017-03-31": "46.98600", "2016-12-31": "17.18000", "2016-09-30": "-3.57400", "2016-06-30": "-17.84100", "2016-03-31": "-13.66900", "2015-12-31": "9.58900", "2015-09-30": "17.60700", "2015-06-30": "18.01100", "2015-03-31": "73.92900", "2014-12-31": "188.56300", "2014-09-30": "164.73500", "2014-06-30": "160.05900", "2014-03-31": "121.51200", "2013-12-31": "121.63390", "2013-09-30": "139.48900", "2013-06-30": "121.33700", "2013-03-31": "110.79100", "2012-12-31": "144.37000", "2012-09-30": "156.33700", "2012-06-30": "173.37400", "2012-03-31": "182.46200", "2011-12-31": "170.98690", "2011-09-30": "181.13100", "2011-06-30": "164.17500", "2011-03-31": "145.57500", "2010-12-31": "124.37310", "2010-09-30": "107.46100", "2010-06-30": "85.44400", "2010-03-31": "54.82000", "2009-12-31": "25.85400", "2009-09-30": "18.39800", "2009-06-30": "12.88100", "2009-03-31": "40.39600", "2008-12-31": "68.19300", "2008-09-30": "74.66500", "2008-06-30": "66.98800", "2008-03-31": "52.76800", "2007-12-31": "58.37010", "2007-09-30": "45.50200", "2007-06-30": "57.41100", "2007-03-31": "59.24800", "2006-12-31": "60.16010", "2006-09-30": "58.19700", "2006-06-30": "55.94700", "2006-03-31": "50.22200", "2005-12-31": "37.72900", "2005-09-30": "45.51800", "2005-06-30": "29.11500", "2005-03-31": "24.48000"}, "EBIT": {"2020-12-31": "-21.64600", "2020-09-30": "-31.75200", "2020-06-30": "-37.53000", "2020-03-31": "-218.70700", "2019-12-31": "-27.87480", "2019-09-30": "-92.63900", "2019-06-30": "8.38700", "2019-03-31": "-2.16100", "2018-12-31": "19.65000", "2018-09-30": "54.55300", "2018-06-30": "75.02900", "2018-03-31": "60.79800", "2017-12-31": "60.28420", "2017-09-30": "97.35700", "2017-06-30": "67.00200", "2017-03-31": "1.57400", "2016-12-31": "-32.21600", "2016-09-30": "-56.41700", "2016-06-30": "-75.22200", "2016-03-31": "-75.08700", "2015-12-31": "-57.40400", "2015-09-30": "-52.89900", "2015-06-30": "-52.34800", "2015-03-31": "6.37400", "2014-12-31": "126.00510", "2014-09-30": "106.66100", "2014-06-30": "103.03100", "2014-03-31": "65.23200", "2013-12-31": "66.52790", "2013-09-30": "85.83900", "2013-06-30": "67.85300", "2013-03-31": "57.21900", "2012-12-31": "89.30690", "2012-09-30": "102.36800", "2012-06-30": "119.85800", "2012-03-31": "130.85700", "2011-12-31": "122.03400", "2011-09-30": "134.45400", "2011-06-30": "119.26700", "2011-03-31": "106.32600", "2010-12-31": "89.79800", "2010-09-30": "74.39000", "2010-06-30": "52.08900", "2010-03-31": "22.56800", "2009-12-31": "-7.04400", "2009-09-30": "-14.90700", "2009-06-30": "-19.49800", "2009-03-31": "8.39700", "2008-12-31": "36.69700", "2008-09-30": "44.23200", "2008-06-30": "37.80000", "2008-03-31": "25.44100", "2007-12-31": "34.68510", "2007-09-30": "24.66300", "2007-06-30": "38.70500", "2007-03-31": "43.98500", "2006-12-31": "47.30800", "2006-09-30": "46.62500", "2006-06-30": "44.35000", "2006-03-31": "39.51700", "2005-12-31": "27.35000", "2005-09-30": "36.31500", "2005-06-30": "19.18900", "2005-03-31": "14.85900"}, "Basic Shares Outstanding": {"2020-12-31": "212.70800", "2020-09-30": "212.54400", "2020-06-30": "212.40200", "2020-03-31": "212.31100", "2019-12-31": "212.22100", "2019-09-30": "212.02500", "2019-06-30": "212.33900", "2019-03-31": "212.49100", "2018-12-31": "212.74500", "2018-09-30": "212.41500", "2018-06-30": "212.72100", "2018-03-31": "213.29300", "2017-12-31": "214.30300", "2017-09-30": "214.12900", "2017-06-30": "214.59400", "2017-03-31": "214.67100", "2016-12-31": "214.22700", "2016-09-30": "214.26600", "2016-06-30": "214.26300", "2016-03-31": "214.11100", "2015-12-31": "210.27300", "2015-09-30": "210.34200", "2015-06-30": "208.15600", "2015-03-31": "210.06900", "2014-12-31": "211.20800", "2014-09-30": "215.20200", "2014-06-30": "215.22400", "2014-03-31": "215.17500", "2013-12-31": "215.50400", "2013-09-30": "215.06800", "2013-06-30": "215.88300", "2013-03-31": "216.19400", "2012-12-31": "215.24100", "2012-09-30": "215.15100", "2012-06-30": "214.89300", "2012-03-31": "215.62000", "2011-12-31": "217.68300", "2011-09-30": "217.91000", "2011-06-30": "217.82200", "2011-03-31": "217.52200", "2010-12-31": "217.48400", "2010-09-30": "217.59150", "2010-06-30": "217.48500", "2010-03-31": "217.19550", "2009-12-31": "216.68700", "2009-09-30": "216.79200", "2009-06-30": "216.71330", "2009-03-31": "216.40050", "2008-12-31": "217.27200", "2008-09-30": "217.80450", "2008-06-30": "217.75050", "2008-03-31": "217.31850", "2007-12-31": "216.60300", "2007-09-30": "216.95850", "2007-06-30": "216.78750", "2007-03-31": "215.68280", "2006-12-31": "214.29670", "2006-09-30": "215.19220", "2006-06-30": "214.72870", "2006-03-31": "213.81970", "2005-12-31": "213.86700", "2005-09-30": "212.77010", "2005-06-30": "213.79950", "2005-03-31": "215.73000"}, "Shares Outstanding": {"2020-12-31": "212.70800", "2020-09-30": "212.54400", "2020-06-30": "212.40200", "2020-03-31": "212.31100", "2019-12-31": "212.22100", "2019-09-30": "212.02500", "2019-06-30": "212.33900", "2019-03-31": "212.49100", "2018-12-31": "212.74500", "2018-09-30": "212.41500", "2018-06-30": "212.72100", "2018-03-31": "213.29300", "2017-12-31": "214.30300", "2017-09-30": "214.12900", "2017-06-30": "214.59400", "2017-03-31": "214.67100", "2016-12-31": "214.22700", "2016-09-30": "214.26600", "2016-06-30": "214.26300", "2016-03-31": "214.11100", "2015-12-31": "210.27300", "2015-09-30": "210.34200", "2015-06-30": "208.15600", "2015-03-31": "210.16200", "2014-12-31": "212.25700", "2014-09-30": "216.33400", "2014-06-30": "216.23800", "2014-03-31": "216.21400", "2013-12-31": "216.73300", "2013-09-30": "216.14200", "2013-06-30": "216.69500", "2013-03-31": "217.52500", "2012-12-31": "216.79600", "2012-09-30": "216.64500", "2012-06-30": "216.12700", "2012-03-31": "217.35000", "2011-12-31": "220.25000", "2011-09-30": "220.29900", "2011-06-30": "220.26200", "2011-03-31": "220.54400", "2010-12-31": "219.80500", "2010-09-30": "220.13550", "2010-06-30": "219.18900", "2010-03-31": "219.26100", "2009-12-31": "216.68700", "2009-09-30": "216.79200", "2009-06-30": "216.71330", "2009-03-31": "217.64020", "2008-12-31": "220.19700", "2008-09-30": "221.02200", "2008-06-30": "220.77000", "2008-03-31": "220.70480", "2007-12-31": "221.31450", "2007-09-30": "221.08720", "2007-06-30": "221.50800", "2007-03-31": "221.36850", "2006-12-31": "220.94100", "2006-09-30": "221.17500", "2006-06-30": "221.92650", "2006-03-31": "222.18080", "2005-12-31": "221.64530", "2005-09-30": "220.49210", "2005-06-30": "220.33010", "2005-03-31": "222.91540"}, "Basic EPS": {"2020-12-31": "-0.05000", "2020-09-30": "-0.08000", "2020-06-30": "-0.12000", "2020-03-31": "-0.76000", "2019-12-31": "-0.10550", "2019-09-30": "-0.33000", "2019-06-30": "0.03000", "2019-03-31": "-0.00450", "2018-12-31": "0.07000", "2018-09-30": "0.23000", "2018-06-30": "0.28000", "2018-03-31": "0.24000", "2017-12-31": "0.27000", "2017-09-30": "0.26000", "2017-06-30": "0.20000", "2017-03-31": "0.02000", "2016-12-31": "-0.10000", "2016-09-30": "-0.18000", "2016-06-30": "-0.23000", "2016-03-31": "-0.15000", "2015-12-31": "-0.19000", "2015-09-30": "-0.16000", "2015-06-30": "-0.16000", "2015-03-31": "0.04000", "2014-12-31": "0.37000", "2014-09-30": "0.30000", "2014-06-30": "0.29000", "2014-03-31": "0.18000", "2013-12-31": "0.17000", "2013-09-30": "0.25000", "2013-06-30": "0.19000", "2013-03-31": "0.16000", "2012-12-31": "0.26000", "2012-09-30": "0.31000", "2012-06-30": "0.34000", "2012-03-31": "0.37000", "2011-12-31": "0.34000", "2011-09-30": "0.38000", "2011-06-30": "0.34000", "2011-03-31": "0.30000", "2010-12-31": "0.25000", "2010-09-30": "0.21330", "2010-06-30": "0.14670", "2010-03-31": "0.06000", "2009-12-31": "-0.02670", "2009-09-30": "-0.04890", "2009-06-30": "-0.05330", "2009-03-31": "0.02220", "2008-12-31": "0.09110", "2008-09-30": "0.12000", "2008-06-30": "0.10220", "2008-03-31": "0.06670", "2007-12-31": "0.09330", "2007-09-30": "0.06670", "2007-06-30": "0.11110", "2007-03-31": "0.12890", "2006-12-31": "0.13780", "2006-09-30": "0.13330", "2006-06-30": "0.12890", "2006-03-31": "0.11560", "2005-12-31": "0.10070", "2005-09-30": "0.10960", "2005-06-30": "0.05630", "2005-03-31": "0.04440"}, "EPS - Earnings Per Share": {"2020-12-31": "-0.05000", "2020-09-30": "-0.08000", "2020-06-30": "-0.12000", "2020-03-31": "-0.76000", "2019-12-31": "-0.10550", "2019-09-30": "-0.33000", "2019-06-30": "0.03000", "2019-03-31": "-0.00450", "2018-12-31": "0.07000", "2018-09-30": "0.23000", "2018-06-30": "0.28000", "2018-03-31": "0.24000", "2017-12-31": "0.27000", "2017-09-30": "0.26000", "2017-06-30": "0.20000", "2017-03-31": "0.02000", "2016-12-31": "-0.10000", "2016-09-30": "-0.18000", "2016-06-30": "-0.23000", "2016-03-31": "-0.15000", "2015-12-31": "-0.19000", "2015-09-30": "-0.16000", "2015-06-30": "-0.16000", "2015-03-31": "0.04000", "2014-12-31": "0.37000", "2014-09-30": "0.30000", "2014-06-30": "0.29000", "2014-03-31": "0.18000", "2013-12-31": "0.17000", "2013-09-30": "0.25000", "2013-06-30": "0.19000", "2013-03-31": "0.16000", "2012-12-31": "0.27000", "2012-09-30": "0.30000", "2012-06-30": "0.33000", "2012-03-31": "0.37000", "2011-12-31": "0.34000", "2011-09-30": "0.38000", "2011-06-30": "0.33000", "2011-03-31": "0.30000", "2010-12-31": "0.25670", "2010-09-30": "0.21330", "2010-06-30": "0.14000", "2010-03-31": "0.06000", "2009-12-31": "-0.02670", "2009-09-30": "-0.04890", "2009-06-30": "-0.05330", "2009-03-31": "0.02220", "2008-12-31": "0.09560", "2008-09-30": "0.11560", "2008-06-30": "0.10220", "2008-03-31": "0.06670", "2007-12-31": "0.09330", "2007-09-30": "0.06670", "2007-06-30": "0.10670", "2007-03-31": "0.12890", "2006-12-31": "0.13780", "2006-09-30": "0.12890", "2006-06-30": "0.12440", "2006-03-31": "0.11110", "2005-12-31": "0.09630", "2005-09-30": "0.10370", "2005-06-30": "0.05330", "2005-03-31": "0.04440"}}, "balance sheet": {"Cash On Hand": {"2020-12-31": "84.49600", "2019-12-31": "50.02300", "2018-12-31": "116.26200", "2017-12-31": "91.05000", "2016-12-31": "131.83500", "2015-12-31": "65.19600", "2014-12-31": "9.77200", "2013-12-31": "8.70000", "2012-12-31": "14.16300", "2011-12-31": "7.39300", "2010-12-31": "9.03500", "2009-12-31": "4.48900", "2008-12-31": "3.03700", "2007-12-31": "6.33800", "2006-12-31": "2.72900", "2005-12-31": "12.80900"}, "Receivables": {"2020-12-31": "244.71400", "2019-12-31": "266.71900", "2018-12-31": "359.36500", "2017-12-31": "418.09600", "2016-12-31": "226.34000", "2015-12-31": "283.57900", "2014-12-31": "663.84500", "2013-12-31": "442.85200", "2012-12-31": "391.76400", "2011-12-31": "472.07700", "2010-12-31": "311.25300", "2009-12-31": "148.80300", "2008-12-31": "225.97900", "2007-12-31": "188.45000", "2006-12-31": "152.40800", "2005-12-31": "107.42800"}, "Inventory": {"2020-12-31": "82.91800", "2019-12-31": "100.94700", "2018-12-31": "130.08300", "2017-12-31": "114.86600", "2016-12-31": "108.31600", "2015-12-31": "128.44100", "2014-12-31": "155.61100", "2013-12-31": "126.60400", "2012-12-31": "140.86700", "2011-12-31": "100.43800", "2010-12-31": "64.05900", "2009-12-31": "55.78300", "2008-12-31": "49.77900", "2007-12-31": "29.60200", "2006-12-31": "21.18800", "2005-12-31": "13.29800"}, "Pre-Paid Expenses": {"2020-12-31": "9.12400", "2019-12-31": "10.45900", "2018-12-31": "9.76600", "2017-12-31": "8.99200", "2016-12-31": "6.71800", "2015-12-31": "8.96100", "2014-12-31": "9.13500", "2013-12-31": "9.14300", "2012-12-31": "10.76200", "2011-12-31": "8.47800", "2010-12-31": "5.69500", "2009-12-31": "5.48500", "2008-12-31": "7.84100", "2007-12-31": "6.69600", "2006-12-31": "5.24500", "2005-12-31": "4.00400"}, "Other Current Assets": {"2020-12-31": "7.10700", "2019-12-31": "8.71000", "2018-12-31": "3.46200", "2017-12-31": "7.13100", "2016-12-31": "5.84800", "2015-12-31": "6.03100", "2014-12-31": "3.84300", "2013-12-31": "3.44100", "2012-12-31": "4.49400", "2011-12-31": "30.98600", "2010-12-31": "1.21000", "2009-12-31": "", "2008-12-31": "", "2007-12-31": "", "2006-12-31": "", "2005-12-31": ""}, "Total Current Assets": {"2020-12-31": "428.35900", "2019-12-31": "436.85800", "2018-12-31": "618.93800", "2017-12-31": "640.13500", "2016-12-31": "479.05700", "2015-12-31": "492.20800", "2014-12-31": "851.62800", "2013-12-31": "604.92500", "2012-12-31": "567.82700", "2011-12-31": "626.55500", "2010-12-31": "398.67800", "2009-12-31": "219.45400", "2008-12-31": "292.82300", "2007-12-31": "235.06000", "2006-12-31": "185.95400", "2005-12-31": "142.84300"}, "Property, Plant, And Equipment": {"2020-12-31": "264.41100", "2019-12-31": "516.72700", "2018-12-31": "517.98200", "2017-12-31": "443.92800", "2016-12-31": "497.98600", "2015-12-31": "688.33500", "2014-12-31": "849.38300", "2013-12-31": "726.30700", "2012-12-31": "756.32600", "2011-12-31": "675.36000", "2010-12-31": "453.01700", "2009-12-31": "396.22200", "2008-12-31": "470.11500", "2007-12-31": "433.12600", "2006-12-31": "262.79700", "2005-12-31": "141.21800"}, "Long-Term Investments": {"2020-12-31": "", "2019-12-31": "", "2018-12-31": "", "2017-12-31": "", "2016-12-31": "", "2015-12-31": "", "2014-12-31": "", "2013-12-31": "", "2012-12-31": "", "2011-12-31": "", "2010-12-31": "", "2009-12-31": "", "2008-12-31": "", "2007-12-31": "", "2006-12-31": "", "2005-12-31": ""}, "Goodwill And Intangible Assets": {"2020-12-31": "32.15000", "2019-12-31": "32.15000", "2018-12-31": "32.15000", "2017-12-31": "32.15000", "2016-12-31": "32.15000", "2015-12-31": "32.15000", "2014-12-31": "32.15000", "2013-12-31": "31.86100", "2012-12-31": "24.09300", "2011-12-31": "24.09300", "2010-12-31": "24.09300", "2009-12-31": "24.09300", "2008-12-31": "24.09300", "2007-12-31": "24.09300", "2006-12-31": "24.09300", "2005-12-31": "24.09300"}, "Other Long-Term Assets": {"2020-12-31": "38.31500", "2019-12-31": "33.63300", "2018-12-31": "30.51000", "2017-12-31": "31.01100", "2016-12-31": "26.25900", "2015-12-31": "24.40100", "2014-12-31": "26.19700", "2013-12-31": "20.76700", "2012-12-31": "18.91700", "2011-12-31": "12.20300", "2010-12-31": "12.08300", "2009-12-31": "9.27400", "2008-12-31": "6.43000", "2007-12-31": "8.73600", "2006-12-31": "5.16300", "2005-12-31": "3.63100"}, "Total Long-Term Assets": {"2020-12-31": "362.14600", "2019-12-31": "616.36000", "2018-12-31": "580.64200", "2017-12-31": "507.08900", "2016-12-31": "556.39500", "2015-12-31": "744.88600", "2014-12-31": "907.73000", "2013-12-31": "778.93510", "2012-12-31": "799.33600", "2011-12-31": "711.65600", "2010-12-31": "489.19300", "2009-12-31": "429.58900", "2008-12-31": "500.63800", "2007-12-31": "465.95500", "2006-12-31": "292.05300", "2005-12-31": "168.94200"}, "Total Assets": {"2020-12-31": "790.50500", "2019-12-31": "1053.21800", "2018-12-31": "1199.58000", "2017-12-31": "1147.22400", "2016-12-31": "1035.45200", "2015-12-31": "1237.09400", "2014-12-31": "1759.35800", "2013-12-31": "1383.86000", "2012-12-31": "1367.16300", "2011-12-31": "1338.21100", "2010-12-31": "887.87100", "2009-12-31": "649.04300", "2008-12-31": "793.46100", "2007-12-31": "701.01500", "2006-12-31": "478.00700", "2005-12-31": "311.78500"}, "Total Current Liabilities": {"2020-12-31": "79.56500", "2019-12-31": "101.40200", "2018-12-31": "143.23700", "2017-12-31": "145.36000", "2016-12-31": "101.46800", "2015-12-31": "107.46400", "2014-12-31": "239.01200", "2013-12-31": "168.05200", "2012-12-31": "164.51100", "2011-12-31": "179.46600", "2010-12-31": "117.50400", "2009-12-31": "67.77300", "2008-12-31": "92.32900", "2007-12-31": "90.72200", "2006-12-31": "74.65200", "2005-12-31": "47.62800"}, "Long Term Debt": {"2020-12-31": "", "2019-12-31": "", "2018-12-31": "", "2017-12-31": "", "2016-12-31": "", "2015-12-31": "", "2014-12-31": "224.50000", "2013-12-31": "53.30000", "2012-12-31": "107.00000", "2011-12-31": "203.30000", "2010-12-31": "121.25000", "2009-12-31": "90.30000", "2008-12-31": "174.45000", "2007-12-31": "156.40000", "2006-12-31": "35.60000", "2005-12-31": ""}, "Other Non-Current Liabilities": {"2020-12-31": "11.87100", "2019-12-31": "16.53200", "2018-12-31": "15.91100", "2017-12-31": "15.09500", "2016-12-31": "12.85500", "2015-12-31": "28.84500", "2014-12-31": "26.08800", "2013-12-31": "18.66400", "2012-12-31": "14.87000", "2011-12-31": "12.48000", "2010-12-31": "10.93700", "2009-12-31": "10.43500", "2008-12-31": "12.02600", "2007-12-31": "10.85800", "2006-12-31": "11.21000", "2005-12-31": "9.28400"}, "Total Long Term Liabilities": {"2020-12-31": "79.37300", "2019-12-31": "121.48300", "2018-12-31": "105.92400", "2017-12-31": "90.16700", "2016-12-31": "127.18500", "2015-12-31": "177.34900", "2014-12-31": "441.96400", "2013-12-31": "247.10600", "2012-12-31": "303.42000", "2011-12-31": "396.15300", "2010-12-31": "231.47200", "2009-12-31": "171.54700", "2008-12-31": "252.04800", "2007-12-31": "201.02100", "2006-12-31": "68.06800", "2005-12-31": "31.65600"}, "Total Liabilities": {"2020-12-31": "158.93800", "2019-12-31": "222.88500", "2018-12-31": "249.16100", "2017-12-31": "235.52700", "2016-12-31": "228.65300", "2015-12-31": "284.81300", "2014-12-31": "680.97600", "2013-12-31": "415.15800", "2012-12-31": "467.93100", "2011-12-31": "575.61900", "2010-12-31": "348.97600", "2009-12-31": "239.32000", "2008-12-31": "344.37700", "2007-12-31": "291.74300", "2006-12-31": "142.72000", "2005-12-31": "79.28400"}, "Common Stock Net": {"2020-12-31": "21.49500", "2019-12-31": "21.44300", "2018-12-31": "21.45400", "2017-12-31": "21.65400", "2016-12-31": "21.74900", "2015-12-31": "21.69900", "2014-12-31": "21.65400", "2013-12-31": "21.89900", "2012-12-31": "22.01400", "2011-12-31": "22.11900", "2010-12-31": "14.81800", "2009-12-31": "14.75400", "2008-12-31": "9.77000", "2007-12-31": "9.80400", "2006-12-31": "9.72100", "2005-12-31": "9.66800"}, "Retained Earnings (Accumulated Deficit)": {"2020-12-31": "627.77800", "2019-12-31": "832.11300", "2018-12-31": "947.71100", "2017-12-31": "906.74500", "2016-12-31": "803.15200", "2015-12-31": "948.55100", "2014-12-31": "1074.56100", "2013-12-31": "956.91800", "2012-12-31": "891.46400", "2011-12-31": "753.11900", "2010-12-31": "527.15000", "2009-12-31": "401.05500", "2008-12-31": "445.35600", "2007-12-31": "385.28100", "2006-12-31": "317.70500", "2005-12-31": "219.90700"}, "Comprehensive Income": {"2020-12-31": "-17.70600", "2019-12-31": "-23.22300", "2018-12-31": "-18.74600", "2017-12-31": "-16.70200", "2016-12-31": "-18.10200", "2015-12-31": "-17.96900", "2014-12-31": "-17.83300", "2013-12-31": "-10.11500", "2012-12-31": "-14.24600", "2011-12-31": "-12.64600", "2010-12-31": "-9.53300", "2009-12-31": "-8.80600", "2008-12-31": "-10.03200", "2007-12-31": "-2.54100", "2006-12-31": "-5.73400", "2005-12-31": "-7.69500"}, "Other Share Holders Equity": {"2020-12-31": "", "2019-12-31": "", "2018-12-31": "", "2017-12-31": "", "2016-12-31": "", "2015-12-31": "", "2014-12-31": "", "2013-12-31": "", "2012-12-31": "", "2011-12-31": "", "2010-12-31": "", "2009-12-31": "", "2008-12-31": "", "2007-12-31": "", "2006-12-31": "", "2005-12-31": ""}, "Share Holder Equity": {"2020-12-31": "631.56700", "2019-12-31": "830.33300", "2018-12-31": "950.41900", "2017-12-31": "911.69700", "2016-12-31": "806.79900", "2015-12-31": "952.28100", "2014-12-31": "1078.38200", "2013-12-31": "968.70200", "2012-12-31": "899.23200", "2011-12-31": "762.59200", "2010-12-31": "538.89500", "2009-12-31": "409.72300", "2008-12-31": "449.08400", "2007-12-31": "409.27200", "2006-12-31": "335.28700", "2005-12-31": "232.50100"}, "Total Liabilities And Share Holders Equity": {"2020-12-31": "790.50500", "2019-12-31": "1053.21800", "2018-12-31": "1199.58000", "2017-12-31": "1147.22400", "2016-12-31": "1035.45200", "2015-12-31": "1237.09400", "2014-12-31": "1759.35800", "2013-12-31": "1383.86000", "2012-12-31": "1367.16300", "2011-12-31": "1338.21100", "2010-12-31": "887.87100", "2009-12-31": "649.04300", "2008-12-31": "793.46100", "2007-12-31": "701.01500", "2006-12-31": "478.00700", "2005-12-31": "311.78500"}}, "balance sheet, quarterly": {"Cash On Hand": {"2020-12-31": "84.49600", "2020-09-30": "145.61900", "2020-06-30": "145.40500", "2020-03-31": "82.64600", "2019-12-31": "50.02300", "2019-09-30": "49.52300", "2019-06-30": "47.64200", "2019-03-31": "113.01400", "2018-12-31": "116.26200", "2018-09-30": "128.37300", "2018-06-30": "94.17500", "2018-03-31": "100.98300", "2017-12-31": "91.05000", "2017-09-30": "136.89200", "2017-06-30": "125.81200", "2017-03-31": "104.49800", "2016-12-31": "131.83500", "2016-09-30": "139.08700", "2016-06-30": "141.35400", "2016-03-31": "108.30900", "2015-12-31": "65.19600", "2015-09-30": "7.50800", "2015-06-30": "14.84400", "2015-03-31": "15.47600", "2014-12-31": "9.77200", "2014-09-30": "8.52200", "2014-06-30": "22.16400", "2014-03-31": "44.29300", "2013-12-31": "8.70000", "2013-09-30": "22.93700", "2013-06-30": "10.25900", "2013-03-31": "10.28300", "2012-12-31": "14.16300", "2012-09-30": "11.14200", "2012-06-30": "9.25600", "2012-03-31": "5.73400", "2011-12-31": "7.39300", "2011-09-30": "6.97000", "2011-06-30": "7.19000", "2011-03-31": "11.67800", "2010-12-31": "9.03500", "2010-09-30": "3.23400", "2010-06-30": "3.68300", "2010-03-31": "3.82100", "2009-12-31": "4.48900", "2009-09-30": "3.32500", "2009-06-30": "2.81200", "2009-03-31": "2.31200", "2008-12-31": "3.03700", "2008-09-30": "3.29300", "2008-06-30": "9.02800", "2008-03-31": "11.49000", "2007-12-31": "6.33800", "2007-09-30": "9.65700", "2007-06-30": "4.72300", "2007-03-31": "3.98700", "2006-12-31": "2.72900", "2006-09-30": "7.01500", "2006-06-30": "2.93600", "2006-03-31": "7.38600", "2005-12-31": "12.80900", "2005-09-30": "21.56000", "2005-06-30": "10.61000", "2005-03-31": "22.27200"}, "Receivables": {"2020-12-31": "244.71400", "2020-09-30": "187.46500", "2020-06-30": "156.09000", "2020-03-31": "282.96500", "2019-12-31": "266.71900", "2019-09-30": "309.33400", "2019-06-30": "362.67600", "2019-03-31": "327.81800", "2018-12-31": "359.36500", "2018-09-30": "394.33300", "2018-06-30": "398.07300", "2018-03-31": "414.64400", "2017-12-31": "418.09600", "2017-09-30": "378.55900", "2017-06-30": "352.22500", "2017-03-31": "295.04400", "2016-12-31": "226.34000", "2016-09-30": "195.04900", "2016-06-30": "181.46800", "2016-03-31": "216.84800", "2015-12-31": "283.57900", "2015-09-30": "312.21200", "2015-06-30": "331.84200", "2015-03-31": "445.12400", "2014-12-31": "663.84500", "2014-09-30": "602.66600", "2014-06-30": "582.81400", "2014-03-31": "470.07700", "2013-12-31": "442.85200", "2013-09-30": "405.09600", "2013-06-30": "380.95100", "2013-03-31": "387.12200", "2012-12-31": "391.76400", "2012-09-30": "381.25900", "2012-06-30": "414.03900", "2012-03-31": "426.32700", "2011-12-31": "472.07700", "2011-09-30": "439.63100", "2011-06-30": "400.95200", "2011-03-31": "357.74400", "2010-12-31": "311.25300", "2010-09-30": "280.77800", "2010-06-30": "218.81500", "2010-03-31": "207.16000", "2009-12-31": "148.80300", "2009-09-30": "136.76600", "2009-06-30": "139.65300", "2009-03-31": "165.58600", "2008-12-31": "225.97900", "2008-09-30": "236.45800", "2008-06-30": "193.58200", "2008-03-31": "181.53400", "2007-12-31": "188.45000", "2007-09-30": "171.17700", "2007-06-30": "172.34000", "2007-03-31": "166.14000", "2006-12-31": "152.40800", "2006-09-30": "138.61300", "2006-06-30": "132.12500", "2006-03-31": "116.16500", "2005-12-31": "107.42800", "2005-09-30": "98.83300", "2005-06-30": "82.50300", "2005-03-31": "80.09100"}, "Inventory": {"2020-12-31": "82.91800", "2020-09-30": "84.56600", "2020-06-30": "93.39200", "2020-03-31": "97.26700", "2019-12-31": "100.94700", "2019-09-30": "107.02800", "2019-06-30": "118.60600", "2019-03-31": "124.46400", "2018-12-31": "130.08300", "2018-09-30": "128.95700", "2018-06-30": "126.50400", "2018-03-31": "120.94400", "2017-12-31": "114.86600", "2017-09-30": "113.35900", "2017-06-30": "112.65800", "2017-03-31": "111.94500", "2016-12-31": "108.31600", "2016-09-30": "110.86800", "2016-06-30": "115.95400", "2016-03-31": "125.08900", "2015-12-31": "128.44100", "2015-09-30": "136.24800", "2015-06-30": "146.94500", "2015-03-31": "153.69800", "2014-12-31": "155.61100", "2014-09-30": "153.94800", "2014-06-30": "138.83600", "2014-03-31": "135.72700", "2013-12-31": "126.60400", "2013-09-30": "128.20300", "2013-06-30": "134.17000", "2013-03-31": "132.68200", "2012-12-31": "140.86700", "2012-09-30": "142.55800", "2012-06-30": "119.04600", "2012-03-31": "111.81300", "2011-12-31": "100.43800", "2011-09-30": "93.13600", "2011-06-30": "78.65700", "2011-03-31": "71.29100", "2010-12-31": "64.05900", "2010-09-30": "61.88800", "2010-06-30": "57.59700", "2010-03-31": "58.14600", "2009-12-31": "55.78300", "2009-09-30": "55.42900", "2009-06-30": "54.04400", "2009-03-31": "56.61100", "2008-12-31": "49.77900", "2008-09-30": "40.63300", "2008-06-30": "35.70700", "2008-03-31": "34.41800", "2007-12-31": "29.60200", "2007-09-30": "28.18000", "2007-06-30": "25.03000", "2007-03-31": "24.00600", "2006-12-31": "21.18800", "2006-09-30": "18.55600", "2006-06-30": "16.52400", "2006-03-31": "15.09000", "2005-12-31": "13.29800", "2005-09-30": "12.18600", "2005-06-30": "12.68400", "2005-03-31": "11.56500"}, "Pre-Paid Expenses": {"2020-12-31": "9.12400", "2020-09-30": "4.14900", "2020-06-30": "5.85500", "2020-03-31": "8.70100", "2019-12-31": "10.45900", "2019-09-30": "6.53100", "2019-06-30": "8.15400", "2019-03-31": "9.34300", "2018-12-31": "9.76600", "2018-09-30": "6.34400", "2018-06-30": "6.38200", "2018-03-31": "6.95300", "2017-12-31": "8.99200", "2017-09-30": "5.58700", "2017-06-30": "5.41000", "2017-03-31": "6.89700", "2016-12-31": "6.71800", "2016-09-30": "4.52800", "2016-06-30": "5.11100", "2016-03-31": "7.38400", "2015-12-31": "8.96100", "2015-09-30": "6.03800", "2015-06-30": "6.41700", "2015-03-31": "8.50700", "2014-12-31": "9.13500", "2014-09-30": "5.50700", "2014-06-30": "6.00200", "2014-03-31": "8.53800", "2013-12-31": "9.14300", "2013-09-30": "5.11600", "2013-06-30": "8.05600", "2013-03-31": "10.51600", "2012-12-31": "10.76200", "2012-09-30": "5.12500", "2012-06-30": "6.00000", "2012-03-31": "7.32500", "2011-12-31": "8.47800", "2011-09-30": "17.51900", "2011-06-30": "15.64600", "2011-03-31": "7.75100", "2010-12-31": "5.69500", "2010-09-30": "4.02100", "2010-06-30": "4.28700", "2010-03-31": "4.64400", "2009-12-31": "5.48500", "2009-09-30": "2.67700", "2009-06-30": "3.59400", "2009-03-31": "4.29400", "2008-12-31": "7.84100", "2008-09-30": "4.06300", "2008-06-30": "5.27300", "2008-03-31": "5.90100", "2007-12-31": "6.69600", "2007-09-30": "3.24300", "2007-06-30": "3.88800", "2007-03-31": "4.73400", "2006-12-31": "5.24500", "2006-09-30": "1.90000", "2006-06-30": "2.78300", "2006-03-31": "3.54200", "2005-12-31": "4.00400", "2005-09-30": "1.93600", "2005-06-30": "2.77500", "2005-03-31": "3.46200"}, "Other Current Assets": {"2020-12-31": "7.10700", "2020-09-30": "8.52900", "2020-06-30": "8.36100", "2020-03-31": "8.24500", "2019-12-31": "8.71000", "2019-09-30": "8.69500", "2019-06-30": "3.04900", "2019-03-31": "3.21300", "2018-12-31": "3.46200", "2018-09-30": "5.58300", "2018-06-30": "5.92400", "2018-03-31": "8.55800", "2017-12-31": "7.13100", "2017-09-30": "8.04300", "2017-06-30": "5.57300", "2017-03-31": "6.26900", "2016-12-31": "5.84800", "2016-09-30": "6.27400", "2016-06-30": "5.65000", "2016-03-31": "5.83200", "2015-12-31": "6.03100", "2015-09-30": "7.94000", "2015-06-30": "2.53000", "2015-03-31": "2.95800", "2014-12-31": "3.84300", "2014-09-30": "3.56200", "2014-06-30": "6.78700", "2014-03-31": "1.69100", "2013-12-31": "3.44100", "2013-09-30": "3.40600", "2013-06-30": "5.29400", "2013-03-31": "4.11000", "2012-12-31": "4.49400", "2012-09-30": "11.06300", "2012-06-30": "37.59100", "2012-03-31": "30.39300", "2011-12-31": "30.98600", "2011-09-30": "", "2011-06-30": "", "2011-03-31": "", "2010-12-31": "1.21000", "2010-09-30": "", "2010-06-30": "", "2010-03-31": "", "2009-12-31": "", "2009-09-30": "", "2009-06-30": "", "2009-03-31": "", "2008-12-31": "", "2008-09-30": "", "2008-06-30": "", "2008-03-31": "", "2007-12-31": "", "2007-09-30": "", "2007-06-30": "", "2007-03-31": "", "2006-12-31": "", "2006-09-30": "", "2006-06-30": "", "2006-03-31": "", "2005-12-31": "", "2005-09-30": "", "2005-06-30": "", "2005-03-31": ""}, "Total Current Assets": {"2020-12-31": "428.35900", "2020-09-30": "430.32800", "2020-06-30": "409.10300", "2020-03-31": "479.82400", "2019-12-31": "436.85800", "2019-09-30": "481.11100", "2019-06-30": "540.12700", "2019-03-31": "577.85200", "2018-12-31": "618.93800", "2018-09-30": "663.59000", "2018-06-30": "631.05800", "2018-03-31": "652.08200", "2017-12-31": "640.13500", "2017-09-30": "642.44000", "2017-06-30": "601.67800", "2017-03-31": "524.65300", "2016-12-31": "479.05700", "2016-09-30": "455.80600", "2016-06-30": "449.53700", "2016-03-31": "463.46200", "2015-12-31": "492.20800", "2015-09-30": "478.04200", "2015-06-30": "511.60500", "2015-03-31": "634.23300", "2014-12-31": "851.62800", "2014-09-30": "785.05600", "2014-06-30": "768.22700", "2014-03-31": "672.82800", "2013-12-31": "604.92500", "2013-09-30": "571.92900", "2013-06-30": "546.39200", "2013-03-31": "550.66500", "2012-12-31": "567.82700", "2012-09-30": "557.50400", "2012-06-30": "594.87900", "2012-03-31": "591.62700", "2011-12-31": "626.55500", "2011-09-30": "565.29300", "2011-06-30": "510.12900", "2011-03-31": "456.01400", "2010-12-31": "398.67800", "2010-09-30": "356.74000", "2010-06-30": "290.19000", "2010-03-31": "278.99200", "2009-12-31": "219.45400", "2009-09-30": "203.21400", "2009-06-30": "205.73700", "2009-03-31": "234.80700", "2008-12-31": "292.82300", "2008-09-30": "289.74000", "2008-06-30": "248.19100", "2008-03-31": "237.93700", "2007-12-31": "235.06000", "2007-09-30": "216.72600", "2007-06-30": "210.85700", "2007-03-31": "203.49600", "2006-12-31": "185.95400", "2006-09-30": "170.65900", "2006-06-30": "158.83400", "2006-03-31": "146.45600", "2005-12-31": "142.84300", "2005-09-30": "139.33300", "2005-06-30": "113.06900", "2005-03-31": "122.54100"}, "Property, Plant, And Equipment": {"2020-12-31": "264.41100", "2020-09-30": "275.12400", "2020-06-30": "278.35800", "2020-03-31": "295.26200", "2019-12-31": "516.72700", "2019-09-30": "528.92500", "2019-06-30": "574.85800", "2019-03-31": "537.28900", "2018-12-31": "517.98200", "2018-09-30": "515.80500", "2018-06-30": "523.33000", "2018-03-31": "466.07600", "2017-12-31": "443.92800", "2017-09-30": "444.66200", "2017-06-30": "443.55500", "2017-03-31": "465.24900", "2016-12-31": "497.98600", "2016-09-30": "539.27000", "2016-06-30": "584.96300", "2016-03-31": "635.30700", "2015-12-31": "688.33500", "2015-09-30": "753.41400", "2015-06-30": "813.99300", "2015-03-31": "857.63200", "2014-12-31": "849.38300", "2014-09-30": "775.71400", "2014-06-30": "708.59800", "2014-03-31": "707.77400", "2013-12-31": "726.30700", "2013-09-30": "736.82900", "2013-06-30": "739.62400", "2013-03-31": "758.58700", "2012-12-31": "756.32600", "2012-09-30": "760.11400", "2012-06-30": "748.80600", "2012-03-31": "736.88800", "2011-12-31": "675.36000", "2011-09-30": "612.72400", "2011-06-30": "568.11200", "2011-03-31": "504.77600", "2010-12-31": "453.01700", "2010-09-30": "410.26500", "2010-06-30": "386.31200", "2010-03-31": "373.16300", "2009-12-31": "396.22200", "2009-09-30": "421.79600", "2009-06-30": "444.85600", "2009-03-31": "461.48000", "2008-12-31": "470.11500", "2008-09-30": "477.47900", "2008-06-30": "471.16800", "2008-03-31": "465.95700", "2007-12-31": "433.12600", "2007-09-30": "403.66700", "2007-06-30": "370.90900", "2007-03-31": "314.34800", "2006-12-31": "262.79700", "2006-09-30": "224.69900", "2006-06-30": "180.50600", "2006-03-31": "156.15900", "2005-12-31": "141.21800", "2005-09-30": "135.29000", "2005-06-30": "127.88700", "2005-03-31": "117.94100"}, "Long-Term Investments": {"2020-12-31": "", "2020-09-30": "", "2020-06-30": "", "2020-03-31": "", "2019-12-31": "", "2019-09-30": "", "2019-06-30": "", "2019-03-31": "", "2018-12-31": "", "2018-09-30": "", "2018-06-30": "", "2018-03-31": "", "2017-12-31": "", "2017-09-30": "", "2017-06-30": "", "2017-03-31": "", "2016-12-31": "", "2016-09-30": "", "2016-06-30": "", "2016-03-31": "", "2015-12-31": "", "2015-09-30": "", "2015-06-30": "", "2015-03-31": "", "2014-12-31": "", "2014-09-30": "", "2014-06-30": "", "2014-03-31": "", "2013-12-31": "", "2013-09-30": "", "2013-06-30": "", "2013-03-31": "", "2012-12-31": "", "2012-09-30": "", "2012-06-30": "", "2012-03-31": "", "2011-12-31": "", "2011-09-30": "", "2011-06-30": "", "2011-03-31": "", "2010-12-31": "", "2010-09-30": "", "2010-06-30": "", "2010-03-31": "", "2009-12-31": "", "2009-09-30": "", "2009-06-30": "", "2009-03-31": "", "2008-12-31": "", "2008-09-30": "", "2008-06-30": "", "2008-03-31": "", "2007-12-31": "", "2007-09-30": "", "2007-06-30": "", "2007-03-31": "", "2006-12-31": "", "2006-09-30": "", "2006-06-30": "", "2006-03-31": "", "2005-12-31": "", "2005-09-30": "", "2005-06-30": "", "2005-03-31": ""}, "Goodwill And Intangible Assets": {"2020-12-31": "32.15000", "2020-09-30": "32.15000", "2020-06-30": "32.15000", "2020-03-31": "32.15000", "2019-12-31": "32.15000", "2019-09-30": "32.15000", "2019-06-30": "32.15000", "2019-03-31": "32.15000", "2018-12-31": "32.15000", "2018-09-30": "32.15000", "2018-06-30": "32.15000", "2018-03-31": "32.15000", "2017-12-31": "32.15000", "2017-09-30": "32.15000", "2017-06-30": "32.15000", "2017-03-31": "32.15000", "2016-12-31": "32.15000", "2016-09-30": "32.15000", "2016-06-30": "32.15000", "2016-03-31": "32.15000", "2015-12-31": "32.15000", "2015-09-30": "32.15000", "2015-06-30": "32.15000", "2015-03-31": "32.15000", "2014-12-31": "32.15000", "2014-09-30": "32.15000", "2014-06-30": "32.15000", "2014-03-31": "32.15000", "2013-12-31": "31.86100", "2013-09-30": "24.09300", "2013-06-30": "24.09300", "2013-03-31": "24.09300", "2012-12-31": "24.09300", "2012-09-30": "24.09300", "2012-06-30": "24.09300", "2012-03-31": "24.09300", "2011-12-31": "24.09300", "2011-09-30": "24.09300", "2011-06-30": "24.09300", "2011-03-31": "24.09300", "2010-12-31": "24.09300", "2010-09-30": "24.09300", "2010-06-30": "24.09300", "2010-03-31": "24.09300", "2009-12-31": "24.09300", "2009-09-30": "24.09300", "2009-06-30": "24.09300", "2009-03-31": "24.09300", "2008-12-31": "24.09300", "2008-09-30": "24.09300", "2008-06-30": "24.09300", "2008-03-31": "24.09300", "2007-12-31": "24.09300", "2007-09-30": "24.09300", "2007-06-30": "24.09300", "2007-03-31": "24.09300", "2006-12-31": "24.09300", "2006-09-30": "24.09300", "2006-06-30": "24.09300", "2006-03-31": "24.09300", "2005-12-31": "24.09300", "2005-09-30": "24.15100", "2005-06-30": "24.77000", "2005-03-31": "20.50900"}, "Other Long-Term Assets": {"2020-12-31": "38.31500", "2020-09-30": "35.00600", "2020-06-30": "34.04200", "2020-03-31": "28.64600", "2019-12-31": "33.63300", "2019-09-30": "32.12100", "2019-06-30": "34.10500", "2019-03-31": "33.34700", "2018-12-31": "30.51000", "2018-09-30": "34.11700", "2018-06-30": "32.11000", "2018-03-31": "30.70900", "2017-12-31": "31.01100", "2017-09-30": "29.37400", "2017-06-30": "28.50200", "2017-03-31": "27.00200", "2016-12-31": "26.25900", "2016-09-30": "25.66600", "2016-06-30": "24.62700", "2016-03-31": "24.27700", "2015-12-31": "24.40100", "2015-09-30": "24.48500", "2015-06-30": "26.03400", "2015-03-31": "25.96500", "2014-12-31": "26.19700", "2014-09-30": "23.11300", "2014-06-30": "21.88600", "2014-03-31": "21.54300", "2013-12-31": "20.76700", "2013-09-30": "19.47800", "2013-06-30": "18.87300", "2013-03-31": "19.23100", "2012-12-31": "18.91700", "2012-09-30": "16.43500", "2012-06-30": "15.86300", "2012-03-31": "16.39900", "2011-12-31": "12.20300", "2011-09-30": "11.92100", "2011-06-30": "12.45800", "2011-03-31": "12.24000", "2010-12-31": "12.08300", "2010-09-30": "11.76700", "2010-06-30": "9.58000", "2010-03-31": "9.61300", "2009-12-31": "9.27400", "2009-09-30": "8.96400", "2009-06-30": "7.96600", "2009-03-31": "7.21700", "2008-12-31": "6.43000", "2008-09-30": "9.74300", "2008-06-30": "9.70200", "2008-03-31": "9.37200", "2007-12-31": "8.73600", "2007-09-30": "6.05000", "2007-06-30": "5.85400", "2007-03-31": "5.70600", "2006-12-31": "5.16300", "2006-09-30": "4.73400", "2006-06-30": "4.37200", "2006-03-31": "4.25400", "2005-12-31": "3.63100", "2005-09-30": "3.21900", "2005-06-30": "3.24200", "2005-03-31": "3.12100"}, "Total Long-Term Assets": {"2020-12-31": "362.14600", "2020-09-30": "370.54900", "2020-06-30": "373.76500", "2020-03-31": "389.30800", "2019-12-31": "616.36000", "2019-09-30": "628.75200", "2019-06-30": "683.84000", "2019-03-31": "648.64000", "2018-12-31": "580.64200", "2018-09-30": "582.07200", "2018-06-30": "587.59000", "2018-03-31": "528.93500", "2017-12-31": "507.08900", "2017-09-30": "506.18600", "2017-06-30": "504.20700", "2017-03-31": "524.40100", "2016-12-31": "556.39500", "2016-09-30": "597.08610", "2016-06-30": "641.74010", "2016-03-31": "691.73400", "2015-12-31": "744.88600", "2015-09-30": "810.04900", "2015-06-30": "872.17700", "2015-03-31": "915.74710", "2014-12-31": "907.73000", "2014-09-30": "830.97700", "2014-06-30": "762.63400", "2014-03-31": "761.46700", "2013-12-31": "778.93510", "2013-09-30": "780.40000", "2013-06-30": "782.59000", "2013-03-31": "801.91100", "2012-12-31": "799.33600", "2012-09-30": "800.64200", "2012-06-30": "788.76200", "2012-03-31": "777.38000", "2011-12-31": "711.65600", "2011-09-30": "648.73800", "2011-06-30": "604.66300", "2011-03-31": "541.10900", "2010-12-31": "489.19300", "2010-09-30": "446.12500", "2010-06-30": "419.98500", "2010-03-31": "406.86900", "2009-12-31": "429.58900", "2009-09-30": "454.85300", "2009-06-30": "476.91500", "2009-03-31": "492.79000", "2008-12-31": "500.63800", "2008-09-30": "511.31500", "2008-06-30": "504.96300", "2008-03-31": "499.42200", "2007-12-31": "465.95500", "2007-09-30": "433.81000", "2007-06-30": "400.85600", "2007-03-31": "344.14700", "2006-12-31": "292.05300", "2006-09-30": "253.52600", "2006-06-30": "208.97100", "2006-03-31": "184.50600", "2005-12-31": "168.94200", "2005-09-30": "162.66000", "2005-06-30": "155.89900", "2005-03-31": "141.57100"}, "Total Assets": {"2020-12-31": "790.50500", "2020-09-30": "800.87700", "2020-06-30": "782.86800", "2020-03-31": "869.13200", "2019-12-31": "1053.21800", "2019-09-30": "1109.86300", "2019-06-30": "1223.96700", "2019-03-31": "1226.49200", "2018-12-31": "1199.58000", "2018-09-30": "1245.66200", "2018-06-30": "1218.64800", "2018-03-31": "1181.01700", "2017-12-31": "1147.22400", "2017-09-30": "1148.62600", "2017-06-30": "1105.88500", "2017-03-31": "1049.05400", "2016-12-31": "1035.45200", "2016-09-30": "1052.89200", "2016-06-30": "1091.27700", "2016-03-31": "1155.19600", "2015-12-31": "1237.09400", "2015-09-30": "1288.09100", "2015-06-30": "1383.78200", "2015-03-31": "1549.98000", "2014-12-31": "1759.35800", "2014-09-30": "1616.03300", "2014-06-30": "1530.86100", "2014-03-31": "1434.29500", "2013-12-31": "1383.86000", "2013-09-30": "1352.32900", "2013-06-30": "1328.98200", "2013-03-31": "1352.57600", "2012-12-31": "1367.16300", "2012-09-30": "1358.14600", "2012-06-30": "1383.64100", "2012-03-31": "1369.00700", "2011-12-31": "1338.21100", "2011-09-30": "1214.03100", "2011-06-30": "1114.79200", "2011-03-31": "997.12300", "2010-12-31": "887.87100", "2010-09-30": "802.86500", "2010-06-30": "710.17500", "2010-03-31": "685.86100", "2009-12-31": "649.04300", "2009-09-30": "658.06700", "2009-06-30": "682.65200", "2009-03-31": "727.59700", "2008-12-31": "793.46100", "2008-09-30": "801.05500", "2008-06-30": "753.15400", "2008-03-31": "737.35900", "2007-12-31": "701.01500", "2007-09-30": "650.53600", "2007-06-30": "611.71300", "2007-03-31": "547.64300", "2006-12-31": "478.00700", "2006-09-30": "424.18500", "2006-06-30": "367.80500", "2006-03-31": "330.96200", "2005-12-31": "311.78500", "2005-09-30": "301.99300", "2005-06-30": "268.96800", "2005-03-31": "264.11200"}, "Total Current Liabilities": {"2020-12-31": "79.56500", "2020-09-30": "93.26200", "2020-06-30": "58.81400", "2020-03-31": "118.17800", "2019-12-31": "101.40200", "2019-09-30": "136.22000", "2019-06-30": "172.38400", "2019-03-31": "163.52700", "2018-12-31": "143.23700", "2018-09-30": "177.58500", "2018-06-30": "183.39600", "2018-03-31": "178.51100", "2017-12-31": "145.36000", "2017-09-30": "164.36300", "2017-06-30": "148.34400", "2017-03-31": "124.77000", "2016-12-31": "101.46800", "2016-09-30": "87.08400", "2016-06-30": "76.04600", "2016-03-31": "81.90100", "2015-12-31": "107.46400", "2015-09-30": "117.26400", "2015-06-30": "116.72900", "2015-03-31": "133.55900", "2014-12-31": "239.01200", "2014-09-30": "241.47600", "2014-06-30": "205.46000", "2014-03-31": "192.53900", "2013-12-31": "168.05200", "2013-09-30": "165.73800", "2013-06-30": "162.54800", "2013-03-31": "161.37700", "2012-12-31": "164.51100", "2012-09-30": "166.96100", "2012-06-30": "166.15600", "2012-03-31": "206.76000", "2011-12-31": "179.46600", "2011-09-30": "185.07500", "2011-06-30": "175.61000", "2011-03-31": "157.91400", "2010-12-31": "117.50400", "2010-09-30": "125.74000", "2010-06-30": "87.98000", "2010-03-31": "74.14600", "2009-12-31": "67.77300", "2009-09-30": "56.60800", "2009-06-30": "54.65000", "2009-03-31": "72.80300", "2008-12-31": "92.32900", "2008-09-30": "106.53100", "2008-06-30": "91.18200", "2008-03-31": "107.95800", "2007-12-31": "90.72200", "2007-09-30": "78.61900", "2007-06-30": "80.36200", "2007-03-31": "80.39500", "2006-12-31": "74.65200", "2006-09-30": "81.13300", "2006-06-30": "59.00000", "2006-03-31": "49.22100", "2005-12-31": "47.62800", "2005-09-30": "61.28000", "2005-06-30": "48.52200", "2005-03-31": "43.96000"}, "Long Term Debt": {"2020-12-31": "", "2020-09-30": "14.17700", "2020-06-30": "", "2020-03-31": "", "2019-12-31": "14.04000", "2019-09-30": "13.54300", "2019-06-30": "", "2019-03-31": "", "2018-12-31": "", "2018-09-30": "11.43500", "2018-06-30": "", "2018-03-31": "", "2017-12-31": "", "2017-09-30": "", "2017-06-30": "", "2017-03-31": "", "2016-12-31": "", "2016-09-30": "", "2016-06-30": "", "2016-03-31": "", "2015-12-31": "", "2015-09-30": "30.37400", "2015-06-30": "54.90000", "2015-03-31": "166.46800", "2014-12-31": "224.50000", "2014-09-30": "152.00000", "2014-06-30": "131.40000", "2014-03-31": "80.80000", "2013-12-31": "53.30000", "2013-09-30": "51.40000", "2013-06-30": "67.20000", "2013-03-31": "87.60000", "2012-12-31": "107.00000", "2012-09-30": "83.70000", "2012-06-30": "162.00000", "2012-03-31": "180.80000", "2011-12-31": "203.30000", "2011-09-30": "140.80000", "2011-06-30": "173.10000", "2011-03-31": "149.80000", "2010-12-31": "121.25000", "2010-09-30": "108.30000", "2010-06-30": "100.85000", "2010-03-31": "114.30000", "2009-12-31": "90.30000", "2009-09-30": "101.85000", "2009-06-30": "123.55000", "2009-03-31": "132.50000", "2008-12-31": "174.45000", "2008-09-30": "185.60000", "2008-06-30": "182.55000", "2008-03-31": "169.05000", "2007-12-31": "156.40000", "2007-09-30": "148.85000", "2007-06-30": "125.15000", "2007-03-31": "79.45000", "2006-12-31": "35.60000", "2006-09-30": "6.65000", "2006-06-30": "", "2006-03-31": "", "2005-12-31": "", "2005-09-30": "", "2005-06-30": "", "2005-03-31": ""}, "Other Non-Current Liabilities": {"2020-12-31": "11.87100", "2020-09-30": "0.04900", "2020-06-30": "13.10100", "2020-03-31": "14.91400", "2019-12-31": "2.49200", "2019-09-30": "2.50500", "2019-06-30": "16.78600", "2019-03-31": "15.21500", "2018-12-31": "15.91100", "2018-09-30": "3.83400", "2018-06-30": "14.71700", "2018-03-31": "15.52100", "2017-12-31": "15.09500", "2017-09-30": "13.94700", "2017-06-30": "13.46300", "2017-03-31": "13.17000", "2016-12-31": "12.85500", "2016-09-30": "13.04400", "2016-06-30": "13.44500", "2016-03-31": "13.62600", "2015-12-31": "28.84500", "2015-09-30": "15.99200", "2015-06-30": "27.14200", "2015-03-31": "15.52300", "2014-12-31": "26.08800", "2014-09-30": "24.36700", "2014-06-30": "22.03000", "2014-03-31": "19.08500", "2013-12-31": "18.66400", "2013-09-30": "14.12900", "2013-06-30": "13.63900", "2013-03-31": "13.10200", "2012-12-31": "14.87000", "2012-09-30": "14.33600", "2012-06-30": "12.04400", "2012-03-31": "11.19200", "2011-12-31": "12.48000", "2011-09-30": "11.81500", "2011-06-30": "11.50700", "2011-03-31": "10.00700", "2010-12-31": "10.93700", "2010-09-30": "10.27300", "2010-06-30": "10.14700", "2010-03-31": "9.53600", "2009-12-31": "10.43500", "2009-09-30": "10.33900", "2009-06-30": "10.67600", "2009-03-31": "10.44200", "2008-12-31": "12.02600", "2008-09-30": "11.16300", "2008-06-30": "10.72600", "2008-03-31": "10.33400", "2007-12-31": "10.85800", "2007-09-30": "10.54400", "2007-06-30": "9.15200", "2007-03-31": "8.81500", "2006-12-31": "11.21000", "2006-09-30": "9.90800", "2006-06-30": "8.45000", "2006-03-31": "7.26800", "2005-12-31": "9.28400", "2005-09-30": "8.15500", "2005-06-30": "8.31300", "2005-03-31": "7.66600"}, "Total Long Term Liabilities": {"2020-12-31": "79.37300", "2020-09-30": "70.06000", "2020-06-30": "75.40100", "2020-03-31": "79.71900", "2019-12-31": "121.48300", "2019-09-30": "118.46800", "2019-06-30": "129.90800", "2019-03-31": "135.10200", "2018-12-31": "105.92400", "2018-09-30": "91.47600", "2018-06-30": "90.26500", "2018-03-31": "88.79900", "2017-12-31": "90.16700", "2017-09-30": "102.41000", "2017-06-30": "109.23000", "2017-03-31": "116.67600", "2016-12-31": "127.18500", "2016-09-30": "127.99800", "2016-06-30": "141.22200", "2016-03-31": "153.47200", "2015-12-31": "177.34900", "2015-09-30": "183.91800", "2015-06-30": "247.05800", "2015-03-31": "354.32600", "2014-12-31": "441.96400", "2014-09-30": "313.61200", "2014-06-30": "303.75600", "2014-03-31": "263.44400", "2013-12-31": "247.10600", "2013-09-30": "239.64000", "2013-06-30": "249.28700", "2013-03-31": "278.71000", "2012-12-31": "303.42000", "2012-09-30": "283.23200", "2012-06-30": "360.67200", "2012-03-31": "361.84900", "2011-12-31": "396.15300", "2011-09-30": "310.12800", "2011-06-30": "292.91800", "2011-03-31": "257.49700", "2010-12-31": "231.47200", "2010-09-30": "186.88500", "2010-06-30": "173.92800", "2010-03-31": "192.54900", "2009-12-31": "171.54700", "2009-09-30": "184.04300", "2009-06-30": "197.64000", "2009-03-31": "208.68200", "2008-12-31": "252.04800", "2008-09-30": "249.97300", "2008-06-30": "229.63100", "2008-03-31": "214.98500", "2007-12-31": "201.02100", "2007-09-30": "181.51200", "2007-06-30": "152.07100", "2007-03-31": "107.99700", "2006-12-31": "68.06800", "2006-09-30": "36.79500", "2006-06-30": "28.57000", "2006-03-31": "26.84300", "2005-12-31": "31.65600", "2005-09-30": "27.59300", "2005-06-30": "29.36200", "2005-03-31": "29.66000"}, "Total Liabilities": {"2020-12-31": "158.93800", "2020-09-30": "163.32200", "2020-06-30": "134.21500", "2020-03-31": "197.89700", "2019-12-31": "222.88500", "2019-09-30": "254.68800", "2019-06-30": "302.29200", "2019-03-31": "298.62900", "2018-12-31": "249.16100", "2018-09-30": "269.06100", "2018-06-30": "273.66100", "2018-03-31": "267.31000", "2017-12-31": "235.52700", "2017-09-30": "266.77300", "2017-06-30": "257.57400", "2017-03-31": "241.44600", "2016-12-31": "228.65300", "2016-09-30": "215.08200", "2016-06-30": "217.26800", "2016-03-31": "235.37300", "2015-12-31": "284.81300", "2015-09-30": "301.18200", "2015-06-30": "363.78700", "2015-03-31": "487.88500", "2014-12-31": "680.97600", "2014-09-30": "555.08800", "2014-06-30": "509.21600", "2014-03-31": "455.98300", "2013-12-31": "415.15800", "2013-09-30": "405.37800", "2013-06-30": "411.83500", "2013-03-31": "440.08700", "2012-12-31": "467.93100", "2012-09-30": "450.19300", "2012-06-30": "526.82800", "2012-03-31": "568.60900", "2011-12-31": "575.61900", "2011-09-30": "495.20300", "2011-06-30": "468.52800", "2011-03-31": "415.41100", "2010-12-31": "348.97600", "2010-09-30": "312.62500", "2010-06-30": "261.90800", "2010-03-31": "266.69500", "2009-12-31": "239.32000", "2009-09-30": "240.65100", "2009-06-30": "252.29000", "2009-03-31": "281.48500", "2008-12-31": "344.37700", "2008-09-30": "356.50400", "2008-06-30": "320.81300", "2008-03-31": "322.94300", "2007-12-31": "291.74300", "2007-09-30": "260.13100", "2007-06-30": "232.43300", "2007-03-31": "188.39200", "2006-12-31": "142.72000", "2006-09-30": "117.92800", "2006-06-30": "87.57000", "2006-03-31": "76.06400", "2005-12-31": "79.28400", "2005-09-30": "88.87300", "2005-06-30": "77.88400", "2005-03-31": "73.62000"}, "Common Stock Net": {"2020-12-31": "21.49500", "2020-09-30": "21.50700", "2020-06-30": "21.51200", "2020-03-31": "21.52600", "2019-12-31": "21.44300", "2019-09-30": "21.45000", "2019-06-30": "21.45800", "2019-03-31": "21.51400", "2018-12-31": "21.45400", "2018-09-30": "21.48000", "2018-06-30": "21.48300", "2018-03-31": "21.54700", "2017-12-31": "21.65400", "2017-09-30": "21.65800", "2017-06-30": "21.73500", "2017-03-31": "21.77800", "2016-12-31": "21.74900", "2016-09-30": "21.75200", "2016-06-30": "21.75500", "2016-03-31": "21.76100", "2015-12-31": "21.69900", "2015-09-30": "21.70100", "2015-06-30": "21.70200", "2015-03-31": "21.70700", "2014-12-31": "21.65400", "2014-09-30": "21.86000", "2014-06-30": "21.88300", "2014-03-31": "21.88400", "2013-12-31": "21.89900", "2013-09-30": "21.90400", "2013-06-30": "21.93600", "2013-03-31": "22.05600", "2012-12-31": "22.01400", "2012-09-30": "21.97200", "2012-06-30": "21.94300", "2012-03-31": "21.94900", "2011-12-31": "22.11900", "2011-09-30": "14.83100", "2011-06-30": "14.82900", "2011-03-31": "14.80400", "2010-12-31": "14.81800", "2010-09-30": "9.87600", "2010-06-30": "9.87600", "2010-03-31": "9.88300", "2009-12-31": "14.75400", "2009-09-30": "9.83800", "2009-06-30": "9.84000", "2009-03-31": "9.84300", "2008-12-31": "9.77000", "2008-09-30": "9.81000", "2008-06-30": "9.85900", "2008-03-31": "9.85800", "2007-12-31": "9.80400", "2007-09-30": "9.80100", "2007-06-30": "9.80000", "2007-03-31": "9.78300", "2006-12-31": "9.72100", "2006-09-30": "6.47400", "2006-06-30": "6.49200", "2006-03-31": "6.48000", "2005-12-31": "9.66800", "2005-09-30": "4.29000", "2005-06-30": "4.28200", "2005-03-31": "4.34700"}, "Retained Earnings (Accumulated Deficit)": {"2020-12-31": "627.77800", "2020-09-30": "638.59000", "2020-06-30": "649.84400", "2020-03-31": "672.91200", "2019-12-31": "832.11300", "2019-09-30": "854.17000", "2019-06-30": "920.91700", "2019-03-31": "927.55600", "2018-12-31": "947.71100", "2018-09-30": "971.38200", "2018-06-30": "940.30800", "2018-03-31": "909.18500", "2017-12-31": "906.74500", "2017-09-30": "877.32000", "2017-06-30": "844.19800", "2017-03-31": "803.77000", "2016-12-31": "803.15200", "2016-09-30": "832.93700", "2016-06-30": "869.12200", "2016-03-31": "915.22100", "2015-12-31": "948.55100", "2015-09-30": "984.16800", "2015-06-30": "1016.75400", "2015-03-31": "1059.10500", "2014-12-31": "1074.56100", "2014-09-30": "1049.63600", "2014-06-30": "1009.71100", "2014-03-31": "966.96600", "2013-12-31": "956.91800", "2013-09-30": "939.33600", "2013-06-30": "909.86700", "2013-03-31": "904.86000", "2012-12-31": "891.46400", "2012-09-30": "898.23200", "2012-06-30": "847.44300", "2012-03-31": "790.89300", "2011-12-31": "753.11900", "2011-09-30": "713.53700", "2011-06-30": "640.56200", "2011-03-31": "576.11200", "2010-12-31": "527.15000", "2010-09-30": "478.56000", "2010-06-30": "438.19000", "2010-03-31": "410.51900", "2009-12-31": "401.05500", "2009-09-30": "410.18600", "2009-06-30": "424.58800", "2009-03-31": "443.01800", "2008-12-31": "445.35600", "2008-09-30": "430.77800", "2008-06-30": "410.85400", "2008-03-31": "394.24400", "2007-12-31": "385.28100", "2007-09-30": "369.85000", "2007-06-30": "359.82000", "2007-03-31": "340.86100", "2006-12-31": "317.70500", "2006-09-30": "291.58900", "2006-06-30": "266.00800", "2006-03-31": "241.63700", "2005-12-31": "219.90700", "2005-09-30": "200.05100", "2005-06-30": "178.62500", "2005-03-31": "168.41100"}, "Comprehensive Income": {"2020-12-31": "-17.70600", "2020-09-30": "-22.54200", "2020-06-30": "-22.70300", "2020-03-31": "-23.20300", "2019-12-31": "-23.22300", "2019-09-30": "-20.44500", "2019-06-30": "-20.70000", "2019-03-31": "-21.20700", "2018-12-31": "-18.74600", "2018-09-30": "-16.26100", "2018-06-30": "-16.80400", "2018-03-31": "-17.02500", "2017-12-31": "-16.70200", "2017-09-30": "-17.12500", "2017-06-30": "-17.62200", "2017-03-31": "-17.94000", "2016-12-31": "-18.10200", "2016-09-30": "-16.87900", "2016-06-30": "-16.86800", "2016-03-31": "-17.15900", "2015-12-31": "-17.96900", "2015-09-30": "-18.96000", "2015-06-30": "-18.46100", "2015-03-31": "-18.71700", "2014-12-31": "-17.83300", "2014-09-30": "-10.55100", "2014-06-30": "-9.94900", "2014-03-31": "-10.53800", "2013-12-31": "-10.11500", "2013-09-30": "-14.28900", "2013-06-30": "-14.65600", "2013-03-31": "-14.42700", "2012-12-31": "-14.24600", "2012-09-30": "-12.25100", "2012-06-30": "-12.57300", "2012-03-31": "-12.44400", "2011-12-31": "-12.64600", "2011-09-30": "-9.54000", "2011-06-30": "-9.12700", "2011-03-31": "-9.20400", "2010-12-31": "-9.53300", "2010-09-30": "-8.43100", "2010-06-30": "-8.71000", "2010-03-31": "-8.71500", "2009-12-31": "-8.80600", "2009-09-30": "-9.00000", "2009-06-30": "-9.35600", "2009-03-31": "-10.07100", "2008-12-31": "-10.03200", "2008-09-30": "-2.53300", "2008-06-30": "-1.98400", "2008-03-31": "-2.47800", "2007-12-31": "-2.54100", "2007-09-30": "-5.10400", "2007-06-30": "-5.31800", "2007-03-31": "-5.51100", "2006-12-31": "-5.73400", "2006-09-30": "-7.87400", "2006-06-30": "-7.85400", "2006-03-31": "-7.80300", "2005-12-31": "-7.69500", "2005-09-30": "-6.62500", "2005-06-30": "-6.75400", "2005-03-31": "-6.77300"}, "Other Share Holders Equity": {"2020-12-31": "", "2020-09-30": "", "2020-06-30": "", "2020-03-31": "", "2019-12-31": "", "2019-09-30": "", "2019-06-30": "", "2019-03-31": "", "2018-12-31": "", "2018-09-30": "", "2018-06-30": "", "2018-03-31": "", "2017-12-31": "", "2017-09-30": "", "2017-06-30": "", "2017-03-31": "", "2016-12-31": "", "2016-09-30": "", "2016-06-30": "", "2016-03-31": "", "2015-12-31": "", "2015-09-30": "", "2015-06-30": "", "2015-03-31": "", "2014-12-31": "", "2014-09-30": "", "2014-06-30": "", "2014-03-31": "", "2013-12-31": "", "2013-09-30": "", "2013-06-30": "", "2013-03-31": "", "2012-12-31": "", "2012-09-30": "", "2012-06-30": "", "2012-03-31": "", "2011-12-31": "", "2011-09-30": "", "2011-06-30": "", "2011-03-31": "", "2010-12-31": "", "2010-09-30": "", "2010-06-30": "", "2010-03-31": "", "2009-12-31": "", "2009-09-30": "", "2009-06-30": "", "2009-03-31": "", "2008-12-31": "", "2008-09-30": "", "2008-06-30": "", "2008-03-31": "", "2007-12-31": "", "2007-09-30": "", "2007-06-30": "", "2007-03-31": "", "2006-12-31": "", "2006-09-30": "", "2006-06-30": "", "2006-03-31": "", "2005-12-31": "", "2005-09-30": "", "2005-06-30": "", "2005-03-31": ""}, "Share Holder Equity": {"2020-12-31": "631.56700", "2020-09-30": "637.55500", "2020-06-30": "648.65300", "2020-03-31": "671.23500", "2019-12-31": "830.33300", "2019-09-30": "855.17500", "2019-06-30": "921.67500", "2019-03-31": "927.86300", "2018-12-31": "950.41900", "2018-09-30": "976.60100", "2018-06-30": "944.98700", "2018-03-31": "913.70700", "2017-12-31": "911.69700", "2017-09-30": "881.85300", "2017-06-30": "848.31100", "2017-03-31": "807.60800", "2016-12-31": "806.79900", "2016-09-30": "837.81000", "2016-06-30": "874.00900", "2016-03-31": "919.82300", "2015-12-31": "952.28100", "2015-09-30": "986.90900", "2015-06-30": "1019.99500", "2015-03-31": "1062.09500", "2014-12-31": "1078.38200", "2014-09-30": "1060.94500", "2014-06-30": "1021.64500", "2014-03-31": "978.31200", "2013-12-31": "968.70200", "2013-09-30": "946.95100", "2013-06-30": "917.14700", "2013-03-31": "912.48900", "2012-12-31": "899.23200", "2012-09-30": "907.95300", "2012-06-30": "856.81300", "2012-03-31": "800.39800", "2011-12-31": "762.59200", "2011-09-30": "718.82800", "2011-06-30": "646.26400", "2011-03-31": "581.71200", "2010-12-31": "538.89500", "2010-09-30": "490.24000", "2010-06-30": "448.26700", "2010-03-31": "419.16600", "2009-12-31": "409.72300", "2009-09-30": "417.41600", "2009-06-30": "430.36200", "2009-03-31": "446.11200", "2008-12-31": "449.08400", "2008-09-30": "444.55100", "2008-06-30": "432.34100", "2008-03-31": "414.41600", "2007-12-31": "409.27200", "2007-09-30": "390.40500", "2007-06-30": "379.28000", "2007-03-31": "359.25100", "2006-12-31": "335.28700", "2006-09-30": "306.25700", "2006-06-30": "280.23500", "2006-03-31": "254.89800", "2005-12-31": "232.50100", "2005-09-30": "213.12000", "2005-06-30": "191.08400", "2005-03-31": "190.49200"}, "Total Liabilities And Share Holders Equity": {"2020-12-31": "790.50500", "2020-09-30": "800.87700", "2020-06-30": "782.86800", "2020-03-31": "869.13200", "2019-12-31": "1053.21800", "2019-09-30": "1109.86300", "2019-06-30": "1223.96700", "2019-03-31": "1226.49200", "2018-12-31": "1199.58000", "2018-09-30": "1245.66200", "2018-06-30": "1218.64800", "2018-03-31": "1181.01700", "2017-12-31": "1147.22400", "2017-09-30": "1148.62600", "2017-06-30": "1105.88500", "2017-03-31": "1049.05400", "2016-12-31": "1035.45200", "2016-09-30": "1052.89200", "2016-06-30": "1091.27700", "2016-03-31": "1155.19600", "2015-12-31": "1237.09400", "2015-09-30": "1288.09100", "2015-06-30": "1383.78200", "2015-03-31": "1549.98000", "2014-12-31": "1759.35800", "2014-09-30": "1616.03300", "2014-06-30": "1530.86100", "2014-03-31": "1434.29500", "2013-12-31": "1383.86000", "2013-09-30": "1352.32900", "2013-06-30": "1328.98200", "2013-03-31": "1352.57600", "2012-12-31": "1367.16300", "2012-09-30": "1358.14600", "2012-06-30": "1383.64100", "2012-03-31": "1369.00700", "2011-12-31": "1338.21100", "2011-09-30": "1214.03100", "2011-06-30": "1114.79200", "2011-03-31": "997.12300", "2010-12-31": "887.87100", "2010-09-30": "802.86500", "2010-06-30": "710.17500", "2010-03-31": "685.86100", "2009-12-31": "649.04300", "2009-09-30": "658.06700", "2009-06-30": "682.65200", "2009-03-31": "727.59700", "2008-12-31": "793.46100", "2008-09-30": "801.05500", "2008-06-30": "753.15400", "2008-03-31": "737.35900", "2007-12-31": "701.01500", "2007-09-30": "650.53600", "2007-06-30": "611.71300", "2007-03-31": "547.64300", "2006-12-31": "478.00700", "2006-09-30": "424.18500", "2006-06-30": "367.80500", "2006-03-31": "330.96200", "2005-12-31": "311.78500", "2005-09-30": "301.99300", "2005-06-30": "268.96800", "2005-03-31": "264.11200"}}, "cash flow statement": {"Net Income/Loss": {"2020-12-31": "0.00000", "2019-12-31": "-87.11100", "2018-12-31": "175.40200", "2017-12-31": "162.51100", "2016-12-31": "-141.24600", "2015-12-31": "-99.56100", "2014-12-31": "245.19300", "2013-12-31": "166.89500", "2012-12-31": "274.43600", "2011-12-31": "296.38100", "2010-12-31": "146.74200", "2009-12-31": "-22.74500", "2008-12-31": "83.40300", "2007-12-31": "87.04900", "2006-12-31": "110.79400", "2005-12-31": "66.48400"}, "Total Depreciation And Amortization - Cash Flow": {"2020-12-31": "", "2019-12-31": "172.60700", "2018-12-31": "166.78900", "2017-12-31": "166.55800", "2016-12-31": "221.03800", "2015-12-31": "275.41300", "2014-12-31": "233.94000", "2013-12-31": "215.81200", "2012-12-31": "214.15300", "2011-12-31": "179.78700", "2010-12-31": "133.25300", "2009-12-31": "130.58100", "2008-12-31": "118.44400", "2007-12-31": "78.49300", "2006-12-31": "46.72600", "2005-12-31": "39.12900"}, "Other Non-Cash Items": {"2020-12-31": "", "2019-12-31": "57.19400", "2018-12-31": "16.80400", "2017-12-31": "-36.04900", "2016-12-31": "-32.33800", "2015-12-31": "-18.04600", "2014-12-31": "32.56400", "2013-12-31": "1.31000", "2012-12-31": "16.05600", "2011-12-31": "85.60900", "2010-12-31": "22.76200", "2009-12-31": "3.54500", "2008-12-31": "23.71800", "2007-12-31": "11.50600", "2006-12-31": "-2.09300", "2005-12-31": "-12.75900"}, "Total Non-Cash Items": {"2020-12-31": "", "2019-12-31": "229.80100", "2018-12-31": "183.59300", "2017-12-31": "130.50900", "2016-12-31": "188.70000", "2015-12-31": "257.36700", "2014-12-31": "266.50400", "2013-12-31": "217.12200", "2012-12-31": "230.20900", "2011-12-31": "265.39600", "2010-12-31": "156.01500", "2009-12-31": "134.12600", "2008-12-31": "142.16200", "2007-12-31": "89.99900", "2006-12-31": "44.63300", "2005-12-31": "26.37000"}, "Change In Accounts Receivable": {"2020-12-31": "", "2019-12-31": "81.09400", "2018-12-31": "53.98200", "2017-12-31": "-208.64200", "2016-12-31": "64.71500", "2015-12-31": "401.75300", "2014-12-31": "-198.02100", "2013-12-31": "-49.95900", "2012-12-31": "73.80900", "2011-12-31": "-167.31200", "2010-12-31": "-163.16200", "2009-12-31": "80.03500", "2008-12-31": "-34.50800", "2007-12-31": "-27.49700", "2006-12-31": "-41.09300", "2005-12-31": "-31.63500"}, "Change In Inventories": {"2020-12-31": "", "2019-12-31": "20.96200", "2018-12-31": "-15.66000", "2017-12-31": "-6.27500", "2016-12-31": "20.29400", "2015-12-31": "26.66700", "2014-12-31": "-29.70800", "2013-12-31": "14.07800", "2012-12-31": "-40.35400", "2011-12-31": "-36.51100", "2010-12-31": "-8.13000", "2009-12-31": "-5.79800", "2008-12-31": "-20.37700", "2007-12-31": "-8.31600", "2006-12-31": "-7.88600", "2005-12-31": "-2.44500"}, "Change In Accounts Payable": {"2020-12-31": "", "2019-12-31": "-42.24100", "2018-12-31": "-7.75400", "2017-12-31": "29.17600", "2016-12-31": "-6.25000", "2015-12-31": "-62.44600", "2014-12-31": "36.42100", "2013-12-31": "14.06200", "2012-12-31": "-4.92900", "2011-12-31": "30.10200", "2010-12-31": "14.19100", "2009-12-31": "-5.71100", "2008-12-31": "9.69100", "2007-12-31": "7.82600", "2006-12-31": "8.95800", "2005-12-31": "7.04800"}, "Change In Assets/Liabilities": {"2020-12-31": "", "2019-12-31": "3.64200", "2018-12-31": "-4.65100", "2017-12-31": "-2.47400", "2016-12-31": "-15.16900", "2015-12-31": "1.57700", "2014-12-31": "6.78400", "2013-12-31": "7.70400", "2012-12-31": "17.89100", "2011-12-31": "-30.73200", "2010-12-31": "1.28600", "2009-12-31": "3.08100", "2008-12-31": "-2.62600", "2007-12-31": "-6.43400", "2006-12-31": "-2.18100", "2005-12-31": "0.23500"}, "Total Change In Assets/Liabilities": {"2020-12-31": "", "2019-12-31": "66.45100", "2018-12-31": "30.01400", "2017-12-31": "-159.31600", "2016-12-31": "54.25000", "2015-12-31": "315.98600", "2014-12-31": "-188.94000", "2013-12-31": "-18.39300", "2012-12-31": "55.28800", "2011-12-31": "-175.77000", "2010-12-31": "-134.10000", "2009-12-31": "57.35900", "2008-12-31": "-48.24500", "2007-12-31": "-35.17600", "2006-12-31": "-37.19900", "2005-12-31": "-26.49200"}, "Cash Flow From Operating Activities": {"2020-12-31": "", "2019-12-31": "209.14100", "2018-12-31": "389.00900", "2017-12-31": "133.70400", "2016-12-31": "101.70400", "2015-12-31": "473.79200", "2014-12-31": "322.75700", "2013-12-31": "365.62400", "2012-12-31": "559.93300", "2011-12-31": "386.00700", "2010-12-31": "168.65700", "2009-12-31": "168.74000", "2008-12-31": "177.32000", "2007-12-31": "141.87200", "2006-12-31": "118.22800", "2005-12-31": "66.36200"}, "Net Change In Property, Plant, And Equipment": {"2020-12-31": "", "2019-12-31": "-235.78800", "2018-12-31": "-229.37300", "2017-12-31": "-104.38600", "2016-12-31": "-21.33900", "2015-12-31": "-157.58300", "2014-12-31": "-352.79500", "2013-12-31": "-190.61000", "2012-12-31": "-309.62700", "2011-12-31": "-391.63700", "2010-12-31": "-171.76900", "2009-12-31": "-61.14400", "2008-12-31": "-158.95300", "2007-12-31": "-239.62400", "2006-12-31": "-151.08500", "2005-12-31": "-53.57900"}, "Net Change In Intangible Assets": {"2020-12-31": "", "2019-12-31": "", "2018-12-31": "", "2017-12-31": "", "2016-12-31": "", "2015-12-31": "", "2014-12-31": "", "2013-12-31": "", "2012-12-31": "", "2011-12-31": "", "2010-12-31": "", "2009-12-31": "", "2008-12-31": "", "2007-12-31": "", "2006-12-31": "", "2005-12-31": ""}, "Net Acquisitions/Divestitures": {"2020-12-31": "", "2019-12-31": "", "2018-12-31": "", "2017-12-31": "", "2016-12-31": "", "2015-12-31": "", "2014-12-31": "", "2013-12-31": "-17.04400", "2012-12-31": "", "2011-12-31": "", "2010-12-31": "", "2009-12-31": "", "2008-12-31": "", "2007-12-31": "", "2006-12-31": "", "2005-12-31": "-8.83600"}, "Net Change In Short-term Investments": {"2020-12-31": "", "2019-12-31": "", "2018-12-31": "", "2017-12-31": "", "2016-12-31": "", "2015-12-31": "", "2014-12-31": "", "2013-12-31": "", "2012-12-31": "", "2011-12-31": "", "2010-12-31": "", "2009-12-31": "", "2008-12-31": "", "2007-12-31": "", "2006-12-31": "", "2005-12-31": ""}, "Net Change In Long-Term Investments": {"2020-12-31": "", "2019-12-31": "", "2018-12-31": "", "2017-12-31": "", "2016-12-31": "", "2015-12-31": "", "2014-12-31": "-2.55400", "2013-12-31": "", "2012-12-31": "", "2011-12-31": "", "2010-12-31": "", "2009-12-31": "", "2008-12-31": "", "2007-12-31": "", "2006-12-31": "", "2005-12-31": ""}, "Net Change In Investments - Total": {"2020-12-31": "", "2019-12-31": "", "2018-12-31": "", "2017-12-31": "", "2016-12-31": "", "2015-12-31": "", "2014-12-31": "-2.55400", "2013-12-31": "", "2012-12-31": "", "2011-12-31": "", "2010-12-31": "", "2009-12-31": "", "2008-12-31": "", "2007-12-31": "", "2006-12-31": "", "2005-12-31": ""}, "Investing Activities - Other": {"2020-12-31": "", "2019-12-31": "0.00000", "2018-12-31": "9.64600", "2017-12-31": "", "2016-12-31": "", "2015-12-31": "", "2014-12-31": "", "2013-12-31": "", "2012-12-31": "-6.21100", "2011-12-31": "", "2010-12-31": "", "2009-12-31": "", "2008-12-31": "", "2007-12-31": "", "2006-12-31": "", "2005-12-31": ""}, "Cash Flow From Investing Activities": {"2020-12-31": "", "2019-12-31": "-235.78800", "2018-12-31": "-219.72700", "2017-12-31": "-104.38600", "2016-12-31": "-21.33900", "2015-12-31": "-157.58300", "2014-12-31": "-355.34900", "2013-12-31": "-207.65400", "2012-12-31": "-315.83800", "2011-12-31": "-391.63700", "2010-12-31": "-171.76900", "2009-12-31": "-61.14400", "2008-12-31": "-158.95300", "2007-12-31": "-239.62400", "2006-12-31": "-151.08500", "2005-12-31": "-62.41500"}, "Net Long-Term Debt": {"2020-12-31": "", "2019-12-31": "", "2018-12-31": "", "2017-12-31": "", "2016-12-31": "", "2015-12-31": "", "2014-12-31": "", "2013-12-31": "", "2012-12-31": "", "2011-12-31": "", "2010-12-31": "", "2009-12-31": "", "2008-12-31": "", "2007-12-31": "", "2006-12-31": "", "2005-12-31": "-4.80000"}, "Net Current Debt": {"2020-12-31": "", "2019-12-31": "", "2018-12-31": "", "2017-12-31": "", "2016-12-31": "", "2015-12-31": "-224.50000", "2014-12-31": "171.20000", "2013-12-31": "-53.70000", "2012-12-31": "-96.30000", "2011-12-31": "82.05000", "2010-12-31": "30.95000", "2009-12-31": "-84.15000", "2008-12-31": "18.05000", "2007-12-31": "120.80000", "2006-12-31": "35.60000", "2005-12-31": ""}, "Debt Issuance/Retirement Net - Total": {"2020-12-31": "", "2019-12-31": "", "2018-12-31": "", "2017-12-31": "", "2016-12-31": "", "2015-12-31": "-224.50000", "2014-12-31": "171.20000", "2013-12-31": "-53.70000", "2012-12-31": "-96.30000", "2011-12-31": "82.05000", "2010-12-31": "30.95000", "2009-12-31": "-84.15000", "2008-12-31": "18.05000", "2007-12-31": "120.80000", "2006-12-31": "35.60000", "2005-12-31": "-4.80000"}, "Net Common Equity Issued/Repurchased": {"2020-12-31": "", "2019-12-31": "-7.36100", "2018-12-31": "-43.00100", "2017-12-31": "-26.78400", "2016-12-31": "-3.25700", "2015-12-31": "-4.09300", "2014-12-31": "-49.59700", "2013-12-31": "-25.12200", "2012-12-31": "-29.68000", "2011-12-31": "-33.69100", "2010-12-31": "-1.41000", "2009-12-31": "-1.62500", "2008-12-31": "-17.14200", "2007-12-31": "-1.09400", "2006-12-31": "-0.68300", "2005-12-31": "-9.20800"}, "Net Total Equity Issued/Repurchased": {"2020-12-31": "", "2019-12-31": "-7.36100", "2018-12-31": "-43.00100", "2017-12-31": "-26.78400", "2016-12-31": "-3.25700", "2015-12-31": "-4.09300", "2014-12-31": "-49.59700", "2013-12-31": "-25.12200", "2012-12-31": "-29.68000", "2011-12-31": "-33.69100", "2010-12-31": "-1.41000", "2009-12-31": "-1.62500", "2008-12-31": "-17.14200", "2007-12-31": "-1.09400", "2006-12-31": "-0.68300", "2005-12-31": "-9.20800"}, "Total Common And Preferred Stock Dividends Paid": {"2020-12-31": "", "2019-12-31": "-32.23100", "2018-12-31": "-101.06900", "2017-12-31": "-43.31900", "2016-12-31": "-10.86100", "2015-12-31": "-33.60200", "2014-12-31": "-91.60800", "2013-12-31": "-87.78900", "2012-12-31": "-114.06900", "2011-12-31": "-47.32700", "2010-12-31": "-20.64700", "2009-12-31": "-21.55600", "2008-12-31": "-23.32800", "2007-12-31": "-19.47300", "2006-12-31": "-12.99600", "2005-12-31": "-6.76600"}, "Financial Activities - Other": {"2020-12-31": "", "2019-12-31": "", "2018-12-31": "", "2017-12-31": "", "2016-12-31": "0.39200", "2015-12-31": "1.41000", "2014-12-31": "3.66900", "2013-12-31": "3.17800", "2012-12-31": "2.72400", "2011-12-31": "2.95600", "2010-12-31": "-1.23500", "2009-12-31": "1.18700", "2008-12-31": "0.75200", "2007-12-31": "1.12800", "2006-12-31": "0.85600", "2005-12-31": ""}, "Cash Flow From Financial Activities": {"2020-12-31": "", "2019-12-31": "-39.59200", "2018-12-31": "-144.07000", "2017-12-31": "-70.10300", "2016-12-31": "-13.72600", "2015-12-31": "-260.78500", "2014-12-31": "33.66400", "2013-12-31": "-163.43300", "2012-12-31": "-237.32500", "2011-12-31": "3.98800", "2010-12-31": "7.65800", "2009-12-31": "-106.14400", "2008-12-31": "-21.66800", "2007-12-31": "101.36100", "2006-12-31": "22.77700", "2005-12-31": "-20.77400"}, "Net Cash Flow": {"2020-12-31": "", "2019-12-31": "-66.23900", "2018-12-31": "25.21200", "2017-12-31": "-40.78500", "2016-12-31": "66.63900", "2015-12-31": "55.42400", "2014-12-31": "1.07200", "2013-12-31": "-5.46300", "2012-12-31": "6.77000", "2011-12-31": "-1.64200", "2010-12-31": "4.54600", "2009-12-31": "1.45200", "2008-12-31": "-3.30100", "2007-12-31": "3.60900", "2006-12-31": "-10.08000", "2005-12-31": "-16.82700"}, "Stock-Based Compensation": {"2020-12-31": "", "2019-12-31": "8.63000", "2018-12-31": "9.41900", "2017-12-31": "11.09000", "2016-12-31": "10.21800", "2015-12-31": "9.96000", "2014-12-31": "9.07400", "2013-12-31": "8.17700", "2012-12-31": "7.86000", "2011-12-31": "8.07500", "2010-12-31": "4.90900", "2009-12-31": "4.44000", "2008-12-31": "3.73200", "2007-12-31": "3.18900", "2006-12-31": "2.38400", "2005-12-31": "1.26100"}, "Common Stock Dividends Paid": {"2020-12-31": "", "2019-12-31": "-32.23100", "2018-12-31": "-101.06900", "2017-12-31": "-43.31900", "2016-12-31": "-10.86100", "2015-12-31": "-33.60200", "2014-12-31": "-91.60800", "2013-12-31": "-87.78900", "2012-12-31": "-114.06900", "2011-12-31": "-47.32700", "2010-12-31": "-20.64700", "2009-12-31": "-21.55600", "2008-12-31": "-23.32800", "2007-12-31": "-19.47300", "2006-12-31": "-12.99600", "2005-12-31": "-6.76600"}}, "cash flow statement, quarterly": {"Net Income/Loss": {"2020-12-31": 201.953, "2020-09-30": -16.437, "2020-06-30": -25.093, "2020-03-31": "-160.42300", "2019-12-31": -23.362, "2019-09-30": -69.181, "2019-06-30": 6.171, "2019-03-31": "-0.73900", "2018-12-31": 13.362, "2018-09-30": 49.967, "2018-06-30": 59.943, "2018-03-31": "52.13000", "2017-12-31": 57.703, "2017-09-30": 57.334, "2017-06-30": 43.84, "2017-03-31": "3.63400", "2016-12-31": -21.107, "2016-09-30": -38.942, "2016-06-30": -48.686, "2016-03-31": "-32.51100", "2015-12-31": -37.881, "2015-09-30": -35.173, "2015-06-30": -34.055, "2015-03-31": "7.54800", "2014-12-31": 77.637, "2014-09-30": 64.885, "2014-06-30": 63.283, "2014-03-31": "39.38800", "2013-12-31": 37.643, "2013-09-30": 53.76, "2013-06-30": 40.416, "2013-03-31": "35.07600", "2012-12-31": 55.381, "2012-09-30": 66.04, "2012-06-30": 72.26, "2012-03-31": "80.75500", "2011-12-31": 74.581, "2011-09-30": 83.111, "2011-06-30": 73.165, "2011-03-31": "65.52400", "2010-12-31": 55.471, "2010-09-30": 46.269, "2010-06-30": 31.602, "2010-03-31": "13.40000", "2009-12-31": -5.202, "2009-09-30": -10.385, "2009-06-30": -11.624, "2009-03-31": "4.46600", "2008-12-31": 20.408, "2008-09-30": 25.78, "2008-06-30": 22.458, "2008-03-31": "14.75700", "2007-12-31": 20.296, "2007-09-30": 14.893, "2007-06-30": 23.815, "2007-03-31": "28.04500", "2006-12-31": 29.51, "2006-09-30": 28.77, "2006-06-30": 27.614, "2006-03-31": "24.90000", "2005-12-31": 21.54, "2005-09-30": 23.107, "2005-06-30": 11.91, "2005-03-31": "9.92700"}, "Total Depreciation And Amortization - Cash Flow": {"2020-12-31": -77.582, "2020-09-30": 18.658, "2020-06-30": 19.392, "2020-03-31": "39.53200", "2019-12-31": 40.092, "2019-09-30": 45.706, "2019-06-30": 43.747, "2019-03-31": "43.06200", "2018-12-31": 43.508, "2018-09-30": 43.871, "2018-06-30": 41.262, "2018-03-31": "38.14800", "2017-12-31": 38.879, "2017-09-30": 40.3, "2017-06-30": 41.967, "2017-03-31": "45.41200", "2016-12-31": 49.396, "2016-09-30": 52.843, "2016-06-30": 57.381, "2016-03-31": "61.41800", "2015-12-31": 66.993, "2015-09-30": 70.506, "2015-06-30": 70.359, "2015-03-31": "67.55500", "2014-12-31": 62.558, "2014-09-30": 58.074, "2014-06-30": 57.028, "2014-03-31": "56.28000", "2013-12-31": 55.106, "2013-09-30": 53.65, "2013-06-30": 53.484, "2013-03-31": "53.57200", "2012-12-31": 55.063, "2012-09-30": 53.969, "2012-06-30": 53.516, "2012-03-31": "51.60500", "2011-12-31": 48.953, "2011-09-30": 46.677, "2011-06-30": 44.908, "2011-03-31": "39.24900", "2010-12-31": 34.575, "2010-09-30": 33.071, "2010-06-30": 33.355, "2010-03-31": "32.25200", "2009-12-31": 32.898, "2009-09-30": 33.305, "2009-06-30": 32.379, "2009-03-31": "31.99900", "2008-12-31": 31.496, "2008-09-30": 30.433, "2008-06-30": 29.188, "2008-03-31": "27.32700", "2007-12-31": 23.685, "2007-09-30": 20.839, "2007-06-30": 18.706, "2007-03-31": "15.26300", "2006-12-31": 12.852, "2006-09-30": 11.572, "2006-06-30": 11.597, "2006-03-31": "10.70500", "2005-12-31": 10.379, "2005-09-30": 9.203, "2005-06-30": 9.926, "2005-03-31": "9.62100"}, "Other Non-Cash Items": {"2020-12-31": -171.143, "2020-09-30": 1.501, "2020-06-30": -3.578, "2020-03-31": "173.22000", "2019-12-31": 3.033, "2019-09-30": 66.489, "2019-06-30": -3.83, "2019-03-31": "-8.49800", "2018-12-31": 17.406, "2018-09-30": -7.186, "2018-06-30": 6.426, "2018-03-31": "0.15800", "2017-12-31": -11.126, "2017-09-30": -4.9, "2017-06-30": -9.526, "2017-03-31": "-10.49700", "2016-12-31": -4.447, "2016-09-30": -9.189, "2016-06-30": -11.28, "2016-03-31": "-7.42200", "2015-12-31": 26.592, "2015-09-30": -18.859, "2015-06-30": -7.471, "2015-03-31": "-18.30800", "2014-12-31": 54.014, "2014-09-30": -2.133, "2014-06-30": -9.222, "2014-03-31": "-10.09500", "2013-12-31": 2.984, "2013-09-30": 8.51, "2013-06-30": -6.688, "2013-03-31": "-3.49600", "2012-12-31": 0.583, "2012-09-30": 3.504, "2012-06-30": 22.021, "2012-03-31": "-10.05200", "2011-12-31": 23.343, "2011-09-30": 55.357, "2011-06-30": 10.593, "2011-03-31": "-3.68400", "2010-12-31": 26.563, "2010-09-30": 4.246, "2010-06-30": -6.27, "2010-03-31": "-1.77700", "2009-12-31": -0.225, "2009-09-30": 9.416, "2009-06-30": -3.579, "2009-03-31": "-2.06700", "2008-12-31": 9.369, "2008-09-30": 15.514, "2008-06-30": -0.692, "2008-03-31": "-0.47300", "2007-12-31": 10.78, "2007-09-30": 3.977, "2007-06-30": -3.822, "2007-03-31": "0.57100", "2006-12-31": 1.894, "2006-09-30": -1.424, "2006-06-30": -1.706, "2006-03-31": "-0.85700", "2005-12-31": 1.353, "2005-09-30": -12.346, "2005-06-30": -1.586, "2005-03-31": "-0.18000"}, "Total Non-Cash Items": {"2020-12-31": -248.725, "2020-09-30": 20.159, "2020-06-30": 15.814, "2020-03-31": "212.75200", "2019-12-31": 43.125, "2019-09-30": 112.195, "2019-06-30": 39.917, "2019-03-31": "34.56400", "2018-12-31": 60.914, "2018-09-30": 36.685, "2018-06-30": 47.688, "2018-03-31": "38.30600", "2017-12-31": 27.753, "2017-09-30": 35.4, "2017-06-30": 32.441, "2017-03-31": "34.91500", "2016-12-31": 44.949, "2016-09-30": 43.654, "2016-06-30": 46.101, "2016-03-31": "53.99600", "2015-12-31": 93.585, "2015-09-30": 51.647, "2015-06-30": 62.888, "2015-03-31": "49.24700", "2014-12-31": 116.572, "2014-09-30": 55.941, "2014-06-30": 47.806, "2014-03-31": "46.18500", "2013-12-31": 58.09, "2013-09-30": 62.16, "2013-06-30": 46.796, "2013-03-31": "50.07600", "2012-12-31": 55.646, "2012-09-30": 57.473, "2012-06-30": 75.537, "2012-03-31": "41.55300", "2011-12-31": 72.296, "2011-09-30": 102.034, "2011-06-30": 55.501, "2011-03-31": "35.56500", "2010-12-31": 61.138, "2010-09-30": 37.317, "2010-06-30": 27.085, "2010-03-31": "30.47500", "2009-12-31": 32.673, "2009-09-30": 42.721, "2009-06-30": 28.8, "2009-03-31": "29.93200", "2008-12-31": 40.865, "2008-09-30": 45.947, "2008-06-30": 28.496, "2008-03-31": "26.85400", "2007-12-31": 34.465, "2007-09-30": 24.816, "2007-06-30": 14.884, "2007-03-31": "15.83400", "2006-12-31": 14.746, "2006-09-30": 10.148, "2006-06-30": 9.891, "2006-03-31": "9.84800", "2005-12-31": 11.732, "2005-09-30": -3.143, "2005-06-30": 8.34, "2005-03-31": "9.44100"}, "Change In Accounts Receivable": {"2020-12-31": -119.272, "2020-09-30": -13.951, "2020-06-30": 138.887, "2020-03-31": "-5.66400", "2019-12-31": 46.042, "2019-09-30": 69.389, "2019-06-30": -38.737, "2019-03-31": "4.40000", "2018-12-31": 59.011, "2018-09-30": -5.872, "2018-06-30": 7.796, "2018-03-31": "-6.95300", "2017-12-31": -2.441, "2017-09-30": -31.981, "2017-06-30": -96.814, "2017-03-31": "-77.40600", "2016-12-31": -24.458, "2016-09-30": -13.912, "2016-06-30": 46.198, "2016-03-31": "56.88700", "2015-12-31": 52.814, "2015-09-30": 14.053, "2015-06-30": 131.18, "2015-03-31": "203.70600", "2014-12-31": -43.334, "2014-09-30": -25.825, "2014-06-30": -97.819, "2014-03-31": "-31.04300", "2013-12-31": -47.282, "2013-09-30": -9.093, "2013-06-30": -5.909, "2013-03-31": "12.32500", "2012-12-31": -9.425, "2012-09-30": 35.468, "2012-06-30": 12.166, "2012-03-31": "35.60000", "2011-12-31": -23.89, "2011-09-30": -37.202, "2011-06-30": -43.311, "2011-03-31": "-62.90900", "2010-12-31": -13.849, "2010-09-30": -61.538, "2010-06-30": -18.884, "2010-03-31": "-68.89100", "2009-12-31": -12.51, "2009-09-30": 3.304, "2009-06-30": 32.212, "2009-03-31": "57.02900", "2008-12-31": 8.049, "2008-09-30": -25.336, "2008-06-30": -19.4, "2008-03-31": "2.17900", "2007-12-31": -15.839, "2007-09-30": 4.877, "2007-06-30": -2.116, "2007-03-31": "-14.41900", "2006-12-31": -9.908, "2006-09-30": -6.488, "2006-06-30": -15.96, "2006-03-31": "-8.73700", "2005-12-31": -8.595, "2005-09-30": -16.907, "2005-06-30": -2.121, "2005-03-31": "-4.01200"}, "Change In Inventories": {"2020-12-31": -16.234, "2020-09-30": 8.914, "2020-06-30": 4.034, "2020-03-31": "3.28600", "2019-12-31": 3.249, "2019-09-30": 6.012, "2019-06-30": 5.97, "2019-03-31": "5.73100", "2018-12-31": -1.427, "2018-09-30": -2.353, "2018-06-30": -5.665, "2018-03-31": "-6.21500", "2017-12-31": -1.545, "2017-09-30": -0.537, "2017-06-30": -0.598, "2017-03-31": "-3.59500", "2016-12-31": 2.451, "2016-09-30": 5.016, "2016-06-30": 9.153, "2016-03-31": "3.67400", "2015-12-31": 8.038, "2015-09-30": 10.553, "2015-06-30": 6.859, "2015-03-31": "1.21700", "2014-12-31": -1.962, "2014-09-30": -15.485, "2014-06-30": -2.84, "2014-03-31": "-9.42100", "2013-12-31": 1.686, "2013-09-30": 6.116, "2013-06-30": -1.741, "2013-03-31": "8.01700", "2012-12-31": 1.607, "2012-09-30": -23.34, "2012-06-30": -7.33, "2012-03-31": "-11.29100", "2011-12-31": -7.192, "2011-09-30": -14.752, "2011-06-30": -7.349, "2011-03-31": "-7.21800", "2010-12-31": -2.073, "2010-09-30": -4.212, "2010-06-30": 0.436, "2010-03-31": "-2.28100", "2009-12-31": -0.323, "2009-09-30": -1.271, "2009-06-30": 2.667, "2009-03-31": "-6.87100", "2008-12-31": -9.279, "2008-09-30": -4.967, "2008-06-30": -1.28, "2008-03-31": "-4.85100", "2007-12-31": -1.424, "2007-09-30": -3.099, "2007-06-30": -0.982, "2007-03-31": "-2.81100", "2006-12-31": -2.632, "2006-09-30": -2.032, "2006-06-30": -1.434, "2006-03-31": "-1.78800", "2005-12-31": -0.903, "2005-09-30": 0.498, "2005-06-30": -1.071, "2005-03-31": "-0.96900"}, "Change In Accounts Payable": {"2020-12-31": 4.628, "2020-09-30": 22.823, "2020-06-30": -44.455, "2020-03-31": "17.00400", "2019-12-31": -18.116, "2019-09-30": -26.889, "2019-06-30": -0.902, "2019-03-31": "3.66600", "2018-12-31": -29.606, "2018-09-30": -1.04, "2018-06-30": 10.902, "2018-03-31": "11.99000", "2017-12-31": -17.975, "2017-09-30": 19.391, "2017-06-30": 7.985, "2017-03-31": "19.77500", "2016-12-31": 15.353, "2016-09-30": 13.956, "2016-06-30": -6.149, "2016-03-31": "-29.41000", "2015-12-31": 0.754, "2015-09-30": 3.062, "2015-06-30": -8.318, "2015-03-31": "-57.94400", "2014-12-31": -16.749, "2014-09-30": 19.939, "2014-06-30": 13.723, "2014-03-31": "19.50800", "2013-12-31": 3.138, "2013-09-30": 3.834, "2013-06-30": 2.512, "2013-03-31": "4.57800", "2012-12-31": -9.323, "2012-09-30": -4.005, "2012-06-30": -4.184, "2012-03-31": "12.58300", "2011-12-31": -24.398, "2011-09-30": 22.943, "2011-06-30": 16.119, "2011-03-31": "15.43800", "2010-12-31": 1.591, "2010-09-30": 7.671, "2010-06-30": 6.274, "2010-03-31": "-1.34500", "2009-12-31": 12.947, "2009-09-30": 4.563, "2009-06-30": -7.887, "2009-03-31": "-15.33400", "2008-12-31": -3.775, "2008-09-30": 6.764, "2008-06-30": 1.855, "2008-03-31": "4.84700", "2007-12-31": 6.587, "2007-09-30": 3.638, "2007-06-30": -8.087, "2007-03-31": "5.68800", "2006-12-31": 4.166, "2006-09-30": 4.557, "2006-06-30": -0.394, "2006-03-31": "0.62900", "2005-12-31": -3.726, "2005-09-30": 8.013, "2005-06-30": 2.346, "2005-03-31": "0.41500"}, "Change In Assets/Liabilities": {"2020-12-31": 3.401, "2020-09-30": -5.527, "2020-06-30": 2.817, "2020-03-31": "-0.69100", "2019-12-31": -0.762, "2019-09-30": 1.547, "2019-06-30": 2.427, "2019-03-31": "0.43000", "2018-12-31": -1.027, "2018-09-30": -0.923, "2018-06-30": -2.403, "2018-03-31": "-0.29800", "2017-12-31": -1.453, "2017-09-30": -3.082, "2017-06-30": 2.462, "2017-03-31": "-0.40100", "2016-12-31": -1.696, "2016-09-30": -3.197, "2016-06-30": 2.637, "2016-03-31": "-12.91300", "2015-12-31": 1.606, "2015-09-30": -4.963, "2015-06-30": 3.389, "2015-03-31": "1.54500", "2014-12-31": -1.893, "2014-09-30": 6.091, "2014-06-30": 0.646, "2014-03-31": "1.94000", "2013-12-31": 0.757, "2013-09-30": 6.1, "2013-06-30": 1.322, "2013-03-31": "-0.47500", "2012-12-31": 0.356, "2012-09-30": 28.396, "2012-06-30": -4.826, "2012-03-31": "-6.03500", "2011-12-31": -20.824, "2011-09-30": -1.495, "2011-06-30": -7.033, "2011-03-31": "-1.38000", "2010-12-31": -1.32, "2010-09-30": 1.263, "2010-06-30": 0.562, "2010-03-31": "0.78100", "2009-12-31": -2.118, "2009-09-30": 1.674, "2009-06-30": 1.277, "2009-03-31": "2.24800", "2008-12-31": -4.87, "2008-09-30": 0.805, "2008-06-30": 2.017, "2008-03-31": "-0.57800", "2007-12-31": -2.865, "2007-09-30": 1.148, "2007-06-30": 1.784, "2007-03-31": "-6.50100", "2006-12-31": -2.29, "2006-09-30": 2.408, "2006-06-30": -0.144, "2006-03-31": "-2.15500", "2005-12-31": -1.569, "2005-09-30": 1.56, "2005-06-30": 1.104, "2005-03-31": "-0.86000"}, "Total Change In Assets/Liabilities": {"2020-12-31": -84.592, "2020-09-30": 5.543, "2020-06-30": 76.539, "2020-03-31": "2.51000", "2019-12-31": 19.665, "2019-09-30": 33.269, "2019-06-30": -29.804, "2019-03-31": "43.32100", "2018-12-31": -7.219, "2018-09-30": 6.096, "2018-06-30": 11.91, "2018-03-31": "19.22700", "2017-12-31": -61.043, "2017-09-30": -12.112, "2017-06-30": -35.163, "2017-03-31": "-50.99800", "2016-12-31": -16.698, "2016-09-30": -2.413, "2016-06-30": 41.374, "2016-03-31": "31.98700", "2015-12-31": 31.803, "2015-09-30": 25.594, "2015-06-30": 114.792, "2015-03-31": "143.79700", "2014-12-31": -77.726, "2014-09-30": -6.04, "2014-06-30": -97.469, "2014-03-31": "-7.70500", "2013-12-31": -33.646, "2013-09-30": -13.031, "2013-06-30": 24.127, "2013-03-31": "4.15700", "2012-12-31": -16.364, "2012-09-30": 39.623, "2012-06-30": -29.283, "2012-03-31": "61.31200", "2011-12-31": -73.785, "2011-09-30": -43.055, "2011-06-30": -43.473, "2011-03-31": "-15.45700", "2010-12-31": -40.582, "2010-09-30": -38.76, "2010-06-30": 0.571, "2010-03-31": "-55.32900", "2009-12-31": -3.439, "2009-09-30": 8.842, "2009-06-30": 20.333, "2009-03-31": "31.62300", "2008-12-31": -10.844, "2008-09-30": -33.999, "2008-06-30": -8.518, "2008-03-31": "5.11600", "2007-12-31": -12.487, "2007-09-30": 7.506, "2007-06-30": -10.601, "2007-03-31": "-19.59400", "2006-12-31": -14.578, "2006-09-30": 5.645, "2006-06-30": -15.803, "2006-03-31": "-12.46300", "2005-12-31": -22.206, "2005-09-30": 2.814, "2005-06-30": 3.148, "2005-03-31": "-10.24800"}, "Cash Flow From Operating Activities": {"2020-12-31": -131.364, "2020-09-30": 9.265, "2020-06-30": 67.26, "2020-03-31": "54.83900", "2019-12-31": 39.428, "2019-09-30": 76.283, "2019-06-30": 16.284, "2019-03-31": "77.14600", "2018-12-31": 67.057, "2018-09-30": 92.748, "2018-06-30": 119.541, "2018-03-31": "109.66300", "2017-12-31": 24.413, "2017-09-30": 80.622, "2017-06-30": 41.118, "2017-03-31": "-12.44900", "2016-12-31": 7.144, "2016-09-30": 2.299, "2016-06-30": 38.789, "2016-03-31": "53.47200", "2015-12-31": 87.507, "2015-09-30": 42.068, "2015-06-30": 143.625, "2015-03-31": "200.59200", "2014-12-31": 116.483, "2014-09-30": 114.786, "2014-06-30": 13.62, "2014-03-31": "77.86800", "2013-12-31": 62.087, "2013-09-30": 102.889, "2013-06-30": 111.339, "2013-03-31": "89.30900", "2012-12-31": 94.663, "2012-09-30": 163.136, "2012-06-30": 118.514, "2012-03-31": "183.62000", "2011-12-31": 73.092, "2011-09-30": 142.09, "2011-06-30": 85.193, "2011-03-31": "85.63200", "2010-12-31": 76.027, "2010-09-30": 44.826, "2010-06-30": 59.258, "2010-03-31": "-11.45400", "2009-12-31": 24.032, "2009-09-30": 41.178, "2009-06-30": 37.509, "2009-03-31": "66.02100", "2008-12-31": 50.429, "2008-09-30": 37.728, "2008-06-30": 42.436, "2008-03-31": "46.72700", "2007-12-31": 42.274, "2007-09-30": 47.215, "2007-06-30": 28.098, "2007-03-31": "24.28500", "2006-12-31": 29.678, "2006-09-30": 44.563, "2006-06-30": 21.702, "2006-03-31": "22.28500", "2005-12-31": 11.066, "2005-09-30": 22.778, "2005-06-30": 23.398, "2005-03-31": "9.12000"}, "Net Change In Property, Plant, And Equipment": {"2020-12-31": 34.941, "2020-09-30": -9.022, "2020-06-30": -4.495, "2020-03-31": "-21.42400", "2019-12-31": -38.919, "2019-09-30": -74.392, "2019-06-30": -66.267, "2019-03-31": "-56.21000", "2018-12-31": -39.894, "2018-09-30": -46.682, "2018-06-30": -95.434, "2018-03-31": "-47.36300", "2017-12-31": -39.902, "2017-09-30": -42.246, "2017-06-30": -13.024, "2017-03-31": "-9.21400", "2016-12-31": -3.563, "2016-09-30": -4.617, "2016-06-30": -5.588, "2016-03-31": "-7.57100", "2015-12-31": -10.316, "2015-09-30": -14.004, "2015-06-30": -32.67, "2015-03-31": "-100.59300", "2014-12-31": -130.302, "2014-09-30": -121.647, "2014-06-30": -63.413, "2014-03-31": "-37.43300", "2013-12-31": -39.334, "2013-09-30": -47.944, "2013-06-30": -53.287, "2013-03-31": "-50.04500", "2012-12-31": -47.699, "2012-09-30": -65.725, "2012-06-30": -78.475, "2012-03-31": "-117.72800", "2011-12-31": -104.805, "2011-09-30": -98.273, "2011-06-30": -102.271, "2011-03-31": "-86.28800", "2010-12-31": -76.414, "2010-09-30": -45.045, "2010-06-30": -42.039, "2010-03-31": "-8.27100", "2009-12-31": -7.333, "2009-09-30": -14.767, "2009-06-30": -22.14, "2009-03-31": "-16.90400", "2008-12-31": -30.155, "2008-09-30": -32.57, "2008-06-30": -52.359, "2008-03-31": "-43.86900", "2007-12-31": -48.369, "2007-09-30": -61.17, "2007-06-30": -68.245, "2007-03-31": "-61.84000", "2006-12-31": -59.726, "2006-09-30": -41.559, "2006-06-30": -25.187, "2006-03-31": "-24.61300", "2005-12-31": -16.554, "2005-09-30": -5.845, "2005-06-30": -18.809, "2005-03-31": "-12.37100"}, "Net Change In Intangible Assets": {"2020-12-31": 0, "2020-09-30": 0, "2020-06-30": 0, "2020-03-31": "", "2019-12-31": 0, "2019-09-30": 0, "2019-06-30": 0, "2019-03-31": "", "2018-12-31": 0, "2018-09-30": 0, "2018-06-30": 0, "2018-03-31": "", "2017-12-31": 0, "2017-09-30": 0, "2017-06-30": 0, "2017-03-31": "", "2016-12-31": 0, "2016-09-30": 0, "2016-06-30": 0, "2016-03-31": "", "2015-12-31": 0, "2015-09-30": 0, "2015-06-30": 0, "2015-03-31": "", "2014-12-31": 0, "2014-09-30": 0, "2014-06-30": 0, "2014-03-31": "", "2013-12-31": 0, "2013-09-30": 0, "2013-06-30": 0, "2013-03-31": "", "2012-12-31": 0, "2012-09-30": 0, "2012-06-30": 0, "2012-03-31": "", "2011-12-31": 0, "2011-09-30": 0, "2011-06-30": 0, "2011-03-31": "", "2010-12-31": 0, "2010-09-30": 0, "2010-06-30": 0, "2010-03-31": "", "2009-12-31": 0, "2009-09-30": 0, "2009-06-30": 0, "2009-03-31": "", "2008-12-31": 0, "2008-09-30": 0, "2008-06-30": 0, "2008-03-31": "", "2007-12-31": 0, "2007-09-30": 0, "2007-06-30": 0, "2007-03-31": "", "2006-12-31": 0, "2006-09-30": 0, "2006-06-30": 0, "2006-03-31": "", "2005-12-31": 0, "2005-09-30": 0, "2005-06-30": 0, "2005-03-31": ""}, "Net Acquisitions/Divestitures": {"2020-12-31": 0, "2020-09-30": 0, "2020-06-30": 0, "2020-03-31": "", "2019-12-31": 0, "2019-09-30": 0, "2019-06-30": 0, "2019-03-31": "", "2018-12-31": 0, "2018-09-30": 0, "2018-06-30": 0, "2018-03-31": "", "2017-12-31": 0, "2017-09-30": 0, "2017-06-30": 0, "2017-03-31": "", "2016-12-31": 0, "2016-09-30": 0, "2016-06-30": 0, "2016-03-31": "", "2015-12-31": 0, "2015-09-30": 0, "2015-06-30": 0, "2015-03-31": "", "2014-12-31": 0, "2014-09-30": 0, "2014-06-30": 0, "2014-03-31": "", "2013-12-31": -17.044, "2013-09-30": 0, "2013-06-30": 0, "2013-03-31": "", "2012-12-31": 0, "2012-09-30": 0, "2012-06-30": 0, "2012-03-31": "", "2011-12-31": 0, "2011-09-30": 0, "2011-06-30": 0, "2011-03-31": "", "2010-12-31": 0, "2010-09-30": 0, "2010-06-30": 0, "2010-03-31": "", "2009-12-31": 0, "2009-09-30": 0, "2009-06-30": 0, "2009-03-31": "", "2008-12-31": 0, "2008-09-30": 0, "2008-06-30": 0, "2008-03-31": "", "2007-12-31": 0, "2007-09-30": 0, "2007-06-30": 0, "2007-03-31": "", "2006-12-31": 0, "2006-09-30": 0, "2006-06-30": 0, "2006-03-31": "", "2005-12-31": -1.871, "2005-09-30": -2.368, "2005-06-30": -4.597, "2005-03-31": ""}, "Net Change In Short-term Investments": {"2020-12-31": 0, "2020-09-30": 0, "2020-06-30": 0, "2020-03-31": "", "2019-12-31": 0, "2019-09-30": 0, "2019-06-30": 0, "2019-03-31": "", "2018-12-31": 0, "2018-09-30": 0, "2018-06-30": 0, "2018-03-31": "", "2017-12-31": 0, "2017-09-30": 0, "2017-06-30": 0, "2017-03-31": "", "2016-12-31": 0, "2016-09-30": 0, "2016-06-30": 0, "2016-03-31": "", "2015-12-31": 0, "2015-09-30": 0, "2015-06-30": 0, "2015-03-31": "", "2014-12-31": 0, "2014-09-30": 0, "2014-06-30": 0, "2014-03-31": "", "2013-12-31": 0, "2013-09-30": 0, "2013-06-30": 0, "2013-03-31": "", "2012-12-31": 0, "2012-09-30": 0, "2012-06-30": 0, "2012-03-31": "", "2011-12-31": 0, "2011-09-30": 0, "2011-06-30": 0, "2011-03-31": "", "2010-12-31": 0, "2010-09-30": 0, "2010-06-30": 0, "2010-03-31": "", "2009-12-31": 0, "2009-09-30": 0, "2009-06-30": 0, "2009-03-31": "", "2008-12-31": 0, "2008-09-30": 0, "2008-06-30": 0, "2008-03-31": "", "2007-12-31": 0, "2007-09-30": 0, "2007-06-30": 0, "2007-03-31": "", "2006-12-31": 0, "2006-09-30": 0, "2006-06-30": 0, "2006-03-31": "", "2005-12-31": 0, "2005-09-30": 0, "2005-06-30": 0, "2005-03-31": ""}, "Net Change In Long-Term Investments": {"2020-12-31": 0, "2020-09-30": 0, "2020-06-30": 0, "2020-03-31": "", "2019-12-31": 0, "2019-09-30": 0, "2019-06-30": 0, "2019-03-31": "", "2018-12-31": 0, "2018-09-30": 0, "2018-06-30": 0, "2018-03-31": "", "2017-12-31": 0, "2017-09-30": 0, "2017-06-30": 0, "2017-03-31": "", "2016-12-31": 0, "2016-09-30": 0, "2016-06-30": 0, "2016-03-31": "", "2015-12-31": 0, "2015-09-30": 0, "2015-06-30": 0, "2015-03-31": "", "2014-12-31": -2.554, "2014-09-30": 0, "2014-06-30": 0, "2014-03-31": "", "2013-12-31": 0, "2013-09-30": 0, "2013-06-30": 0, "2013-03-31": "", "2012-12-31": 0, "2012-09-30": 0, "2012-06-30": 0, "2012-03-31": "", "2011-12-31": 0, "2011-09-30": 0, "2011-06-30": 0, "2011-03-31": "", "2010-12-31": 0, "2010-09-30": 0, "2010-06-30": 0, "2010-03-31": "", "2009-12-31": 0, "2009-09-30": 0, "2009-06-30": 0, "2009-03-31": "", "2008-12-31": 0, "2008-09-30": 0, "2008-06-30": 0, "2008-03-31": "", "2007-12-31": 0, "2007-09-30": 0, "2007-06-30": 0, "2007-03-31": "", "2006-12-31": 0, "2006-09-30": 0, "2006-06-30": 0, "2006-03-31": "", "2005-12-31": 0, "2005-09-30": 0, "2005-06-30": 0, "2005-03-31": ""}, "Net Change In Investments - Total": {"2020-12-31": 0, "2020-09-30": 0, "2020-06-30": 0, "2020-03-31": "", "2019-12-31": 0, "2019-09-30": 0, "2019-06-30": 0, "2019-03-31": "", "2018-12-31": 0, "2018-09-30": 0, "2018-06-30": 0, "2018-03-31": "", "2017-12-31": 0, "2017-09-30": 0, "2017-06-30": 0, "2017-03-31": "", "2016-12-31": 0, "2016-09-30": 0, "2016-06-30": 0, "2016-03-31": "", "2015-12-31": 0, "2015-09-30": 0, "2015-06-30": 0, "2015-03-31": "", "2014-12-31": -2.554, "2014-09-30": 0, "2014-06-30": 0, "2014-03-31": "", "2013-12-31": 0, "2013-09-30": 0, "2013-06-30": 0, "2013-03-31": "", "2012-12-31": 0, "2012-09-30": 0, "2012-06-30": 0, "2012-03-31": "", "2011-12-31": 0, "2011-09-30": 0, "2011-06-30": 0, "2011-03-31": "", "2010-12-31": 0, "2010-09-30": 0, "2010-06-30": 0, "2010-03-31": "", "2009-12-31": 0, "2009-09-30": 0, "2009-06-30": 0, "2009-03-31": "", "2008-12-31": 0, "2008-09-30": 0, "2008-06-30": 0, "2008-03-31": "", "2007-12-31": 0, "2007-09-30": 0, "2007-06-30": 0, "2007-03-31": "", "2006-12-31": 0, "2006-09-30": 0, "2006-06-30": 0, "2006-03-31": "", "2005-12-31": 0, "2005-09-30": 0, "2005-06-30": 0, "2005-03-31": ""}, "Investing Activities - Other": {"2020-12-31": 0, "2020-09-30": 0, "2020-06-30": 0, "2020-03-31": "", "2019-12-31": 0, "2019-09-30": 0, "2019-06-30": 0, "2019-03-31": "", "2018-12-31": 0, "2018-09-30": 9.646, "2018-06-30": 0, "2018-03-31": "", "2017-12-31": 0, "2017-09-30": 0, "2017-06-30": 0, "2017-03-31": "", "2016-12-31": 0, "2016-09-30": 0, "2016-06-30": 0, "2016-03-31": "", "2015-12-31": 0, "2015-09-30": 0, "2015-06-30": 0, "2015-03-31": "", "2014-12-31": 0, "2014-09-30": 0, "2014-06-30": 0, "2014-03-31": "", "2013-12-31": 0, "2013-09-30": 0, "2013-06-30": 0, "2013-03-31": "", "2012-12-31": -6.211, "2012-09-30": 0, "2012-06-30": 0, "2012-03-31": "", "2011-12-31": 0, "2011-09-30": 0, "2011-06-30": 0, "2011-03-31": "", "2010-12-31": 0, "2010-09-30": 0, "2010-06-30": 0, "2010-03-31": "", "2009-12-31": 0, "2009-09-30": 0, "2009-06-30": 0, "2009-03-31": "", "2008-12-31": 0, "2008-09-30": 0, "2008-06-30": 0, "2008-03-31": "", "2007-12-31": 0, "2007-09-30": 0, "2007-06-30": 0, "2007-03-31": "", "2006-12-31": 0, "2006-09-30": 0, "2006-06-30": 0, "2006-03-31": "", "2005-12-31": 0, "2005-09-30": 0, "2005-06-30": 0, "2005-03-31": ""}, "Cash Flow From Investing Activities": {"2020-12-31": 34.941, "2020-09-30": -9.022, "2020-06-30": -4.495, "2020-03-31": "-21.42400", "2019-12-31": -38.919, "2019-09-30": -74.392, "2019-06-30": -66.267, "2019-03-31": "-56.21000", "2018-12-31": -39.894, "2018-09-30": -37.036, "2018-06-30": -95.434, "2018-03-31": "-47.36300", "2017-12-31": -39.902, "2017-09-30": -42.246, "2017-06-30": -13.024, "2017-03-31": "-9.21400", "2016-12-31": -3.563, "2016-09-30": -4.617, "2016-06-30": -5.588, "2016-03-31": "-7.57100", "2015-12-31": -10.316, "2015-09-30": -14.004, "2015-06-30": -32.67, "2015-03-31": "-100.59300", "2014-12-31": -132.856, "2014-09-30": -121.647, "2014-06-30": -63.413, "2014-03-31": "-37.43300", "2013-12-31": -56.378, "2013-09-30": -47.944, "2013-06-30": -53.287, "2013-03-31": "-50.04500", "2012-12-31": -53.91, "2012-09-30": -65.725, "2012-06-30": -78.475, "2012-03-31": "-117.72800", "2011-12-31": -104.805, "2011-09-30": -98.273, "2011-06-30": -102.271, "2011-03-31": "-86.28800", "2010-12-31": -76.414, "2010-09-30": -45.045, "2010-06-30": -42.039, "2010-03-31": "-8.27100", "2009-12-31": -7.333, "2009-09-30": -14.767, "2009-06-30": -22.14, "2009-03-31": "-16.90400", "2008-12-31": -30.155, "2008-09-30": -32.57, "2008-06-30": -52.359, "2008-03-31": "-43.86900", "2007-12-31": -48.369, "2007-09-30": -61.17, "2007-06-30": -68.245, "2007-03-31": "-61.84000", "2006-12-31": -59.726, "2006-09-30": -41.559, "2006-06-30": -25.187, "2006-03-31": "-24.61300", "2005-12-31": -18.425, "2005-09-30": -8.213, "2005-06-30": -23.406, "2005-03-31": "-12.37100"}, "Net Long-Term Debt": {"2020-12-31": 0, "2020-09-30": 0, "2020-06-30": 0, "2020-03-31": "", "2019-12-31": 0, "2019-09-30": 0, "2019-06-30": 0, "2019-03-31": "", "2018-12-31": 0, "2018-09-30": 0, "2018-06-30": 0, "2018-03-31": "", "2017-12-31": 0, "2017-09-30": 0, "2017-06-30": 0, "2017-03-31": "", "2016-12-31": 0, "2016-09-30": 0, "2016-06-30": 0, "2016-03-31": "", "2015-12-31": 0, "2015-09-30": 0, "2015-06-30": 0, "2015-03-31": "", "2014-12-31": 0, "2014-09-30": 0, "2014-06-30": 0, "2014-03-31": "", "2013-12-31": 0, "2013-09-30": 0, "2013-06-30": 0, "2013-03-31": "", "2012-12-31": 0, "2012-09-30": 0, "2012-06-30": 0, "2012-03-31": "", "2011-12-31": 0, "2011-09-30": 0, "2011-06-30": 0, "2011-03-31": "", "2010-12-31": 0, "2010-09-30": 0, "2010-06-30": 0, "2010-03-31": "", "2009-12-31": 0, "2009-09-30": 0, "2009-06-30": 0, "2009-03-31": "", "2008-12-31": 0, "2008-09-30": 0, "2008-06-30": 0, "2008-03-31": "", "2007-12-31": 0, "2007-09-30": 0, "2007-06-30": 0, "2007-03-31": "", "2006-12-31": 0, "2006-09-30": 0, "2006-06-30": 0, "2006-03-31": "", "2005-12-31": 0, "2005-09-30": -2, "2005-06-30": 0, "2005-03-31": "-2.80000"}, "Net Current Debt": {"2020-12-31": 0, "2020-09-30": 0, "2020-06-30": 0, "2020-03-31": "", "2019-12-31": 0, "2019-09-30": 0, "2019-06-30": 0, "2019-03-31": "", "2018-12-31": 0, "2018-09-30": 0, "2018-06-30": 0, "2018-03-31": "", "2017-12-31": 0, "2017-09-30": 0, "2017-06-30": 0, "2017-03-31": "", "2016-12-31": 0, "2016-09-30": 0, "2016-06-30": 0, "2016-03-31": "", "2015-12-31": -19.5, "2015-09-30": -35.4, "2015-06-30": -100.7, "2015-03-31": "-68.90000", "2014-12-31": 72.5, "2014-09-30": 20.6, "2014-06-30": 50.6, "2014-03-31": "27.50000", "2013-12-31": 1.9, "2013-09-30": -15.8, "2013-06-30": -20.4, "2013-03-31": "-19.40000", "2012-12-31": 23.3, "2012-09-30": -78.3, "2012-06-30": -18.8, "2012-03-31": "-22.50000", "2011-12-31": 62.5, "2011-09-30": -32.3, "2011-06-30": 23.3, "2011-03-31": "28.55000", "2010-12-31": 12.95, "2010-09-30": 7.45, "2010-06-30": -13.45, "2010-03-31": "24.00000", "2009-12-31": -11.55, "2009-09-30": -21.7, "2009-06-30": -8.95, "2009-03-31": "-41.95000", "2008-12-31": -11.15, "2008-09-30": 3.05, "2008-06-30": 13.5, "2008-03-31": "12.65000", "2007-12-31": 7.55, "2007-09-30": 23.7, "2007-06-30": 45.7, "2007-03-31": "43.85000", "2006-12-31": 28.95, "2006-09-30": 4.614, "2006-06-30": 2.036, "2006-03-31": "", "2005-12-31": 0, "2005-09-30": 0, "2005-06-30": 0, "2005-03-31": ""}, "Debt Issuance/Retirement Net - Total": {"2020-12-31": 0, "2020-09-30": 0, "2020-06-30": 0, "2020-03-31": "", "2019-12-31": 0, "2019-09-30": 0, "2019-06-30": 0, "2019-03-31": "", "2018-12-31": 0, "2018-09-30": 0, "2018-06-30": 0, "2018-03-31": "", "2017-12-31": 0, "2017-09-30": 0, "2017-06-30": 0, "2017-03-31": "", "2016-12-31": 0, "2016-09-30": 0, "2016-06-30": 0, "2016-03-31": "", "2015-12-31": -19.5, "2015-09-30": -35.4, "2015-06-30": -100.7, "2015-03-31": "-68.90000", "2014-12-31": 72.5, "2014-09-30": 20.6, "2014-06-30": 50.6, "2014-03-31": "27.50000", "2013-12-31": 1.9, "2013-09-30": -15.8, "2013-06-30": -20.4, "2013-03-31": "-19.40000", "2012-12-31": 23.3, "2012-09-30": -78.3, "2012-06-30": -18.8, "2012-03-31": "-22.50000", "2011-12-31": 62.5, "2011-09-30": -32.3, "2011-06-30": 23.3, "2011-03-31": "28.55000", "2010-12-31": 12.95, "2010-09-30": 7.45, "2010-06-30": -13.45, "2010-03-31": "24.00000", "2009-12-31": -11.55, "2009-09-30": -21.7, "2009-06-30": -8.95, "2009-03-31": "-41.95000", "2008-12-31": -11.15, "2008-09-30": 3.05, "2008-06-30": 13.5, "2008-03-31": "12.65000", "2007-12-31": 7.55, "2007-09-30": 23.7, "2007-06-30": 45.7, "2007-03-31": "43.85000", "2006-12-31": 28.95, "2006-09-30": 4.614, "2006-06-30": 2.036, "2006-03-31": "", "2005-12-31": 0, "2005-09-30": -2, "2005-06-30": 0, "2005-03-31": "-2.80000"}, "Net Common Equity Issued/Repurchased": {"2020-12-31": 0.827, "2020-09-30": -0.029, "2020-06-30": -0.006, "2020-03-31": "-0.79200", "2019-12-31": -0.002, "2019-09-30": -0.01, "2019-06-30": -4.651, "2019-03-31": "-2.69800", "2018-12-31": -2.841, "2018-09-30": -0.064, "2018-06-30": -9.386, "2018-03-31": "-30.71000", "2017-12-31": -0.06, "2017-09-30": -14.27, "2017-06-30": -6.78, "2017-03-31": "-5.67400", "2016-12-31": -0.039, "2016-09-30": -0.024, "2016-06-30": -0.003, "2016-03-31": "-3.19100", "2015-12-31": 0, "2015-09-30": 0, "2015-06-30": 0, "2015-03-31": "-4.09300", "2014-12-31": -32.049, "2014-09-30": -4.404, "2014-06-30": 0, "2014-03-31": "-13.14400", "2013-12-31": -0.001, "2013-09-30": -4.534, "2013-06-30": -15.626, "2013-03-31": "-4.96100", "2012-12-31": 0.274, "2012-09-30": -0.097, "2012-06-30": -0.31, "2012-03-31": "-29.54700", "2011-12-31": -15.475, "2011-09-30": 0.069, "2011-06-30": -1.11, "2011-03-31": "-17.17500", "2010-12-31": 0.11, "2010-09-30": 0.059, "2010-06-30": -0.336, "2010-03-31": "-1.24300", "2009-12-31": -0.119, "2009-09-30": 0.019, "2009-06-30": -0.25, "2009-03-31": "-1.27500", "2008-12-31": -3.59, "2008-09-30": -8.126, "2008-06-30": -0.443, "2008-03-31": "-4.98300", "2007-12-31": 0.084, "2007-09-30": 0.052, "2007-06-30": -0.409, "2007-03-31": "-0.82100", "2006-12-31": 0.206, "2006-09-30": 0.08, "2006-06-30": -0.404, "2006-03-31": "-0.56500", "2005-12-31": 0.292, "2005-09-30": 0.067, "2005-06-30": -9.958, "2005-03-31": "0.39100"}, "Net Total Equity Issued/Repurchased": {"2020-12-31": 0.827, "2020-09-30": -0.029, "2020-06-30": -0.006, "2020-03-31": "-0.79200", "2019-12-31": -0.002, "2019-09-30": -0.01, "2019-06-30": -4.651, "2019-03-31": "-2.69800", "2018-12-31": -2.841, "2018-09-30": -0.064, "2018-06-30": -9.386, "2018-03-31": "-30.71000", "2017-12-31": -0.06, "2017-09-30": -14.27, "2017-06-30": -6.78, "2017-03-31": "-5.67400", "2016-12-31": -0.039, "2016-09-30": -0.024, "2016-06-30": -0.003, "2016-03-31": "-3.19100", "2015-12-31": 0, "2015-09-30": 0, "2015-06-30": 0, "2015-03-31": "-4.09300", "2014-12-31": -32.049, "2014-09-30": -4.404, "2014-06-30": 0, "2014-03-31": "-13.14400", "2013-12-31": -0.001, "2013-09-30": -4.534, "2013-06-30": -15.626, "2013-03-31": "-4.96100", "2012-12-31": 0.274, "2012-09-30": -0.097, "2012-06-30": -0.31, "2012-03-31": "-29.54700", "2011-12-31": -15.475, "2011-09-30": 0.069, "2011-06-30": -1.11, "2011-03-31": "-17.17500", "2010-12-31": 0.11, "2010-09-30": 0.059, "2010-06-30": -0.336, "2010-03-31": "-1.24300", "2009-12-31": -0.119, "2009-09-30": 0.019, "2009-06-30": -0.25, "2009-03-31": "-1.27500", "2008-12-31": -3.59, "2008-09-30": -8.126, "2008-06-30": -0.443, "2008-03-31": "-4.98300", "2007-12-31": 0.084, "2007-09-30": 0.052, "2007-06-30": -0.409, "2007-03-31": "-0.82100", "2006-12-31": 0.206, "2006-09-30": 0.08, "2006-06-30": -0.404, "2006-03-31": "-0.56500", "2005-12-31": 0.292, "2005-09-30": 0.067, "2005-06-30": -9.958, "2005-03-31": "0.39100"}, "Total Common And Preferred Stock Dividends Paid": {"2020-12-31": 0, "2020-09-30": 0, "2020-06-30": 0, "2020-03-31": "", "2019-12-31": -0.007, "2019-09-30": 0, "2019-06-30": -10.738, "2019-03-31": "-21.48600", "2018-12-31": -36.433, "2018-09-30": -21.45, "2018-06-30": -21.529, "2018-03-31": "-21.65700", "2017-12-31": -30.293, "2017-09-30": -13.026, "2017-06-30": 0, "2017-03-31": "", "2016-12-31": -10.861, "2016-09-30": 0, "2016-06-30": 0, "2016-03-31": "", "2015-12-31": -0.003, "2015-09-30": 0, "2015-06-30": -10.837, "2015-03-31": "-22.76200", "2014-12-31": -22.786, "2014-09-30": -22.939, "2014-06-30": -22.897, "2014-03-31": "-22.98600", "2013-12-31": -21.866, "2013-09-30": -21.893, "2013-06-30": -22.015, "2013-03-31": "-22.01500", "2012-12-31": -61.446, "2012-09-30": -17.54, "2012-06-30": -17.512, "2012-03-31": "-17.57100", "2011-12-31": -14.826, "2011-09-30": -11.821, "2011-06-30": -10.326, "2011-03-31": "-10.35400", "2010-12-31": -6.881, "2010-09-30": -5.899, "2010-06-30": -3.931, "2010-03-31": "-3.93600", "2009-12-31": -3.929, "2009-09-30": -4.017, "2009-06-30": -6.806, "2009-03-31": "-6.80400", "2008-12-31": -5.83, "2008-09-30": -5.856, "2008-06-30": -5.848, "2008-03-31": "-5.79400", "2007-12-31": -4.865, "2007-09-30": -4.863, "2007-06-30": -4.859, "2007-03-31": "-4.88600", "2006-12-31": -3.394, "2006-09-30": -3.188, "2006-06-30": -3.244, "2006-03-31": "-3.17000", "2005-12-31": -1.684, "2005-09-30": -1.682, "2005-06-30": -1.696, "2005-03-31": "-1.70400"}, "Financial Activities - Other": {"2020-12-31": 0, "2020-09-30": 0, "2020-06-30": 0, "2020-03-31": "", "2019-12-31": 0, "2019-09-30": 0, "2019-06-30": 0, "2019-03-31": "", "2018-12-31": 0, "2018-09-30": 0, "2018-06-30": 0, "2018-03-31": "", "2017-12-31": 0, "2017-09-30": 0, "2017-06-30": 0, "2017-03-31": "", "2016-12-31": 0.067, "2016-09-30": 0.075, "2016-06-30": -0.153, "2016-03-31": "0.40300", "2015-12-31": 0, "2015-09-30": 0, "2015-06-30": -0.05, "2015-03-31": "1.46000", "2014-12-31": -0.042, "2014-09-30": -0.038, "2014-06-30": -0.039, "2014-03-31": "3.78800", "2013-12-31": 0.021, "2013-09-30": -0.04, "2013-06-30": -0.035, "2013-03-31": "3.23200", "2012-12-31": 0.14, "2012-09-30": 0.412, "2012-06-30": 0.105, "2012-03-31": "2.06700", "2011-12-31": -0.063, "2011-09-30": 0.015, "2011-06-30": 0.726, "2011-03-31": "2.27800", "2010-12-31": 0.009, "2010-09-30": -1.84, "2010-06-30": 0.36, "2010-03-31": "0.23600", "2009-12-31": 0.063, "2009-09-30": -0.2, "2009-06-30": 1.137, "2009-03-31": "0.18700", "2008-12-31": 0.04, "2008-09-30": 0.039, "2008-06-30": 0.252, "2008-03-31": "0.42100", "2007-12-31": 0.007, "2007-09-30": 0, "2007-06-30": 0.451, "2007-03-31": "0.67000", "2006-12-31": 0, "2006-09-30": -0.431, "2006-06-30": 0.647, "2006-03-31": "0.64000", "2005-12-31": 0, "2005-09-30": 0, "2005-06-30": 0, "2005-03-31": ""}, "Cash Flow From Financial Activities": {"2020-12-31": 0.827, "2020-09-30": -0.029, "2020-06-30": -0.006, "2020-03-31": "-0.79200", "2019-12-31": -0.009, "2019-09-30": -0.01, "2019-06-30": -15.389, "2019-03-31": "-24.18400", "2018-12-31": -39.274, "2018-09-30": -21.514, "2018-06-30": -30.915, "2018-03-31": "-52.36700", "2017-12-31": -30.353, "2017-09-30": -27.296, "2017-06-30": -6.78, "2017-03-31": "-5.67400", "2016-12-31": -10.833, "2016-09-30": 0.051, "2016-06-30": -0.156, "2016-03-31": "-2.78800", "2015-12-31": -19.503, "2015-09-30": -35.4, "2015-06-30": -111.587, "2015-03-31": "-94.29500", "2014-12-31": 17.623, "2014-09-30": -6.781, "2014-06-30": 27.664, "2014-03-31": "-4.84200", "2013-12-31": -19.946, "2013-09-30": -42.267, "2013-06-30": -58.076, "2013-03-31": "-43.14400", "2012-12-31": -37.732, "2012-09-30": -95.525, "2012-06-30": -36.517, "2012-03-31": "-67.55100", "2011-12-31": 32.136, "2011-09-30": -44.037, "2011-06-30": 12.59, "2011-03-31": "3.29900", "2010-12-31": 6.188, "2010-09-30": -0.23, "2010-06-30": -17.357, "2010-03-31": "19.05700", "2009-12-31": -15.535, "2009-09-30": -25.898, "2009-06-30": -14.869, "2009-03-31": "-49.84200", "2008-12-31": -20.53, "2008-09-30": -10.893, "2008-06-30": 7.461, "2008-03-31": "2.29400", "2007-12-31": 2.776, "2007-09-30": 18.889, "2007-06-30": 40.883, "2007-03-31": "38.81300", "2006-12-31": 25.762, "2006-09-30": 1.075, "2006-06-30": -0.965, "2006-03-31": "-3.09500", "2005-12-31": -1.392, "2005-09-30": -3.615, "2005-06-30": -11.654, "2005-03-31": "-4.11300"}, "Net Cash Flow": {"2020-12-31": -95.596, "2020-09-30": 0.214, "2020-06-30": 62.759, "2020-03-31": "32.62300", "2019-12-31": 0.5, "2019-09-30": 1.881, "2019-06-30": -65.372, "2019-03-31": "-3.24800", "2018-12-31": -12.111, "2018-09-30": 34.198, "2018-06-30": -6.808, "2018-03-31": "9.93300", "2017-12-31": -45.842, "2017-09-30": 11.08, "2017-06-30": 21.314, "2017-03-31": "-27.33700", "2016-12-31": -7.252, "2016-09-30": -2.267, "2016-06-30": 33.045, "2016-03-31": "43.11300", "2015-12-31": 57.688, "2015-09-30": -7.336, "2015-06-30": -0.632, "2015-03-31": "5.70400", "2014-12-31": 1.25, "2014-09-30": -13.642, "2014-06-30": -22.129, "2014-03-31": "35.59300", "2013-12-31": -14.237, "2013-09-30": 12.678, "2013-06-30": -0.024, "2013-03-31": "-3.88000", "2012-12-31": 3.021, "2012-09-30": 1.886, "2012-06-30": 3.522, "2012-03-31": "-1.65900", "2011-12-31": 0.423, "2011-09-30": -0.22, "2011-06-30": -4.488, "2011-03-31": "2.64300", "2010-12-31": 5.801, "2010-09-30": -0.449, "2010-06-30": -0.138, "2010-03-31": "-0.66800", "2009-12-31": 1.164, "2009-09-30": 0.513, "2009-06-30": 0.5, "2009-03-31": "-0.72500", "2008-12-31": -0.256, "2008-09-30": -5.735, "2008-06-30": -2.462, "2008-03-31": "5.15200", "2007-12-31": -3.319, "2007-09-30": 4.934, "2007-06-30": 0.736, "2007-03-31": "1.25800", "2006-12-31": -4.286, "2006-09-30": 4.079, "2006-06-30": -4.45, "2006-03-31": "-5.42300", "2005-12-31": -8.751, "2005-09-30": 10.95, "2005-06-30": -11.662, "2005-03-31": "-7.36400"}, "Stock-Based Compensation": {"2020-12-31": -9.321, "2020-09-30": 5.207, "2020-06-30": 2.017, "2020-03-31": "2.09700", "2019-12-31": 1.306, "2019-09-30": 2.436, "2019-06-30": 2.436, "2019-03-31": "2.45200", "2018-12-31": 2.215, "2018-09-30": 2.618, "2018-06-30": 2.031, "2018-03-31": "2.55500", "2017-12-31": 2.071, "2017-09-30": 3.007, "2017-06-30": 3.325, "2017-03-31": "2.68700", "2016-12-31": 2.153, "2016-09-30": 2.703, "2016-06-30": 2.702, "2016-03-31": "2.66000", "2015-12-31": 2.265, "2015-09-30": 2.586, "2015-06-30": 2.586, "2015-03-31": "2.52300", "2014-12-31": 1.959, "2014-09-30": 2.398, "2014-06-30": 2.397, "2014-03-31": "2.32000", "2013-12-31": 1.78, "2013-09-30": 2.146, "2013-06-30": 2.146, "2013-03-31": "2.10500", "2012-12-31": 1.956, "2012-09-30": 2.002, "2012-06-30": 2.001, "2012-03-31": "1.90100", "2011-12-31": 2.652, "2011-09-30": 1.602, "2011-06-30": 1.606, "2011-03-31": "2.21500", "2010-12-31": 1.047, "2010-09-30": 1.22, "2010-06-30": 1.401, "2010-03-31": "1.24100", "2009-12-31": 1.301, "2009-09-30": 1.051, "2009-06-30": 1.073, "2009-03-31": "1.01500", "2008-12-31": 1.004, "2008-09-30": 0.919, "2008-06-30": 0.92, "2008-03-31": "0.88900", "2007-12-31": 0.788, "2007-09-30": 0.829, "2007-06-30": 0.837, "2007-03-31": "0.73500", "2006-12-31": 0.568, "2006-09-30": 0.342, "2006-06-30": 0.774, "2006-03-31": "0.70000", "2005-12-31": 0.305, "2005-09-30": 0.956, "2005-06-30": 0, "2005-03-31": ""}, "Common Stock Dividends Paid": {"2020-12-31": 0, "2020-09-30": 0, "2020-06-30": 0, "2020-03-31": "0.00000", "2019-12-31": -0.007, "2019-09-30": 0, "2019-06-30": -10.738, "2019-03-31": "-21.48600", "2018-12-31": -36.433, "2018-09-30": -21.45, "2018-06-30": -21.529, "2018-03-31": "-21.65700", "2017-12-31": -30.293, "2017-09-30": -13.026, "2017-06-30": 0, "2017-03-31": "", "2016-12-31": -10.861, "2016-09-30": 0, "2016-06-30": 0, "2016-03-31": "", "2015-12-31": -0.003, "2015-09-30": 0, "2015-06-30": -10.837, "2015-03-31": "-22.76200", "2014-12-31": -22.786, "2014-09-30": -22.939, "2014-06-30": -22.897, "2014-03-31": "-22.98600", "2013-12-31": -21.866, "2013-09-30": -21.893, "2013-06-30": -22.015, "2013-03-31": "-22.01500", "2012-12-31": -61.446, "2012-09-30": -17.54, "2012-06-30": -17.512, "2012-03-31": "-17.57100", "2011-12-31": -14.826, "2011-09-30": -11.821, "2011-06-30": -10.326, "2011-03-31": "-10.35400", "2010-12-31": -6.881, "2010-09-30": -5.899, "2010-06-30": -3.931, "2010-03-31": "-3.93600", "2009-12-31": -3.929, "2009-09-30": -4.017, "2009-06-30": -6.806, "2009-03-31": "-6.80400", "2008-12-31": -5.83, "2008-09-30": -5.856, "2008-06-30": -5.848, "2008-03-31": "-5.79400", "2007-12-31": -4.865, "2007-09-30": -4.863, "2007-06-30": -4.859, "2007-03-31": "-4.88600", "2006-12-31": -3.394, "2006-09-30": -3.188, "2006-06-30": -3.244, "2006-03-31": "-3.17000", "2005-12-31": -1.684, "2005-09-30": -1.682, "2005-06-30": -1.696, "2005-03-31": "-1.70400"}}, "financial ratios": {"Current Ratio": {"2019-12-31": "4.30820", "2018-12-31": "4.32110", "2017-12-31": "4.40380", "2016-12-31": "4.72130", "2015-12-31": "4.58020", "2014-12-31": "3.56310", "2013-12-31": "3.59960", "2012-12-31": "3.45160", "2011-12-31": "3.49120", "2010-12-31": "3.39290", "2009-12-31": "3.23810", "2008-12-31": "3.17150", "2007-12-31": "2.59100", "2006-12-31": "2.49090", "2005-12-31": "2.99910"}, "Long-term Debt / Capital": {"2019-12-31": "", "2018-12-31": "", "2017-12-31": "", "2016-12-31": "", "2015-12-31": "", "2014-12-31": "0.17230", "2013-12-31": "0.05220", "2012-12-31": "0.10630", "2011-12-31": "0.21050", "2010-12-31": "0.18370", "2009-12-31": "0.18060", "2008-12-31": "0.27980", "2007-12-31": "0.27650", "2006-12-31": "0.09600", "2005-12-31": ""}, "Debt/Equity Ratio": {"2019-12-31": "", "2018-12-31": "", "2017-12-31": "", "2016-12-31": "", "2015-12-31": "", "2014-12-31": "0.20820", "2013-12-31": "0.05500", "2012-12-31": "0.11900", "2011-12-31": "0.26660", "2010-12-31": "0.22500", "2009-12-31": "0.22040", "2008-12-31": "0.38850", "2007-12-31": "0.38210", "2006-12-31": "0.10620", "2005-12-31": ""}, "Gross Margin": {"2019-12-31": "24.77190", "2018-12-31": "31.25830", "2017-12-31": "34.12790", "2016-12-31": "16.61050", "2015-12-31": "21.97240", "2014-12-31": "36.12250", "2013-12-31": "36.69520", "2012-12-31": "43.14280", "2011-12-31": "45.14860", "2010-12-31": "44.71850", "2009-12-31": "33.01060", "2008-12-31": "42.57190", "2007-12-31": "46.65880", "2006-12-31": "51.89030", "2005-12-31": "46.80330"}, "Operating Margin": {"2019-12-31": "-9.34940", "2018-12-31": "12.20390", "2017-12-31": "14.18090", "2016-12-31": "-32.77790", "2015-12-31": "-12.36530", "2014-12-31": "17.15270", "2013-12-31": "14.90410", "2012-12-31": "22.74470", "2011-12-31": "26.63720", "2010-12-31": "21.78480", "2009-12-31": "-5.62240", "2008-12-31": "16.43940", "2007-12-31": "20.57850", "2006-12-31": "29.80070", "2005-12-31": "22.84920"}, "EBIT Margin": {"2019-12-31": "-9.34940", "2018-12-31": "12.20390", "2017-12-31": "14.18090", "2016-12-31": "-32.77790", "2015-12-31": "-12.36530", "2014-12-31": "17.15270", "2013-12-31": "14.90410", "2012-12-31": "22.74470", "2011-12-31": "26.63720", "2010-12-31": "21.78480", "2009-12-31": "-5.62240", "2008-12-31": "16.43940", "2007-12-31": "20.57850", "2006-12-31": "29.80070", "2005-12-31": "22.84920"}, "EBITDA Margin": {"2019-12-31": "4.77080", "2018-12-31": "21.89530", "2017-12-31": "24.62190", "2016-12-31": "-2.45610", "2015-12-31": "9.42650", "2014-12-31": "27.16120", "2013-12-31": "26.49770", "2012-12-31": "33.75500", "2011-12-31": "36.57120", "2010-12-31": "33.93870", "2009-12-31": "16.59040", "2008-12-31": "29.94540", "2007-12-31": "31.95060", "2006-12-31": "37.63240", "2005-12-31": "31.99910"}, "Pre-Tax Profit Margin": {"2019-12-31": "-9.25230", "2018-12-31": "12.85760", "2017-12-31": "14.59450", "2016-12-31": "-32.83520", "2015-12-31": "-12.10920", "2014-12-31": "17.08670", "2013-12-31": "14.84130", "2012-12-31": "22.75650", "2011-12-31": "26.45670", "2010-12-31": "21.66500", "2009-12-31": "-5.69840", "2008-12-31": "15.71140", "2007-12-31": "20.25920", "2006-12-31": "29.97640", "2005-12-31": "23.55700"}, "Net Profit Margin": {"2019-12-31": "-7.15350", "2018-12-31": "10.08500", "2017-12-31": "10.05560", "2016-12-31": "-19.39620", "2015-12-31": "-7.89660", "2014-12-31": "10.48990", "2013-12-31": "8.96570", "2012-12-31": "14.10970", "2011-12-31": "16.37640", "2010-12-31": "13.38420", "2009-12-31": "-3.86910", "2008-12-31": "9.51030", "2007-12-31": "12.61170", "2006-12-31": "18.57000", "2005-12-31": "15.54660"}, "Asset Turnover": {"2019-12-31": "1.16060", "2018-12-31": "1.43470", "2017-12-31": "1.39050", "2016-12-31": "0.70400", "2015-12-31": "1.02160", "2014-12-31": "1.32860", "2013-12-31": "1.34510", "2012-12-31": "1.42270", "2011-12-31": "1.35240", "2010-12-31": "1.23480", "2009-12-31": "0.90570", "2008-12-31": "1.10530", "2007-12-31": "0.98460", "2006-12-31": "1.24820", "2005-12-31": "1.37160"}, "Inventory Turnover Ratio": {"2019-12-31": "9.10970", "2018-12-31": "9.09460", "2017-12-31": "9.14810", "2016-12-31": "5.61220", "2015-12-31": "7.67780", "2014-12-31": "9.59500", "2013-12-31": "9.30790", "2012-12-31": "7.85060", "2011-12-31": "9.88370", "2010-12-31": "9.46160", "2009-12-31": "7.05960", "2008-12-31": "10.11730", "2007-12-31": "12.43750", "2006-12-31": "13.54720", "2005-12-31": "17.10720"}, "Receiveable Turnover": {"2019-12-31": "4.58310", "2018-12-31": "4.78900", "2017-12-31": "3.81550", "2016-12-31": "3.22070", "2015-12-31": "4.45670", "2014-12-31": "3.52100", "2013-12-31": "4.20340", "2012-12-31": "4.96480", "2011-12-31": "3.83370", "2010-12-31": "3.52250", "2009-12-31": "3.95060", "2008-12-31": "3.88080", "2007-12-31": "3.66260", "2006-12-31": "3.91470", "2005-12-31": "3.98070"}, "Days Sales In Receivables": {"2019-12-31": "79.63980", "2018-12-31": "76.21610", "2017-12-31": "95.66350", "2016-12-31": "113.32930", "2015-12-31": "81.89830", "2014-12-31": "103.66310", "2013-12-31": "86.83420", "2012-12-31": "73.51780", "2011-12-31": "95.20800", "2010-12-31": "103.62000", "2009-12-31": "92.39080", "2008-12-31": "94.05300", "2007-12-31": "99.65470", "2006-12-31": "93.23860", "2005-12-31": "91.69150"}, "ROE - Return On Equity": {"2019-12-31": "-10.49110", "2018-12-31": "18.45520", "2017-12-31": "17.82510", "2016-12-31": "-17.50700", "2015-12-31": "-10.45500", "2014-12-31": "22.73710", "2013-12-31": "17.22870", "2012-12-31": "30.51890", "2011-12-31": "38.86490", "2010-12-31": "27.23020", "2009-12-31": "-5.55130", "2008-12-31": "18.57180", "2007-12-31": "21.26920", "2006-12-31": "33.04450", "2005-12-31": "28.59510"}, "Return On Tangible Equity": {"2019-12-31": "-10.91370", "2018-12-31": "19.10140", "2017-12-31": "18.47670", "2016-12-31": "-18.23360", "2015-12-31": "-10.82030", "2014-12-31": "23.43580", "2013-12-31": "17.81470", "2012-12-31": "31.35910", "2011-12-31": "40.13290", "2010-12-31": "28.50460", "2009-12-31": "-5.89810", "2008-12-31": "19.62470", "2007-12-31": "22.59960", "2006-12-31": "35.60290", "2005-12-31": "31.90090"}, "ROA - Return On Assets": {"2019-12-31": "-8.27090", "2018-12-31": "14.62200", "2017-12-31": "14.16560", "2016-12-31": "-13.64100", "2015-12-31": "-8.04800", "2014-12-31": "13.93650", "2013-12-31": "12.06010", "2012-12-31": "20.07340", "2011-12-31": "22.14760", "2010-12-31": "16.52740", "2009-12-31": "-3.50440", "2008-12-31": "10.51130", "2007-12-31": "12.41760", "2006-12-31": "23.17830", "2005-12-31": "21.32370"}, "ROI - Return On Investment": {"2019-12-31": "-10.49110", "2018-12-31": "18.45520", "2017-12-31": "17.82510", "2016-12-31": "-17.50700", "2015-12-31": "-10.45500", "2014-12-31": "18.81930", "2013-12-31": "16.33020", "2012-12-31": "27.27360", "2011-12-31": "30.68470", "2010-12-31": "22.22880", "2009-12-31": "-4.54880", "2008-12-31": "13.37590", "2007-12-31": "15.38860", "2006-12-31": "29.87270", "2005-12-31": "28.59510"}, "Book Value Per Share": {"2019-12-31": "3.87240", "2018-12-31": "4.42990", "2017-12-31": "4.21020", "2016-12-31": "3.70960", "2015-12-31": "4.38860", "2014-12-31": "4.98010", "2013-12-31": "4.42360", "2012-12-31": "4.08470", "2011-12-31": "3.44770", "2010-12-31": "2.42460", "2009-12-31": "1.85130", "2008-12-31": "2.04280", "2007-12-31": "1.85540", "2006-12-31": "1.53290", "2005-12-31": "1.06880"}, "Operating Cash Flow Per Share": {"2019-12-31": -0.843, "2018-12-31": 1.2046, "2017-12-31": 0.1492, "2016-12-31": -1.7785, "2015-12-31": 0.7326, "2014-12-31": -0.1664, "2013-12-31": -0.8958, "2012-12-31": 0.8302, "2011-12-31": 0.9853, "2010-12-31": -0.0114, "2009-12-31": -0.0266, "2008-12-31": 0.1643, "2007-12-31": 0.1059, "2006-12-31": 0.2357, "2005-12-31": 0.2994}, "Free Cash Flow Per Share": {"2019-12-31": -0.876, "2018-12-31": 0.6136, "2017-12-31": -0.2383, "2016-12-31": -1.1287, "2015-12-31": 1.6453, "2014-12-31": -0.949, "2013-12-31": -0.3471, "2012-12-31": 1.1802, "2011-12-31": -0.0114, "2010-12-31": -0.5108, "2009-12-31": 0.4132, "2008-12-31": 0.5251, "2007-12-31": -0.293, "2006-12-31": -0.2064, "2005-12-31": 0.0577}}, "financial ratios, quarterly": {"Current Ratio": {"2020-09-30": "4.61420", "2020-06-30": "6.95590", "2020-03-31": "4.06020", "2019-12-31": "4.30820", "2019-09-30": "3.53190", "2019-06-30": "3.13330", "2019-03-31": "3.53370", "2018-12-31": "4.32110", "2018-09-30": "3.73670", "2018-06-30": "3.44100", "2018-03-31": "3.65290", "2017-12-31": "4.40380", "2017-09-30": "3.90870", "2017-06-30": "4.05600", "2017-03-31": "4.20500", "2016-12-31": "4.72130", "2016-09-30": "5.23410", "2016-06-30": "5.91140", "2016-03-31": "5.65880", "2015-12-31": "4.58020", "2015-09-30": "4.07660", "2015-06-30": "4.38280", "2015-03-31": "4.74870", "2014-12-31": "3.56310", "2014-09-30": "3.25110", "2014-06-30": "3.73910", "2014-03-31": "3.49450", "2013-12-31": "3.59960", "2013-09-30": "3.45080", "2013-06-30": "3.36140", "2013-03-31": "3.41230", "2012-12-31": "3.45160", "2012-09-30": "3.33910", "2012-06-30": "3.58020", "2012-03-31": "2.86140", "2011-12-31": "3.49120", "2011-09-30": "3.05440", "2011-06-30": "2.90490", "2011-03-31": "2.88770", "2010-12-31": "3.39290", "2010-09-30": "2.83710", "2010-06-30": "3.29840", "2010-03-31": "3.76270", "2009-12-31": "3.23810", "2009-09-30": "3.58980", "2009-06-30": "3.76460", "2009-03-31": "3.22520", "2008-12-31": "3.17150", "2008-09-30": "2.71980", "2008-06-30": "2.72190", "2008-03-31": "2.20400", "2007-12-31": "2.59100", "2007-09-30": "2.75670", "2007-06-30": "2.62380", "2007-03-31": "2.53120", "2006-12-31": "2.49090", "2006-09-30": "2.10340", "2006-06-30": "2.69210", "2006-03-31": "2.97550", "2005-12-31": "2.99910", "2005-09-30": "2.27370", "2005-06-30": "2.33030", "2005-03-31": "2.78760"}, "Long-term Debt / Capital": {"2020-09-30": "0.02180", "2020-06-30": "", "2020-03-31": "", "2019-12-31": "0.01660", "2019-09-30": "0.01560", "2019-06-30": "", "2019-03-31": "", "2018-12-31": "", "2018-09-30": "0.01160", "2018-06-30": "", "2018-03-31": "", "2017-12-31": "", "2017-09-30": "", "2017-06-30": "", "2017-03-31": "", "2016-12-31": "", "2016-09-30": "", "2016-06-30": "", "2016-03-31": "", "2015-12-31": "", "2015-09-30": "0.02990", "2015-06-30": "0.05110", "2015-03-31": "0.13550", "2014-12-31": "0.17230", "2014-09-30": "0.12530", "2014-06-30": "0.11400", "2014-03-31": "0.07630", "2013-12-31": "0.05220", "2013-09-30": "0.05150", "2013-06-30": "0.06830", "2013-03-31": "0.08760", "2012-12-31": "0.10630", "2012-09-30": "0.08440", "2012-06-30": "0.15900", "2012-03-31": "0.18430", "2011-12-31": "0.21050", "2011-09-30": "0.16380", "2011-06-30": "0.21130", "2011-03-31": "0.20480", "2010-12-31": "0.18370", "2010-09-30": "0.18090", "2010-06-30": "0.18370", "2010-03-31": "0.21430", "2009-12-31": "0.18060", "2009-09-30": "0.19610", "2009-06-30": "0.22300", "2009-03-31": "0.22900", "2008-12-31": "0.27980", "2008-09-30": "0.29450", "2008-06-30": "0.29690", "2008-03-31": "0.28970", "2007-12-31": "0.27650", "2007-09-30": "0.27600", "2007-06-30": "0.24810", "2007-03-31": "0.18110", "2006-12-31": "0.09600", "2006-09-30": "0.02130", "2006-06-30": "", "2006-03-31": "", "2005-12-31": "", "2005-09-30": "", "2005-06-30": "", "2005-03-31": ""}, "Debt/Equity Ratio": {"2020-09-30": "0.02220", "2020-06-30": "", "2020-03-31": "", "2019-12-31": "0.01690", "2019-09-30": "0.01580", "2019-06-30": "", "2019-03-31": "", "2018-12-31": "", "2018-09-30": "0.01170", "2018-06-30": "", "2018-03-31": "", "2017-12-31": "", "2017-09-30": "", "2017-06-30": "", "2017-03-31": "", "2016-12-31": "", "2016-09-30": "", "2016-06-30": "", "2016-03-31": "", "2015-12-31": "", "2015-09-30": "0.03080", "2015-06-30": "0.05380", "2015-03-31": "0.15670", "2014-12-31": "0.20820", "2014-09-30": "0.14330", "2014-06-30": "0.12860", "2014-03-31": "0.08260", "2013-12-31": "0.05500", "2013-09-30": "0.05430", "2013-06-30": "0.07330", "2013-03-31": "0.09600", "2012-12-31": "0.11900", "2012-09-30": "0.09220", "2012-06-30": "0.18910", "2012-03-31": "0.22590", "2011-12-31": "0.26660", "2011-09-30": "0.19590", "2011-06-30": "0.26780", "2011-03-31": "0.25750", "2010-12-31": "0.22500", "2010-09-30": "0.22090", "2010-06-30": "0.22500", "2010-03-31": "0.27270", "2009-12-31": "0.22040", "2009-09-30": "0.24400", "2009-06-30": "0.28710", "2009-03-31": "0.29700", "2008-12-31": "0.38850", "2008-09-30": "0.41750", "2008-06-30": "0.42220", "2008-03-31": "0.40790", "2007-12-31": "0.38210", "2007-09-30": "0.38130", "2007-06-30": "0.33000", "2007-03-31": "0.22120", "2006-12-31": "0.10620", "2006-09-30": "0.02170", "2006-06-30": "0.00730", "2006-03-31": "", "2005-12-31": "", "2005-09-30": "", "2005-06-30": "0.01050", "2005-03-31": "0.01050"}, "Gross Margin": {"2020-09-30": "13.48000", "2020-06-30": "10.37290", "2020-03-31": "25.36460", "2019-12-31": "25.04900", "2019-09-30": "23.19260", "2019-06-30": "26.05960", "2019-03-31": "24.58080", "2018-12-31": "27.16220", "2018-09-30": "31.60200", "2018-06-30": "33.30590", "2018-03-31": "32.25260", "2017-12-31": "33.13090", "2017-09-30": "37.40540", "2017-06-30": "36.30650", "2017-03-31": "27.46450", "2016-12-31": "21.71390", "2016-09-30": "16.64110", "2016-06-30": "11.18270", "2016-03-31": "14.72220", "2015-12-31": "18.89100", "2015-09-30": "19.62290", "2015-06-30": "18.80060", "2015-03-31": "28.01710", "2014-12-31": "38.23440", "2014-09-30": "35.82790", "2014-06-30": "35.78330", "2014-03-31": "34.21960", "2013-12-31": "34.51490", "2013-09-30": "38.16050", "2013-06-30": "37.15050", "2013-03-31": "37.00950", "2012-12-31": "40.54440", "2012-09-30": "42.55070", "2012-06-30": "43.75610", "2012-03-31": "45.51880", "2011-12-31": "44.37970", "2011-09-30": "44.26200", "2011-06-30": "45.15240", "2011-03-31": "47.28330", "2010-12-31": "46.82910", "2010-09-30": "46.21810", "2010-06-30": "44.84770", "2010-03-31": "39.18950", "2009-12-31": "32.87140", "2009-09-30": "31.56580", "2009-06-30": "28.29360", "2009-03-31": "37.61310", "2008-12-31": "42.54490", "2008-09-30": "43.14150", "2008-06-30": "44.02370", "2008-03-31": "40.33780", "2007-12-31": "45.73690", "2007-09-30": "43.54750", "2007-06-30": "48.43570", "2007-03-31": "48.83160", "2006-12-31": "51.61290", "2006-09-30": "52.00600", "2006-06-30": "52.28490", "2006-03-31": "51.66220", "2005-12-31": "49.04100", "2005-09-30": "46.95730", "2005-06-30": "45.31760", "2005-03-31": "45.40130"}, "Operating Margin": {"2020-09-30": "-27.23440", "2020-06-30": "-42.02690", "2020-03-31": "-89.71600", "2019-12-31": "-11.81150", "2019-09-30": "-31.59150", "2019-06-30": "2.33940", "2019-03-31": "-0.64570", "2018-12-31": "5.21560", "2018-09-30": "12.39860", "2018-06-30": "16.03440", "2018-03-31": "13.93380", "2017-12-31": "14.10820", "2017-09-30": "20.67030", "2017-06-30": "16.80050", "2017-03-31": "0.52800", "2016-12-31": "-14.57760", "2016-09-30": "-32.07630", "2016-06-30": "-52.60350", "2016-03-31": "-39.70860", "2015-12-31": "-21.41250", "2015-09-30": "-18.12080", "2015-06-30": "-17.59240", "2015-03-31": "1.56890", "2014-12-31": "19.93100", "2014-09-30": "17.18440", "2014-06-30": "17.67770", "2014-03-31": "13.00240", "2013-12-31": "13.66130", "2013-09-30": "17.47820", "2013-06-30": "14.82910", "2013-03-31": "13.43730", "2012-12-31": "19.00380", "2012-09-30": "21.66900", "2012-06-30": "23.96650", "2012-03-31": "26.03820", "2011-12-31": "25.27720", "2011-09-30": "26.77110", "2011-06-30": "26.92080", "2011-03-31": "27.85150", "2010-12-31": "27.36540", "2010-09-30": "24.61620", "2010-06-30": "20.59700", "2010-03-31": "10.58810", "2009-12-31": "-4.62160", "2009-09-30": "-11.27960", "2009-06-30": "-15.35060", "2009-03-31": "4.76370", "2008-12-31": "16.10620", "2008-09-30": "18.64620", "2008-06-30": "17.60690", "2008-03-31": "12.89940", "2007-12-31": "18.62900", "2007-09-30": "15.22770", "2007-06-30": "22.63040", "2007-03-31": "25.71550", "2006-12-31": "29.50630", "2006-09-30": "30.23490", "2006-06-30": "30.36320", "2006-03-31": "29.05150", "2005-12-31": "23.26330", "2005-09-30": "31.35980", "2005-06-30": "18.82290", "2005-03-31": "16.09340"}, "EBIT Margin": {"2020-09-30": "-27.23440", "2020-06-30": "-42.02690", "2020-03-31": "-89.71600", "2019-12-31": "-11.81150", "2019-09-30": "-31.59150", "2019-06-30": "2.33940", "2019-03-31": "-0.64570", "2018-12-31": "5.21570", "2018-09-30": "12.39860", "2018-06-30": "16.03440", "2018-03-31": "13.93380", "2017-12-31": "14.10820", "2017-09-30": "20.67030", "2017-06-30": "16.80050", "2017-03-31": "0.52800", "2016-12-31": "-14.57760", "2016-09-30": "-32.07630", "2016-06-30": "-52.60350", "2016-03-31": "-39.70860", "2015-12-31": "-21.41250", "2015-09-30": "-18.12080", "2015-06-30": "-17.59240", "2015-03-31": "1.56890", "2014-12-31": "19.93100", "2014-09-30": "17.18440", "2014-06-30": "17.67770", "2014-03-31": "13.00240", "2013-12-31": "13.66130", "2013-09-30": "17.47820", "2013-06-30": "14.82910", "2013-03-31": "13.43730", "2012-12-31": "19.00380", "2012-09-30": "21.66900", "2012-06-30": "23.96650", "2012-03-31": "26.03820", "2011-12-31": "25.27720", "2011-09-30": "26.77110", "2011-06-30": "26.92080", "2011-03-31": "27.85150", "2010-12-31": "27.36540", "2010-09-30": "24.61620", "2010-06-30": "20.59700", "2010-03-31": "10.58810", "2009-12-31": "-4.62160", "2009-09-30": "-11.27960", "2009-06-30": "-15.35060", "2009-03-31": "4.76370", "2008-12-31": "16.10620", "2008-09-30": "18.64620", "2008-06-30": "17.60690", "2008-03-31": "12.89940", "2007-12-31": "18.62900", "2007-09-30": "15.22770", "2007-06-30": "22.63040", "2007-03-31": "25.71550", "2006-12-31": "29.50630", "2006-09-30": "30.23490", "2006-06-30": "30.36320", "2006-03-31": "29.05150", "2005-12-31": "23.26330", "2005-09-30": "31.35980", "2005-06-30": "18.82290", "2005-03-31": "16.09340"}, "EBITDA Margin": {"2020-09-30": "", "2020-06-30": "", "2020-03-31": "", "2019-12-31": "", "2019-09-30": "", "2019-06-30": "", "2019-03-31": "", "2018-12-31": "", "2018-09-30": "", "2018-06-30": "", "2018-03-31": "", "2017-12-31": "", "2017-09-30": "", "2017-06-30": "", "2017-03-31": "", "2016-12-31": "", "2016-09-30": "", "2016-06-30": "", "2016-03-31": "", "2015-12-31": "", "2015-09-30": "", "2015-06-30": "", "2015-03-31": "", "2014-12-31": "", "2014-09-30": "", "2014-06-30": "", "2014-03-31": "", "2013-12-31": "", "2013-09-30": "", "2013-06-30": "", "2013-03-31": "", "2012-12-31": "", "2012-09-30": "", "2012-06-30": "", "2012-03-31": "", "2011-12-31": "", "2011-09-30": "", "2011-06-30": "", "2011-03-31": "", "2010-12-31": "", "2010-09-30": "", "2010-06-30": "", "2010-03-31": "", "2009-12-31": "", "2009-09-30": "", "2009-06-30": "", "2009-03-31": "", "2008-12-31": "", "2008-09-30": "", "2008-06-30": "", "2008-03-31": "", "2007-12-31": "", "2007-09-30": "", "2007-06-30": "", "2007-03-31": "", "2006-12-31": "", "2006-09-30": "", "2006-06-30": "", "2006-03-31": "", "2005-12-31": "", "2005-09-30": "", "2005-06-30": "", "2005-03-31": ""}, "Pre-Tax Profit Margin": {"2020-09-30": "-26.61250", "2020-06-30": "-43.68870", "2020-03-31": "-89.75170", "2019-12-31": "-11.63490", "2019-09-30": "-31.85170", "2019-06-30": "2.44450", "2019-03-31": "-0.30030", "2018-12-31": "5.26580", "2018-09-30": "12.60770", "2018-06-30": "16.98520", "2018-03-31": "15.23830", "2017-12-31": "14.83530", "2017-09-30": "20.87140", "2017-06-30": "17.37900", "2017-03-31": "0.60780", "2016-12-31": "-14.76850", "2016-09-30": "-31.99670", "2016-06-30": "-52.72660", "2016-03-31": "-39.68750", "2015-12-31": "-21.55650", "2015-09-30": "-18.47710", "2015-06-30": "-17.67240", "2015-03-31": "2.77500", "2014-12-31": "19.74560", "2014-09-30": "17.03850", "2014-06-30": "17.81290", "2014-03-31": "12.95200", "2013-12-31": "13.39030", "2013-09-30": "17.68260", "2013-06-30": "14.59460", "2013-03-31": "13.48900", "2012-12-31": "19.16280", "2012-09-30": "21.81270", "2012-06-30": "23.66140", "2012-03-31": "26.10370", "2011-12-31": "25.33190", "2011-09-30": "26.41590", "2011-06-30": "26.69400", "2011-03-31": "27.65740", "2010-12-31": "27.31510", "2010-09-30": "24.53280", "2010-06-30": "20.28820", "2010-03-31": "10.53420", "2009-12-31": "-4.80010", "2009-09-30": "-11.19640", "2009-06-30": "-15.24590", "2009-03-31": "4.52660", "2008-12-31": "15.12830", "2008-09-30": "17.98020", "2008-06-30": "17.08470", "2008-03-31": "12.16110", "2007-12-31": "17.89630", "2007-09-30": "14.50290", "2007-06-30": "22.73160", "2007-03-31": "25.80960", "2006-12-31": "29.56120", "2006-09-30": "30.45090", "2006-06-30": "30.50900", "2006-03-31": "29.35590", "2005-12-31": "24.06630", "2005-09-30": "31.74840", "2005-06-30": "19.08870", "2005-03-31": "17.56850"}, "Net Profit Margin": {"2020-09-30": "-14.09840", "2020-06-30": "-28.09970", "2020-03-31": "-65.80730", "2019-12-31": "-9.89930", "2019-09-30": "-23.59190", "2019-06-30": "1.69090", "2019-03-31": "-0.28810", "2018-12-31": "3.53420", "2018-09-30": "11.23630", "2018-06-30": "12.66650", "2018-03-31": "11.81180", "2017-12-31": "13.33400", "2017-09-30": "12.01740", "2017-06-30": "10.84430", "2017-03-31": "1.20190", "2016-12-31": "-9.61730", "2016-09-30": "-22.14070", "2016-06-30": "-34.04660", "2016-03-31": "-17.19300", "2015-12-31": "-14.21970", "2015-09-30": "-12.04870", "2015-06-30": "-11.44480", "2015-03-31": "1.85790", "2014-12-31": "12.28030", "2014-09-30": "10.45380", "2014-06-30": "10.85790", "2014-03-31": "7.85100", "2013-12-31": "7.72990", "2013-09-30": "10.94640", "2013-06-30": "8.83280", "2013-03-31": "8.23730", "2012-12-31": "11.78460", "2012-09-30": "13.97920", "2012-06-30": "14.44890", "2012-03-31": "16.06880", "2011-12-31": "15.44820", "2011-09-30": "16.54820", "2011-06-30": "16.51470", "2011-03-31": "17.16360", "2010-12-31": "16.90450", "2010-09-30": "15.31070", "2010-06-30": "12.49610", "2010-03-31": "6.28680", "2009-12-31": "-3.41310", "2009-09-30": "-7.85800", "2009-06-30": "-9.15150", "2009-03-31": "2.53360", "2008-12-31": "8.95700", "2008-09-30": "10.86770", "2008-06-30": "10.46070", "2008-03-31": "7.48220", "2007-12-31": "10.90080", "2007-09-30": "9.19540", "2007-06-30": "13.92440", "2007-03-31": "16.39630", "2006-12-31": "18.40560", "2006-09-30": "18.65650", "2006-06-30": "18.90530", "2006-03-31": "18.30560", "2005-12-31": "18.32150", "2005-09-30": "19.95410", "2005-06-30": "11.68280", "2005-03-31": "10.75170"}, "Asset Turnover": {"2020-09-30": "0.14560", "2020-06-30": "0.11410", "2020-03-31": "0.28050", "2019-12-31": "0.22410", "2019-09-30": "0.26420", "2019-06-30": "0.29290", "2019-03-31": "0.27290", "2018-12-31": "0.31410", "2018-09-30": "0.35320", "2018-06-30": "0.38400", "2018-03-31": "0.36950", "2017-12-31": "0.37250", "2017-09-30": "0.41010", "2017-06-30": "0.36060", "2017-03-31": "0.28420", "2016-12-31": "0.21340", "2016-09-30": "0.16700", "2016-06-30": "0.13100", "2016-03-31": "0.16370", "2015-12-31": "0.21670", "2015-09-30": "0.22660", "2015-06-30": "0.21500", "2015-03-31": "0.26210", "2014-12-31": "0.35930", "2014-09-30": "0.38410", "2014-06-30": "0.38070", "2014-03-31": "0.34980", "2013-12-31": "0.35190", "2013-09-30": "0.36320", "2013-06-30": "0.34430", "2013-03-31": "0.31480", "2012-12-31": "0.34370", "2012-09-30": "0.34780", "2012-06-30": "0.36140", "2012-03-31": "0.36710", "2011-12-31": "0.36080", "2011-09-30": "0.41370", "2011-06-30": "0.39740", "2011-03-31": "0.38290", "2010-12-31": "0.36960", "2010-09-30": "0.37640", "2010-06-30": "0.35610", "2010-03-31": "0.31080", "2009-12-31": "0.23480", "2009-09-30": "0.20080", "2009-06-30": "0.18610", "2009-03-31": "0.24230", "2008-12-31": "0.28720", "2008-09-30": "0.29610", "2008-06-30": "0.28510", "2008-03-31": "0.26750", "2007-12-31": "0.26560", "2007-09-30": "0.24900", "2007-06-30": "0.27960", "2007-03-31": "0.31230", "2006-12-31": "0.33540", "2006-09-30": "0.36350", "2006-06-30": "0.39710", "2006-03-31": "0.41100", "2005-12-31": "0.37710", "2005-09-30": "0.38350", "2005-06-30": "0.37900", "2005-03-31": "0.34960"}, "Inventory Turnover Ratio": {"2020-09-30": "1.19280", "2020-06-30": "0.85700", "2020-03-31": "1.87060", "2019-12-31": "1.75220", "2019-09-30": "2.10440", "2019-06-30": "2.23500", "2019-03-31": "2.02790", "2018-12-31": "2.10960", "2018-09-30": "2.33370", "2018-06-30": "2.46700", "2018-03-31": "2.44410", "2017-12-31": "2.48750", "2017-09-30": "2.60080", "2017-06-30": "2.25480", "2017-03-31": "1.93170", "2016-12-31": "1.59740", "2016-09-30": "1.32240", "2016-06-30": "1.09520", "2016-03-31": "1.28910", "2015-12-31": "1.69290", "2015-09-30": "1.72220", "2015-06-30": "1.64430", "2015-03-31": "1.90270", "2014-12-31": "2.50940", "2014-09-30": "2.58730", "2014-06-30": "2.69580", "2014-03-31": "2.43150", "2013-12-31": "2.51890", "2013-09-30": "2.36900", "2013-06-30": "2.14340", "2013-03-31": "2.02160", "2012-12-31": "1.98350", "2012-09-30": "1.90380", "2012-06-30": "2.36280", "2012-03-31": "2.44870", "2011-12-31": "2.67350", "2011-09-30": "3.00570", "2011-06-30": "3.08920", "2011-03-31": "2.82300", "2010-12-31": "2.72370", "2010-09-30": "2.62620", "2010-06-30": "2.42160", "2010-03-31": "2.22910", "2009-12-31": "1.83410", "2009-09-30": "1.63170", "2009-06-30": "1.68530", "2009-03-31": "1.94260", "2008-12-31": "2.62980", "2008-09-30": "3.31940", "2008-06-30": "3.36560", "2008-03-31": "3.41890", "2007-12-31": "3.41300", "2007-09-30": "3.24450", "2007-06-30": "3.52340", "2007-03-31": "3.64580", "2006-12-31": "3.66150", "2006-09-30": "3.98850", "2006-06-30": "4.21780", "2006-03-31": "4.35730", "2005-12-31": "4.50530", "2005-09-30": "5.04050", "2005-06-30": "4.39500", "2005-03-31": "4.35890"}, "Receiveable Turnover": {"2020-09-30": "0.62190", "2020-06-30": "0.57210", "2020-03-31": "0.86150", "2019-12-31": "0.88480", "2019-09-30": "0.94800", "2019-06-30": "0.98850", "2019-03-31": "1.02090", "2018-12-31": "1.04840", "2018-09-30": "1.11580", "2018-06-30": "1.17550", "2018-03-31": "1.05230", "2017-12-31": "1.02200", "2017-09-30": "1.24420", "2017-06-30": "1.13230", "2017-03-31": "1.01040", "2016-12-31": "0.97640", "2016-09-30": "0.90170", "2016-06-30": "0.78800", "2016-03-31": "0.87200", "2015-12-31": "0.94540", "2015-09-30": "0.93500", "2015-06-30": "0.89670", "2015-03-31": "0.91270", "2014-12-31": "0.95230", "2014-09-30": "1.02990", "2014-06-30": "1.00000", "2014-03-31": "1.06730", "2013-12-31": "1.09960", "2013-09-30": "1.21240", "2013-06-30": "1.20110", "2013-03-31": "1.10000", "2012-12-31": "1.19960", "2012-09-30": "1.23910", "2012-06-30": "1.20790", "2012-03-31": "1.17880", "2011-12-31": "1.02270", "2011-09-30": "1.14240", "2011-06-30": "1.10490", "2011-03-31": "1.06710", "2010-12-31": "1.05430", "2010-09-30": "1.07630", "2010-06-30": "1.15580", "2010-03-31": "1.02890", "2009-12-31": "1.02430", "2009-09-30": "0.96630", "2009-06-30": "0.90950", "2009-03-31": "1.06450", "2008-12-31": "1.00830", "2008-09-30": "1.00320", "2008-06-30": "1.10900", "2008-03-31": "1.08640", "2007-12-31": "0.98800", "2007-09-30": "0.94620", "2007-06-30": "0.99240", "2007-03-31": "1.02950", "2006-12-31": "1.05200", "2006-09-30": "1.11250", "2006-06-30": "1.10550", "2006-03-31": "1.17100", "2005-12-31": "1.09440", "2005-09-30": "1.17170", "2005-06-30": "1.23570", "2005-03-31": "1.15280"}, "Days Sales In Receivables": {"2020-09-30": "144.71340", "2020-06-30": "157.31350", "2020-03-31": "104.46780", "2019-12-31": "101.71610", "2019-09-30": "94.93950", "2019-06-30": "91.04430", "2019-03-31": "88.16100", "2018-12-31": "85.84680", "2018-09-30": "80.66010", "2018-06-30": "76.56460", "2018-03-31": "85.52610", "2017-12-31": "88.06160", "2017-09-30": "72.33630", "2017-06-30": "79.48710", "2017-03-31": "89.07170", "2016-12-31": "92.17590", "2016-09-30": "99.80680", "2016-06-30": "114.21220", "2016-03-31": "103.20910", "2015-12-31": "95.20120", "2015-09-30": "96.25480", "2015-06-30": "100.36890", "2015-03-31": "98.60720", "2014-12-31": "94.50410", "2014-09-30": "87.38740", "2014-06-30": "89.99740", "2014-03-31": "84.32850", "2013-12-31": "81.84440", "2013-09-30": "74.23560", "2013-06-30": "74.93040", "2013-03-31": "81.82070", "2012-12-31": "75.02790", "2012-09-30": "72.63340", "2012-06-30": "74.51120", "2012-03-31": "76.34840", "2011-12-31": "88.00440", "2011-09-30": "78.78140", "2011-06-30": "81.45220", "2011-03-31": "84.33800", "2010-12-31": "85.36730", "2010-09-30": "83.62020", "2010-06-30": "77.87130", "2010-03-31": "87.47330", "2009-12-31": "87.86720", "2009-09-30": "93.13740", "2009-06-30": "98.95270", "2009-03-31": "84.54450", "2008-12-31": "89.26330", "2008-09-30": "89.71200", "2008-06-30": "81.15170", "2008-03-31": "82.83890", "2007-12-31": "91.09290", "2007-09-30": "95.12120", "2007-06-30": "90.68880", "2007-03-31": "87.41910", "2006-12-31": "85.55200", "2006-09-30": "80.89780", "2006-06-30": "81.41070", "2006-03-31": "76.86030", "2005-12-31": "82.23840", "2005-09-30": "76.81260", "2005-06-30": "72.83600", "2005-03-31": "78.06990"}, "ROE - Return On Equity": {"2020-09-30": "-2.57810", "2020-06-30": "-3.86850", "2020-03-31": "-23.89970", "2019-12-31": "-2.81360", "2019-09-30": "-8.08970", "2019-06-30": "0.66950", "2019-03-31": "-0.07960", "2018-12-31": "1.40590", "2018-09-30": "5.11640", "2018-06-30": "6.34330", "2018-03-31": "5.70530", "2017-12-31": "6.32920", "2017-09-30": "6.50150", "2017-06-30": "5.16790", "2017-03-31": "0.45000", "2016-12-31": "-2.61610", "2016-09-30": "-4.64810", "2016-06-30": "-5.57040", "2016-03-31": "-3.53450", "2015-12-31": "-3.97790", "2015-09-30": "-3.56400", "2015-06-30": "-3.33870", "2015-03-31": "0.71070", "2014-12-31": "7.19940", "2014-09-30": "6.11580", "2014-06-30": "6.19420", "2014-03-31": "4.02610", "2013-12-31": "3.88590", "2013-09-30": "5.67720", "2013-06-30": "4.40670", "2013-03-31": "3.84400", "2012-12-31": "6.15870", "2012-09-30": "7.27350", "2012-06-30": "8.43360", "2012-03-31": "10.08940", "2011-12-31": "9.77990", "2011-09-30": "11.56200", "2011-06-30": "11.32120", "2011-03-31": "11.26400", "2010-12-31": "10.29350", "2010-09-30": "9.43800", "2010-06-30": "7.04980", "2010-03-31": "3.19680", "2009-12-31": "-1.26960", "2009-09-30": "-2.48790", "2009-06-30": "-2.70100", "2009-03-31": "1.00110", "2008-12-31": "4.54440", "2008-09-30": "5.79910", "2008-06-30": "5.19450", "2008-03-31": "3.56090", "2007-12-31": "4.95900", "2007-09-30": "3.81480", "2007-06-30": "6.27900", "2007-03-31": "7.80650", "2006-12-31": "8.80140", "2006-09-30": "9.39410", "2006-06-30": "9.85390", "2006-03-31": "9.76860", "2005-12-31": "9.26450", "2005-09-30": "10.84230", "2005-06-30": "6.23290", "2005-03-31": "5.21120"}, "Return On Tangible Equity": {"2020-09-30": "-2.71500", "2020-06-30": "-4.07020", "2020-03-31": "-25.10200", "2019-12-31": "-2.92690", "2019-09-30": "-8.40570", "2019-06-30": "0.69370", "2019-03-31": "-0.08250", "2018-12-31": "1.45510", "2018-09-30": "5.29060", "2018-06-30": "6.56670", "2018-03-31": "5.91340", "2017-12-31": "6.56050", "2017-09-30": "6.74750", "2017-06-30": "5.37150", "2017-03-31": "0.46860", "2016-12-31": "-2.72470", "2016-09-30": "-4.83360", "2016-06-30": "-5.78320", "2016-03-31": "-3.66250", "2015-12-31": "-4.11690", "2015-09-30": "-3.68400", "2015-06-30": "-3.44740", "2015-03-31": "0.73290", "2014-12-31": "7.42060", "2014-09-30": "6.30690", "2014-06-30": "6.39550", "2014-03-31": "4.16290", "2013-12-31": "4.01810", "2013-09-30": "5.82540", "2013-06-30": "4.52560", "2013-03-31": "3.94820", "2012-12-31": "6.32830", "2012-09-30": "7.47180", "2012-06-30": "8.67760", "2012-03-31": "10.40250", "2011-12-31": "10.09900", "2011-09-30": "11.96300", "2011-06-30": "11.75960", "2011-03-31": "11.75070", "2010-12-31": "10.77520", "2010-09-30": "9.92580", "2010-06-30": "7.45020", "2010-03-31": "3.39180", "2009-12-31": "-1.34900", "2009-09-30": "-2.64030", "2009-06-30": "-2.86120", "2009-03-31": "1.05820", "2008-12-31": "4.80200", "2008-09-30": "6.13140", "2008-06-30": "5.50110", "2008-03-31": "3.78070", "2007-12-31": "5.26920", "2007-09-30": "4.06570", "2007-06-30": "6.70490", "2007-03-31": "8.36770", "2006-12-31": "9.48280", "2006-09-30": "10.19620", "2006-06-30": "10.78070", "2006-03-31": "10.78830", "2005-12-31": "10.33550", "2005-09-30": "12.22790", "2005-06-30": "7.16120", "2005-03-31": "5.84000"}, "ROA - Return On Assets": {"2020-09-30": "-2.05240", "2020-06-30": "-3.20530", "2020-03-31": "-18.45780", "2019-12-31": "-2.21820", "2019-09-30": "-6.23330", "2019-06-30": "0.50420", "2019-03-31": "-0.06030", "2018-12-31": "1.11390", "2018-09-30": "4.01130", "2018-06-30": "4.91880", "2018-03-31": "4.41400", "2017-12-31": "5.02980", "2017-09-30": "4.99150", "2017-06-30": "3.96420", "2017-03-31": "0.34640", "2016-12-31": "-2.03840", "2016-09-30": "-3.69860", "2016-06-30": "-4.46140", "2016-03-31": "-2.81430", "2015-12-31": "-3.06210", "2015-09-30": "-2.73060", "2015-06-30": "-2.46100", "2015-03-31": "0.48700", "2014-12-31": "4.41280", "2014-09-30": "4.01510", "2014-06-30": "4.13380", "2014-03-31": "2.74620", "2013-12-31": "2.72010", "2013-09-30": "3.97540", "2013-06-30": "3.04110", "2013-03-31": "2.59330", "2012-12-31": "4.05080", "2012-09-30": "4.86250", "2012-06-30": "5.22250", "2012-03-31": "5.89880", "2011-12-31": "5.57320", "2011-09-30": "6.84590", "2011-06-30": "6.56310", "2011-03-31": "6.57130", "2010-12-31": "6.24760", "2010-09-30": "5.76300", "2010-06-30": "4.44990", "2010-03-31": "1.95370", "2009-12-31": "-0.80150", "2009-09-30": "-1.57810", "2009-06-30": "-1.70280", "2009-03-31": "0.61380", "2008-12-31": "2.57200", "2008-09-30": "3.21830", "2008-06-30": "2.98190", "2008-03-31": "2.00130", "2007-12-31": "2.89520", "2007-09-30": "2.28930", "2007-06-30": "3.89320", "2007-03-31": "5.12100", "2006-12-31": "6.17360", "2006-09-30": "6.78240", "2006-06-30": "7.50780", "2006-03-31": "7.52350", "2005-12-31": "6.90860", "2005-09-30": "7.65150", "2005-06-30": "4.42800", "2005-03-31": "3.75860"}, "ROI - Return On Investment": {"2020-09-30": "-2.52200", "2020-06-30": "-3.86850", "2020-03-31": "-23.89970", "2019-12-31": "-2.76680", "2019-09-30": "-7.96360", "2019-06-30": "0.66950", "2019-03-31": "-0.07960", "2018-12-31": "1.40590", "2018-09-30": "5.05720", "2018-06-30": "6.34330", "2018-03-31": "5.70530", "2017-12-31": "6.32920", "2017-09-30": "6.50150", "2017-06-30": "5.16790", "2017-03-31": "0.45000", "2016-12-31": "-2.61610", "2016-09-30": "-4.64810", "2016-06-30": "-5.57040", "2016-03-31": "-3.53450", "2015-12-31": "-3.97790", "2015-09-30": "-3.45750", "2015-06-30": "-3.16820", "2015-03-31": "0.61440", "2014-12-31": "5.95890", "2014-09-30": "5.34940", "2014-06-30": "5.48830", "2014-03-31": "3.71900", "2013-12-31": "3.68330", "2013-09-30": "5.38490", "2013-06-30": "4.10590", "2013-03-31": "3.50730", "2012-12-31": "5.50380", "2012-09-30": "6.65960", "2012-06-30": "7.09260", "2012-03-31": "8.23020", "2011-12-31": "7.72150", "2011-09-30": "9.66830", "2011-06-30": "8.92950", "2011-03-31": "8.95730", "2010-12-31": "8.40290", "2010-09-30": "7.73030", "2010-06-30": "5.75510", "2010-03-31": "2.51190", "2009-12-31": "-1.04040", "2009-09-30": "-1.99990", "2009-06-30": "-2.09850", "2009-03-31": "0.77180", "2008-12-31": "3.27300", "2008-09-30": "4.09110", "2008-06-30": "3.65240", "2008-03-31": "2.52920", "2007-12-31": "3.58790", "2007-09-30": "2.76180", "2007-06-30": "4.72120", "2007-03-31": "6.39270", "2006-12-31": "7.95660", "2006-09-30": "9.19440", "2006-06-30": "9.85390", "2006-03-31": "9.76860", "2005-12-31": "9.26450", "2005-09-30": "10.84230", "2005-06-30": "6.23290", "2005-03-31": "5.21120"}, "Book Value Per Share": {"2020-09-30": "2.96440", "2020-06-30": "3.01530", "2020-03-31": "3.11830", "2019-12-31": "3.87240", "2019-09-30": "3.98680", "2019-06-30": "4.29530", "2019-03-31": "4.31280", "2018-12-31": "4.42990", "2018-09-30": "4.54660", "2018-06-30": "4.39880", "2018-03-31": "4.24060", "2017-12-31": "4.21020", "2017-09-30": "4.07160", "2017-06-30": "3.90290", "2017-03-31": "3.70840", "2016-12-31": "3.70960", "2016-09-30": "3.85160", "2016-06-30": "4.01750", "2016-03-31": "4.22700", "2015-12-31": "4.38860", "2015-09-30": "4.54780", "2015-06-30": "4.70000", "2015-03-31": "4.89290", "2014-12-31": "4.98010", "2014-09-30": "4.85330", "2014-06-30": "4.66860", "2014-03-31": "4.47040", "2013-12-31": "4.42360", "2013-09-30": "4.32320", "2013-06-30": "4.18110", "2013-03-31": "4.13720", "2012-12-31": "4.08470", "2012-09-30": "4.13230", "2012-06-30": "3.90470", "2012-03-31": "3.64660", "2011-12-31": "3.44770", "2011-09-30": "3.23110", "2011-06-30": "2.90530", "2011-03-31": "2.61970", "2010-12-31": "2.42460", "2010-09-30": "2.20610", "2010-06-30": "2.01730", "2010-03-31": "1.88500", "2009-12-31": "1.85130", "2009-09-30": "1.88570", "2009-06-30": "1.94380", "2009-03-31": "2.01440", "2008-12-31": "2.04280", "2008-09-30": "2.01400", "2008-06-30": "1.94890", "2008-03-31": "1.86830", "2007-12-31": "1.85540", "2007-09-30": "1.77040", "2007-06-30": "1.72010", "2007-03-31": "1.63080", "2006-12-31": "1.53290", "2006-09-30": "1.40130", "2006-06-30": "1.27850", "2006-03-31": "1.16510", "2005-12-31": "1.06880", "2005-09-30": "0.98100", "2005-06-30": "0.88090", "2005-03-31": "0.86840"}, "Operating Cash Flow Per Share": {"2020-09-30": 0.0433, "2020-06-30": 0.3165, "2020-03-31": "0.25830", "2019-12-31": 0.1851, "2019-09-30": 0.3604, "2019-06-30": 0.0769, "2019-03-31": "0.36310", "2018-12-31": 0.3128, "2018-09-30": 0.4382, "2018-06-30": 0.5634, "2018-03-31": "0.51410", "2017-12-31": 0.1135, "2017-09-30": 0.3768, "2017-06-30": 0.1916, "2017-03-31": "-0.05800", "2016-12-31": 0.0334, "2016-09-30": 0.0107, "2016-06-30": 0.1809, "2016-03-31": "0.24970", "2015-12-31": 0.4167, "2015-09-30": 0.1829, "2015-06-30": 0.6991, "2015-03-31": "0.95450", "2014-12-31": 0.5671, "2014-09-30": 0.5304, "2014-06-30": 0.063, "2014-03-31": "0.36010", "2013-12-31": 0.2827, "2013-09-30": 0.4784, "2013-06-30": 0.5153, "2013-03-31": "0.41060", "2012-12-31": 0.4352, "2012-09-30": 0.7497, "2012-06-30": 0.5531, "2012-03-31": "0.84480", "2011-12-31": 0.3322, "2011-09-30": 0.6448, "2011-06-30": 0.3873, "2011-03-31": "0.38830", "2010-12-31": 0.3465, "2010-09-30": 0.2027, "2010-06-30": 0.2703, "2010-03-31": "-0.05220", "2009-12-31": 0.1112, "2009-09-30": 0.1898, "2009-06-30": 0.1744, "2009-03-31": "0.30330", "2008-12-31": 0.2312, "2008-09-30": 0.1702, "2008-06-30": 0.1922, "2008-03-31": "0.21170", "2007-12-31": 0.1905, "2007-09-30": 0.214, "2007-06-30": 0.1268, "2007-03-31": "0.10970", "2006-12-31": 0.1347, "2006-09-30": 0.2022, "2006-06-30": 0.0979, "2006-03-31": "0.10030", "2005-12-31": 0.0486, "2005-09-30": 0.1032, "2005-06-30": 0.1067, "2005-03-31": "0.04090"}, "Free Cash Flow Per Share": {"2020-09-30": 0.0009, "2020-06-30": 0.2954, "2020-03-31": "0.15740", "2019-12-31": 0.0025, "2019-09-30": 0.0087, "2019-06-30": -0.2353, "2019-03-31": "0.09850", "2018-12-31": 0.1267, "2018-09-30": 0.2175, "2018-06-30": 0.1141, "2018-03-31": "0.29210", "2017-12-31": -0.0725, "2017-09-30": 0.1793, "2017-06-30": 0.1309, "2017-03-31": "-0.10090", "2016-12-31": 0.0167, "2016-09-30": -0.0108, "2016-06-30": 0.1548, "2016-03-31": "0.21440", "2015-12-31": 0.3675, "2015-09-30": 0.1229, "2015-06-30": 0.5376, "2015-03-31": "0.47580", "2014-12-31": -0.0665, "2014-09-30": -0.0317, "2014-06-30": -0.2303, "2014-03-31": "0.18700", "2013-12-31": 0.1031, "2013-09-30": 0.2553, "2013-06-30": 0.2686, "2013-03-31": "0.18050", "2012-12-31": 0.216, "2012-09-30": 0.4485, "2012-06-30": 0.1869, "2012-03-31": "0.30320", "2011-12-31": -0.144, "2011-09-30": 0.1989, "2011-06-30": -0.0775, "2011-03-31": "-0.00300", "2010-12-31": -0.0018, "2010-09-30": -0.001, "2010-06-30": 0.0786, "2010-03-31": "-0.09000", "2009-12-31": 0.0773, "2009-09-30": 0.1217, "2009-06-30": 0.0719, "2009-03-31": "0.22570", "2008-12-31": 0.092, "2008-09-30": 0.0234, "2008-06-30": -0.0449, "2008-03-31": "0.01290", "2007-12-31": -0.0271, "2007-09-30": -0.0638, "2007-06-30": -0.1812, "2007-03-31": "-0.16960", "2006-12-31": -0.136, "2006-09-30": 0.0135, "2006-06-30": -0.0157, "2006-03-31": "-0.01050", "2005-12-31": -0.0252, "2005-09-30": 0.0768, "2005-06-30": 0.0207, "2005-03-31": "-0.01460"}}, "revenue": {"RPC Annual Revenue (Millions of US $)": {"2020": "$598", "2019": "$1,222", "2018": "$1,721", "2017": "$1,595", "2016": "$729", "2015": "$1,264", "2014": "$2,337", "2013": "$1,861", "2012": "$1,945", "2011": "$1,810", "2010": "$1,096", "2009": "$588", "2008": "$877", "2007": "$690", "2006": "$597", "2005": "$428"}, "RPC Quarterly Revenue (Millions of US $)": {"2020-12-31": "$149", "2020-09-30": "$117", "2020-06-30": "$89", "2020-03-31": "$244", "2019-12-31": "$236", "2019-09-30": "$293", "2019-06-30": "$359", "2019-03-31": "$335", "2018-12-31": "$377", "2018-09-30": "$440", "2018-06-30": "$468", "2018-03-31": "$436", "2017-12-31": "$427", "2017-09-30": "$471", "2017-06-30": "$399", "2017-03-31": "$298", "2016-12-31": "$221", "2016-09-30": "$176", "2016-06-30": "$143", "2016-03-31": "$189", "2015-12-31": "$268", "2015-09-30": "$292", "2015-06-30": "$298", "2015-03-31": "$406", "2014-12-31": "$632", "2014-09-30": "$621", "2014-06-30": "$583", "2014-03-31": "$502", "2013-12-31": "$487", "2013-09-30": "$491", "2013-06-30": "$458", "2013-03-31": "$426", "2012-12-31": "$470", "2012-09-30": "$472", "2012-06-30": "$500", "2012-03-31": "$503", "2011-12-31": "$483", "2011-09-30": "$502", "2011-06-30": "$443", "2011-03-31": "$382", "2010-12-31": "$328", "2010-09-30": "$302", "2010-06-30": "$253", "2010-03-31": "$213", "2009-12-31": "$152", "2009-09-30": "$132", "2009-06-30": "$127", "2009-03-31": "$176", "2008-12-31": "$228", "2008-09-30": "$237", "2008-06-30": "$215", "2008-03-31": "$197", "2007-12-31": "$186", "2007-09-30": "$162", "2007-06-30": "$171", "2007-03-31": "$171", "2006-12-31": "$160", "2006-09-30": "$154", "2006-06-30": "$146", "2006-03-31": "$136", "2005-12-31": "$118", "2005-09-30": "$116", "2005-06-30": "$102", "2005-03-31": "$92"}}, "gross-profit": {"RPC Annual Gross Profit (Millions of US $)": {"2020": "$118", "2019": "$303", "2018": "$538", "2017": "$544", "2016": "$121", "2015": "$278", "2014": "$844", "2013": "$683", "2012": "$839", "2011": "$817", "2010": "$490", "2009": "$194", "2008": "$373", "2007": "$322", "2006": "$310", "2005": "$200"}, "RPC Quarterly Gross Profit (Millions of US $)": {"2020-12-31": "$31", "2020-09-30": "$16", "2020-06-30": "$9", "2020-03-31": "$62", "2019-12-31": "$59", "2019-09-30": "$68", "2019-06-30": "$93", "2019-03-31": "$82", "2018-12-31": "$102", "2018-09-30": "$139", "2018-06-30": "$156", "2018-03-31": "$141", "2017-12-31": "$142", "2017-09-30": "$176", "2017-06-30": "$145", "2017-03-31": "$82", "2016-12-31": "$48", "2016-09-30": "$29", "2016-06-30": "$16", "2016-03-31": "$28", "2015-12-31": "$51", "2015-09-30": "$57", "2015-06-30": "$56", "2015-03-31": "$114", "2014-12-31": "$242", "2014-09-30": "$222", "2014-06-30": "$209", "2014-03-31": "$172", "2013-12-31": "$168", "2013-09-30": "$187", "2013-06-30": "$170", "2013-03-31": "$158", "2012-12-31": "$191", "2012-09-30": "$201", "2012-06-30": "$219", "2012-03-31": "$229", "2011-12-31": "$214", "2011-09-30": "$222", "2011-06-30": "$200", "2011-03-31": "$181", "2010-12-31": "$154", "2010-09-30": "$140", "2010-06-30": "$113", "2010-03-31": "$84", "2009-12-31": "$50", "2009-09-30": "$42", "2009-06-30": "$36", "2009-03-31": "$66", "2008-12-31": "$97", "2008-09-30": "$102", "2008-06-30": "$95", "2008-03-31": "$80", "2007-12-31": "$85", "2007-09-30": "$71", "2007-06-30": "$83", "2007-03-31": "$84", "2006-12-31": "$83", "2006-09-30": "$80", "2006-06-30": "$76", "2006-03-31": "$70", "2005-12-31": "$58", "2005-09-30": "$54", "2005-06-30": "$46", "2005-03-31": "$42"}}, "operating-income": {"RPC Annual Operating Income (Millions of US $)": {"2020": "$-310", "2019": "$-114", "2018": "$210", "2017": "$226", "2016": "$-239", "2015": "$-156", "2014": "$401", "2013": "$277", "2012": "$442", "2011": "$482", "2010": "$239", "2009": "$-33", "2008": "$144", "2007": "$142", "2006": "$178", "2005": "$98"}, "RPC Quarterly Operating Income (Millions of US $)": {"2020-12-31": "$-22", "2020-09-30": "$-32", "2020-06-30": "$-38", "2020-03-31": "$-219", "2019-12-31": "$-28", "2019-09-30": "$-93", "2019-06-30": "$8", "2019-03-31": "$-2", "2018-12-31": "$20", "2018-09-30": "$55", "2018-06-30": "$75", "2018-03-31": "$61", "2017-12-31": "$60", "2017-09-30": "$97", "2017-06-30": "$67", "2017-03-31": "$2", "2016-12-31": "$-32", "2016-09-30": "$-56", "2016-06-30": "$-75", "2016-03-31": "$-75", "2015-12-31": "$-57", "2015-09-30": "$-53", "2015-06-30": "$-52", "2015-03-31": "$6", "2014-12-31": "$126", "2014-09-30": "$107", "2014-06-30": "$103", "2014-03-31": "$65", "2013-12-31": "$67", "2013-09-30": "$86", "2013-06-30": "$68", "2013-03-31": "$57", "2012-12-31": "$89", "2012-09-30": "$102", "2012-06-30": "$120", "2012-03-31": "$131", "2011-12-31": "$122", "2011-09-30": "$134", "2011-06-30": "$119", "2011-03-31": "$106", "2010-12-31": "$90", "2010-09-30": "$74", "2010-06-30": "$52", "2010-03-31": "$23", "2009-12-31": "$-7", "2009-09-30": "$-15", "2009-06-30": "$-19", "2009-03-31": "$8", "2008-12-31": "$37", "2008-09-30": "$44", "2008-06-30": "$38", "2008-03-31": "$25", "2007-12-31": "$35", "2007-09-30": "$25", "2007-06-30": "$39", "2007-03-31": "$44", "2006-12-31": "$47", "2006-09-30": "$47", "2006-06-30": "$44", "2006-03-31": "$40", "2005-12-31": "$27", "2005-09-30": "$36", "2005-06-30": "$19", "2005-03-31": "$15"}}, "ebitda": {"RPC Annual EBITDA (Millions of US $)": {"2019": "$58", "2018": "$377", "2017": "$393", "2016": "$-18", "2015": "$119", "2014": "$635", "2013": "$493", "2012": "$657", "2011": "$662", "2010": "$372", "2009": "$98", "2008": "$263", "2007": "$221", "2006": "$225", "2005": "$137"}, "RPC Quarterly EBITDA (Millions of US $)": {"2020-09-30": "$-13", "2020-06-30": "$-18", "2020-03-31": "$-179", "2019-12-31": "$12", "2019-09-30": "$-47", "2019-06-30": "$52", "2019-03-31": "$41", "2018-12-31": "$63", "2018-09-30": "$98", "2018-06-30": "$116", "2018-03-31": "$99", "2017-12-31": "$99", "2017-09-30": "$138", "2017-06-30": "$109", "2017-03-31": "$47", "2016-12-31": "$17", "2016-09-30": "$-4", "2016-06-30": "$-18", "2016-03-31": "$-14", "2015-12-31": "$10", "2015-09-30": "$18", "2015-06-30": "$18", "2015-03-31": "$74", "2014-12-31": "$189", "2014-09-30": "$165", "2014-06-30": "$160", "2014-03-31": "$122", "2013-12-31": "$122", "2013-09-30": "$139", "2013-06-30": "$121", "2013-03-31": "$111", "2012-12-31": "$144", "2012-09-30": "$156", "2012-06-30": "$173", "2012-03-31": "$182", "2011-12-31": "$171", "2011-09-30": "$181", "2011-06-30": "$164", "2011-03-31": "$146", "2010-12-31": "$124", "2010-09-30": "$107", "2010-06-30": "$85", "2010-03-31": "$55", "2009-12-31": "$26", "2009-09-30": "$18", "2009-06-30": "$13", "2009-03-31": "$40", "2008-12-31": "$68", "2008-09-30": "$75", "2008-06-30": "$67", "2008-03-31": "$53", "2007-12-31": "$58", "2007-09-30": "$46", "2007-06-30": "$57", "2007-03-31": "$59", "2006-12-31": "$60", "2006-09-30": "$58", "2006-06-30": "$56", "2006-03-31": "$50", "2005-12-31": "$38", "2005-09-30": "$46", "2005-06-30": "$29", "2005-03-31": "$24"}}, "net-income": {"RPC Annual Net Income (Millions of US $)": {"2020": "$-212", "2019": "$-87", "2018": "$174", "2017": "$160", "2016": "$-141", "2015": "$-100", "2014": "$245", "2013": "$167", "2012": "$274", "2011": "$296", "2010": "$147", "2009": "$-23", "2008": "$83", "2007": "$87", "2006": "$111", "2005": "$66"}, "RPC Quarterly Net Income (Millions of US $)": {"2020-12-31": "$-10", "2020-09-30": "$-16", "2020-06-30": "$-25", "2020-03-31": "$-160", "2019-12-31": "$-23", "2019-09-30": "$-69", "2019-06-30": "$6", "2019-03-31": "$-1", "2018-12-31": "$13", "2018-09-30": "$49", "2018-06-30": "$59", "2018-03-31": "$52", "2017-12-31": "$57", "2017-09-30": "$57", "2017-06-30": "$43", "2017-03-31": "$4", "2016-12-31": "$-21", "2016-09-30": "$-39", "2016-06-30": "$-49", "2016-03-31": "$-33", "2015-12-31": "$-38", "2015-09-30": "$-35", "2015-06-30": "$-34", "2015-03-31": "$8", "2014-12-31": "$78", "2014-09-30": "$65", "2014-06-30": "$63", "2014-03-31": "$39", "2013-12-31": "$38", "2013-09-30": "$54", "2013-06-30": "$40", "2013-03-31": "$35", "2012-12-31": "$55", "2012-09-30": "$66", "2012-06-30": "$72", "2012-03-31": "$81", "2011-12-31": "$75", "2011-09-30": "$83", "2011-06-30": "$73", "2011-03-31": "$66", "2010-12-31": "$55", "2010-09-30": "$46", "2010-06-30": "$32", "2010-03-31": "$13", "2009-12-31": "$-5", "2009-09-30": "$-10", "2009-06-30": "$-12", "2009-03-31": "$4", "2008-12-31": "$20", "2008-09-30": "$26", "2008-06-30": "$22", "2008-03-31": "$15", "2007-12-31": "$20", "2007-09-30": "$15", "2007-06-30": "$24", "2007-03-31": "$28", "2006-12-31": "$30", "2006-09-30": "$29", "2006-06-30": "$28", "2006-03-31": "$25", "2005-12-31": "$22", "2005-09-30": "$23", "2005-06-30": "$12", "2005-03-31": "$10"}}, "eps-earnings-per-share-diluted": {"RPC Annual EPS": {"2020": "$-1.00", "2019": "$-0.41", "2018": "$0.82", "2017": "$0.75", "2016": "$-0.66", "2015": "$-0.47", "2014": "$1.14", "2013": "$0.77", "2012": "$1.27", "2011": "$1.35", "2010": "$0.67", "2009": "$-0.11", "2008": "$0.38", "2007": "$0.40", "2006": "$0.50", "2005": "$0.30"}, "RPC Quarterly EPS": {"2020-12-31": "$-0.05", "2020-09-30": "$-0.08", "2020-06-30": "$-0.12", "2020-03-31": "$-0.76", "2019-12-31": "$-0.11", "2019-09-30": "$-0.33", "2019-06-30": "$0.03", "2019-03-31": "$-0.01", "2018-12-31": "$0.07", "2018-09-30": "$0.23", "2018-06-30": "$0.28", "2018-03-31": "$0.24", "2017-12-31": "$0.27", "2017-09-30": "$0.26", "2017-06-30": "$0.20", "2017-03-31": "$0.02", "2016-12-31": "$-0.10", "2016-09-30": "$-0.18", "2016-06-30": "$-0.23", "2016-03-31": "$-0.15", "2015-12-31": "$-0.19", "2015-09-30": "$-0.16", "2015-06-30": "$-0.16", "2015-03-31": "$0.04", "2014-12-31": "$0.37", "2014-09-30": "$0.30", "2014-06-30": "$0.29", "2014-03-31": "$0.18", "2013-12-31": "$0.17", "2013-09-30": "$0.25", "2013-06-30": "$0.19", "2013-03-31": "$0.16", "2012-12-31": "$0.27", "2012-09-30": "$0.30", "2012-06-30": "$0.33", "2012-03-31": "$0.37", "2011-12-31": "$0.34", "2011-09-30": "$0.38", "2011-06-30": "$0.33", "2011-03-31": "$0.30", "2010-12-31": "$0.26", "2010-09-30": "$0.21", "2010-06-30": "$0.14", "2010-03-31": "$0.06", "2009-12-31": "$-0.03", "2009-09-30": "$-0.05", "2009-06-30": "$-0.05", "2009-03-31": "$0.02", "2008-12-31": "$0.10", "2008-09-30": "$0.12", "2008-06-30": "$0.10", "2008-03-31": "$0.07", "2007-12-31": "$0.09", "2007-09-30": "$0.07", "2007-06-30": "$0.11", "2007-03-31": "$0.13", "2006-12-31": "$0.14", "2006-09-30": "$0.13", "2006-06-30": "$0.12", "2006-03-31": "$0.11", "2005-12-31": "$0.10", "2005-09-30": "$0.10", "2005-06-30": "$0.05", "2005-03-31": "$0.04"}}, "shares-outstanding": {"RPC Annual Shares Outstanding (Millions of Shares)": {"2020": "212", "2019": "212", "2018": "213", "2017": "214", "2016": "214", "2015": "210", "2014": "212", "2013": "217", "2012": "217", "2011": "220", "2010": "220", "2009": "217", "2008": "220", "2007": "221", "2006": "221", "2005": "222"}, "RPC Quarterly Shares Outstanding (Millions of Shares)": {"2020-12-31": "213", "2020-09-30": "213", "2020-06-30": "212", "2020-03-31": "212", "2019-12-31": "212", "2019-09-30": "212", "2019-06-30": "212", "2019-03-31": "212", "2018-12-31": "213", "2018-09-30": "212", "2018-06-30": "213", "2018-03-31": "213", "2017-12-31": "214", "2017-09-30": "214", "2017-06-30": "215", "2017-03-31": "215", "2016-12-31": "214", "2016-09-30": "214", "2016-06-30": "214", "2016-03-31": "214", "2015-12-31": "210", "2015-09-30": "210", "2015-06-30": "208", "2015-03-31": "210", "2014-12-31": "212", "2014-09-30": "216", "2014-06-30": "216", "2014-03-31": "216", "2013-12-31": "217", "2013-09-30": "216", "2013-06-30": "217", "2013-03-31": "218", "2012-12-31": "217", "2012-09-30": "217", "2012-06-30": "216", "2012-03-31": "217", "2011-12-31": "220", "2011-09-30": "220", "2011-06-30": "220", "2011-03-31": "221", "2010-12-31": "220", "2010-09-30": "220", "2010-06-30": "219", "2010-03-31": "219", "2009-12-31": "217", "2009-09-30": "217", "2009-06-30": "217", "2009-03-31": "218", "2008-12-31": "220", "2008-09-30": "221", "2008-06-30": "221", "2008-03-31": "221", "2007-12-31": "221", "2007-09-30": "221", "2007-06-30": "222", "2007-03-31": "221", "2006-12-31": "221", "2006-09-30": "221", "2006-06-30": "222", "2006-03-31": "222", "2005-12-31": "222", "2005-09-30": "220", "2005-06-30": "220", "2005-03-31": "223"}}, "total-assets": {"RPC Annual Total Assets (Millions of US $)": {"2019": "$1,053", "2018": "$1,200", "2017": "$1,147", "2016": "$1,035", "2015": "$1,237", "2014": "$1,759", "2013": "$1,384", "2012": "$1,367", "2011": "$1,338", "2010": "$888", "2009": "$649", "2008": "$793", "2007": "$701", "2006": "$478", "2005": "$312"}, "RPC Quarterly Total Assets (Millions of US $)": {"2020-09-30": "$801", "2020-06-30": "$783", "2020-03-31": "$869", "2019-12-31": "$1,053", "2019-09-30": "$1,110", "2019-06-30": "$1,224", "2019-03-31": "$1,226", "2018-12-31": "$1,200", "2018-09-30": "$1,246", "2018-06-30": "$1,219", "2018-03-31": "$1,181", "2017-12-31": "$1,147", "2017-09-30": "$1,149", "2017-06-30": "$1,106", "2017-03-31": "$1,049", "2016-12-31": "$1,035", "2016-09-30": "$1,053", "2016-06-30": "$1,091", "2016-03-31": "$1,155", "2015-12-31": "$1,237", "2015-09-30": "$1,288", "2015-06-30": "$1,384", "2015-03-31": "$1,550", "2014-12-31": "$1,759", "2014-09-30": "$1,616", "2014-06-30": "$1,531", "2014-03-31": "$1,434", "2013-12-31": "$1,384", "2013-09-30": "$1,352", "2013-06-30": "$1,329", "2013-03-31": "$1,353", "2012-12-31": "$1,367", "2012-09-30": "$1,358", "2012-06-30": "$1,384", "2012-03-31": "$1,369", "2011-12-31": "$1,338", "2011-09-30": "$1,214", "2011-06-30": "$1,115", "2011-03-31": "$997", "2010-12-31": "$888", "2010-09-30": "$803", "2010-06-30": "$710", "2010-03-31": "$686", "2009-12-31": "$649", "2009-09-30": "$658", "2009-06-30": "$683", "2009-03-31": "$728", "2008-12-31": "$793", "2008-09-30": "$801", "2008-06-30": "$753", "2008-03-31": "$737", "2007-12-31": "$701", "2007-09-30": "$651", "2007-06-30": "$612", "2007-03-31": "$548", "2006-12-31": "$478", "2006-09-30": "$424", "2006-06-30": "$368", "2006-03-31": "$331", "2005-12-31": "$312", "2005-09-30": "$302", "2005-06-30": "$269", "2005-03-31": "$264"}}, "cash-on-hand": {"RPC Annual Cash on Hand (Millions of US $)": {"2019": "$50", "2018": "$116", "2017": "$91", "2016": "$132", "2015": "$65", "2014": "$10", "2013": "$9", "2012": "$14", "2011": "$7", "2010": "$9", "2009": "$4", "2008": "$3", "2007": "$6", "2006": "$3", "2005": "$13"}, "RPC Quarterly Cash on Hand (Millions of US $)": {"2020-09-30": "$146", "2020-06-30": "$145", "2020-03-31": "$83", "2019-12-31": "$50", "2019-09-30": "$50", "2019-06-30": "$48", "2019-03-31": "$113", "2018-12-31": "$116", "2018-09-30": "$128", "2018-06-30": "$94", "2018-03-31": "$101", "2017-12-31": "$91", "2017-09-30": "$137", "2017-06-30": "$126", "2017-03-31": "$104", "2016-12-31": "$132", "2016-09-30": "$139", "2016-06-30": "$141", "2016-03-31": "$108", "2015-12-31": "$65", "2015-09-30": "$8", "2015-06-30": "$15", "2015-03-31": "$15", "2014-12-31": "$10", "2014-09-30": "$9", "2014-06-30": "$22", "2014-03-31": "$44", "2013-12-31": "$9", "2013-09-30": "$23", "2013-06-30": "$10", "2013-03-31": "$10", "2012-12-31": "$14", "2012-09-30": "$11", "2012-06-30": "$9", "2012-03-31": "$6", "2011-12-31": "$7", "2011-09-30": "$7", "2011-06-30": "$7", "2011-03-31": "$12", "2010-12-31": "$9", "2010-09-30": "$3", "2010-06-30": "$4", "2010-03-31": "$4", "2009-12-31": "$4", "2009-09-30": "$3", "2009-06-30": "$3", "2009-03-31": "$2", "2008-12-31": "$3", "2008-09-30": "$3", "2008-06-30": "$9", "2008-03-31": "$11", "2007-12-31": "$6", "2007-09-30": "$10", "2007-06-30": "$5", "2007-03-31": "$4", "2006-12-31": "$3", "2006-09-30": "$7", "2006-06-30": "$3", "2006-03-31": "$7", "2005-12-31": "$13", "2005-09-30": "$22", "2005-06-30": "$11", "2005-03-31": "$22"}}, "long-term-debt": {"RPC Annual Long Term Debt (Millions of US $)": {"2019": "$", "2018": "$", "2017": "$", "2016": "$", "2015": "$", "2014": "$225", "2013": "$53", "2012": "$107", "2011": "$203", "2010": "$121", "2009": "$90", "2008": "$174", "2007": "$156", "2006": "$36", "2005": "$"}, "RPC Quarterly Long Term Debt (Millions of US $)": {"2020-09-30": "$14", "2020-06-30": "", "2020-03-31": "", "2019-12-31": "$14", "2019-09-30": "$14", "2019-06-30": "", "2019-03-31": "", "2018-12-31": "", "2018-09-30": "$11", "2018-06-30": "", "2018-03-31": "", "2017-12-31": "", "2017-09-30": "", "2017-06-30": "", "2017-03-31": "", "2016-12-31": "", "2016-09-30": "", "2016-06-30": "", "2016-03-31": "", "2015-12-31": "", "2015-09-30": "$30", "2015-06-30": "$55", "2015-03-31": "$166", "2014-12-31": "$225", "2014-09-30": "$152", "2014-06-30": "$131", "2014-03-31": "$81", "2013-12-31": "$53", "2013-09-30": "$51", "2013-06-30": "$67", "2013-03-31": "$88", "2012-12-31": "$107", "2012-09-30": "$84", "2012-06-30": "$162", "2012-03-31": "$181", "2011-12-31": "$203", "2011-09-30": "$141", "2011-06-30": "$173", "2011-03-31": "$150", "2010-12-31": "$121", "2010-09-30": "$108", "2010-06-30": "$101", "2010-03-31": "$114", "2009-12-31": "$90", "2009-09-30": "$102", "2009-06-30": "$124", "2009-03-31": "$133", "2008-12-31": "$174", "2008-09-30": "$186", "2008-06-30": "$183", "2008-03-31": "$169", "2007-12-31": "$156", "2007-09-30": "$149", "2007-06-30": "$125", "2007-03-31": "$79", "2006-12-31": "$36", "2006-09-30": "$7", "2006-06-30": "", "2006-03-31": "", "2005-12-31": "", "2005-09-30": "", "2005-06-30": "", "2005-03-31": ""}}, "total-liabilities": {"RPC Annual Total Liabilities (Millions of US $)": {"2019": "$223", "2018": "$249", "2017": "$236", "2016": "$229", "2015": "$285", "2014": "$681", "2013": "$415", "2012": "$468", "2011": "$576", "2010": "$349", "2009": "$239", "2008": "$344", "2007": "$292", "2006": "$143", "2005": "$79"}, "RPC Quarterly Total Liabilities (Millions of US $)": {"2020-09-30": "$163", "2020-06-30": "$134", "2020-03-31": "$198", "2019-12-31": "$223", "2019-09-30": "$255", "2019-06-30": "$302", "2019-03-31": "$299", "2018-12-31": "$249", "2018-09-30": "$269", "2018-06-30": "$274", "2018-03-31": "$267", "2017-12-31": "$236", "2017-09-30": "$267", "2017-06-30": "$258", "2017-03-31": "$241", "2016-12-31": "$229", "2016-09-30": "$215", "2016-06-30": "$217", "2016-03-31": "$235", "2015-12-31": "$285", "2015-09-30": "$301", "2015-06-30": "$364", "2015-03-31": "$488", "2014-12-31": "$681", "2014-09-30": "$555", "2014-06-30": "$509", "2014-03-31": "$456", "2013-12-31": "$415", "2013-09-30": "$405", "2013-06-30": "$412", "2013-03-31": "$440", "2012-12-31": "$468", "2012-09-30": "$450", "2012-06-30": "$527", "2012-03-31": "$569", "2011-12-31": "$576", "2011-09-30": "$495", "2011-06-30": "$469", "2011-03-31": "$415", "2010-12-31": "$349", "2010-09-30": "$313", "2010-06-30": "$262", "2010-03-31": "$267", "2009-12-31": "$239", "2009-09-30": "$241", "2009-06-30": "$252", "2009-03-31": "$281", "2008-12-31": "$344", "2008-09-30": "$357", "2008-06-30": "$321", "2008-03-31": "$323", "2007-12-31": "$292", "2007-09-30": "$260", "2007-06-30": "$232", "2007-03-31": "$188", "2006-12-31": "$143", "2006-09-30": "$118", "2006-06-30": "$88", "2006-03-31": "$76", "2005-12-31": "$79", "2005-09-30": "$89", "2005-06-30": "$78", "2005-03-31": "$74"}}, "total-share-holder-equity": {"RPC Annual Share Holder Equity (Millions of US $)": {"2019": "$830", "2018": "$950", "2017": "$912", "2016": "$807", "2015": "$952", "2014": "$1,078", "2013": "$969", "2012": "$899", "2011": "$763", "2010": "$539", "2009": "$410", "2008": "$449", "2007": "$409", "2006": "$335", "2005": "$233"}, "RPC Quarterly Share Holder Equity (Millions of US $)": {"2020-09-30": "$638", "2020-06-30": "$649", "2020-03-31": "$671", "2019-12-31": "$830", "2019-09-30": "$855", "2019-06-30": "$922", "2019-03-31": "$928", "2018-12-31": "$950", "2018-09-30": "$977", "2018-06-30": "$945", "2018-03-31": "$914", "2017-12-31": "$912", "2017-09-30": "$882", "2017-06-30": "$848", "2017-03-31": "$808", "2016-12-31": "$807", "2016-09-30": "$838", "2016-06-30": "$874", "2016-03-31": "$920", "2015-12-31": "$952", "2015-09-30": "$987", "2015-06-30": "$1,020", "2015-03-31": "$1,062", "2014-12-31": "$1,078", "2014-09-30": "$1,061", "2014-06-30": "$1,022", "2014-03-31": "$978", "2013-12-31": "$969", "2013-09-30": "$947", "2013-06-30": "$917", "2013-03-31": "$912", "2012-12-31": "$899", "2012-09-30": "$908", "2012-06-30": "$857", "2012-03-31": "$800", "2011-12-31": "$763", "2011-09-30": "$719", "2011-06-30": "$646", "2011-03-31": "$582", "2010-12-31": "$539", "2010-09-30": "$490", "2010-06-30": "$448", "2010-03-31": "$419", "2009-12-31": "$410", "2009-09-30": "$417", "2009-06-30": "$430", "2009-03-31": "$446", "2008-12-31": "$449", "2008-09-30": "$445", "2008-06-30": "$432", "2008-03-31": "$414", "2007-12-31": "$409", "2007-09-30": "$390", "2007-06-30": "$379", "2007-03-31": "$359", "2006-12-31": "$335", "2006-09-30": "$306", "2006-06-30": "$280", "2006-03-31": "$255", "2005-12-31": "$233", "2005-09-30": "$213", "2005-06-30": "$191", "2005-03-31": "$190"}}, "profit-margins": {"current": "-35.47%"}, "gross margin": {"2020-12-31": "19.70%", "2020-09-30": "21.28%", "2020-06-30": "22.97%", "2020-03-31": "24.91%", "2019-12-31": "24.69%", "2019-09-30": "25.29%", "2019-06-30": "27.53%", "2019-03-31": "29.57%", "2018-12-31": "31.26%", "2018-09-30": "32.64%", "2018-06-30": "34.13%", "2018-03-31": "34.85%", "2017-12-31": "34.17%", "2017-09-30": "32.47%", "2017-06-30": "27.79%", "2017-03-31": "20.88%", "2016-12-31": "16.60%", "2016-09-30": "15.98%", "2016-06-30": "17.04%", "2016-03-31": "18.34%", "2015-12-31": "21.99%", "2015-09-30": "28.81%", "2015-06-30": "32.40%", "2015-03-31": "35.10%", "2014-12-31": "36.14%", "2014-09-30": "35.16%", "2014-06-30": "35.68%", "2014-03-31": "35.96%", "2013-12-31": "36.68%", "2013-09-30": "38.27%", "2013-06-30": "39.43%", "2013-03-31": "41.17%", "2012-12-31": "43.19%", "2012-09-30": "44.08%", "2012-06-30": "44.47%", "2012-03-31": "44.80%", "2011-12-31": "45.14%", "2011-09-30": "45.74%", "2011-06-30": "46.39%", "2011-03-31": "46.48%", "2010-12-31": "44.80%", "2010-09-30": "42.07%", "2010-06-30": "38.53%", "2010-03-31": "33.97%", "2009-12-31": "33.05%", "2009-09-30": "36.35%", "2009-06-30": "39.19%", "2009-03-31": "42.06%", "2008-12-31": "42.65%", "2008-09-30": "43.35%", "2008-06-30": "43.55%", "2008-03-31": "44.55%", "2007-12-31": "46.81%", "2007-09-30": "48.34%", "2007-06-30": "50.30%", "2007-03-31": "51.19%", "2006-12-31": "51.85%", "2006-09-30": "51.26%", "2006-06-30": "50.00%", "2006-03-31": "48.31%", "2005-12-31": "46.73%"}, "operating margin": {"2020-12-31": "-51.92%", "2020-09-30": "-46.21%", "2020-06-30": "-43.85%", "2020-03-31": "-29.33%", "2019-12-31": "-9.40%", "2019-09-30": "-4.91%", "2019-06-30": "5.36%", "2019-03-31": "9.14%", "2018-12-31": "12.26%", "2018-09-30": "14.17%", "2018-06-30": "16.26%", "2018-03-31": "16.45%", "2017-12-31": "14.17%", "2017-09-30": "9.65%", "2017-06-30": "-1.74%", "2017-03-31": "-19.21%", "2016-12-31": "-32.65%", "2016-09-30": "-33.89%", "2016-06-30": "-29.15%", "2016-03-31": "-22.64%", "2015-12-31": "-12.34%", "2015-09-30": "1.66%", "2015-06-30": "9.56%", "2015-03-31": "15.25%", "2014-12-31": "17.15%", "2014-09-30": "15.60%", "2014-06-30": "15.56%", "2014-03-31": "14.76%", "2013-12-31": "14.93%", "2013-09-30": "16.26%", "2013-06-30": "17.31%", "2013-03-31": "19.70%", "2012-12-31": "22.72%", "2012-09-30": "24.26%", "2012-06-30": "25.50%", "2012-03-31": "26.20%", "2011-12-31": "26.57%", "2011-09-30": "27.13%", "2011-06-30": "26.74%", "2011-03-31": "25.45%", "2010-12-31": "21.81%", "2010-09-30": "15.43%", "2010-06-30": "7.07%", "2010-03-31": "-2.88%", "2009-12-31": "-5.62%", "2009-09-30": "1.66%", "2009-06-30": "9.11%", "2009-03-31": "14.84%", "2008-12-31": "16.42%", "2008-09-30": "17.01%", "2008-06-30": "16.18%", "2008-03-31": "17.32%", "2007-12-31": "20.72%", "2007-09-30": "23.34%", "2007-06-30": "26.98%", "2007-03-31": "28.84%", "2006-12-31": "29.87%", "2006-09-30": "28.52%", "2006-06-30": "28.49%", "2006-03-31": "25.85%", "2005-12-31": "22.66%"}, "ebitda margin": {"2020-09-30": "-28.86%", "2020-06-30": "-26.91%", "2020-03-31": "-14.31%", "2019-12-31": "4.74%", "2019-09-30": "7.99%", "2019-06-30": "16.81%", "2019-03-31": "19.63%", "2018-12-31": "21.85%", "2018-09-30": "23.26%", "2018-06-30": "25.08%", "2018-03-31": "25.68%", "2017-12-31": "24.64%", "2017-09-30": "22.39%", "2017-06-30": "15.45%", "2017-03-31": "5.01%", "2016-12-31": "-2.61%", "2016-09-30": "-3.35%", "2016-06-30": "-0.45%", "2016-03-31": "3.06%", "2015-12-31": "9.49%", "2015-09-30": "18.37%", "2015-06-30": "22.79%", "2015-03-31": "26.23%", "2014-12-31": "27.20%", "2014-09-30": "25.95%", "2014-06-30": "26.32%", "2014-03-31": "26.01%", "2013-12-31": "26.48%", "2013-09-30": "27.91%", "2013-06-30": "29.13%", "2013-03-31": "31.26%", "2012-12-31": "33.68%", "2012-09-30": "34.83%", "2012-06-30": "35.56%", "2012-03-31": "36.15%", "2011-12-31": "36.57%", "2011-09-30": "37.16%", "2011-06-30": "37.18%", "2011-03-31": "36.52%", "2010-12-31": "33.85%", "2010-09-30": "29.67%", "2010-06-30": "24.53%", "2010-03-31": "17.95%", "2009-12-31": "16.52%", "2009-09-30": "20.97%", "2009-06-30": "25.52%", "2009-03-31": "29.21%", "2008-12-31": "29.99%", "2008-09-30": "30.30%", "2008-06-30": "29.47%", "2008-03-31": "29.89%", "2007-12-31": "31.88%", "2007-09-30": "33.43%", "2007-06-30": "35.67%", "2007-03-31": "36.93%", "2006-12-31": "37.58%", "2006-09-30": "36.46%", "2006-06-30": "36.82%", "2006-03-31": "34.53%", "2005-12-31": "32.01%"}, "pre tax profit margin": {"2020-12-31": "-51.75%", "2020-09-30": "-46.06%", "2020-06-30": "-43.85%", "2020-03-31": "-29.15%", "2019-12-31": "-9.16%", "2019-09-30": "-4.77%", "2019-06-30": "5.49%", "2019-03-31": "9.44%", "2018-12-31": "12.78%", "2018-09-30": "14.85%", "2018-06-30": "16.98%", "2018-03-31": "17.08%", "2017-12-31": "14.55%", "2017-09-30": "9.79%", "2017-06-30": "-1.65%", "2017-03-31": "-19.33%", "2016-12-31": "-32.78%", "2016-09-30": "-34.02%", "2016-06-30": "-29.37%", "2016-03-31": "-22.92%", "2015-12-31": "-12.18%", "2015-09-30": "1.78%", "2015-06-30": "9.66%", "2015-03-31": "15.43%", "2014-12-31": "17.11%", "2014-09-30": "15.50%", "2014-06-30": "15.56%", "2014-03-31": "14.65%", "2013-12-31": "14.82%", "2013-09-30": "16.31%", "2013-06-30": "17.36%", "2013-03-31": "19.70%", "2012-12-31": "22.72%", "2012-09-30": "24.21%", "2012-06-30": "25.35%", "2012-03-31": "26.10%", "2011-12-31": "26.46%", "2011-09-30": "27.01%", "2011-06-30": "26.67%", "2011-03-31": "25.38%", "2010-12-31": "21.62%", "2010-09-30": "15.22%", "2010-06-30": "6.80%", "2010-03-31": "-3.04%", "2009-12-31": "-5.62%", "2009-09-30": "1.21%", "2009-06-30": "8.59%", "2009-03-31": "14.25%", "2008-12-31": "15.74%", "2008-09-30": "16.41%", "2008-06-30": "15.39%", "2008-03-31": "16.62%", "2007-12-31": "20.14%", "2007-09-30": "23.04%", "2007-06-30": "26.98%", "2007-03-31": "29.00%", "2006-12-31": "30.03%", "2006-09-30": "28.88%", "2006-06-30": "29.07%", "2006-03-31": "26.27%", "2005-12-31": "23.36%"}, "net profit margin": {"2020-12-31": "-35.23%", "2020-09-30": "-32.65%", "2020-06-30": "-32.13%", "2020-03-31": "-21.73%", "2019-12-31": "-7.11%", "2019-09-30": "-3.74%", "2019-06-30": "4.43%", "2019-03-31": "7.41%", "2018-12-31": "10.05%", "2018-09-30": "12.25%", "2018-06-30": "12.49%", "2018-03-31": "12.06%", "2017-12-31": "10.09%", "2017-09-30": "5.98%", "2017-06-30": "-1.19%", "2017-03-31": "-12.53%", "2016-12-31": "-19.48%", "2016-09-30": "-20.49%", "2016-06-30": "-17.38%", "2016-03-31": "-13.37%", "2015-12-31": "-7.83%", "2015-09-30": "1.04%", "2015-06-30": "5.98%", "2015-03-31": "9.55%", "2014-12-31": "10.48%", "2014-09-30": "9.35%", "2014-06-30": "9.40%", "2014-03-31": "8.82%", "2013-12-31": "8.97%", "2013-09-30": "9.97%", "2013-06-30": "10.73%", "2013-03-31": "12.21%", "2012-12-31": "14.09%", "2012-09-30": "15.02%", "2012-06-30": "15.64%", "2012-03-31": "16.16%", "2011-12-31": "16.41%", "2011-09-30": "16.74%", "2011-06-30": "16.49%", "2011-03-31": "15.73%", "2010-12-31": "13.32%", "2010-09-30": "9.35%", "2010-06-30": "4.00%", "2010-03-31": "-2.24%", "2009-12-31": "-3.92%", "2009-09-30": "0.30%", "2009-06-30": "4.95%", "2009-03-31": "8.41%", "2008-12-31": "9.46%", "2008-09-30": "9.94%", "2008-06-30": "9.47%", "2008-03-31": "10.34%", "2007-12-31": "12.61%", "2007-09-30": "14.61%", "2007-06-30": "16.92%", "2007-03-31": "18.23%", "2006-12-31": "18.79%", "2006-09-30": "18.77%", "2006-06-30": "18.99%", "2006-03-31": "17.37%", "2005-12-31": "15.65%"}, "pe ratio": {"current": "0.00", "2021-02-05": "0.00", "2020-12-31": "0.00", "2020-09-30": "0.00", "2020-06-30": "0.00", "2020-03-31": "0.00", "2019-12-31": "0.00", "2019-09-30": "0.00", "2019-06-30": "22.53", "2019-03-31": "19.92", "2018-12-31": "12.01", "2018-09-30": "14.78", "2018-06-30": "13.42", "2018-03-31": "17.88", "2017-12-31": "32.58", "2017-09-30": "62.09", "2017-06-30": "0.00", "2017-03-31": "0.00", "2016-12-31": "0.00", "2016-09-30": "0.00", "2016-06-30": "0.00", "2016-03-31": "0.00", "2015-12-31": "0.00", "2015-09-30": "104.67", "2015-06-30": "24.23", "2015-03-31": "12.20", "2014-12-31": "10.80", "2014-09-30": "21.71", "2014-06-30": "24.41", "2014-03-31": "23.79", "2013-12-31": "21.20", "2013-09-30": "16.27", "2013-06-30": "13.55", "2013-03-31": "12.70", "2012-12-31": "8.43", "2012-09-30": "7.32", "2012-06-30": "6.83", "2012-03-31": "5.99", "2011-12-31": "7.11", "2011-09-30": "6.73", "2011-06-30": "12.36", "2011-03-31": "15.57", "2010-12-31": "15.44", "2010-09-30": "22.11", "2010-06-30": "34.47", "2010-03-31": "0.00", "2009-12-31": "0.00", "2009-09-30": "259.55", "2009-06-30": "15.33", "2009-03-31": "6.41", "2008-12-31": "8.17", "2008-09-30": "11.62", "2008-06-30": "15.84", "2008-03-31": "14.00", "2007-12-31": "8.99", "2007-09-30": "9.82", "2007-06-30": "10.20", "2007-03-31": "9.57", "2006-12-31": "9.96"}, "price sales": {"2021-02-05": "1.82", "2020-12-31": "1.12", "2020-09-30": "0.82", "2020-06-30": "0.76", "2020-03-31": "0.39", "2019-12-31": "0.91", "2019-09-30": "0.87", "2019-06-30": "1.01", "2019-03-31": "1.49", "2018-12-31": "1.20", "2018-09-30": "1.81", "2018-06-30": "1.67", "2018-03-31": "2.14", "2017-12-31": "3.28", "2017-09-30": "3.64", "2017-06-30": "3.76", "2017-03-31": "4.45", "2016-12-31": "5.52", "2016-09-30": "4.36", "2016-06-30": "3.49", "2016-03-31": "2.70", "2015-12-31": "1.88", "2015-09-30": "1.08", "2015-06-30": "1.42", "2015-03-31": "1.15", "2014-12-31": "1.12", "2014-09-30": "2.01", "2014-06-30": "2.28", "2014-03-31": "2.10", "2013-12-31": "1.90", "2013-09-30": "1.64", "2013-06-30": "1.46", "2013-03-31": "1.55", "2012-12-31": "1.18", "2012-09-30": "1.09", "2012-06-30": "1.07", "2012-03-31": "0.97", "2011-12-31": "1.17", "2011-09-30": "1.13", "2011-06-30": "1.92", "2011-03-31": "2.27", "2010-12-31": "1.86", "2010-09-30": "1.71", "2010-06-30": "1.34", "2010-03-31": "1.30", "2009-12-31": "1.27", "2009-09-30": "1.14", "2009-06-30": "0.78", "2009-03-31": "0.55", "2008-12-31": "0.78", "2008-09-30": "1.16", "2008-06-30": "1.51", "2008-03-31": "1.44", "2007-12-31": "1.14", "2007-09-30": "1.42", "2007-06-30": "1.72", "2007-03-31": "1.73", "2006-12-31": "1.85"}, "price book": {"current": "1.74", "2021-02-05": "1.73", "2020-09-30": "0.89", "2020-06-30": "1.02", "2020-03-31": "0.66", "2019-12-31": "1.35", "2019-09-30": "1.41", "2019-06-30": "1.68", "2019-03-31": "2.63", "2018-12-31": "2.20", "2018-09-30": "3.32", "2018-06-30": "3.20", "2018-03-31": "4.09", "2017-12-31": "5.80", "2017-09-30": "5.79", "2017-06-30": "4.91", "2017-03-31": "4.69", "2016-12-31": "5.07", "2016-09-30": "4.13", "2016-06-30": "3.66", "2016-03-31": "3.17", "2015-12-31": "2.58", "2015-09-30": "1.84", "2015-06-30": "2.78", "2015-03-31": "2.47", "2014-12-31": "2.45", "2014-09-30": "4.21", "2014-06-30": "4.65", "2014-03-31": "4.20", "2013-12-31": "3.69", "2013-09-30": "3.24", "2013-06-30": "2.95", "2013-03-31": "3.22", "2012-12-31": "2.60", "2012-09-30": "2.38", "2012-06-30": "2.48", "2012-03-31": "2.34", "2011-12-31": "2.79", "2011-09-30": "2.64", "2011-06-30": "4.38", "2011-03-31": "4.98", "2010-12-31": "3.82", "2010-09-30": "3.25", "2010-06-30": "2.28", "2010-03-31": "1.97", "2009-12-31": "1.87", "2009-09-30": "1.83", "2009-06-30": "1.40", "2009-03-31": "1.06", "2008-12-31": "1.51", "2008-09-30": "2.18", "2008-06-30": "2.67", "2008-03-31": "2.50", "2007-12-31": "1.92", "2007-09-30": "2.42", "2007-06-30": "2.96", "2007-03-31": "3.04", "2006-12-31": "3.25", "2006-09-30": "2.56", "2006-06-30": "3.71", "2006-03-31": "3.82"}, "price fcf": {"2021-02-05": "", "2020-09-30": "$0.46", "2020-06-30": "$0.46", "2020-03-31": "$-0.07", "2019-12-31": "$-0.13", "2019-09-30": "$-0.00", "2019-06-30": "$0.21", "2019-03-31": "$0.56", "2018-12-31": "$0.75", "2018-09-30": "$0.55", "2018-06-30": "$0.51", "2018-03-31": "$0.53", "2017-12-31": "$0.14", "2017-09-30": "$0.23", "2017-06-30": "$0.04", "2017-03-31": "$0.06", "2016-12-31": "$0.38", "2016-09-30": "$0.73", "2016-06-30": "$0.86", "2016-03-31": "$1.24", "2015-12-31": "$1.50", "2015-09-30": "$1.07", "2015-06-30": "$0.92", "2015-03-31": "$0.15", "2014-12-31": "$-0.14", "2014-09-30": "$0.03", "2014-06-30": "$0.32", "2014-03-31": "$0.81", "2013-12-31": "$0.81", "2013-09-30": "$0.92", "2013-06-30": "$1.11", "2013-03-31": "$1.03", "2012-12-31": "$1.15", "2012-09-30": "$0.79", "2012-06-30": "$0.55", "2012-03-31": "$0.28", "2011-12-31": "$-0.03", "2011-09-30": "$0.12", "2011-06-30": "$-0.08", "2011-03-31": "$0.07", "2010-12-31": "$-0.01", "2010-09-30": "$0.06", "2010-06-30": "$0.19", "2010-03-31": "$0.18", "2009-12-31": "$0.50", "2009-09-30": "$0.51", "2009-06-30": "$0.41", "2009-03-31": "$0.30", "2008-12-31": "$0.08", "2008-09-30": "$-0.04", "2008-06-30": "$-0.12", "2008-03-31": "$-0.26", "2007-12-31": "$-0.44", "2007-09-30": "$-0.55", "2007-06-30": "$-0.47", "2007-03-31": "$-0.31", "2006-12-31": "$-0.15"}, "net worth": {"value": "$1.1B"}, "current ratio": {"2020-12-31": "5.38", "2020-09-30": "4.61", "2020-06-30": "6.96", "2020-03-31": "4.06", "2019-12-31": "4.31", "2019-09-30": "3.53", "2019-06-30": "3.13", "2019-03-31": "3.53", "2018-12-31": "4.32", "2018-09-30": "3.74", "2018-06-30": "3.44", "2018-03-31": "3.65", "2017-12-31": "4.40", "2017-09-30": "3.91", "2017-06-30": "4.06", "2017-03-31": "4.21", "2016-12-31": "4.72", "2016-09-30": "5.23", "2016-06-30": "5.91", "2016-03-31": "5.66", "2015-12-31": "4.58", "2015-09-30": "4.08", "2015-06-30": "4.38", "2015-03-31": "4.75", "2014-12-31": "3.56", "2014-09-30": "3.25", "2014-06-30": "3.74", "2014-03-31": "3.50", "2013-12-31": "3.60", "2013-09-30": "3.45", "2013-06-30": "3.36", "2013-03-31": "3.41", "2012-12-31": "3.45", "2012-09-30": "3.34", "2012-06-30": "3.58", "2012-03-31": "2.86", "2011-12-31": "3.49", "2011-09-30": "3.05", "2011-06-30": "2.91", "2011-03-31": "2.89", "2010-12-31": "3.39", "2010-09-30": "2.84", "2010-06-30": "3.30", "2010-03-31": "3.76", "2009-12-31": "3.24", "2009-09-30": "3.59", "2009-06-30": "3.77", "2009-03-31": "3.23", "2008-12-31": "3.17", "2008-09-30": "2.72", "2008-06-30": "2.72", "2008-03-31": "2.20", "2007-12-31": "2.59", "2007-09-30": "2.76", "2007-06-30": "2.62", "2007-03-31": "2.53", "2006-12-31": "2.49", "2006-09-30": "2.10", "2006-06-30": "2.69", "2006-03-31": "2.98", "2005-12-31": "3.00", "2005-09-30": "2.27", "2005-06-30": "2.33", "2005-03-31": "2.79"}, "quick ratio": {"2020-12-31": "4.34", "2020-09-30": "3.71", "2020-06-30": "5.37", "2020-03-31": "3.24", "2019-12-31": "3.31", "2019-09-30": "2.75", "2019-06-30": "2.45", "2019-03-31": "2.77", "2018-12-31": "3.41", "2018-09-30": "3.01", "2018-06-30": "2.75", "2018-03-31": "2.98", "2017-12-31": "3.61", "2017-09-30": "3.22", "2017-06-30": "3.30", "2017-03-31": "3.31", "2016-12-31": "3.65", "2016-09-30": "3.96", "2016-06-30": "4.39", "2016-03-31": "4.13", "2015-12-31": "3.39", "2015-09-30": "2.92", "2015-06-30": "3.12", "2015-03-31": "3.60", "2014-12-31": "2.91", "2014-09-30": "2.61", "2014-06-30": "3.06", "2014-03-31": "2.79", "2013-12-31": "2.85", "2013-09-30": "2.68", "2013-06-30": "2.54", "2013-03-31": "2.59", "2012-12-31": "2.60", "2012-09-30": "2.49", "2012-06-30": "2.86", "2012-03-31": "2.32", "2011-12-31": "2.93", "2011-09-30": "2.55", "2011-06-30": "2.46", "2011-03-31": "2.44", "2010-12-31": "2.85", "2010-09-30": "2.35", "2010-06-30": "2.64", "2010-03-31": "2.98", "2009-12-31": "2.42", "2009-09-30": "2.61", "2009-06-30": "2.78", "2009-03-31": "2.45", "2008-12-31": "2.63", "2008-09-30": "2.34", "2008-06-30": "2.33", "2008-03-31": "1.89", "2007-12-31": "2.27", "2007-09-30": "2.40", "2007-06-30": "2.31", "2007-03-31": "2.23", "2006-12-31": "2.21", "2006-09-30": "1.88", "2006-06-30": "2.41", "2006-03-31": "2.67", "2005-12-31": "2.72", "2005-09-30": "2.08", "2005-06-30": "2.07", "2005-03-31": "2.52"}, "debt equity ratio": {"current": "0.02", "2020-12-31": "0.25", "2020-09-30": "0.26", "2020-06-30": "0.21", "2020-03-31": "0.30", "2019-12-31": "0.27", "2019-09-30": "0.30", "2019-06-30": "0.33", "2019-03-31": "0.32", "2018-12-31": "0.26", "2018-09-30": "0.28", "2018-06-30": "0.29", "2018-03-31": "0.29", "2017-12-31": "0.26", "2017-09-30": "0.30", "2017-06-30": "0.30", "2017-03-31": "0.30", "2016-12-31": "0.28", "2016-09-30": "0.26", "2016-06-30": "0.25", "2016-03-31": "0.26", "2015-12-31": "0.30", "2015-09-30": "0.31", "2015-06-30": "0.36", "2015-03-31": "0.46", "2014-12-31": "0.63", "2014-09-30": "0.52", "2014-06-30": "0.50", "2014-03-31": "0.47", "2013-12-31": "0.43", "2013-09-30": "0.43", "2013-06-30": "0.45", "2013-03-31": "0.48", "2012-12-31": "0.52", "2012-09-30": "0.50", "2012-06-30": "0.62", "2012-03-31": "0.71", "2011-12-31": "0.76", "2011-09-30": "0.69", "2011-06-30": "0.73", "2011-03-31": "0.71", "2010-12-31": "0.65", "2010-09-30": "0.64", "2010-06-30": "0.58", "2010-03-31": "0.64", "2009-12-31": "0.58", "2009-09-30": "0.58", "2009-06-30": "0.59", "2009-03-31": "0.63", "2008-12-31": "0.77", "2008-09-30": "0.80", "2008-06-30": "0.74", "2008-03-31": "0.78", "2007-12-31": "0.71", "2007-09-30": "0.67", "2007-06-30": "0.61", "2007-03-31": "0.52", "2006-12-31": "0.43", "2006-09-30": "0.39", "2006-06-30": "0.31", "2006-03-31": "0.30", "2005-12-31": "0.34", "2005-09-30": "0.42", "2005-06-30": "0.41", "2005-03-31": "0.39"}, "return on equity": {"2020-12-31": "-32.59%", "2020-09-30": "-32.14%", "2020-06-30": "-36.87%", "2020-03-31": "-30.02%", "2019-12-31": "-9.84%", "2019-09-30": "-5.58%", "2019-06-30": "7.10%", "2019-03-31": "12.63%", "2018-12-31": "18.28%", "2018-09-30": "23.16%", "2018-06-30": "24.64%", "2018-03-31": "23.51%", "2017-12-31": "18.67%", "2017-09-30": "9.93%", "2017-06-30": "-1.58%", "2017-03-31": "-12.62%", "2016-12-31": "-16.52%", "2016-09-30": "-17.75%", "2016-06-30": "-16.61%", "2016-03-31": "-14.44%", "2015-12-31": "-9.85%", "2015-09-30": "1.64%", "2015-06-30": "11.09%", "2015-03-31": "20.27%", "2014-12-31": "23.68%", "2014-09-30": "20.35%", "2014-06-30": "19.82%", "2014-03-31": "17.95%", "2013-12-31": "17.84%", "2013-09-30": "20.03%", "2013-06-30": "21.56%", "2013-03-31": "25.50%", "2012-12-31": "31.64%", "2012-09-30": "35.34%", "2012-06-30": "39.63%", "2012-03-31": "42.62%", "2011-12-31": "43.84%", "2011-09-30": "44.57%", "2011-06-30": "42.53%", "2011-03-31": "38.66%", "2010-12-31": "30.80%", "2010-09-30": "19.47%", "2010-06-30": "7.08%", "2010-03-31": "-3.34%", "2009-12-31": "-5.40%", "2009-09-30": "0.46%", "2009-06-30": "8.59%", "2009-03-31": "16.25%", "2008-12-31": "19.08%", "2008-09-30": "19.53%", "2008-06-30": "17.51%", "2008-03-31": "18.59%", "2007-12-31": "22.64%", "2007-09-30": "26.52%", "2007-06-30": "32.20%", "2007-03-31": "35.94%", "2006-12-31": "38.10%", "2006-09-30": "38.73%", "2006-06-30": "39.96%", "2006-03-31": "36.77%", "2005-12-31": "32.41%"}, "return on assets": {"2020-12-31": "-26.02%", "2020-09-30": "-25.56%", "2020-06-30": "-29.04%", "2020-03-31": "-23.12%", "2019-12-31": "-7.54%", "2019-09-30": "-4.29%", "2019-06-30": "5.47%", "2019-03-31": "9.81%", "2018-12-31": "14.28%", "2018-09-30": "18.11%", "2018-06-30": "19.17%", "2018-03-31": "18.24%", "2017-12-31": "14.47%", "2017-09-30": "7.65%", "2017-06-30": "-1.23%", "2017-03-31": "-9.93%", "2016-12-31": "-13.11%", "2016-09-30": "-14.02%", "2016-06-30": "-13.00%", "2016-03-31": "-11.06%", "2015-12-31": "-7.25%", "2015-09-30": "1.14%", "2015-06-30": "7.42%", "2015-03-31": "13.26%", "2014-12-31": "15.46%", "2014-09-30": "13.75%", "2014-06-30": "13.61%", "2014-03-31": "12.44%", "2013-12-31": "12.33%", "2013-09-30": "13.63%", "2013-06-30": "14.50%", "2013-03-31": "16.70%", "2012-12-31": "20.01%", "2012-09-30": "21.58%", "2012-06-30": "23.45%", "2012-03-31": "24.78%", "2011-12-31": "25.47%", "2011-09-30": "26.29%", "2011-06-30": "25.24%", "2011-03-31": "23.43%", "2010-12-31": "18.92%", "2010-09-30": "12.08%", "2010-06-30": "4.44%", "2010-03-31": "-2.09%", "2009-12-31": "-3.38%", "2009-09-30": "0.28%", "2009-06-30": "5.06%", "2009-03-31": "9.37%", "2008-12-31": "10.77%", "2008-09-30": "11.10%", "2008-06-30": "10.13%", "2008-03-31": "10.96%", "2007-12-31": "13.85%", "2007-09-30": "16.95%", "2007-06-30": "21.53%", "2007-03-31": "25.30%", "2006-12-31": "27.98%", "2006-09-30": "28.99%", "2006-06-30": "29.86%", "2006-03-31": "27.02%", "2005-12-31": "23.37%"}, "return on investments": {"2020-12-31": "-190.80%", "2020-09-30": "-84.76%", "2020-06-30": "-88.27%", "2020-03-31": "-77.52%", "2019-12-31": "-26.85%", "2019-09-30": "-30.84%", "2019-06-30": "32.79%", "2019-03-31": "59.92%", "2018-12-31": "85.43%", "2018-09-30": "101.62%", "2018-06-30": "inf%", "2018-03-31": "inf%", "2017-12-31": "inf%", "2017-09-30": "inf%", "2017-06-30": "inf%", "2017-03-31": "inf%", "2016-12-31": "inf%", "2016-09-30": "inf%", "2016-06-30": "-102.26%", "2016-03-31": "-45.32%", "2015-12-31": "-18.79%", "2015-09-30": "2.34%", "2015-06-30": "15.52%", "2015-03-31": "27.93%", "2014-12-31": "33.93%", "2014-09-30": "30.76%", "2014-06-30": "30.34%", "2014-03-31": "28.16%", "2013-12-31": "27.77%", "2013-09-30": "30.09%", "2013-06-30": "31.74%", "2013-03-31": "36.64%", "2012-12-31": "44.22%", "2012-09-30": "48.00%", "2012-06-30": "53.01%", "2012-03-31": "55.82%", "2011-12-31": "56.97%", "2011-09-30": "58.48%", "2011-06-30": "55.37%", "2011-03-31": "50.71%", "2010-12-31": "40.84%", "2010-09-30": "26.04%", "2010-06-30": "10.09%", "2010-03-31": "-3.42%", "2009-12-31": "-6.13%", "2009-09-30": "1.93%", "2009-06-30": "11.73%", "2009-03-31": "20.75%", "2008-12-31": "23.49%", "2008-09-30": "23.73%", "2008-06-30": "21.36%", "2008-03-31": "22.63%", "2007-12-31": "27.93%", "2007-09-30": "33.46%", "2007-06-30": "43.52%", "2007-03-31": "64.83%", "2006-12-31": "104.09%", "2006-09-30": "201.92%", "2006-06-30": "inf%", "2006-03-31": "inf%", "2005-12-31": "inf%"}, "return on tangible equity": {"2020-09-30": "-33.70%", "2020-06-30": "-38.51%", "2020-03-31": "-31.24%", "2019-12-31": "-10.21%", "2019-09-30": "-5.78%", "2019-06-30": "7.35%", "2019-03-31": "13.08%", "2018-12-31": "18.92%", "2018-09-30": "23.98%", "2018-06-30": "25.53%", "2018-03-31": "24.39%", "2017-12-31": "19.39%", "2017-09-30": "10.32%", "2017-06-30": "-1.64%", "2017-03-31": "-13.13%", "2016-12-31": "-17.15%", "2016-09-30": "-18.40%", "2016-06-30": "-17.20%", "2016-03-31": "-14.93%", "2015-12-31": "-10.17%", "2015-09-30": "1.69%", "2015-06-30": "11.43%", "2015-03-31": "20.91%", "2014-12-31": "24.44%", "2014-09-30": "21.02%", "2014-06-30": "20.45%", "2014-03-31": "18.49%", "2013-12-31": "18.35%", "2013-09-30": "20.56%", "2013-06-30": "22.15%", "2013-03-31": "26.21%", "2012-12-31": "32.54%", "2012-09-30": "36.40%", "2012-06-30": "40.89%", "2012-03-31": "44.08%", "2011-12-31": "45.46%", "2011-09-30": "46.36%", "2011-06-30": "44.42%", "2011-03-31": "40.55%", "2010-12-31": "32.44%", "2010-09-30": "20.59%", "2010-06-30": "7.51%", "2010-03-31": "-3.54%", "2009-12-31": "-5.72%", "2009-09-30": "0.49%", "2009-06-30": "9.09%", "2009-03-31": "17.19%", "2008-12-31": "20.21%", "2008-09-30": "20.71%", "2008-06-30": "18.59%", "2008-03-31": "19.79%", "2007-12-31": "24.15%", "2007-09-30": "28.38%", "2007-06-30": "34.61%", "2007-03-31": "38.85%", "2006-12-31": "41.48%", "2006-09-30": "42.58%", "2006-06-30": "44.34%", "2006-03-31": "41.31%", "2005-12-31": "36.56%"}, "dividend yield history": {"last payout": "$0.00", "last yield": "0.00%"}}