{"ticker": "RPM", "price": {"title": "RPM Historical Annual Stock Price Data", "value": 86.46, "historical": {"2021": {"Average Stock Price": "86.5692", "Year Open": "88.9800", "Year High": "89.2000", "Year Low": "82.4700", "Year Close": "86.4600", "Annual % Change": "-4.76%"}, "2020": {"Average Stock Price": "77.1430", "Year Open": "75.9800", "Year High": "92.5100", "Year Low": "46.8100", "Year Close": "90.7800", "Annual % Change": "18.26%"}, "2019": {"Average Stock Price": "63.7426", "Year Open": "57.6800", "Year High": "76.7600", "Year Low": "52.2600", "Year Close": "76.7600", "Annual % Change": "30.59%"}, "2018": {"Average Stock Price": "56.7000", "Year Open": "53.4500", "Year High": "68.0500", "Year Low": "46.9200", "Year Close": "58.7800", "Annual % Change": "12.13%"}, "2017": {"Average Stock Price": "52.5752", "Year Open": "54.2100", "Year High": "56.2600", "Year Low": "48.3100", "Year Close": "52.4200", "Annual % Change": "-2.62%"}, "2016": {"Average Stock Price": "49.0303", "Year Open": "43.1600", "Year High": "55.6900", "Year Low": "37.3800", "Year Close": "53.8300", "Annual % Change": "22.17%"}, "2015": {"Average Stock Price": "47.0154", "Year Open": "50.3500", "Year High": "51.3900", "Year Low": "41.4300", "Year Close": "44.0600", "Annual % Change": "-13.11%"}, "2014": {"Average Stock Price": "44.2699", "Year Open": "41.1000", "Year High": "51.8200", "Year Low": "37.8000", "Year Close": "50.7100", "Annual % Change": "22.16%"}, "2013": {"Average Stock Price": "34.3064", "Year Open": "30.2100", "Year High": "41.5100", "Year Low": "29.5000", "Year Close": "41.5100", "Annual % Change": "41.38%"}, "2012": {"Average Stock Price": "26.5469", "Year Open": "24.7000", "Year High": "29.5300", "Year Low": "23.4200", "Year Close": "29.3600", "Annual % Change": "19.59%"}, "2011": {"Average Stock Price": "22.1596", "Year Open": "22.3000", "Year High": "25.2200", "Year Low": "17.4000", "Year Close": "24.5500", "Annual % Change": "11.09%"}, "2010": {"Average Stock Price": "19.8968", "Year Open": "20.9900", "Year High": "22.6900", "Year Low": "16.3700", "Year Close": "22.1000", "Annual % Change": "8.71%"}, "2009": {"Average Stock Price": "15.5576", "Year Open": "13.6800", "Year High": "20.8700", "Year Low": "9.2400", "Year Close": "20.3300", "Annual % Change": "52.97%"}, "2008": {"Average Stock Price": "19.5802", "Year Open": "20.3900", "Year High": "25.0700", "Year Low": "10.1700", "Year Close": "13.2900", "Annual % Change": "-34.53%"}, "2007": {"Average Stock Price": "22.1719", "Year Open": "20.8400", "Year High": "24.6300", "Year Low": "17.9200", "Year Close": "20.3000", "Annual % Change": "-2.82%"}, "2006": {"Average Stock Price": "18.7876", "Year Open": "17.3900", "Year High": "20.9500", "Year Low": "17.2900", "Year Close": "20.8900", "Annual % Change": "20.26%"}, "2005": {"Average Stock Price": "18.2022", "Year Open": "19.3000", "Year High": "19.3600", "Year Low": "16.5800", "Year Close": "17.3700", "Annual % Change": "-11.65%"}, "2004": {"Average Stock Price": "16.2714", "Year Open": "16.5200", "Year High": "19.8300", "Year Low": "13.5000", "Year Close": "19.6600", "Annual % Change": "19.44%"}, "2003": {"Average Stock Price": "12.9004", "Year Open": "15.3500", "Year High": "16.4600", "Year Low": "9.2000", "Year Close": "16.4600", "Annual % Change": "7.72%"}, "2002": {"Average Stock Price": "15.1930", "Year Open": "14.6500", "Year High": "17.6100", "Year Low": "11.9900", "Year Close": "15.2800", "Annual % Change": "5.67%"}, "2001": {"Average Stock Price": "10.2838", "Year Open": "8.8130", "Year High": "14.9500", "Year Low": "8.0500", "Year Close": "14.4600", "Annual % Change": "68.87%"}, "2000": {"Average Stock Price": "9.6465", "Year Open": "9.8750", "Year High": "11.0000", "Year Low": "7.7500", "Year Close": "8.5630", "Annual % Change": "-15.97%"}, "1999": {"Average Stock Price": "13.2950", "Year Open": "15.5000", "Year High": "16.2500", "Year Low": "10.0600", "Year Close": "10.1900", "Annual % Change": "-36.31%"}, "1998": {"Average Stock Price": "16.0027", "Year Open": "16.1600", "Year High": "17.8100", "Year Low": "13.0600", "Year Close": "16.0000", "Annual % Change": "4.92%"}, "1997": {"Average Stock Price": "15.0509", "Year Open": "13.5040", "Year High": "16.6480", "Year Low": "12.6000", "Year Close": "15.2500", "Annual % Change": "12.13%"}, "1996": {"Average Stock Price": "12.7799", "Year Open": "13.1040", "Year High": "14.6960", "Year Low": "11.6000", "Year Close": "13.6000", "Annual % Change": "3.03%"}, "1995": {"Average Stock Price": "12.6704", "Year Open": "11.6800", "Year High": "13.7216", "Year Low": "11.4368", "Year Close": "13.2000", "Annual % Change": "10.00%"}, "1994": {"Average Stock Price": "11.5976", "Year Open": "11.2768", "Year High": "12.4800", "Year Low": "10.6432", "Year Close": "12.0000", "Annual % Change": "7.94%"}, "1993": {"Average Stock Price": "11.3508", "Year Open": "11.6800", "Year High": "12.3200", "Year Low": "10.4000", "Year Close": "11.1168", "Annual % Change": "-2.80%"}, "1992": {"Average Stock Price": "9.9599", "Year Open": "9.6000", "Year High": "11.6800", "Year Low": "8.2688", "Year Close": "11.4368", "Annual % Change": "15.89%"}, "1991": {"Average Stock Price": "8.7452", "Year Open": "7.4112", "Year High": "9.8688", "Year Low": "7.0400", "Year Close": "9.8688", "Annual % Change": "32.17%"}}}, "market cap": {"value": "$11.25B"}, "income statement": {"Revenue": {"2020-05-31": "5506.99400", "2019-05-31": "5564.55100", "2018-05-31": "5321.64300", "2017-05-31": "4958.17500", "2016-05-31": "4813.64900", "2015-05-31": "4594.55000", "2014-05-31": "4376.35300", "2013-05-31": "4078.65500", "2012-05-31": "3777.41600", "2011-05-31": "3381.84100", "2010-05-31": "3412.71600", "2009-05-31": "3368.16700", "2008-05-31": "3643.79100", "2007-05-31": "3338.76400", "2006-05-31": "3008.33800", "2005-05-31": "2555.73500"}, "Cost Of Goods Sold": {"2020-05-31": "3414.13900", "2019-05-31": "3476.23100", "2018-05-31": "3305.09500", "2017-05-31": "2792.48700", "2016-05-31": "2726.60100", "2015-05-31": "2653.18100", "2014-05-31": "2500.58500", "2013-05-31": "2375.93600", "2012-05-31": "2235.15300", "2011-05-31": "1980.97400", "2010-05-31": "1977.34100", "2009-05-31": "2015.07800", "2008-05-31": "2145.25400", "2007-05-31": "1978.31200", "2006-05-31": "1760.97300", "2005-05-31": "1452.76100"}, "Gross Profit": {"2020-05-31": "2092.85500", "2019-05-31": "2088.32000", "2018-05-31": "2016.54800", "2017-05-31": "2165.68800", "2016-05-31": "2087.04800", "2015-05-31": "1941.36900", "2014-05-31": "1875.76800", "2013-05-31": "1702.71900", "2012-05-31": "1542.26300", "2011-05-31": "1400.86700", "2010-05-31": "1435.37500", "2009-05-31": "1353.08900", "2008-05-31": "1498.53700", "2007-05-31": "1360.45200", "2006-05-31": "1247.36500", "2005-05-31": "1102.97400"}, "Research And Development Expenses": {"2020-05-31": "", "2019-05-31": "", "2018-05-31": "", "2017-05-31": "", "2016-05-31": "", "2015-05-31": "", "2014-05-31": "", "2013-05-31": "", "2012-05-31": "", "2011-05-31": "", "2010-05-31": "", "2009-05-31": "", "2008-05-31": "", "2007-05-31": "", "2006-05-31": "", "2005-05-31": ""}, "SG&A Expenses": {"2020-05-31": "1548.65300", "2019-05-31": "1596.04300", "2018-05-31": "1498.47900", "2017-05-31": "1643.52000", "2016-05-31": "1520.97700", "2015-05-31": "1422.94400", "2014-05-31": "1390.12800", "2013-05-31": "1309.23500", "2012-05-31": "1155.71400", "2011-05-31": "1058.46600", "2010-05-31": "1110.10200", "2009-05-31": "1096.50500", "2008-05-31": "1118.95600", "2007-05-31": "1020.88400", "2006-05-31": "948.49700", "2005-05-31": "825.86800"}, "Other Operating Income Or Expenses": {"2020-05-31": "", "2019-05-31": "", "2018-05-31": "", "2017-05-31": "", "2016-05-31": "", "2015-05-31": "", "2014-05-31": "", "2013-05-31": "", "2012-05-31": "", "2011-05-31": "", "2010-05-31": "", "2009-05-31": "", "2008-05-31": "-288.10000", "2007-05-31": "15.00000", "2006-05-31": "-380.00000", "2005-05-31": "-78.00000"}, "Operating Expenses": {"2020-05-31": "4962.79200", "2019-05-31": "5076.46400", "2018-05-31": "4803.57400", "2017-05-31": "4629.20500", "2016-05-31": "4247.57800", "2015-05-31": "4076.12500", "2014-05-31": "3890.71300", "2013-05-31": "3685.17100", "2012-05-31": "3390.86700", "2011-05-31": "3039.44000", "2010-05-31": "3087.44300", "2009-05-31": "3127.04500", "2008-05-31": "3552.31000", "2007-05-31": "2984.19600", "2006-05-31": "3089.47000", "2005-05-31": "2356.62900"}, "Operating Income": {"2020-05-31": "544.20210", "2019-05-31": "488.08690", "2018-05-31": "518.06880", "2017-05-31": "328.96970", "2016-05-31": "566.07080", "2015-05-31": "518.42480", "2014-05-31": "485.64010", "2013-05-31": "393.48410", "2012-05-31": "386.54880", "2011-05-31": "342.40110", "2010-05-31": "325.27320", "2009-05-31": "241.12210", "2008-05-31": "91.48100", "2007-05-31": "354.56790", "2006-05-31": "-81.13210", "2005-05-31": "199.10620"}, "Total Non-Operating Income/Expense": {"2020-05-31": "-136.43800", "2019-05-31": "-148.24200", "2018-05-31": "-101.02100", "2017-05-31": "-84.63700", "2016-05-31": "-82.60500", "2015-05-31": "-65.17200", "2014-05-31": "-61.15300", "2013-05-31": "-216.59300", "2012-05-31": "-58.26000", "2011-05-31": "-47.34800", "2010-05-31": "-56.81900", "2009-05-31": "-60.25400", "2008-05-31": "-57.47400", "2007-05-31": "-47.03300", "2006-05-31": "-41.34300", "2005-05-31": "-35.37800"}, "Pre-Tax Income": {"2020-05-31": "407.76400", "2019-05-31": "339.84500", "2018-05-31": "417.04800", "2017-05-31": "244.33300", "2016-05-31": "483.46600", "2015-05-31": "453.25300", "2014-05-31": "424.48700", "2013-05-31": "176.89100", "2012-05-31": "328.28900", "2011-05-31": "295.05300", "2010-05-31": "268.45400", "2009-05-31": "180.86800", "2008-05-31": "34.00700", "2007-05-31": "307.53500", "2006-05-31": "-122.47500", "2005-05-31": "163.72800"}, "Income Taxes": {"2020-05-31": "102.68200", "2019-05-31": "72.15800", "2018-05-31": "77.79100", "2017-05-31": "59.66200", "2016-05-31": "126.00800", "2015-05-31": "224.92500", "2014-05-31": "118.50300", "2013-05-31": "67.04000", "2012-05-31": "94.52600", "2011-05-31": "91.88500", "2010-05-31": "87.32700", "2009-05-31": "61.25200", "2008-05-31": "-10.42100", "2007-05-31": "99.24600", "2006-05-31": "-46.27000", "2005-05-31": "58.69600"}, "Income After Taxes": {"2020-05-31": "305.08200", "2019-05-31": "267.68700", "2018-05-31": "339.25700", "2017-05-31": "184.67100", "2016-05-31": "357.45800", "2015-05-31": "228.32800", "2014-05-31": "305.98400", "2013-05-31": "109.85100", "2012-05-31": "233.76300", "2011-05-31": "203.16800", "2010-05-31": "181.12700", "2009-05-31": "119.61600", "2008-05-31": "44.42800", "2007-05-31": "208.28900", "2006-05-31": "-76.20500", "2005-05-31": "105.03200"}, "Other Income": {"2020-05-31": "", "2019-05-31": "", "2018-05-31": "", "2017-05-31": "", "2016-05-31": "", "2015-05-31": "", "2014-05-31": "", "2013-05-31": "", "2012-05-31": "", "2011-05-31": "", "2010-05-31": "", "2009-05-31": "", "2008-05-31": "", "2007-05-31": "", "2006-05-31": "", "2005-05-31": ""}, "Income From Continuous Operations": {"2020-05-31": "305.08200", "2019-05-31": "267.68700", "2018-05-31": "339.25700", "2017-05-31": "184.67100", "2016-05-31": "357.45800", "2015-05-31": "228.32800", "2014-05-31": "305.98400", "2013-05-31": "109.85100", "2012-05-31": "233.76300", "2011-05-31": "203.16800", "2010-05-31": "181.12700", "2009-05-31": "119.61600", "2008-05-31": "44.42800", "2007-05-31": "208.28900", "2006-05-31": "-76.20500", "2005-05-31": "105.03200"}, "Income From Discontinued Operations": {"2020-05-31": "", "2019-05-31": "", "2018-05-31": "", "2017-05-31": "", "2016-05-31": "", "2015-05-31": "", "2014-05-31": "", "2013-05-31": "", "2012-05-31": "", "2011-05-31": "", "2010-05-31": "", "2009-05-31": "", "2008-05-31": "", "2007-05-31": "", "2006-05-31": "", "2005-05-31": ""}, "Net Income": {"2020-05-31": "302.42900", "2019-05-31": "265.04400", "2018-05-31": "333.91200", "2017-05-31": "179.02800", "2016-05-31": "348.95500", "2015-05-31": "234.53000", "2014-05-31": "285.29400", "2013-05-31": "98.60300", "2012-05-31": "211.91200", "2011-05-31": "185.99100", "2010-05-31": "177.85700", "2009-05-31": "119.61600", "2008-05-31": "44.42800", "2007-05-31": "208.28900", "2006-05-31": "-76.20500", "2005-05-31": "105.03200"}, "EBITDA": {"2020-05-31": "701.04410", "2019-05-31": "634.01890", "2018-05-31": "646.56790", "2017-05-31": "638.94070", "2016-05-31": "681.58080", "2015-05-31": "617.60080", "2014-05-31": "575.70910", "2013-05-31": "479.82010", "2012-05-31": "462.57180", "2011-05-31": "415.15410", "2010-05-31": "409.52620", "2009-05-31": "341.72810", "2008-05-31": "176.84700", "2007-05-31": "436.17490", "2006-05-31": "-6.83310", "2005-05-31": "265.09820"}, "EBIT": {"2020-05-31": "544.20210", "2019-05-31": "488.08690", "2018-05-31": "518.06880", "2017-05-31": "328.96970", "2016-05-31": "566.07080", "2015-05-31": "518.42480", "2014-05-31": "485.64010", "2013-05-31": "393.48410", "2012-05-31": "386.54880", "2011-05-31": "342.40110", "2010-05-31": "325.27320", "2009-05-31": "241.12210", "2008-05-31": "91.48100", "2007-05-31": "354.56790", "2006-05-31": "-81.13210", "2005-05-31": "199.10620"}, "Basic Shares Outstanding": {"2020-05-31": "128.46800", "2019-05-31": "130.55200", "2018-05-31": "131.17900", "2017-05-31": "130.66200", "2016-05-31": "129.38300", "2015-05-31": "129.93300", "2014-05-31": "129.43800", "2013-05-31": "128.95600", "2012-05-31": "128.13000", "2011-05-31": "127.40300", "2010-05-31": "127.04700", "2009-05-31": "126.37300", "2008-05-31": "120.15100", "2007-05-31": "118.17900", "2006-05-31": "116.83700", "2005-05-31": "116.89900"}, "Shares Outstanding": {"2020-05-31": "129.97400", "2019-05-31": "134.33300", "2018-05-31": "137.17100", "2017-05-31": "135.16500", "2016-05-31": "136.71600", "2015-05-31": "134.89300", "2014-05-31": "132.28800", "2013-05-31": "129.80100", "2012-05-31": "128.71700", "2011-05-31": "128.06600", "2010-05-31": "127.73100", "2009-05-31": "127.68900", "2008-05-31": "121.38800", "2007-05-31": "128.71100", "2006-05-31": "116.83700", "2005-05-31": "126.36400"}, "Basic EPS": {"2020-05-31": "2.35000", "2019-05-31": "2.03000", "2018-05-31": "2.55000", "2017-05-31": "1.37000", "2016-05-31": "2.70000", "2015-05-31": "1.81000", "2014-05-31": "2.20000", "2013-05-31": "0.75000", "2012-05-31": "1.65000", "2011-05-31": "1.46000", "2010-05-31": "1.40000", "2009-05-31": "0.93000", "2008-05-31": "0.36000", "2007-05-31": "1.76000", "2006-05-31": "-0.65000", "2005-05-31": "0.90000"}, "EPS - Earnings Per Share": {"2020-05-31": "2.34000", "2019-05-31": "2.01000", "2018-05-31": "2.50000", "2017-05-31": "1.36000", "2016-05-31": "2.63000", "2015-05-31": "1.78000", "2014-05-31": "2.18000", "2013-05-31": "0.74000", "2012-05-31": "1.65000", "2011-05-31": "1.45000", "2010-05-31": "1.39000", "2009-05-31": "0.93000", "2008-05-31": "0.36000", "2007-05-31": "1.64000", "2006-05-31": "-0.65000", "2005-05-31": "0.86000"}}, "income statement, quarterly": {"Revenue": {"2020-11-30": "1485.91500", "2020-08-31": "1606.67000", "2020-05-31": "1458.96200", "2020-02-29": "1173.97600", "2019-11-30": "1401.29200", "2019-08-31": "1472.76400", "2019-05-31": "1601.40100", "2019-02-28": "1140.63000", "2018-11-30": "1362.53100", "2018-08-31": "1459.98900", "2018-05-31": "1558.15600", "2018-02-28": "1102.67700", "2017-11-30": "1315.41600", "2017-08-31": "1345.39400", "2017-05-31": "1492.84600", "2017-02-28": "1022.49600", "2016-11-30": "1190.77000", "2016-08-31": "1252.06300", "2016-05-31": "1426.58400", "2016-02-29": "988.55500", "2015-11-30": "1155.98400", "2015-08-31": "1242.52600", "2015-05-31": "1373.15900", "2015-02-28": "946.36700", "2014-11-30": "1071.12800", "2014-08-31": "1203.89600", "2014-05-31": "1276.78200", "2014-02-28": "863.41000", "2013-11-30": "1071.48700", "2013-08-31": "1164.67400", "2013-05-31": "1170.77900", "2013-02-28": "843.73600", "2012-11-30": "1017.42600", "2012-08-31": "1046.71400", "2012-05-31": "1101.77000", "2012-02-29": "773.64300", "2011-11-30": "916.08500", "2011-08-31": "985.91800", "2011-05-31": "981.76810", "2011-02-28": "678.92000", "2010-11-30": "826.34300", "2010-08-31": "894.81000", "2010-05-31": "971.51110", "2010-02-28": "666.59400", "2009-11-30": "858.65800", "2009-08-31": "915.95300", "2009-05-31": "857.34090", "2009-02-28": "635.39600", "2008-11-30": "889.96500", "2008-08-31": "985.46500", "2008-05-31": "1075.97100", "2008-02-29": "731.77300", "2007-11-30": "905.70800", "2007-08-31": "930.33900", "2007-05-31": "1005.72300", "2007-02-28": "679.49400", "2006-11-30": "809.38600", "2006-08-31": "844.16100", "2006-05-31": "909.16080", "2006-02-28": "612.47500", "2005-11-30": "739.35000", "2005-08-31": "747.35200", "2005-05-31": "754.41620", "2005-02-28": "516.33700"}, "Cost Of Goods Sold": {"2020-11-30": "899.74300", "2020-08-31": "953.01500", "2020-05-31": "905.00590", "2020-02-29": "739.22900", "2019-11-30": "871.89400", "2019-08-31": "898.01000", "2019-05-31": "965.58690", "2019-02-28": "731.20800", "2018-11-30": "868.80000", "2018-08-31": "910.63600", "2018-05-31": "1104.12400", "2018-02-28": "663.18400", "2017-11-30": "764.40100", "2017-08-31": "773.38600", "2017-05-31": "829.45400", "2017-02-28": "593.92300", "2016-11-30": "669.08900", "2016-08-31": "700.02100", "2016-05-31": "779.39000", "2016-02-29": "575.59300", "2015-11-30": "662.05000", "2015-08-31": "709.56800", "2015-05-31": "773.86370", "2015-02-28": "566.62900", "2014-11-30": "617.18500", "2014-08-31": "695.50300", "2014-05-31": "716.05690", "2014-02-28": "505.38400", "2013-11-30": "613.54200", "2013-08-31": "665.60200", "2013-05-31": "670.50510", "2013-02-28": "500.17200", "2012-11-30": "592.42500", "2012-08-31": "612.83400", "2012-05-31": "641.35400", "2012-02-29": "470.44300", "2011-11-30": "547.06400", "2011-08-31": "576.29200", "2011-05-31": "565.34210", "2011-02-28": "409.40200", "2010-11-30": "486.84600", "2010-08-31": "519.38400", "2010-05-31": "553.00900", "2010-02-28": "406.76200", "2009-11-30": "495.44700", "2009-08-31": "522.12300", "2009-05-31": "499.22500", "2009-02-28": "400.73800", "2008-11-30": "533.23900", "2008-08-31": "581.87600", "2008-05-31": "620.31880", "2008-02-29": "440.52800", "2007-11-30": "537.97000", "2007-08-31": "546.43700", "2007-05-31": "579.90000", "2007-02-28": "416.00900", "2006-11-30": "483.31500", "2006-08-31": "499.08800", "2006-05-31": "518.47890", "2006-02-28": "369.09600", "2005-11-30": "441.06500", "2005-08-31": "432.33300", "2005-05-31": "428.13400", "2005-02-28": "305.22000"}, "Gross Profit": {"2020-11-30": "586.17210", "2020-08-31": "653.65500", "2020-05-31": "553.95620", "2020-02-29": "434.74690", "2019-11-30": "529.39800", "2019-08-31": "574.75400", "2019-05-31": "635.81400", "2019-02-28": "409.42200", "2018-11-30": "493.73100", "2018-08-31": "549.35300", "2018-05-31": "454.03190", "2018-02-28": "439.49300", "2017-11-30": "551.01500", "2017-08-31": "572.00810", "2017-05-31": "663.39170", "2017-02-28": "428.57300", "2016-11-30": "521.68100", "2016-08-31": "552.04200", "2016-05-31": "647.19380", "2016-02-29": "412.96200", "2015-11-30": "493.93400", "2015-08-31": "532.95800", "2015-05-31": "599.29500", "2015-02-28": "379.73800", "2014-11-30": "453.94310", "2014-08-31": "508.39300", "2014-05-31": "560.72520", "2014-02-28": "358.02600", "2013-11-30": "457.94510", "2013-08-31": "499.07200", "2013-05-31": "500.27380", "2013-02-28": "343.56400", "2012-11-30": "425.00100", "2012-08-31": "433.88000", "2012-05-31": "460.41600", "2012-02-29": "303.20000", "2011-11-30": "369.02100", "2011-08-31": "409.62600", "2011-05-31": "416.42600", "2011-02-28": "269.51800", "2010-11-30": "339.49700", "2010-08-31": "375.42600", "2010-05-31": "418.50210", "2010-02-28": "259.83200", "2009-11-30": "363.21100", "2009-08-31": "393.83000", "2009-05-31": "358.11590", "2009-02-28": "234.65800", "2008-11-30": "356.72600", "2008-08-31": "403.58910", "2008-05-31": "455.65220", "2008-02-29": "291.24500", "2007-11-30": "367.73800", "2007-08-31": "383.90200", "2007-05-31": "425.82300", "2007-02-28": "263.48500", "2006-11-30": "326.07100", "2006-08-31": "345.07300", "2006-05-31": "390.68190", "2006-02-28": "243.37900", "2005-11-30": "298.28500", "2005-08-31": "315.01900", "2005-05-31": "326.28220", "2005-02-28": "211.11700"}, "Research And Development Expenses": {"2020-11-30": "", "2020-08-31": "", "2020-05-31": "", "2020-02-29": "", "2019-11-30": "", "2019-08-31": "", "2019-05-31": "", "2019-02-28": "", "2018-11-30": "", "2018-08-31": "", "2018-05-31": "", "2018-02-28": "", "2017-11-30": "", "2017-08-31": "", "2017-05-31": "", "2017-02-28": "", "2016-11-30": "", "2016-08-31": "", "2016-05-31": "", "2016-02-29": "", "2015-11-30": "", "2015-08-31": "", "2015-05-31": "", "2015-02-28": "", "2014-11-30": "", "2014-08-31": "", "2014-05-31": "", "2014-02-28": "", "2013-11-30": "", "2013-08-31": "", "2013-05-31": "", "2013-02-28": "", "2012-11-30": "", "2012-08-31": "", "2012-05-31": "", "2012-02-29": "", "2011-11-30": "", "2011-08-31": "", "2011-05-31": "", "2011-02-28": "", "2010-11-30": "", "2010-08-31": "", "2010-05-31": "", "2010-02-28": "", "2009-11-30": "", "2009-08-31": "", "2009-05-31": "", "2009-02-28": "", "2008-11-30": "", "2008-08-31": "", "2008-05-31": "", "2008-02-29": "", "2007-11-30": "", "2007-08-31": "", "2007-05-31": "", "2007-02-28": "", "2006-11-30": "", "2006-08-31": "", "2006-05-31": "", "2006-02-28": "", "2005-11-30": "", "2005-08-31": "", "2005-05-31": "", "2005-02-28": ""}, "SG&A Expenses": {"2020-11-30": "399.41800", "2020-08-31": "395.95300", "2020-05-31": "362.86400", "2020-02-29": "381.86600", "2019-11-30": "403.35700", "2019-08-31": "400.56600", "2019-05-31": "420.99480", "2019-02-28": "374.15300", "2018-11-30": "385.84200", "2018-08-31": "415.05300", "2018-05-31": "301.49910", "2018-02-28": "382.97200", "2017-11-30": "419.59900", "2017-08-31": "394.40900", "2017-05-31": "453.90900", "2017-02-28": "386.03200", "2016-11-30": "419.49400", "2016-08-31": "384.08500", "2016-05-31": "424.61610", "2016-02-29": "370.91300", "2015-11-30": "352.59400", "2015-08-31": "372.85400", "2015-05-31": "395.35890", "2015-02-28": "346.17100", "2014-11-30": "334.88900", "2014-08-31": "346.52500", "2014-05-31": "389.41610", "2014-02-28": "322.20500", "2013-11-30": "343.04800", "2013-08-31": "335.45900", "2013-05-31": "353.89600", "2013-02-28": "318.63800", "2012-11-30": "325.76100", "2012-08-31": "310.94000", "2012-05-31": "322.16100", "2012-02-29": "277.45600", "2011-11-30": "282.15400", "2011-08-31": "273.94300", "2011-05-31": "297.72090", "2011-02-28": "256.67600", "2010-11-30": "250.64800", "2010-08-31": "253.42100", "2010-05-31": "310.12710", "2010-02-28": "256.97600", "2009-11-30": "269.85300", "2009-08-31": "273.14600", "2009-05-31": "259.21500", "2009-02-28": "265.61800", "2008-11-30": "278.98200", "2008-08-31": "292.69000", "2008-05-31": "307.04300", "2008-02-29": "266.16000", "2007-11-30": "274.71800", "2007-08-31": "271.03500", "2007-05-31": "292.61990", "2007-02-28": "240.96400", "2006-11-30": "249.71500", "2006-08-31": "237.58500", "2006-05-31": "265.20700", "2006-02-28": "223.69600", "2005-11-30": "245.83400", "2005-08-31": "213.76000", "2005-05-31": "226.11900", "2005-02-28": "195.27300"}, "Other Operating Income Or Expenses": {"2020-11-30": "", "2020-08-31": "", "2020-05-31": "", "2020-02-29": "", "2019-11-30": "", "2019-08-31": "", "2019-05-31": "", "2019-02-28": "", "2018-11-30": "", "2018-08-31": "", "2018-05-31": "", "2018-02-28": "", "2017-11-30": "", "2017-08-31": "", "2017-05-31": "", "2017-02-28": "", "2016-11-30": "", "2016-08-31": "", "2016-05-31": "", "2016-02-29": "", "2015-11-30": "", "2015-08-31": "", "2015-05-31": "", "2015-02-28": "", "2014-11-30": "", "2014-08-31": "", "2014-05-31": "", "2014-02-28": "", "2013-11-30": "", "2013-08-31": "", "2013-05-31": "", "2013-02-28": "", "2012-11-30": "", "2012-08-31": "", "2012-05-31": "", "2012-02-29": "", "2011-11-30": "", "2011-08-31": "", "2011-05-31": "", "2011-02-28": "", "2010-11-30": "", "2010-08-31": "", "2010-05-31": "", "2010-02-28": "", "2009-11-30": "", "2009-08-31": "", "2009-05-31": "", "2009-02-28": "", "2008-11-30": "", "2008-08-31": "", "2008-05-31": "", "2008-02-29": "", "2007-11-30": "", "2007-08-31": "", "2007-05-31": "", "2007-02-28": "", "2006-11-30": "15.00000", "2006-08-31": "", "2006-05-31": "-335.00000", "2006-02-28": "-15.00000", "2005-11-30": "-15.00000", "2005-08-31": "-15.00000", "2005-05-31": "-16.00000", "2005-02-28": "-15.00000"}, "Operating Expenses": {"2020-11-30": "1299.16100", "2020-08-31": "1348.96800", "2020-05-31": "1267.87000", "2020-02-29": "1121.09500", "2019-11-30": "1275.25100", "2019-08-31": "1298.57600", "2019-05-31": "1390.77200", "2019-02-28": "1105.36100", "2018-11-30": "1254.64200", "2018-08-31": "1325.68900", "2018-05-31": "1405.62300", "2018-02-28": "1046.15600", "2017-11-30": "1184.00000", "2017-08-31": "1167.79500", "2017-05-31": "1283.36300", "2017-02-28": "984.85500", "2016-11-30": "1276.88100", "2016-08-31": "1084.10600", "2016-05-31": "1204.00600", "2016-02-29": "946.50600", "2015-11-30": "1014.64400", "2015-08-31": "1082.42200", "2015-05-31": "1169.22300", "2015-02-28": "912.80000", "2014-11-30": "952.07400", "2014-08-31": "1042.02800", "2014-05-31": "1105.47300", "2014-02-28": "827.58900", "2013-11-30": "956.59000", "2013-08-31": "1001.06100", "2013-05-31": "1024.40100", "2013-02-28": "818.81000", "2012-11-30": "918.18600", "2012-08-31": "923.77400", "2012-05-31": "963.51530", "2012-02-29": "747.89900", "2011-11-30": "829.21800", "2011-08-31": "850.23500", "2011-05-31": "863.06280", "2011-02-28": "666.07800", "2010-11-30": "737.49400", "2010-08-31": "772.80500", "2010-05-31": "863.13580", "2010-02-28": "663.73800", "2009-11-30": "765.30000", "2009-08-31": "795.26900", "2009-05-31": "773.90200", "2009-02-28": "666.35600", "2008-11-30": "812.22100", "2008-08-31": "874.56600", "2008-05-31": "1215.46200", "2008-02-29": "706.68800", "2007-11-30": "812.68800", "2007-08-31": "817.47200", "2007-05-31": "872.52010", "2007-02-28": "656.97300", "2006-11-30": "718.03000", "2006-08-31": "736.67300", "2006-05-31": "1118.68600", "2006-02-28": "607.79200", "2005-11-30": "701.89900", "2005-08-31": "661.09300", "2005-05-31": "670.25310", "2005-02-28": "515.49300"}, "Operating Income": {"2020-11-30": "186.75400", "2020-08-31": "257.70200", "2020-05-31": "191.09200", "2020-02-29": "52.88100", "2019-11-30": "126.04100", "2019-08-31": "174.18800", "2019-05-31": "210.62890", "2019-02-28": "35.26890", "2018-11-30": "107.88900", "2018-08-31": "134.30000", "2018-05-31": "152.53250", "2018-02-28": "56.52100", "2017-11-30": "131.41600", "2017-08-31": "177.59910", "2017-05-31": "209.48240", "2017-02-28": "37.64100", "2016-11-30": "-86.11100", "2016-08-31": "167.95700", "2016-05-31": "222.57760", "2016-02-29": "42.04900", "2015-11-30": "141.34000", "2015-08-31": "160.10400", "2015-05-31": "203.93570", "2015-02-28": "33.56700", "2014-11-30": "119.05410", "2014-08-31": "161.86800", "2014-05-31": "171.30900", "2014-02-28": "35.82100", "2013-11-30": "114.89710", "2013-08-31": "163.61290", "2013-05-31": "146.37810", "2013-02-28": "24.92600", "2012-11-30": "99.24010", "2012-08-31": "122.94000", "2012-05-31": "138.25480", "2012-02-29": "25.74400", "2011-11-30": "86.86700", "2011-08-31": "135.68300", "2011-05-31": "118.70530", "2011-02-28": "12.84200", "2010-11-30": "88.84900", "2010-08-31": "122.00500", "2010-05-31": "108.37530", "2010-02-28": "2.85600", "2009-11-30": "93.35800", "2009-08-31": "120.68400", "2009-05-31": "83.43880", "2009-02-28": "-30.96000", "2008-11-30": "77.74400", "2008-08-31": "110.89900", "2008-05-31": "-139.49100", "2008-02-29": "25.08500", "2007-11-30": "93.02000", "2007-08-31": "112.86690", "2007-05-31": "133.20290", "2007-02-28": "22.52100", "2006-11-30": "91.35600", "2006-08-31": "107.48800", "2006-05-31": "-209.52520", "2006-02-28": "4.68300", "2005-11-30": "37.45100", "2005-08-31": "86.25900", "2005-05-31": "84.16320", "2005-02-28": "0.84400"}, "Total Non-Operating Income/Expense": {"2020-11-30": "-19.79800", "2020-08-31": "-16.33300", "2020-05-31": "-44.23800", "2020-02-29": "-36.57300", "2019-11-30": "-24.28800", "2019-08-31": "-31.33900", "2019-05-31": "-33.77900", "2019-02-28": "-30.80500", "2018-11-30": "-41.29600", "2018-08-31": "-42.36200", "2018-05-31": "-34.64800", "2018-02-28": "-21.82300", "2017-11-30": "-22.23500", "2017-08-31": "-22.31500", "2017-05-31": "-23.76500", "2017-02-28": "-20.64400", "2016-11-30": "-20.74600", "2016-08-31": "-19.48200", "2016-05-31": "-23.48000", "2016-02-29": "-20.14300", "2015-11-30": "-21.07900", "2015-08-31": "-17.90300", "2015-05-31": "-24.93800", "2015-02-28": "-13.14000", "2014-11-30": "-13.30400", "2014-08-31": "-13.79000", "2014-05-31": "-16.80700", "2014-02-28": "-10.63600", "2013-11-30": "-17.31300", "2013-08-31": "-16.39700", "2013-05-31": "-49.76800", "2013-02-28": "-87.74900", "2012-11-30": "-28.19800", "2012-08-31": "-50.87800", "2012-05-31": "-16.27600", "2012-02-29": "-14.30800", "2011-11-30": "-10.69700", "2011-08-31": "-16.97900", "2011-05-31": "-10.84900", "2011-02-28": "-10.85300", "2010-11-30": "-11.58100", "2010-08-31": "-14.06500", "2010-05-31": "-18.53200", "2010-02-28": "-13.96900", "2009-11-30": "-12.61500", "2009-08-31": "-11.70300", "2009-05-31": "-18.75400", "2009-02-28": "-13.52000", "2008-11-30": "-17.39400", "2008-08-31": "-10.58600", "2008-05-31": "-23.18700", "2008-02-29": "-9.46200", "2007-11-30": "-12.10700", "2007-08-31": "-12.71800", "2007-05-31": "-11.36900", "2007-02-28": "-11.14600", "2006-11-30": "-11.31500", "2006-08-31": "-13.20300", "2006-05-31": "-12.95200", "2006-02-28": "-9.96200", "2005-11-30": "-9.85400", "2005-08-31": "-8.57500", "2005-05-31": "-9.89300", "2005-02-28": "-8.60000"}, "Pre-Tax Income": {"2020-11-30": "166.95600", "2020-08-31": "241.36900", "2020-05-31": "146.85400", "2020-02-29": "16.30800", "2019-11-30": "101.75300", "2019-08-31": "142.84900", "2019-05-31": "176.85000", "2019-02-28": "4.46400", "2018-11-30": "66.59300", "2018-08-31": "91.93800", "2018-05-31": "117.88500", "2018-02-28": "34.69800", "2017-11-30": "109.18100", "2017-08-31": "155.28400", "2017-05-31": "185.71800", "2017-02-28": "16.99700", "2016-11-30": "-106.85700", "2016-08-31": "148.47500", "2016-05-31": "199.09800", "2016-02-29": "21.90600", "2015-11-30": "120.26100", "2015-08-31": "142.20100", "2015-05-31": "178.99800", "2015-02-28": "20.42700", "2014-11-30": "105.75000", "2014-08-31": "148.07800", "2014-05-31": "154.50200", "2014-02-28": "25.18500", "2013-11-30": "97.58400", "2013-08-31": "147.21600", "2013-05-31": "96.61000", "2013-02-28": "-62.82300", "2012-11-30": "71.04200", "2012-08-31": "72.06200", "2012-05-31": "121.97900", "2012-02-29": "11.43600", "2011-11-30": "76.17000", "2011-08-31": "118.70400", "2011-05-31": "107.85600", "2011-02-28": "1.98900", "2010-11-30": "77.26800", "2010-08-31": "107.94000", "2010-05-31": "89.84300", "2010-02-28": "-11.11300", "2009-11-30": "80.74300", "2009-08-31": "108.98100", "2009-05-31": "64.68500", "2009-02-28": "-44.48000", "2008-11-30": "60.35000", "2008-08-31": "100.31300", "2008-05-31": "-162.67800", "2008-02-29": "15.62300", "2007-11-30": "80.91300", "2007-08-31": "100.14900", "2007-05-31": "121.83400", "2007-02-28": "11.37500", "2006-11-30": "80.04100", "2006-08-31": "94.28500", "2006-05-31": "-222.47700", "2006-02-28": "-5.27900", "2005-11-30": "27.59700", "2005-08-31": "77.68400", "2005-05-31": "74.27000", "2005-02-28": "-7.75600"}, "Income Taxes": {"2020-11-30": "39.07200", "2020-08-31": "60.58400", "2020-05-31": "37.68000", "2020-02-29": "4.21800", "2019-11-30": "24.43100", "2019-08-31": "36.35300", "2019-05-31": "43.01800", "2019-02-28": "-10.03200", "2018-11-30": "17.42000", "2018-08-31": "21.75200", "2018-05-31": "31.97700", "2018-02-28": "-5.89000", "2017-11-30": "13.32300", "2017-08-31": "38.38100", "2017-05-31": "56.86900", "2017-02-28": "4.31300", "2016-11-30": "-36.60100", "2016-08-31": "35.08100", "2016-05-31": "45.44400", "2016-02-29": "2.61300", "2015-11-30": "36.11200", "2015-08-31": "41.83900", "2015-05-31": "50.41300", "2015-02-28": "99.37900", "2014-11-30": "31.89400", "2014-08-31": "43.23900", "2014-05-31": "40.73200", "2014-02-28": "8.27400", "2013-11-30": "29.17000", "2013-08-31": "40.32700", "2013-05-31": "28.52100", "2013-02-28": "-20.63100", "2012-11-30": "24.95500", "2012-08-31": "34.19500", "2012-05-31": "33.39900", "2012-02-29": "3.51200", "2011-11-30": "22.25100", "2011-08-31": "35.36400", "2011-05-31": "34.37800", "2011-02-28": "0.79600", "2010-11-30": "23.76500", "2010-08-31": "32.94600", "2010-05-31": "29.02200", "2010-02-28": "-1.94900", "2009-11-30": "24.35100", "2009-08-31": "35.90300", "2009-05-31": "25.37900", "2009-02-28": "-13.54700", "2008-11-30": "18.62400", "2008-08-31": "30.79600", "2008-05-31": "-71.83300", "2008-02-29": "3.47300", "2007-11-30": "26.05800", "2007-08-31": "31.88100", "2007-05-31": "37.88000", "2007-02-28": "1.32300", "2006-11-30": "27.10000", "2006-08-31": "32.94300", "2006-05-31": "-80.47100", "2006-02-28": "-2.59200", "2005-11-30": "9.07000", "2005-08-31": "27.72300", "2005-05-31": "28.06400", "2005-02-28": "-2.98400"}, "Income After Taxes": {"2020-11-30": "127.88400", "2020-08-31": "180.78500", "2020-05-31": "109.17400", "2020-02-29": "12.09000", "2019-11-30": "77.32200", "2019-08-31": "106.49600", "2019-05-31": "133.83200", "2019-02-28": "14.49600", "2018-11-30": "49.17300", "2018-08-31": "70.18600", "2018-05-31": "85.90800", "2018-02-28": "40.58800", "2017-11-30": "95.85800", "2017-08-31": "116.90300", "2017-05-31": "128.84900", "2017-02-28": "12.68400", "2016-11-30": "-70.25600", "2016-08-31": "113.39400", "2016-05-31": "153.65400", "2016-02-29": "19.29300", "2015-11-30": "84.14900", "2015-08-31": "100.36200", "2015-05-31": "128.58500", "2015-02-28": "-78.95200", "2014-11-30": "73.85600", "2014-08-31": "104.83900", "2014-05-31": "113.77000", "2014-02-28": "16.91100", "2013-11-30": "68.41400", "2013-08-31": "106.88900", "2013-05-31": "68.08900", "2013-02-28": "-42.19200", "2012-11-30": "46.08700", "2012-08-31": "37.86700", "2012-05-31": "88.58000", "2012-02-29": "7.92400", "2011-11-30": "53.91900", "2011-08-31": "83.34000", "2011-05-31": "73.47800", "2011-02-28": "1.19300", "2010-11-30": "53.50300", "2010-08-31": "74.99400", "2010-05-31": "60.82100", "2010-02-28": "-9.16400", "2009-11-30": "56.39200", "2009-08-31": "73.07800", "2009-05-31": "39.30600", "2009-02-28": "-30.93300", "2008-11-30": "41.72600", "2008-08-31": "69.51700", "2008-05-31": "-90.84500", "2008-02-29": "12.15000", "2007-11-30": "54.85500", "2007-08-31": "68.26800", "2007-05-31": "83.95400", "2007-02-28": "10.05200", "2006-11-30": "52.94100", "2006-08-31": "61.34200", "2006-05-31": "-142.00600", "2006-02-28": "-2.68700", "2005-11-30": "18.52700", "2005-08-31": "49.96100", "2005-05-31": "46.20600", "2005-02-28": "-4.77200"}, "Other Income": {"2020-11-30": "", "2020-08-31": "", "2020-05-31": "", "2020-02-29": "", "2019-11-30": "", "2019-08-31": "", "2019-05-31": "", "2019-02-28": "", "2018-11-30": "", "2018-08-31": "", "2018-05-31": "", "2018-02-28": "", "2017-11-30": "", "2017-08-31": "", "2017-05-31": "", "2017-02-28": "", "2016-11-30": "", "2016-08-31": "", "2016-05-31": "", "2016-02-29": "", "2015-11-30": "", "2015-08-31": "", "2015-05-31": "", "2015-02-28": "", "2014-11-30": "", "2014-08-31": "", "2014-05-31": "", "2014-02-28": "", "2013-11-30": "", "2013-08-31": "", "2013-05-31": "", "2013-02-28": "", "2012-11-30": "", "2012-08-31": "", "2012-05-31": "", "2012-02-29": "", "2011-11-30": "", "2011-08-31": "", "2011-05-31": "", "2011-02-28": "", "2010-11-30": "", "2010-08-31": "", "2010-05-31": "", "2010-02-28": "", "2009-11-30": "", "2009-08-31": "", "2009-05-31": "", "2009-02-28": "", "2008-11-30": "", "2008-08-31": "", "2008-05-31": "", "2008-02-29": "", "2007-11-30": "", "2007-08-31": "", "2007-05-31": "", "2007-02-28": "", "2006-11-30": "", "2006-08-31": "", "2006-05-31": "", "2006-02-28": "", "2005-11-30": "", "2005-08-31": "", "2005-05-31": "", "2005-02-28": ""}, "Income From Continuous Operations": {"2020-11-30": "127.88400", "2020-08-31": "180.78500", "2020-05-31": "109.17400", "2020-02-29": "12.09000", "2019-11-30": "77.32200", "2019-08-31": "106.49600", "2019-05-31": "133.83200", "2019-02-28": "14.49600", "2018-11-30": "49.17300", "2018-08-31": "70.18600", "2018-05-31": "85.90800", "2018-02-28": "40.58800", "2017-11-30": "95.85800", "2017-08-31": "116.90300", "2017-05-31": "128.84900", "2017-02-28": "12.68400", "2016-11-30": "-70.25600", "2016-08-31": "113.39400", "2016-05-31": "153.65400", "2016-02-29": "19.29300", "2015-11-30": "84.14900", "2015-08-31": "100.36200", "2015-05-31": "128.58500", "2015-02-28": "-78.95200", "2014-11-30": "73.85600", "2014-08-31": "104.83900", "2014-05-31": "113.77000", "2014-02-28": "16.91100", "2013-11-30": "68.41400", "2013-08-31": "106.88900", "2013-05-31": "68.08900", "2013-02-28": "-42.19200", "2012-11-30": "46.08700", "2012-08-31": "37.86700", "2012-05-31": "88.58000", "2012-02-29": "7.92400", "2011-11-30": "53.91900", "2011-08-31": "83.34000", "2011-05-31": "73.47800", "2011-02-28": "1.19300", "2010-11-30": "53.50300", "2010-08-31": "74.99400", "2010-05-31": "60.82100", "2010-02-28": "-9.16400", "2009-11-30": "56.39200", "2009-08-31": "73.07800", "2009-05-31": "39.30600", "2009-02-28": "-30.93300", "2008-11-30": "41.72600", "2008-08-31": "69.51700", "2008-05-31": "-90.84500", "2008-02-29": "12.15000", "2007-11-30": "54.85500", "2007-08-31": "68.26800", "2007-05-31": "83.95400", "2007-02-28": "10.05200", "2006-11-30": "52.94100", "2006-08-31": "61.34200", "2006-05-31": "-142.00600", "2006-02-28": "-2.68700", "2005-11-30": "18.52700", "2005-08-31": "49.96100", "2005-05-31": "46.20600", "2005-02-28": "-4.77200"}, "Income From Discontinued Operations": {"2020-11-30": "", "2020-08-31": "", "2020-05-31": "", "2020-02-29": "", "2019-11-30": "", "2019-08-31": "", "2019-05-31": "", "2019-02-28": "", "2018-11-30": "", "2018-08-31": "", "2018-05-31": "", "2018-02-28": "", "2017-11-30": "", "2017-08-31": "", "2017-05-31": "", "2017-02-28": "", "2016-11-30": "", "2016-08-31": "", "2016-05-31": "", "2016-02-29": "", "2015-11-30": "", "2015-08-31": "", "2015-05-31": "", "2015-02-28": "", "2014-11-30": "", "2014-08-31": "", "2014-05-31": "", "2014-02-28": "", "2013-11-30": "", "2013-08-31": "", "2013-05-31": "", "2013-02-28": "", "2012-11-30": "", "2012-08-31": "", "2012-05-31": "", "2012-02-29": "", "2011-11-30": "", "2011-08-31": "", "2011-05-31": "", "2011-02-28": "", "2010-11-30": "", "2010-08-31": "", "2010-05-31": "", "2010-02-28": "", "2009-11-30": "", "2009-08-31": "", "2009-05-31": "", "2009-02-28": "", "2008-11-30": "", "2008-08-31": "", "2008-05-31": "", "2008-02-29": "", "2007-11-30": "", "2007-08-31": "", "2007-05-31": "", "2007-02-28": "", "2006-11-30": "", "2006-08-31": "", "2006-05-31": "", "2006-02-28": "", "2005-11-30": "", "2005-08-31": "", "2005-05-31": "", "2005-02-28": ""}, "Net Income": {"2020-11-30": "126.52900", "2020-08-31": "179.04300", "2020-05-31": "108.52900", "2020-02-29": "11.85300", "2019-11-30": "76.48200", "2019-08-31": "105.56500", "2019-05-31": "133.04600", "2019-02-28": "14.08100", "2018-11-30": "48.76400", "2018-08-31": "69.15300", "2018-05-31": "85.39900", "2018-02-28": "39.69700", "2017-11-30": "94.15000", "2017-08-31": "114.66600", "2017-05-31": "127.30800", "2017-02-28": "11.69600", "2016-11-30": "-70.92600", "2016-08-31": "110.95000", "2016-05-31": "150.58900", "2016-02-29": "18.26600", "2015-11-30": "81.86200", "2015-08-31": "98.23800", "2015-05-31": "126.81400", "2015-02-28": "-57.34800", "2014-11-30": "68.16400", "2014-08-31": "96.90000", "2014-05-31": "106.37600", "2014-02-28": "15.92200", "2013-11-30": "62.18300", "2013-08-31": "100.81300", "2013-05-31": "66.94900", "2013-02-28": "-42.35600", "2012-11-30": "40.73900", "2012-08-31": "33.27100", "2012-05-31": "81.05400", "2012-02-29": "6.62500", "2011-11-30": "48.95200", "2011-08-31": "75.28100", "2011-05-31": "67.93700", "2011-02-28": "1.09700", "2010-11-30": "47.96100", "2010-08-31": "68.99600", "2010-05-31": "58.33900", "2010-02-28": "-9.40000", "2009-11-30": "55.89300", "2009-08-31": "73.02500", "2009-05-31": "39.30600", "2009-02-28": "-30.93300", "2008-11-30": "41.72600", "2008-08-31": "69.51700", "2008-05-31": "-90.84500", "2008-02-29": "12.15000", "2007-11-30": "54.85500", "2007-08-31": "68.26800", "2007-05-31": "83.95400", "2007-02-28": "10.05200", "2006-11-30": "52.94100", "2006-08-31": "61.34200", "2006-05-31": "-142.00600", "2006-02-28": "-2.68700", "2005-11-30": "18.52700", "2005-08-31": "49.96100", "2005-05-31": "46.20600", "2005-02-28": "-4.77200"}, "EBITDA": {"2020-11-30": "223.94300", "2020-08-31": "293.01900", "2020-05-31": "234.41400", "2020-02-29": "88.82900", "2019-11-30": "167.77400", "2019-08-31": "210.02700", "2019-05-31": "249.01490", "2019-02-28": "69.78990", "2018-11-30": "145.37400", "2018-08-31": "169.84010", "2018-05-31": "184.83050", "2018-02-28": "89.09100", "2017-11-30": "163.67100", "2017-08-31": "208.97510", "2017-05-31": "239.41540", "2017-02-28": "71.70200", "2016-11-30": "131.06600", "2016-08-31": "196.75700", "2016-05-31": "254.95660", "2016-02-29": "69.52700", "2015-11-30": "169.12600", "2015-08-31": "187.97100", "2015-05-31": "231.28070", "2015-02-28": "59.25100", "2014-11-30": "141.90710", "2014-08-31": "185.16200", "2014-05-31": "194.05600", "2014-02-28": "58.23900", "2013-11-30": "137.48810", "2013-08-31": "185.92590", "2013-05-31": "168.32100", "2013-02-28": "47.11000", "2012-11-30": "121.38400", "2012-08-31": "143.00500", "2012-05-31": "159.57480", "2012-02-29": "43.52900", "2011-11-30": "105.66600", "2011-08-31": "153.80200", "2011-05-31": "136.92730", "2011-02-28": "30.67900", "2010-11-30": "107.33900", "2010-08-31": "140.20900", "2010-05-31": "129.40630", "2010-02-28": "23.84300", "2009-11-30": "114.58700", "2009-08-31": "141.69000", "2009-05-31": "119.90280", "2009-02-28": "-10.24700", "2008-11-30": "98.96400", "2008-08-31": "133.10800", "2008-05-31": "-116.52700", "2008-02-29": "45.71200", "2007-11-30": "113.91700", "2007-08-31": "133.74490", "2007-05-31": "155.76390", "2007-02-28": "43.75600", "2006-11-30": "109.99400", "2006-08-31": "126.66100", "2006-05-31": "-188.44220", "2006-02-28": "22.85600", "2005-11-30": "55.73500", "2005-08-31": "103.01800", "2005-05-31": "101.22510", "2005-02-28": "17.03800"}, "EBIT": {"2020-11-30": "186.75400", "2020-08-31": "257.70200", "2020-05-31": "191.09220", "2020-02-29": "52.88100", "2019-11-30": "126.04100", "2019-08-31": "174.18800", "2019-05-31": "210.62890", "2019-02-28": "35.26890", "2018-11-30": "107.88900", "2018-08-31": "134.30000", "2018-05-31": "152.53270", "2018-02-28": "56.52100", "2017-11-30": "131.41600", "2017-08-31": "177.59910", "2017-05-31": "209.48270", "2017-02-28": "37.64100", "2016-11-30": "-86.11100", "2016-08-31": "167.95700", "2016-05-31": "222.57780", "2016-02-29": "42.04900", "2015-11-30": "141.34000", "2015-08-31": "160.10400", "2015-05-31": "203.93570", "2015-02-28": "33.56700", "2014-11-30": "119.05410", "2014-08-31": "161.86800", "2014-05-31": "171.30910", "2014-02-28": "35.82100", "2013-11-30": "114.89710", "2013-08-31": "163.61290", "2013-05-31": "146.37810", "2013-02-28": "24.92600", "2012-11-30": "99.24010", "2012-08-31": "122.94000", "2012-05-31": "138.25480", "2012-02-29": "25.74400", "2011-11-30": "86.86700", "2011-08-31": "135.68300", "2011-05-31": "118.70510", "2011-02-28": "12.84200", "2010-11-30": "88.84900", "2010-08-31": "122.00500", "2010-05-31": "108.37520", "2010-02-28": "2.85600", "2009-11-30": "93.35800", "2009-08-31": "120.68400", "2009-05-31": "83.43900", "2009-02-28": "-30.96000", "2008-11-30": "77.74400", "2008-08-31": "110.89900", "2008-05-31": "-139.49100", "2008-02-29": "25.08500", "2007-11-30": "93.02000", "2007-08-31": "112.86690", "2007-05-31": "133.20290", "2007-02-28": "22.52100", "2006-11-30": "91.35600", "2006-08-31": "107.48800", "2006-05-31": "-209.52500", "2006-02-28": "4.68300", "2005-11-30": "37.45100", "2005-08-31": "86.25900", "2005-05-31": "84.16320", "2005-02-28": "0.84400"}, "Basic Shares Outstanding": {"2020-11-30": "128.50000", "2020-08-31": "128.41800", "2020-05-31": "128.46800", "2020-02-29": "128.42600", "2019-11-30": "128.39300", "2019-08-31": "128.88200", "2019-05-31": "130.55200", "2019-02-28": "130.10500", "2018-11-30": "131.05800", "2018-08-31": "131.86100", "2018-05-31": "131.17900", "2018-02-28": "131.17800", "2017-11-30": "131.16300", "2017-08-31": "131.23600", "2017-05-31": "130.66200", "2017-02-28": "130.67700", "2016-11-30": "130.69500", "2016-08-31": "130.60000", "2016-05-31": "129.38300", "2016-02-29": "129.06800", "2015-11-30": "129.39800", "2015-08-31": "130.04500", "2015-05-31": "129.93300", "2015-02-28": "129.79500", "2014-11-30": "130.02800", "2014-08-31": "130.09400", "2014-05-31": "129.43800", "2014-02-28": "129.45300", "2013-11-30": "129.42600", "2013-08-31": "129.34400", "2013-05-31": "128.95600", "2013-02-28": "129.01300", "2012-11-30": "128.88500", "2012-08-31": "128.80500", "2012-05-31": "128.13000", "2012-02-29": "128.12100", "2011-11-30": "127.98600", "2011-08-31": "128.09400", "2011-05-31": "127.40300", "2011-02-28": "127.16600", "2010-11-30": "127.01200", "2010-08-31": "127.78700", "2010-05-31": "127.04700", "2010-02-28": "127.50000", "2009-11-30": "127.37300", "2009-08-31": "126.77400", "2009-05-31": "126.37300", "2009-02-28": "126.57500", "2008-11-30": "127.09000", "2008-08-31": "124.93500", "2008-05-31": "120.15100", "2008-02-29": "120.09100", "2007-11-30": "120.05700", "2007-08-31": "119.67700", "2007-05-31": "118.17900", "2007-02-28": "118.43000", "2006-11-30": "117.60000", "2006-08-31": "117.46700", "2006-05-31": "116.83700", "2006-02-28": "116.88100", "2005-11-30": "116.71000", "2005-08-31": "116.54200", "2005-05-31": "116.89900", "2005-02-28": "117.28400"}, "Shares Outstanding": {"2020-11-30": "129.09000", "2020-08-31": "128.78300", "2020-05-31": "129.97400", "2020-02-29": "130.02800", "2019-11-30": "129.07900", "2019-08-31": "129.50400", "2019-05-31": "134.33300", "2019-02-28": "131.88900", "2018-11-30": "131.66700", "2018-08-31": "136.43000", "2018-05-31": "137.17100", "2018-02-28": "131.17800", "2017-11-30": "135.59200", "2017-08-31": "135.72000", "2017-05-31": "135.16500", "2017-02-28": "130.67700", "2016-11-30": "130.69500", "2016-08-31": "135.24100", "2016-05-31": "136.71600", "2016-02-29": "129.06800", "2015-11-30": "136.73400", "2015-08-31": "137.30700", "2015-05-31": "134.89300", "2015-02-28": "129.79500", "2014-11-30": "134.96600", "2014-08-31": "135.03200", "2014-05-31": "132.28800", "2014-02-28": "129.45300", "2013-11-30": "130.41800", "2013-08-31": "130.29400", "2013-05-31": "129.80100", "2013-02-28": "129.01300", "2012-11-30": "129.70000", "2012-08-31": "129.57000", "2012-05-31": "128.71700", "2012-02-29": "130.37700", "2011-11-30": "128.43200", "2011-08-31": "128.62600", "2011-05-31": "128.06600", "2011-02-28": "129.44200", "2010-11-30": "127.67000", "2010-08-31": "128.25400", "2010-05-31": "127.73100", "2010-02-28": "127.50000", "2009-11-30": "129.16400", "2009-08-31": "127.09800", "2009-05-31": "127.68900", "2009-02-28": "126.57500", "2008-11-30": "127.60100", "2008-08-31": "129.42600", "2008-05-31": "121.38800", "2008-02-29": "130.22300", "2007-11-30": "130.60800", "2007-08-31": "130.02600", "2007-05-31": "128.71100", "2007-02-28": "120.96700", "2006-11-30": "128.67400", "2006-08-31": "128.19200", "2006-05-31": "116.83700", "2006-02-28": "116.88100", "2005-11-30": "127.54200", "2005-08-31": "127.26200", "2005-05-31": "126.36400", "2005-02-28": "117.28400"}, "Basic EPS": {"2020-11-30": "0.98000", "2020-08-31": "1.39000", "2020-05-31": "0.84000", "2020-02-29": "0.09000", "2019-11-30": "0.60000", "2019-08-31": "0.82000", "2019-05-31": "1.03000", "2019-02-28": "0.11000", "2018-11-30": "0.37000", "2018-08-31": "0.52000", "2018-05-31": "0.66000", "2018-02-28": "0.30000", "2017-11-30": "0.72000", "2017-08-31": "0.87000", "2017-05-31": "0.97000", "2017-02-28": "0.09000", "2016-11-30": "-0.54000", "2016-08-31": "0.85000", "2016-05-31": "1.17000", "2016-02-29": "0.14000", "2015-11-30": "0.63000", "2015-08-31": "0.76000", "2015-05-31": "0.99000", "2015-02-28": "-0.44000", "2014-11-30": "0.52000", "2014-08-31": "0.74000", "2014-05-31": "0.82000", "2014-02-28": "0.12000", "2013-11-30": "0.48000", "2013-08-31": "0.78000", "2013-05-31": "0.50000", "2013-02-28": "-0.33000", "2012-11-30": "0.32000", "2012-08-31": "0.26000", "2012-05-31": "0.63000", "2012-02-29": "0.05000", "2011-11-30": "0.38000", "2011-08-31": "0.59000", "2011-05-31": "0.54000", "2011-02-28": "0.01000", "2010-11-30": "0.38000", "2010-08-31": "0.53000", "2010-05-31": "0.46000", "2010-02-28": "-0.07000", "2009-11-30": "0.44000", "2009-08-31": "0.57000", "2009-05-31": "0.29000", "2009-02-28": "-0.24000", "2008-11-30": "0.33000", "2008-08-31": "0.55000", "2008-05-31": "-0.77000", "2008-02-29": "0.10000", "2007-11-30": "0.46000", "2007-08-31": "0.57000", "2007-05-31": "0.71000", "2007-02-28": "0.08000", "2006-11-30": "0.45000", "2006-08-31": "0.52000", "2006-05-31": "-1.22000", "2006-02-28": "-0.02000", "2005-11-30": "0.16000", "2005-08-31": "0.43000", "2005-05-31": "0.39000", "2005-02-28": "-0.04000"}, "EPS - Earnings Per Share": {"2020-11-30": "0.98000", "2020-08-31": "1.39000", "2020-05-31": "0.84000", "2020-02-29": "0.09000", "2019-11-30": "0.59000", "2019-08-31": "0.82000", "2019-05-31": "1.01000", "2019-02-28": "0.11000", "2018-11-30": "0.37000", "2018-08-31": "0.52000", "2018-05-31": "0.64000", "2018-02-28": "0.30000", "2017-11-30": "0.70000", "2017-08-31": "0.86000", "2017-05-31": "0.98000", "2017-02-28": "0.09000", "2016-11-30": "-0.54000", "2016-08-31": "0.83000", "2016-05-31": "1.13000", "2016-02-29": "0.14000", "2015-11-30": "0.62000", "2015-08-31": "0.74000", "2015-05-31": "0.97000", "2015-02-28": "-0.44000", "2014-11-30": "0.52000", "2014-08-31": "0.73000", "2014-05-31": "0.81000", "2014-02-28": "0.12000", "2013-11-30": "0.48000", "2013-08-31": "0.77000", "2013-05-31": "0.50000", "2013-02-28": "-0.33000", "2012-11-30": "0.31000", "2012-08-31": "0.26000", "2012-05-31": "0.63000", "2012-02-29": "0.05000", "2011-11-30": "0.38000", "2011-08-31": "0.59000", "2011-05-31": "0.53000", "2011-02-28": "0.01000", "2010-11-30": "0.38000", "2010-08-31": "0.53000", "2010-05-31": "0.46000", "2010-02-28": "-0.07000", "2009-11-30": "0.43000", "2009-08-31": "0.57000", "2009-05-31": "0.31000", "2009-02-28": "-0.24000", "2008-11-30": "0.33000", "2008-08-31": "0.53000", "2008-05-31": "-0.70000", "2008-02-29": "0.10000", "2007-11-30": "0.43000", "2007-08-31": "0.53000", "2007-05-31": "0.65000", "2007-02-28": "0.08000", "2006-11-30": "0.42000", "2006-08-31": "0.49000", "2006-05-31": "-1.18000", "2006-02-28": "-0.02000", "2005-11-30": "0.15000", "2005-08-31": "0.40000", "2005-05-31": "0.38000", "2005-02-28": "-0.04000"}}, "balance sheet": {"Cash On Hand": {"2020-05-31": "233.41600", "2019-05-31": "223.16800", "2018-05-31": "244.42200", "2017-05-31": "350.49700", "2016-05-31": "265.15200", "2015-05-31": "174.71100", "2014-05-31": "332.86800", "2013-05-31": "343.55400", "2012-05-31": "315.96800", "2011-05-31": "435.01100", "2010-05-31": "215.35500", "2009-05-31": "253.38700", "2008-05-31": "231.25100", "2007-05-31": "159.01600", "2006-05-31": "108.61600", "2005-05-31": "184.14000"}, "Receivables": {"2020-05-31": "1137.95700", "2019-05-31": "1232.35000", "2018-05-31": "1113.81800", "2017-05-31": "995.33000", "2016-05-31": "963.09200", "2015-05-31": "956.21100", "2014-05-31": "873.94600", "2013-05-31": "787.51700", "2012-05-31": "745.54100", "2011-05-31": "712.86300", "2010-05-31": "633.91000", "2009-05-31": "638.65900", "2008-05-31": "817.24100", "2007-05-31": "744.25900", "2006-05-31": "650.94500", "2005-05-31": "553.08400"}, "Inventory": {"2020-05-31": "810.44800", "2019-05-31": "841.87300", "2018-05-31": "834.46100", "2017-05-31": "788.19700", "2016-05-31": "685.81800", "2015-05-31": "674.20500", "2014-05-31": "613.64400", "2013-05-31": "548.68000", "2012-05-31": "489.97800", "2011-05-31": "463.12000", "2010-05-31": "386.98200", "2009-05-31": "406.17500", "2008-05-31": "476.14900", "2007-05-31": "437.75900", "2006-05-31": "399.01400", "2005-05-31": "334.40400"}, "Pre-Paid Expenses": {"2020-05-31": "241.60800", "2019-05-31": "220.70100", "2018-05-31": "278.23000", "2017-05-31": "263.41200", "2016-05-31": "221.28600", "2015-05-31": "264.82700", "2014-05-31": "219.55600", "2013-05-31": "169.95600", "2012-05-31": "167.08000", "2011-05-31": "239.21200", "2010-05-31": "194.12600", "2009-05-31": "210.15500", "2008-05-31": "221.69000", "2007-05-31": "189.93900", "2006-05-31": "163.76800", "2005-05-31": "156.49100"}, "Other Current Assets": {"2020-05-31": "", "2019-05-31": "", "2018-05-31": "", "2017-05-31": "", "2016-05-31": "", "2015-05-31": "", "2014-05-31": "", "2013-05-31": "", "2012-05-31": "", "2011-05-31": "", "2010-05-31": "", "2009-05-31": "", "2008-05-31": "", "2007-05-31": "", "2006-05-31": "", "2005-05-31": ""}, "Total Current Assets": {"2020-05-31": "2423.42900", "2019-05-31": "2518.09200", "2018-05-31": "2470.93100", "2017-05-31": "2397.43600", "2016-05-31": "2135.34800", "2015-05-31": "2099.84600", "2014-05-31": "2062.29500", "2013-05-31": "1885.91700", "2012-05-31": "1737.31900", "2011-05-31": "1867.97000", "2010-05-31": "1450.16100", "2009-05-31": "1552.91600", "2008-05-31": "1783.97500", "2007-05-31": "1570.24900", "2006-05-31": "1371.22800", "2005-05-31": "1268.99500"}, "Property, Plant, And Equipment": {"2020-05-31": "849.68600", "2019-05-31": "819.21100", "2018-05-31": "780.30600", "2017-05-31": "742.68600", "2016-05-31": "629.45300", "2015-05-31": "589.64600", "2014-05-31": "532.80500", "2013-05-31": "492.36300", "2012-05-31": "418.83200", "2011-05-31": "390.02700", "2010-05-31": "382.52700", "2009-05-31": "470.10300", "2008-05-31": "497.72100", "2007-05-31": "473.29600", "2006-05-31": "444.69200", "2005-05-31": "389.97800"}, "Long-Term Investments": {"2020-05-31": "", "2019-05-31": "", "2018-05-31": "", "2017-05-31": "", "2016-05-31": "", "2015-05-31": "", "2014-05-31": "", "2013-05-31": "", "2012-05-31": "", "2011-05-31": "", "2010-05-31": "", "2009-05-31": "", "2008-05-31": "", "2007-05-31": "", "2006-05-31": "", "2005-05-31": ""}, "Goodwill And Intangible Assets": {"2020-05-31": "1834.44600", "2019-05-31": "1846.84400", "2018-05-31": "1776.44600", "2017-05-31": "1717.00500", "2016-05-31": "1795.03100", "2015-05-31": "1819.81800", "2014-05-31": "1606.91000", "2013-05-31": "1573.44400", "2012-05-31": "1194.96600", "2011-05-31": "1144.35600", "2010-05-31": "1071.40300", "2009-05-31": "1214.26300", "2008-05-31": "1292.72800", "2007-05-31": "1183.59700", "2006-05-31": "1072.57700", "2005-05-31": "938.96800"}, "Other Long-Term Assets": {"2020-05-31": "208.00800", "2019-05-31": "222.30000", "2018-05-31": "222.24200", "2017-05-31": "213.52900", "2016-05-31": "185.36600", "2015-05-31": "179.24500", "2014-05-31": "168.41200", "2013-05-31": "163.44700", "2012-05-31": "210.69600", "2011-05-31": "112.67600", "2010-05-31": "99.93300", "2009-05-31": "80.13900", "2008-05-31": "100.38900", "2007-05-31": "87.31300", "2006-05-31": "73.48300", "2005-05-31": "49.53400"}, "Total Long-Term Assets": {"2020-05-31": "3207.52500", "2019-05-31": "2923.26300", "2018-05-31": "2800.89100", "2017-05-31": "2693.01300", "2016-05-31": "2629.62100", "2015-05-31": "2594.39400", "2014-05-31": "2316.07000", "2013-05-31": "2234.93000", "2012-05-31": "1824.49400", "2011-05-31": "1647.05900", "2010-05-31": "1553.86300", "2009-05-31": "1857.00500", "2008-05-31": "1979.59200", "2007-05-31": "1762.90000", "2006-05-31": "1624.83600", "2005-05-31": "1378.48000"}, "Total Assets": {"2020-05-31": "5630.95400", "2019-05-31": "5441.35500", "2018-05-31": "5271.82200", "2017-05-31": "5090.44900", "2016-05-31": "4764.96900", "2015-05-31": "4694.24000", "2014-05-31": "4378.36500", "2013-05-31": "4120.84700", "2012-05-31": "3561.81300", "2011-05-31": "3515.02900", "2010-05-31": "3004.02400", "2009-05-31": "3409.92100", "2008-05-31": "3763.56700", "2007-05-31": "3333.14900", "2006-05-31": "2996.06400", "2005-05-31": "2647.47500"}, "Total Current Liabilities": {"2020-05-31": "1093.58000", "2019-05-31": "1539.40500", "2018-05-31": "1006.72600", "2017-05-31": "1235.39400", "2016-05-31": "1002.19100", "2015-05-31": "903.23600", "2014-05-31": "937.08600", "2013-05-31": "928.03000", "2012-05-31": "725.14000", "2011-05-31": "735.28900", "2010-05-31": "631.49400", "2009-05-31": "849.16200", "2008-05-31": "846.36100", "2007-05-31": "864.74000", "2006-05-31": "715.51000", "2005-05-31": "575.33900"}, "Long Term Debt": {"2020-05-31": "2458.29000", "2019-05-31": "1973.46200", "2018-05-31": "2170.64300", "2017-05-31": "1836.43700", "2016-05-31": "1635.26000", "2015-05-31": "1654.03700", "2014-05-31": "1345.96500", "2013-05-31": "1369.17600", "2012-05-31": "1112.95200", "2011-05-31": "1106.30400", "2010-05-31": "924.30800", "2009-05-31": "762.29500", "2008-05-31": "1066.68700", "2007-05-31": "886.41600", "2006-05-31": "870.41500", "2005-05-31": "837.94800"}, "Other Non-Current Liabilities": {"2020-05-31": "510.17500", "2019-05-31": "405.04000", "2018-05-31": "356.89200", "2017-05-31": "482.49100", "2016-05-31": "702.97900", "2015-05-31": "752.82100", "2014-05-31": "466.65900", "2013-05-31": "417.16000", "2012-05-31": "381.61900", "2011-05-31": "224.02600", "2010-05-31": "243.82900", "2009-05-31": "630.97800", "2008-05-31": "687.15700", "2007-05-31": "477.22600", "2006-05-31": "470.36200", "2005-05-31": "117.53500"}, "Total Long Term Liabilities": {"2020-05-31": "3272.71100", "2019-05-31": "2493.34500", "2018-05-31": "2631.55800", "2017-05-31": "2416.35500", "2016-05-31": "2388.03000", "2015-05-31": "2497.53900", "2014-05-31": "1862.68500", "2013-05-31": "1837.88400", "2012-05-31": "1522.69000", "2011-05-31": "1392.37200", "2010-05-31": "1211.28900", "2009-05-31": "1417.08800", "2008-05-31": "1780.65000", "2007-05-31": "1381.53900", "2006-05-31": "1354.61300", "2005-05-31": "1034.39700"}, "Total Liabilities": {"2020-05-31": "4366.29100", "2019-05-31": "4032.75000", "2018-05-31": "3638.28400", "2017-05-31": "3651.74900", "2016-05-31": "3390.22100", "2015-05-31": "3400.77500", "2014-05-31": "2799.77100", "2013-05-31": "2765.91400", "2012-05-31": "2247.83000", "2011-05-31": "2127.66100", "2010-05-31": "1842.78300", "2009-05-31": "2266.25000", "2008-05-31": "2627.01100", "2007-05-31": "2246.27900", "2006-05-31": "2070.12300", "2005-05-31": "1609.73600"}, "Common Stock Net": {"2020-05-31": "1.29500", "2019-05-31": "1.31000", "2018-05-31": "1.33600", "2017-05-31": "1.33600", "2016-05-31": "1.32900", "2015-05-31": "1.33200", "2014-05-31": "1.33300", "2013-05-31": "1.32600", "2012-05-31": "1.31600", "2011-05-31": "1.30600", "2010-05-31": "1.29900", "2009-05-31": "1.28500", "2008-05-31": "1.22200", "2007-05-31": "1.20900", "2006-05-31": "1.18700", "2005-05-31": "1.17600"}, "Retained Earnings (Accumulated Deficit)": {"2020-05-31": "1544.33600", "2019-05-31": "1425.05200", "2018-05-31": "1342.73600", "2017-05-31": "1172.44200", "2016-05-31": "1147.37100", "2015-05-31": "936.99600", "2014-05-31": "833.69100", "2013-05-31": "667.77400", "2012-05-31": "686.81800", "2011-05-31": "583.03500", "2010-05-31": "502.56200", "2009-05-31": "427.95500", "2008-05-31": "427.78800", "2007-05-31": "475.67600", "2006-05-31": "349.49300", "2005-05-31": "500.12500"}, "Comprehensive Income": {"2020-05-31": "-717.49700", "2019-05-31": "-577.62800", "2018-05-31": "-459.04800", "2017-05-31": "-473.98600", "2016-05-31": "-502.04700", "2015-05-31": "-394.13500", "2014-05-31": "-156.88200", "2013-05-31": "-159.25300", "2012-05-31": "-177.89300", "2011-05-31": "6.07300", "2010-05-31": "-107.79100", "2009-05-31": "-31.55700", "2008-05-31": "101.16200", "2007-05-31": "25.14000", "2006-05-31": "29.83900", "2005-05-31": "10.00400"}, "Other Share Holders Equity": {"2020-05-31": "", "2019-05-31": "", "2018-05-31": "", "2017-05-31": "", "2016-05-31": "", "2015-05-31": "", "2014-05-31": "", "2013-05-31": "", "2012-05-31": "", "2011-05-31": "", "2010-05-31": "", "2009-05-31": "", "2008-05-31": "", "2007-05-31": "", "2006-05-31": "", "2005-05-31": ""}, "Share Holder Equity": {"2020-05-31": "1264.66300", "2019-05-31": "1408.60500", "2018-05-31": "1633.53800", "2017-05-31": "1438.70000", "2016-05-31": "1374.74800", "2015-05-31": "1293.46500", "2014-05-31": "1578.59400", "2013-05-31": "1354.93300", "2012-05-31": "1313.98300", "2011-05-31": "1387.36800", "2010-05-31": "1161.24100", "2009-05-31": "1143.67100", "2008-05-31": "1136.55600", "2007-05-31": "1086.87000", "2006-05-31": "925.94100", "2005-05-31": "1037.73900"}, "Total Liabilities And Share Holders Equity": {"2020-05-31": "5630.95400", "2019-05-31": "5441.35500", "2018-05-31": "5271.82200", "2017-05-31": "5090.44900", "2016-05-31": "4764.96900", "2015-05-31": "4694.24000", "2014-05-31": "4378.36500", "2013-05-31": "4120.84700", "2012-05-31": "3561.81300", "2011-05-31": "3515.02900", "2010-05-31": "3004.02400", "2009-05-31": "3409.92100", "2008-05-31": "3763.56700", "2007-05-31": "3333.14900", "2006-05-31": "2996.06400", "2005-05-31": "2647.47500"}}, "balance sheet, quarterly": {"Cash On Hand": {"2020-11-30": "272.94500", "2020-08-31": "251.76500", "2020-05-31": "233.41600", "2020-02-29": "212.24200", "2019-11-30": "208.17300", "2019-08-31": "212.09100", "2019-05-31": "223.16800", "2019-02-28": "195.16900", "2018-11-30": "226.91400", "2018-08-31": "202.18300", "2018-05-31": "244.42200", "2018-02-28": "264.38600", "2017-11-30": "267.85700", "2017-08-31": "236.19100", "2017-05-31": "350.49700", "2017-02-28": "210.79600", "2016-11-30": "205.90700", "2016-08-31": "194.47000", "2016-05-31": "265.15200", "2016-02-29": "220.71200", "2015-11-30": "190.60900", "2015-08-31": "169.45800", "2015-05-31": "174.71100", "2015-02-28": "220.39000", "2014-11-30": "296.52700", "2014-08-31": "225.02500", "2014-05-31": "332.86800", "2014-02-28": "216.00100", "2013-11-30": "224.17200", "2013-08-31": "204.90300", "2013-05-31": "343.55400", "2013-02-28": "247.10400", "2012-11-30": "261.94000", "2012-08-31": "257.38200", "2012-05-31": "315.96800", "2012-02-29": "272.17800", "2011-11-30": "300.95500", "2011-08-31": "373.35500", "2011-05-31": "435.01100", "2011-02-28": "275.47900", "2010-11-30": "299.15700", "2010-08-31": "219.31200", "2010-05-31": "215.35500", "2010-02-28": "256.19900", "2009-11-30": "363.92800", "2009-08-31": "255.84000", "2009-05-31": "253.38700", "2009-02-28": "205.23700", "2008-11-30": "205.28900", "2008-08-31": "201.36800", "2008-05-31": "231.25100", "2008-02-29": "390.96200", "2007-11-30": "191.08000", "2007-08-31": "159.84300", "2007-05-31": "159.01600", "2007-02-28": "137.69700", "2006-11-30": "134.50400", "2006-08-31": "107.97000", "2006-05-31": "108.61600", "2006-02-28": "93.07700", "2005-11-30": "103.33200", "2005-08-31": "78.05600", "2005-05-31": "184.14000", "2005-02-28": "173.13900"}, "Receivables": {"2020-11-30": "1081.84100", "2020-08-31": "1159.13000", "2020-05-31": "1137.95700", "2020-02-29": "948.35100", "2019-11-30": "1047.81300", "2019-08-31": "1109.25900", "2019-05-31": "1232.35000", "2019-02-28": "961.62800", "2018-11-30": "1013.03000", "2018-08-31": "1070.62600", "2018-05-31": "1113.81800", "2018-02-28": "884.29500", "2017-11-30": "980.24000", "2017-08-31": "1015.08400", "2017-05-31": "995.33000", "2017-02-28": "788.27500", "2016-11-30": "840.81400", "2016-08-31": "932.63500", "2016-05-31": "963.09200", "2016-02-29": "746.55300", "2015-11-30": "816.81400", "2015-08-31": "926.21300", "2015-05-31": "956.21100", "2015-02-28": "797.15100", "2014-11-30": "806.77300", "2014-08-31": "946.88700", "2014-05-31": "873.94600", "2014-02-28": "705.15300", "2013-11-30": "772.42900", "2013-08-31": "861.92000", "2013-05-31": "787.51700", "2013-02-28": "642.65400", "2012-11-30": "727.89700", "2012-08-31": "760.30000", "2012-05-31": "745.54100", "2012-02-29": "613.39900", "2011-11-30": "661.82500", "2011-08-31": "725.00500", "2011-05-31": "712.86300", "2011-02-28": "543.87000", "2010-11-30": "574.67500", "2010-08-31": "624.63600", "2010-05-31": "633.91000", "2010-02-28": "502.19000", "2009-11-30": "583.28900", "2009-08-31": "640.47200", "2009-05-31": "638.65900", "2009-02-28": "502.91900", "2008-11-30": "607.18900", "2008-08-31": "735.70000", "2008-05-31": "817.24100", "2008-02-29": "554.94300", "2007-11-30": "614.46500", "2007-08-31": "675.22700", "2007-05-31": "744.25900", "2007-02-28": "481.91600", "2006-11-30": "554.20500", "2006-08-31": "600.22300", "2006-05-31": "650.94500", "2006-02-28": "443.61900", "2005-11-30": "511.96400", "2005-08-31": "556.67500", "2005-05-31": "553.08400", "2005-02-28": "396.98900"}, "Inventory": {"2020-11-30": "829.61700", "2020-08-31": "783.47200", "2020-05-31": "810.44800", "2020-02-29": "914.19700", "2019-11-30": "883.72200", "2019-08-31": "860.51800", "2019-05-31": "841.87300", "2019-02-28": "916.36100", "2018-11-30": "879.63300", "2018-08-31": "853.57300", "2018-05-31": "834.46100", "2018-02-28": "930.59400", "2017-11-30": "864.01900", "2017-08-31": "851.31200", "2017-05-31": "788.19700", "2017-02-28": "856.46100", "2016-11-30": "762.16700", "2016-08-31": "728.59700", "2016-05-31": "685.81800", "2016-02-29": "739.71600", "2015-11-30": "710.28200", "2015-08-31": "718.96900", "2015-05-31": "674.20500", "2015-02-28": "724.11600", "2014-11-30": "637.93200", "2014-08-31": "628.46300", "2014-05-31": "613.64400", "2014-02-28": "634.58300", "2013-11-30": "597.66000", "2013-08-31": "572.14800", "2013-05-31": "548.68000", "2013-02-28": "585.80400", "2012-11-30": "545.67800", "2012-08-31": "525.32300", "2012-05-31": "489.97800", "2012-02-29": "517.17200", "2011-11-30": "510.52700", "2011-08-31": "495.83000", "2011-05-31": "463.12000", "2011-02-28": "472.98400", "2010-11-30": "433.79200", "2010-08-31": "421.22800", "2010-05-31": "386.98200", "2010-02-28": "441.57800", "2009-11-30": "434.23000", "2009-08-31": "435.17400", "2009-05-31": "406.17500", "2009-02-28": "463.61300", "2008-11-30": "493.24100", "2008-08-31": "509.31400", "2008-05-31": "476.14900", "2008-02-29": "485.30200", "2007-11-30": "461.94600", "2007-08-31": "471.66000", "2007-05-31": "437.75900", "2007-02-28": "453.28500", "2006-11-30": "434.97100", "2006-08-31": "418.24300", "2006-05-31": "399.01400", "2006-02-28": "397.28200", "2005-11-30": "364.32400", "2005-08-31": "363.39600", "2005-05-31": "334.40400", "2005-02-28": "337.56200"}, "Pre-Paid Expenses": {"2020-11-30": "268.02900", "2020-08-31": "262.66800", "2020-05-31": "241.60800", "2020-02-29": "240.67800", "2019-11-30": "220.55700", "2019-08-31": "234.40100", "2019-05-31": "220.70100", "2019-02-28": "226.55300", "2018-11-30": "252.63400", "2018-08-31": "306.33300", "2018-05-31": "278.23000", "2018-02-28": "278.06900", "2017-11-30": "282.94000", "2017-08-31": "260.36100", "2017-05-31": "263.41200", "2017-02-28": "224.34700", "2016-11-30": "232.21700", "2016-08-31": "239.38300", "2016-05-31": "221.28600", "2016-02-29": "194.28500", "2015-11-30": "265.09000", "2015-08-31": "277.66400", "2015-05-31": "264.82700", "2015-02-28": "262.52200", "2014-11-30": "198.30100", "2014-08-31": "216.84800", "2014-05-31": "219.55600", "2014-02-28": "157.35100", "2013-11-30": "181.22000", "2013-08-31": "172.41000", "2013-05-31": "169.95600", "2013-02-28": "191.49900", "2012-11-30": "160.07000", "2012-08-31": "158.39300", "2012-05-31": "167.08000", "2012-02-29": "265.24500", "2011-11-30": "230.95400", "2011-08-31": "243.46700", "2011-05-31": "239.21200", "2011-02-28": "217.96200", "2010-11-30": "194.21800", "2010-08-31": "192.48800", "2010-05-31": "194.12600", "2010-02-28": "222.68900", "2009-11-30": "204.38800", "2009-08-31": "209.43200", "2009-05-31": "210.15500", "2009-02-28": "211.22400", "2008-11-30": "194.59600", "2008-08-31": "207.44100", "2008-05-31": "221.69000", "2008-02-29": "206.20600", "2007-11-30": "202.61500", "2007-08-31": "202.03300", "2007-05-31": "189.93900", "2007-02-28": "190.56800", "2006-11-30": "189.41400", "2006-08-31": "185.16300", "2006-05-31": "163.76800", "2006-02-28": "165.04200", "2005-11-30": "183.72000", "2005-08-31": "173.60100", "2005-05-31": "156.49100", "2005-02-28": "147.35400"}, "Other Current Assets": {"2020-11-30": "", "2020-08-31": "", "2020-05-31": "", "2020-02-29": "", "2019-11-30": "", "2019-08-31": "", "2019-05-31": "", "2019-02-28": "", "2018-11-30": "", "2018-08-31": "", "2018-05-31": "", "2018-02-28": "", "2017-11-30": "", "2017-08-31": "", "2017-05-31": "", "2017-02-28": "", "2016-11-30": "", "2016-08-31": "", "2016-05-31": "", "2016-02-29": "", "2015-11-30": "", "2015-08-31": "", "2015-05-31": "", "2015-02-28": "", "2014-11-30": "", "2014-08-31": "", "2014-05-31": "", "2014-02-28": "", "2013-11-30": "", "2013-08-31": "", "2013-05-31": "", "2013-02-28": "", "2012-11-30": "", "2012-08-31": "", "2012-05-31": "", "2012-02-29": "", "2011-11-30": "", "2011-08-31": "", "2011-05-31": "", "2011-02-28": "", "2010-11-30": "", "2010-08-31": "", "2010-05-31": "", "2010-02-28": "", "2009-11-30": "", "2009-08-31": "", "2009-05-31": "", "2009-02-28": "", "2008-11-30": "", "2008-08-31": "", "2008-05-31": "", "2008-02-29": "", "2007-11-30": "", "2007-08-31": "", "2007-05-31": "", "2007-02-28": "", "2006-11-30": "", "2006-08-31": "", "2006-05-31": "", "2006-02-28": "", "2005-11-30": "", "2005-08-31": "", "2005-05-31": "", "2005-02-28": ""}, "Total Current Assets": {"2020-11-30": "2452.43200", "2020-08-31": "2457.03500", "2020-05-31": "2423.42900", "2020-02-29": "2315.46800", "2019-11-30": "2360.26500", "2019-08-31": "2416.26900", "2019-05-31": "2518.09200", "2019-02-28": "2299.71100", "2018-11-30": "2372.21100", "2018-08-31": "2432.71500", "2018-05-31": "2470.93100", "2018-02-28": "2357.34400", "2017-11-30": "2395.05600", "2017-08-31": "2362.94800", "2017-05-31": "2397.43600", "2017-02-28": "2079.87900", "2016-11-30": "2041.10500", "2016-08-31": "2095.08500", "2016-05-31": "2135.34800", "2016-02-29": "1930.30800", "2015-11-30": "2011.41500", "2015-08-31": "2125.50700", "2015-05-31": "2099.84600", "2015-02-28": "2036.43700", "2014-11-30": "1959.81300", "2014-08-31": "2039.47400", "2014-05-31": "2062.29500", "2014-02-28": "1751.39800", "2013-11-30": "1813.62700", "2013-08-31": "1849.80800", "2013-05-31": "1885.91700", "2013-02-28": "1689.41300", "2012-11-30": "1726.97800", "2012-08-31": "1725.65100", "2012-05-31": "1737.31900", "2012-02-29": "1684.43200", "2011-11-30": "1721.21100", "2011-08-31": "1855.34300", "2011-05-31": "1867.97000", "2011-02-28": "1531.72900", "2010-11-30": "1522.36600", "2010-08-31": "1478.33500", "2010-05-31": "1450.16100", "2010-02-28": "1466.87100", "2009-11-30": "1630.32400", "2009-08-31": "1585.21700", "2009-05-31": "1552.91600", "2009-02-28": "1420.49600", "2008-11-30": "1537.28900", "2008-08-31": "1691.44300", "2008-05-31": "1783.97500", "2008-02-29": "1678.49700", "2007-11-30": "1510.71800", "2007-08-31": "1546.25200", "2007-05-31": "1570.24900", "2007-02-28": "1319.75200", "2006-11-30": "1364.77100", "2006-08-31": "1353.49500", "2006-05-31": "1371.22800", "2006-02-28": "1139.34300", "2005-11-30": "1200.93800", "2005-08-31": "1211.73400", "2005-05-31": "1268.99500", "2005-02-28": "1108.97200"}, "Property, Plant, And Equipment": {"2020-11-30": "889.39900", "2020-08-31": "860.97500", "2020-05-31": "849.68600", "2020-02-29": "830.73300", "2019-11-30": "821.77500", "2019-08-31": "813.01600", "2019-05-31": "819.21100", "2019-02-28": "802.05200", "2018-11-30": "793.62700", "2018-08-31": "777.05900", "2018-05-31": "780.30600", "2018-02-28": "772.98700", "2017-11-30": "760.42500", "2017-08-31": "755.87300", "2017-05-31": "742.68600", "2017-02-28": "702.13400", "2016-11-30": "638.92900", "2016-08-31": "632.49100", "2016-05-31": "629.45300", "2016-02-29": "579.65100", "2015-11-30": "574.63600", "2015-08-31": "580.35800", "2015-05-31": "589.64600", "2015-02-28": "568.31200", "2014-11-30": "509.97800", "2014-08-31": "529.53500", "2014-05-31": "532.80500", "2014-02-28": "506.79200", "2013-11-30": "499.35300", "2013-08-31": "485.14700", "2013-05-31": "492.36300", "2013-02-28": "474.44800", "2012-11-30": "474.69000", "2012-08-31": "445.70400", "2012-05-31": "418.83200", "2012-02-29": "402.78100", "2011-11-30": "382.12700", "2011-08-31": "387.43900", "2011-05-31": "390.02700", "2011-02-28": "381.47800", "2010-11-30": "378.14700", "2010-08-31": "376.23400", "2010-05-31": "382.52700", "2010-02-28": "444.95900", "2009-11-30": "455.95400", "2009-08-31": "458.51500", "2009-05-31": "470.10300", "2009-02-28": "450.09900", "2008-11-30": "455.15500", "2008-08-31": "483.15300", "2008-05-31": "497.72100", "2008-02-29": "458.92600", "2007-11-30": "459.18000", "2007-08-31": "465.18700", "2007-05-31": "473.29600", "2007-02-28": "438.50300", "2006-11-30": "438.78400", "2006-08-31": "441.13900", "2006-05-31": "444.69200", "2006-02-28": "412.34600", "2005-11-30": "413.91900", "2005-08-31": "436.40900", "2005-05-31": "389.97800", "2005-02-28": "384.85900"}, "Long-Term Investments": {"2020-11-30": "", "2020-08-31": "", "2020-05-31": "", "2020-02-29": "", "2019-11-30": "", "2019-08-31": "", "2019-05-31": "", "2019-02-28": "", "2018-11-30": "", "2018-08-31": "", "2018-05-31": "", "2018-02-28": "", "2017-11-30": "", "2017-08-31": "", "2017-05-31": "", "2017-02-28": "", "2016-11-30": "", "2016-08-31": "", "2016-05-31": "", "2016-02-29": "", "2015-11-30": "", "2015-08-31": "", "2015-05-31": "", "2015-02-28": "", "2014-11-30": "", "2014-08-31": "", "2014-05-31": "", "2014-02-28": "", "2013-11-30": "", "2013-08-31": "", "2013-05-31": "", "2013-02-28": "", "2012-11-30": "", "2012-08-31": "", "2012-05-31": "", "2012-02-29": "", "2011-11-30": "", "2011-08-31": "", "2011-05-31": "", "2011-02-28": "", "2010-11-30": "", "2010-08-31": "", "2010-05-31": "", "2010-02-28": "", "2009-11-30": "", "2009-08-31": "", "2009-05-31": "", "2009-02-28": "", "2008-11-30": "", "2008-08-31": "", "2008-05-31": "", "2008-02-29": "", "2007-11-30": "", "2007-08-31": "", "2007-05-31": "", "2007-02-28": "", "2006-11-30": "", "2006-08-31": "", "2006-05-31": "", "2006-02-28": "", "2005-11-30": "", "2005-08-31": "", "2005-05-31": "", "2005-02-28": ""}, "Goodwill And Intangible Assets": {"2020-11-30": "1921.17600", "2020-08-31": "1862.32100", "2020-05-31": "1834.44600", "2020-02-29": "1862.25500", "2019-11-30": "1854.86700", "2019-08-31": "1851.56500", "2019-05-31": "1846.84400", "2019-02-28": "1882.77900", "2018-11-30": "1836.68800", "2018-08-31": "1772.76100", "2018-05-31": "1776.44600", "2018-02-28": "1763.75100", "2017-11-30": "1747.89200", "2017-08-31": "1756.35700", "2017-05-31": "1717.00500", "2017-02-28": "1712.25000", "2016-11-30": "1606.96100", "2016-08-31": "1785.88400", "2016-05-31": "1795.03100", "2016-02-29": "1749.27000", "2015-11-30": "1764.52800", "2015-08-31": "1794.63300", "2015-05-31": "1819.81800", "2015-02-28": "1804.51000", "2014-11-30": "1560.00000", "2014-08-31": "1612.89700", "2014-05-31": "1606.91000", "2014-02-28": "1606.67200", "2013-11-30": "1587.01500", "2013-08-31": "1570.10400", "2013-05-31": "1573.44400", "2013-02-28": "1587.38900", "2012-11-30": "1598.64900", "2012-08-31": "1335.59300", "2012-05-31": "1194.96600", "2012-02-29": "1219.09000", "2011-11-30": "1219.18100", "2011-08-31": "1162.51300", "2011-05-31": "1144.35600", "2011-02-28": "1138.78100", "2010-11-30": "1103.55800", "2010-08-31": "1092.00300", "2010-05-31": "1071.40300", "2010-02-28": "1248.86600", "2009-11-30": "1231.15500", "2009-08-31": "1214.37400", "2009-05-31": "1214.26300", "2009-02-28": "1178.56200", "2008-11-30": "1193.75000", "2008-08-31": "1260.46700", "2008-05-31": "1292.72800", "2008-02-29": "1202.31000", "2007-11-30": "1198.03900", "2007-08-31": "1186.90000", "2007-05-31": "1183.59700", "2007-02-28": "1129.73800", "2006-11-30": "1136.12700", "2006-08-31": "1110.21900", "2006-05-31": "1072.57700", "2006-02-28": "1060.37400", "2005-11-30": "1035.71000", "2005-08-31": "1034.64300", "2005-05-31": "938.96800", "2005-02-28": "939.76500"}, "Other Long-Term Assets": {"2020-11-30": "192.35200", "2020-08-31": "193.96500", "2020-05-31": "208.00800", "2020-02-29": "231.15900", "2019-11-30": "224.52000", "2019-08-31": "221.61200", "2019-05-31": "222.30000", "2019-02-28": "213.79600", "2018-11-30": "218.57800", "2018-08-31": "218.90400", "2018-05-31": "222.24200", "2018-02-28": "220.80100", "2017-11-30": "220.67700", "2017-08-31": "211.61200", "2017-05-31": "213.52900", "2017-02-28": "212.08400", "2016-11-30": "200.84700", "2016-08-31": "193.23300", "2016-05-31": "185.36600", "2016-02-29": "186.62300", "2015-11-30": "164.75100", "2015-08-31": "154.00500", "2015-05-31": "179.24500", "2015-02-28": "155.12500", "2014-11-30": "159.88000", "2014-08-31": "156.93400", "2014-05-31": "168.41200", "2014-02-28": "168.94300", "2013-11-30": "170.52600", "2013-08-31": "158.06700", "2013-05-31": "163.44700", "2013-02-28": "171.67100", "2012-11-30": "175.60500", "2012-08-31": "169.03000", "2012-05-31": "210.69600", "2012-02-29": "107.78200", "2011-11-30": "109.49400", "2011-08-31": "111.79800", "2011-05-31": "112.67600", "2011-02-28": "103.77000", "2010-11-30": "114.48400", "2010-08-31": "112.27300", "2010-05-31": "99.93300", "2010-02-28": "114.19500", "2009-11-30": "89.93100", "2009-08-31": "87.31800", "2009-05-31": "80.13900", "2009-02-28": "161.29300", "2008-11-30": "167.00800", "2008-08-31": "183.10200", "2008-05-31": "100.38900", "2008-02-29": "94.11900", "2007-11-30": "91.74400", "2007-08-31": "99.48100", "2007-05-31": "87.31300", "2007-02-28": "91.59300", "2006-11-30": "90.23300", "2006-08-31": "85.55700", "2006-05-31": "73.48300", "2006-02-28": "73.87000", "2005-11-30": "67.27600", "2005-08-31": "55.23700", "2005-05-31": "49.53400", "2005-02-28": "51.87700"}, "Total Long-Term Assets": {"2020-11-30": "3337.77600", "2020-08-31": "3237.38400", "2020-05-31": "3207.52500", "2020-02-29": "3250.40200", "2019-11-30": "3220.73300", "2019-08-31": "3180.15600", "2019-05-31": "2923.26300", "2019-02-28": "2919.72500", "2018-11-30": "2866.74200", "2018-08-31": "2790.67700", "2018-05-31": "2800.89100", "2018-02-28": "2778.58100", "2017-11-30": "2749.61500", "2017-08-31": "2745.96800", "2017-05-31": "2693.01300", "2017-02-28": "2652.34000", "2016-11-30": "2506.35600", "2016-08-31": "2631.81400", "2016-05-31": "2629.62100", "2016-02-29": "2517.78100", "2015-11-30": "2506.81700", "2015-08-31": "2535.90000", "2015-05-31": "2594.39400", "2015-02-28": "2534.76600", "2014-11-30": "2237.44000", "2014-08-31": "2307.24800", "2014-05-31": "2316.07000", "2014-02-28": "2282.40700", "2013-11-30": "2256.89400", "2013-08-31": "2213.31800", "2013-05-31": "2234.93000", "2013-02-28": "2233.50800", "2012-11-30": "2248.94400", "2012-08-31": "1950.32700", "2012-05-31": "1824.49400", "2012-02-29": "1729.65300", "2011-11-30": "1710.80200", "2011-08-31": "1661.75000", "2011-05-31": "1647.05900", "2011-02-28": "1624.02900", "2010-11-30": "1596.18900", "2010-08-31": "1580.51000", "2010-05-31": "1553.86300", "2010-02-28": "1870.49400", "2009-11-30": "1848.21500", "2009-08-31": "1842.65300", "2009-05-31": "1857.00500", "2009-02-28": "1789.95400", "2008-11-30": "1815.91300", "2008-08-31": "1926.72200", "2008-05-31": "1979.59200", "2008-02-29": "1755.35500", "2007-11-30": "1748.96300", "2007-08-31": "1751.56800", "2007-05-31": "1762.90000", "2007-02-28": "1659.83400", "2006-11-30": "1665.14400", "2006-08-31": "1636.91500", "2006-05-31": "1624.83600", "2006-02-28": "1546.59000", "2005-11-30": "1516.90500", "2005-08-31": "1526.28900", "2005-05-31": "1378.48000", "2005-02-28": "1376.50100"}, "Total Assets": {"2020-11-30": "5790.20800", "2020-08-31": "5694.41900", "2020-05-31": "5630.95400", "2020-02-29": "5565.87000", "2019-11-30": "5580.99800", "2019-08-31": "5596.42500", "2019-05-31": "5441.35500", "2019-02-28": "5219.43600", "2018-11-30": "5238.95300", "2018-08-31": "5223.39200", "2018-05-31": "5271.82200", "2018-02-28": "5135.92500", "2017-11-30": "5144.67100", "2017-08-31": "5108.91600", "2017-05-31": "5090.44900", "2017-02-28": "4732.21900", "2016-11-30": "4547.46100", "2016-08-31": "4726.89900", "2016-05-31": "4764.96900", "2016-02-29": "4448.08900", "2015-11-30": "4518.23200", "2015-08-31": "4661.40700", "2015-05-31": "4694.24000", "2015-02-28": "4571.20300", "2014-11-30": "4197.25300", "2014-08-31": "4346.72200", "2014-05-31": "4378.36500", "2014-02-28": "4033.80500", "2013-11-30": "4070.52100", "2013-08-31": "4063.12600", "2013-05-31": "4120.84700", "2013-02-28": "3922.92100", "2012-11-30": "3975.92200", "2012-08-31": "3675.97800", "2012-05-31": "3561.81300", "2012-02-29": "3414.08500", "2011-11-30": "3432.01300", "2011-08-31": "3517.09300", "2011-05-31": "3515.02900", "2011-02-28": "3155.75800", "2010-11-30": "3118.55500", "2010-08-31": "3058.84500", "2010-05-31": "3004.02400", "2010-02-28": "3337.36500", "2009-11-30": "3478.53900", "2009-08-31": "3427.87000", "2009-05-31": "3409.92100", "2009-02-28": "3210.45000", "2008-11-30": "3353.20200", "2008-08-31": "3618.16500", "2008-05-31": "3763.56700", "2008-02-29": "3433.85200", "2007-11-30": "3259.68100", "2007-08-31": "3297.82000", "2007-05-31": "3333.14900", "2007-02-28": "2979.58600", "2006-11-30": "3029.91500", "2006-08-31": "2990.41000", "2006-05-31": "2996.06400", "2006-02-28": "2685.93300", "2005-11-30": "2717.84300", "2005-08-31": "2738.02300", "2005-05-31": "2647.47500", "2005-02-28": "2485.47300"}, "Total Current Liabilities": {"2020-11-30": "1132.69300", "2020-08-31": "1092.77700", "2020-05-31": "1093.58000", "2020-02-29": "962.13100", "2019-11-30": "984.06800", "2019-08-31": "1496.57200", "2019-05-31": "1539.40500", "2019-02-28": "1270.21100", "2018-11-30": "1299.39300", "2018-08-31": "878.13600", "2018-05-31": "1006.72600", "2018-02-28": "922.11300", "2017-11-30": "1074.99300", "2017-08-31": "1095.14700", "2017-05-31": "1235.39400", "2017-02-28": "1230.52300", "2016-11-30": "886.61300", "2016-08-31": "883.60300", "2016-05-31": "1002.19100", "2016-02-29": "782.40300", "2015-11-30": "738.66800", "2015-08-31": "812.81600", "2015-05-31": "903.23600", "2015-02-28": "862.90000", "2014-11-30": "869.50200", "2014-08-31": "755.00100", "2014-05-31": "937.08600", "2014-02-28": "687.34300", "2013-11-30": "734.08100", "2013-08-31": "760.17600", "2013-05-31": "928.03000", "2013-02-28": "730.95600", "2012-11-30": "690.94000", "2012-08-31": "682.01600", "2012-05-31": "725.14000", "2012-02-29": "623.30800", "2011-11-30": "652.78000", "2011-08-31": "683.29200", "2011-05-31": "735.28900", "2011-02-28": "604.65300", "2010-11-30": "600.24100", "2010-08-31": "589.51000", "2010-05-31": "631.49400", "2010-02-28": "639.58400", "2009-11-30": "664.05300", "2009-08-31": "845.35800", "2009-05-31": "849.16200", "2009-02-28": "758.50900", "2008-11-30": "821.17100", "2008-08-31": "713.10400", "2008-05-31": "846.36100", "2008-02-29": "744.39300", "2007-11-30": "738.95000", "2007-08-31": "764.67600", "2007-05-31": "864.74000", "2007-02-28": "597.13800", "2006-11-30": "623.83900", "2006-08-31": "640.93500", "2006-05-31": "715.51000", "2006-02-28": "512.11000", "2005-11-30": "539.43500", "2005-08-31": "555.57200", "2005-05-31": "575.33900", "2005-02-28": "419.60100"}, "Long Term Debt": {"2020-11-30": "2224.62700", "2020-08-31": "2297.17200", "2020-05-31": "2458.29000", "2020-02-29": "2488.52900", "2019-11-30": "2421.33900", "2019-08-31": "2018.18500", "2019-05-31": "1973.46200", "2019-02-28": "2070.71700", "2018-11-30": "1918.86800", "2018-08-31": "2267.15900", "2018-05-31": "2170.64300", "2018-02-28": "2179.65800", "2017-11-30": "1883.27200", "2017-08-31": "1868.22900", "2017-05-31": "1836.43700", "2017-02-28": "1597.55300", "2016-11-30": "1634.96700", "2016-08-31": "1652.52900", "2016-05-31": "1635.26000", "2016-02-29": "1749.82300", "2015-11-30": "1673.47100", "2015-08-31": "1730.61300", "2015-05-31": "1654.03700", "2015-02-28": "1716.58000", "2014-11-30": "1275.87500", "2014-08-31": "1476.34900", "2014-05-31": "1345.96500", "2014-02-28": "1382.47800", "2013-11-30": "1365.11500", "2013-08-31": "1419.60700", "2013-05-31": "1369.17600", "2013-02-28": "1392.38100", "2012-11-30": "1413.10100", "2012-08-31": "1199.51300", "2012-05-31": "1112.95200", "2012-02-29": "1099.46000", "2011-11-30": "1092.45400", "2011-08-31": "1103.07800", "2011-05-31": "1106.30400", "2011-02-28": "932.83900", "2010-11-30": "922.46300", "2010-08-31": "932.97900", "2010-05-31": "924.30800", "2010-02-28": "902.56300", "2009-11-30": "903.28500", "2009-08-31": "737.41400", "2009-05-31": "762.29500", "2009-02-28": "810.80600", "2008-11-30": "791.36400", "2008-08-31": "965.42300", "2008-05-31": "1066.68700", "2008-02-29": "1031.74000", "2007-11-30": "840.56400", "2007-08-31": "921.73400", "2007-05-31": "886.41600", "2007-02-28": "933.02700", "2006-11-30": "944.89900", "2006-08-31": "926.38200", "2006-05-31": "870.41500", "2006-02-28": "860.89700", "2005-11-30": "848.01400", "2005-08-31": "870.17500", "2005-05-31": "837.94800", "2005-02-28": "835.62500"}, "Other Non-Current Liabilities": {"2020-11-30": "560.74900", "2020-08-31": "545.70700", "2020-05-31": "510.17500", "2020-02-29": "391.67700", "2019-11-30": "415.83800", "2019-08-31": "407.28500", "2019-05-31": "405.04000", "2019-02-28": "318.96900", "2018-11-30": "370.81200", "2018-08-31": "360.07400", "2018-05-31": "356.89200", "2018-02-28": "334.91300", "2017-11-30": "506.60600", "2017-08-31": "491.67700", "2017-05-31": "482.49100", "2017-02-28": "569.85900", "2016-11-30": "701.09100", "2016-08-31": "699.82200", "2016-05-31": "702.97900", "2016-02-29": "609.95200", "2015-11-30": "732.46700", "2015-08-31": "737.81900", "2015-05-31": "752.82100", "2015-02-28": "706.91500", "2014-11-30": "411.92200", "2014-08-31": "428.57600", "2014-05-31": "466.65900", "2014-02-28": "430.69700", "2013-11-30": "436.33500", "2013-08-31": "423.32100", "2013-05-31": "417.16000", "2013-02-28": "435.55300", "2012-11-30": "445.55100", "2012-08-31": "386.23600", "2012-05-31": "381.61900", "2012-02-29": "218.74000", "2011-11-30": "225.51900", "2011-08-31": "232.90400", "2011-05-31": "224.02600", "2011-02-28": "256.26500", "2010-11-30": "255.79700", "2010-08-31": "249.44300", "2010-05-31": "243.82900", "2010-02-28": "558.81500", "2009-11-30": "603.43800", "2009-08-31": "592.45800", "2009-05-31": "630.97800", "2009-02-28": "583.57300", "2008-11-30": "600.19300", "2008-08-31": "653.25400", "2008-05-31": "687.15700", "2008-02-29": "394.79400", "2007-11-30": "423.77800", "2007-08-31": "441.02400", "2007-05-31": "477.22600", "2007-02-28": "417.15000", "2006-11-30": "435.69200", "2006-08-31": "449.26200", "2006-05-31": "470.36200", "2006-02-28": "141.75500", "2005-11-30": "128.25700", "2005-08-31": "119.65900", "2005-05-31": "117.53500", "2005-02-28": "115.06900"}, "Total Long Term Liabilities": {"2020-11-30": "3107.07200", "2020-08-31": "3149.57100", "2020-05-31": "3272.71100", "2020-02-29": "3250.39000", "2019-11-30": "3193.63000", "2019-08-31": "2753.82800", "2019-05-31": "2493.34500", "2019-02-28": "2506.95800", "2018-11-30": "2403.51400", "2018-08-31": "2731.87700", "2018-05-31": "2631.55800", "2018-02-28": "2577.79000", "2017-11-30": "2460.15700", "2017-08-31": "2451.56600", "2017-05-31": "2416.35500", "2017-02-28": "2215.96900", "2016-11-30": "2377.51400", "2016-08-31": "2405.73200", "2016-05-31": "2388.03000", "2016-02-29": "2425.16600", "2015-11-30": "2487.34000", "2015-08-31": "2551.56900", "2015-05-31": "2497.53900", "2015-02-28": "2474.51000", "2014-11-30": "1736.27300", "2014-08-31": "1957.35300", "2014-05-31": "1862.68500", "2014-02-28": "1861.54700", "2013-11-30": "1842.58000", "2013-08-31": "1879.22300", "2013-05-31": "1837.88400", "2013-02-28": "1882.22000", "2012-11-30": "1910.43200", "2012-08-31": "1631.61000", "2012-05-31": "1522.69000", "2012-02-29": "1391.57300", "2011-11-30": "1391.20600", "2011-08-31": "1398.06400", "2011-05-31": "1392.37200", "2011-02-28": "1244.43500", "2010-11-30": "1234.03300", "2010-08-31": "1232.45600", "2010-05-31": "1211.28900", "2010-02-28": "1489.76700", "2009-11-30": "1532.64300", "2009-08-31": "1358.20300", "2009-05-31": "1417.08800", "2009-02-28": "1411.45200", "2008-11-30": "1411.28600", "2008-08-31": "1643.14900", "2008-05-31": "1780.65000", "2008-02-29": "1462.62900", "2007-11-30": "1289.63000", "2007-08-31": "1389.78100", "2007-05-31": "1381.53900", "2007-02-28": "1353.05500", "2006-11-30": "1380.59100", "2006-08-31": "1375.64400", "2006-05-31": "1354.61300", "2006-02-28": "1098.06300", "2005-11-30": "1079.17600", "2005-08-31": "1089.52100", "2005-05-31": "1034.39700", "2005-02-28": "1030.90000"}, "Total Liabilities": {"2020-11-30": "4239.76500", "2020-08-31": "4242.34800", "2020-05-31": "4366.29100", "2020-02-29": "4212.52100", "2019-11-30": "4177.69800", "2019-08-31": "4250.40000", "2019-05-31": "4032.75000", "2019-02-28": "3777.16900", "2018-11-30": "3702.90700", "2018-08-31": "3610.01300", "2018-05-31": "3638.28400", "2018-02-28": "3499.90300", "2017-11-30": "3535.15000", "2017-08-31": "3546.71300", "2017-05-31": "3651.74900", "2017-02-28": "3446.49200", "2016-11-30": "3264.12700", "2016-08-31": "3289.33500", "2016-05-31": "3390.22100", "2016-02-29": "3207.56900", "2015-11-30": "3226.00800", "2015-08-31": "3364.38500", "2015-05-31": "3400.77500", "2015-02-28": "3337.41000", "2014-11-30": "2605.77500", "2014-08-31": "2712.35400", "2014-05-31": "2799.77100", "2014-02-28": "2548.89000", "2013-11-30": "2576.66100", "2013-08-31": "2639.39900", "2013-05-31": "2765.91400", "2013-02-28": "2613.17600", "2012-11-30": "2601.37200", "2012-08-31": "2313.62600", "2012-05-31": "2247.83000", "2012-02-29": "2014.88100", "2011-11-30": "2043.98600", "2011-08-31": "2081.35600", "2011-05-31": "2127.66100", "2011-02-28": "1849.08800", "2010-11-30": "1834.27400", "2010-08-31": "1821.96600", "2010-05-31": "1842.78300", "2010-02-28": "2129.35100", "2009-11-30": "2196.69600", "2009-08-31": "2203.56100", "2009-05-31": "2266.25000", "2009-02-28": "2169.96100", "2008-11-30": "2232.45700", "2008-08-31": "2356.25300", "2008-05-31": "2627.01100", "2008-02-29": "2207.02200", "2007-11-30": "2028.58000", "2007-08-31": "2154.45700", "2007-05-31": "2246.27900", "2007-02-28": "1950.19300", "2006-11-30": "2004.43000", "2006-08-31": "2016.57900", "2006-05-31": "2070.12300", "2006-02-28": "1610.17300", "2005-11-30": "1618.61100", "2005-08-31": "1645.09300", "2005-05-31": "1609.73600", "2005-02-28": "1450.50100"}, "Common Stock Net": {"2020-11-30": "1.30100", "2020-08-31": "1.30000", "2020-05-31": "1.29500", "2020-02-29": "1.29900", "2019-11-30": "1.29800", "2019-08-31": "1.29700", "2019-05-31": "1.31000", "2019-02-28": "1.31500", "2018-11-30": "1.33100", "2018-08-31": "1.33400", "2018-05-31": "1.33600", "2018-02-28": "1.33700", "2017-11-30": "1.33700", "2017-08-31": "1.33500", "2017-05-31": "1.33600", "2017-02-28": "1.33600", "2016-11-30": "1.33600", "2016-08-31": "1.33400", "2016-05-31": "1.32900", "2016-02-29": "1.32800", "2015-11-30": "1.33300", "2015-08-31": "1.33100", "2015-05-31": "1.33200", "2015-02-28": "1.33200", "2014-11-30": "1.33700", "2014-08-31": "1.33500", "2014-05-31": "1.33300", "2014-02-28": "1.33200", "2013-11-30": "1.33200", "2013-08-31": "1.32900", "2013-05-31": "1.32600", "2013-02-28": "1.32500", "2012-11-30": "1.32300", "2012-08-31": "1.32000", "2012-05-31": "1.31600", "2012-02-29": "1.31500", "2011-11-30": "1.31200", "2011-08-31": "1.31100", "2011-05-31": "1.30600", "2011-02-28": "1.30400", "2010-11-30": "1.30000", "2010-08-31": "1.29500", "2010-05-31": "1.29900", "2010-02-28": "1.29600", "2009-11-30": "1.29500", "2009-08-31": "1.29100", "2009-05-31": "1.28500", "2009-02-28": "1.28400", "2008-11-30": "1.28400", "2008-08-31": "1.29100", "2008-05-31": "1.22200", "2008-02-29": "1.21800", "2007-11-30": "1.21800", "2007-08-31": "1.21300", "2007-05-31": "1.20900", "2007-02-28": "1.20800", "2006-11-30": "1.19600", "2006-08-31": "1.18900", "2006-05-31": "1.18700", "2006-02-28": "1.18500", "2005-11-30": "1.18300", "2005-08-31": "1.17700", "2005-05-31": "1.17600", "2005-02-28": "1.17500"}, "Retained Earnings (Accumulated Deficit)": {"2020-11-30": "1756.57100", "2020-08-31": "1678.30900", "2020-05-31": "1544.33600", "2020-02-29": "1481.33900", "2019-11-30": "1516.23000", "2019-08-31": "1485.91700", "2019-05-31": "1425.05200", "2019-02-28": "1337.54500", "2018-11-30": "1369.69500", "2018-08-31": "1366.95200", "2018-05-31": "1342.73600", "2018-02-28": "1298.87600", "2017-11-30": "1301.44200", "2017-08-31": "1248.76900", "2017-05-31": "1172.44200", "2017-02-28": "1084.46200", "2016-11-30": "1112.61000", "2016-08-31": "1223.61100", "2016-05-31": "1147.37100", "2016-02-29": "1031.02000", "2015-11-30": "1048.96800", "2015-08-31": "1002.17700", "2015-05-31": "936.99600", "2015-02-28": "843.64700", "2014-11-30": "935.77300", "2014-08-31": "900.78200", "2014-05-31": "833.69100", "2014-02-28": "756.89100", "2013-11-30": "772.63700", "2013-08-31": "741.03500", "2013-05-31": "667.77400", "2013-02-28": "632.21000", "2012-11-30": "686.35300", "2012-08-31": "685.20100", "2012-05-31": "686.81800", "2012-02-29": "632.53000", "2011-11-30": "654.15700", "2011-08-31": "632.42200", "2011-05-31": "583.03500", "2011-02-28": "540.25800", "2010-11-30": "566.43800", "2010-08-31": "544.93000", "2010-05-31": "502.56200", "2010-02-28": "468.67500", "2009-11-30": "504.63600", "2009-08-31": "475.27900", "2009-05-31": "427.95500", "2009-02-28": "431.94600", "2008-11-30": "488.56100", "2008-08-31": "472.55500", "2008-05-31": "427.78800", "2008-02-29": "538.52300", "2007-11-30": "549.51300", "2007-08-31": "517.81500", "2007-05-31": "475.67600", "2007-02-28": "412.87800", "2006-11-30": "423.89200", "2006-08-31": "391.83500", "2006-05-31": "349.49300", "2006-02-28": "510.47900", "2005-11-30": "532.08400", "2005-08-31": "532.45100", "2005-05-31": "500.12500", "2005-02-28": "471.53700"}, "Comprehensive Income": {"2020-11-30": "-649.81900", "2020-08-31": "-667.66200", "2020-05-31": "-717.49700", "2020-02-29": "-592.02400", "2019-11-30": "-576.70700", "2019-08-31": "-601.25300", "2019-05-31": "-577.62800", "2019-02-28": "-477.65700", "2018-11-30": "-501.10000", "2018-08-31": "-493.02600", "2018-05-31": "-459.04800", "2018-02-28": "-405.73400", "2017-11-30": "-434.59800", "2017-08-31": "-429.38200", "2017-05-31": "-473.98600", "2017-02-28": "-533.16500", "2016-11-30": "-555.54100", "2016-08-31": "-506.25100", "2016-05-31": "-502.04700", "2016-02-29": "-497.75400", "2015-11-30": "-477.47000", "2015-08-31": "-427.66500", "2015-05-31": "-394.13500", "2015-02-28": "-344.57600", "2014-11-30": "-259.26700", "2014-08-31": "-171.82900", "2014-05-31": "-156.88200", "2014-02-28": "-165.40900", "2013-11-30": "-147.74000", "2013-08-31": "-174.90900", "2013-05-31": "-159.25300", "2013-02-28": "-161.89100", "2012-11-30": "-145.83500", "2012-08-31": "-146.70100", "2012-05-31": "-177.89300", "2012-02-29": "-46.96500", "2011-11-30": "-74.99900", "2011-08-31": "-5.81000", "2011-05-31": "6.07300", "2011-02-28": "-13.12200", "2010-11-30": "-52.54700", "2010-08-31": "-80.73400", "2010-05-31": "-107.79100", "2010-02-28": "-20.44100", "2009-11-30": "21.06900", "2009-08-31": "-3.52500", "2009-05-31": "-31.55700", "2009-02-28": "-120.82000", "2008-11-30": "-94.28000", "2008-08-31": "44.91600", "2008-05-31": "101.16200", "2008-02-29": "92.90300", "2007-11-30": "89.45600", "2007-08-31": "38.68900", "2007-05-31": "25.14000", "2007-02-28": "40.37500", "2006-11-30": "45.70800", "2006-08-31": "32.93000", "2006-05-31": "29.83900", "2006-02-28": "25.75700", "2005-11-30": "18.44800", "2005-08-31": "21.28600", "2005-05-31": "10.00400", "2005-02-28": "29.03400"}, "Other Share Holders Equity": {"2020-11-30": "", "2020-08-31": "", "2020-05-31": "", "2020-02-29": "", "2019-11-30": "", "2019-08-31": "", "2019-05-31": "", "2019-02-28": "", "2018-11-30": "", "2018-08-31": "", "2018-05-31": "", "2018-02-28": "", "2017-11-30": "", "2017-08-31": "", "2017-05-31": "", "2017-02-28": "", "2016-11-30": "", "2016-08-31": "", "2016-05-31": "", "2016-02-29": "", "2015-11-30": "", "2015-08-31": "", "2015-05-31": "", "2015-02-28": "", "2014-11-30": "", "2014-08-31": "", "2014-05-31": "", "2014-02-28": "", "2013-11-30": "", "2013-08-31": "", "2013-05-31": "", "2013-02-28": "", "2012-11-30": "", "2012-08-31": "", "2012-05-31": "", "2012-02-29": "", "2011-11-30": "", "2011-08-31": "", "2011-05-31": "", "2011-02-28": "", "2010-11-30": "", "2010-08-31": "", "2010-05-31": "", "2010-02-28": "", "2009-11-30": "", "2009-08-31": "", "2009-05-31": "", "2009-02-28": "", "2008-11-30": "", "2008-08-31": "", "2008-05-31": "", "2008-02-29": "", "2007-11-30": "", "2007-08-31": "", "2007-05-31": "", "2007-02-28": "", "2006-11-30": "", "2006-08-31": "", "2006-05-31": "", "2006-02-28": "", "2005-11-30": "", "2005-08-31": "", "2005-05-31": "", "2005-02-28": ""}, "Share Holder Equity": {"2020-11-30": "1550.44300", "2020-08-31": "1452.07100", "2020-05-31": "1264.66300", "2020-02-29": "1353.34900", "2019-11-30": "1403.30000", "2019-08-31": "1346.02500", "2019-05-31": "1408.60500", "2019-02-28": "1442.26700", "2018-11-30": "1536.04600", "2018-08-31": "1613.37900", "2018-05-31": "1633.53800", "2018-02-28": "1636.02200", "2017-11-30": "1609.52100", "2017-08-31": "1562.20300", "2017-05-31": "1438.70000", "2017-02-28": "1285.72700", "2016-11-30": "1283.33400", "2016-08-31": "1437.56400", "2016-05-31": "1374.74800", "2016-02-29": "1240.52000", "2015-11-30": "1292.22400", "2015-08-31": "1297.02200", "2015-05-31": "1293.46500", "2015-02-28": "1233.79300", "2014-11-30": "1591.47800", "2014-08-31": "1634.36800", "2014-05-31": "1578.59400", "2014-02-28": "1484.91500", "2013-11-30": "1493.86000", "2013-08-31": "1423.72700", "2013-05-31": "1354.93300", "2013-02-28": "1309.74500", "2012-11-30": "1374.55000", "2012-08-31": "1362.35200", "2012-05-31": "1313.98300", "2012-02-29": "1399.20400", "2011-11-30": "1388.02700", "2011-08-31": "1435.73700", "2011-05-31": "1387.36800", "2011-02-28": "1306.67000", "2010-11-30": "1284.28100", "2010-08-31": "1236.87900", "2010-05-31": "1161.24100", "2010-02-28": "1208.01400", "2009-11-30": "1281.84300", "2009-08-31": "1224.30900", "2009-05-31": "1143.67100", "2009-02-28": "1040.48900", "2008-11-30": "1120.74500", "2008-08-31": "1261.91200", "2008-05-31": "1136.55600", "2008-02-29": "1226.83000", "2007-11-30": "1231.10100", "2007-08-31": "1143.36300", "2007-05-31": "1086.87000", "2007-02-28": "1029.39300", "2006-11-30": "1025.48500", "2006-08-31": "973.83100", "2006-05-31": "925.94100", "2006-02-28": "1075.76000", "2005-11-30": "1099.23200", "2005-08-31": "1092.93000", "2005-05-31": "1037.73900", "2005-02-28": "1034.97200"}, "Total Liabilities And Share Holders Equity": {"2020-11-30": "5790.20800", "2020-08-31": "5694.41900", "2020-05-31": "5630.95400", "2020-02-29": "5565.87000", "2019-11-30": "5580.99800", "2019-08-31": "5596.42500", "2019-05-31": "5441.35500", "2019-02-28": "5219.43600", "2018-11-30": "5238.95300", "2018-08-31": "5223.39200", "2018-05-31": "5271.82200", "2018-02-28": "5135.92500", "2017-11-30": "5144.67100", "2017-08-31": "5108.91600", "2017-05-31": "5090.44900", "2017-02-28": "4732.21900", "2016-11-30": "4547.46100", "2016-08-31": "4726.89900", "2016-05-31": "4764.96900", "2016-02-29": "4448.08900", "2015-11-30": "4518.23200", "2015-08-31": "4661.40700", "2015-05-31": "4694.24000", "2015-02-28": "4571.20300", "2014-11-30": "4197.25300", "2014-08-31": "4346.72200", "2014-05-31": "4378.36500", "2014-02-28": "4033.80500", "2013-11-30": "4070.52100", "2013-08-31": "4063.12600", "2013-05-31": "4120.84700", "2013-02-28": "3922.92100", "2012-11-30": "3975.92200", "2012-08-31": "3675.97800", "2012-05-31": "3561.81300", "2012-02-29": "3414.08500", "2011-11-30": "3432.01300", "2011-08-31": "3517.09300", "2011-05-31": "3515.02900", "2011-02-28": "3155.75800", "2010-11-30": "3118.55500", "2010-08-31": "3058.84500", "2010-05-31": "3004.02400", "2010-02-28": "3337.36500", "2009-11-30": "3478.53900", "2009-08-31": "3427.87000", "2009-05-31": "3409.92100", "2009-02-28": "3210.45000", "2008-11-30": "3353.20200", "2008-08-31": "3618.16500", "2008-05-31": "3763.56700", "2008-02-29": "3433.85200", "2007-11-30": "3259.68100", "2007-08-31": "3297.82000", "2007-05-31": "3333.14900", "2007-02-28": "2979.58600", "2006-11-30": "3029.91500", "2006-08-31": "2990.41000", "2006-05-31": "2996.06400", "2006-02-28": "2685.93300", "2005-11-30": "2717.84300", "2005-08-31": "2738.02300", "2005-05-31": "2647.47500", "2005-02-28": "2485.47300"}}, "cash flow statement": {"Net Income/Loss": {"2020-05-31": "305.08200", "2019-05-31": "267.68700", "2018-05-31": "339.25700", "2017-05-31": "184.67100", "2016-05-31": "357.45800", "2015-05-31": "228.32800", "2014-05-31": "305.98400", "2013-05-31": "109.85100", "2012-05-31": "233.76300", "2011-05-31": "203.16800", "2010-05-31": "181.12700", "2009-05-31": "119.61600", "2008-05-31": "44.42800", "2007-05-31": "208.28900", "2006-05-31": "-76.20500", "2005-05-31": "105.03200"}, "Total Depreciation And Amortization - Cash Flow": {"2020-05-31": "156.84200", "2019-05-31": "145.93200", "2018-05-31": "128.49900", "2017-05-31": "309.97100", "2016-05-31": "115.51000", "2015-05-31": "99.17600", "2014-05-31": "90.06900", "2013-05-31": "86.33600", "2012-05-31": "76.02300", "2011-05-31": "72.75300", "2010-05-31": "84.25300", "2009-05-31": "100.60600", "2008-05-31": "85.36600", "2007-05-31": "81.60700", "2006-05-31": "74.29900", "2005-05-31": "65.99200"}, "Other Non-Cash Items": {"2020-05-31": "13.94100", "2019-05-31": "55.50600", "2018-05-31": "30.63400", "2017-05-31": "62.10200", "2016-05-31": "25.30300", "2015-05-31": "95.39600", "2014-05-31": "21.76800", "2013-05-31": "111.88500", "2012-05-31": "1.83000", "2011-05-31": "19.59700", "2010-05-31": "48.95300", "2009-05-31": "24.22200", "2008-05-31": "227.37200", "2007-05-31": "42.33500", "2006-05-31": "-172.08500", "2005-05-31": "-64.82500"}, "Total Non-Cash Items": {"2020-05-31": "170.78300", "2019-05-31": "201.43800", "2018-05-31": "159.13300", "2017-05-31": "372.07300", "2016-05-31": "140.81300", "2015-05-31": "194.57200", "2014-05-31": "111.83700", "2013-05-31": "198.22100", "2012-05-31": "77.85300", "2011-05-31": "92.35000", "2010-05-31": "133.20600", "2009-05-31": "124.82800", "2008-05-31": "312.73800", "2007-05-31": "123.94200", "2006-05-31": "-97.78600", "2005-05-31": "1.16700"}, "Change In Accounts Receivable": {"2020-05-31": "82.06000", "2019-05-31": "-131.20400", "2018-05-31": "-106.17900", "2017-05-31": "-5.69000", "2016-05-31": "-24.58200", "2015-05-31": "-90.23000", "2014-05-31": "-79.08000", "2013-05-31": "-6.85300", "2012-05-31": "-36.79100", "2011-05-31": "-70.44000", "2010-05-31": "-17.74800", "2009-05-31": "181.61700", "2008-05-31": "-55.05600", "2007-05-31": "-75.18500", "2006-05-31": "-59.73400", "2005-05-31": "-63.61100"}, "Change In Inventories": {"2020-05-31": "21.30900", "2019-05-31": "-16.82900", "2018-05-31": "-34.10200", "2017-05-31": "-70.72600", "2016-05-31": "-17.73300", "2015-05-31": "-31.34800", "2014-05-31": "-59.00100", "2013-05-31": "-40.07900", "2012-05-31": "-14.85600", "2011-05-31": "-71.52300", "2010-05-31": "-15.05900", "2009-05-31": "75.01400", "2008-05-31": "-28.36100", "2007-05-31": "-23.86400", "2006-05-31": "-42.25500", "2005-05-31": "-44.42900"}, "Change In Accounts Payable": {"2020-05-31": "-27.11100", "2019-05-31": "-29.62800", "2018-05-31": "51.64100", "2017-05-31": "16.24700", "2016-05-31": "-5.95800", "2015-05-31": "-16.24900", "2014-05-31": "42.21600", "2013-05-31": "70.80300", "2012-05-31": "31.20200", "2011-05-31": "55.89600", "2010-05-31": "19.63800", "2009-05-31": "-119.32700", "2008-05-31": "10.65400", "2007-05-31": "37.65600", "2006-05-31": "42.31500", "2005-05-31": "69.03700"}, "Change In Assets/Liabilities": {"2020-05-31": "17.61400", "2019-05-31": "-14.82600", "2018-05-31": "3.34800", "2017-05-31": "-38.12700", "2016-05-31": "-14.49800", "2015-05-31": "-4.59000", "2014-05-31": "-75.60000", "2013-05-31": "2.23600", "2012-05-31": "24.89700", "2011-05-31": "-23.91400", "2010-05-31": "-143.80800", "2009-05-31": "-76.84100", "2008-05-31": "-73.86500", "2007-05-31": "-125.57800", "2006-05-31": "357.01300", "2005-05-31": "57.78000"}, "Total Change In Assets/Liabilities": {"2020-05-31": "64.49600", "2019-05-31": "-180.28100", "2018-05-31": "-107.30100", "2017-05-31": "-170.61700", "2016-05-31": "-23.56500", "2015-05-31": "-99.17100", "2014-05-31": "-138.21600", "2013-05-31": "76.89600", "2012-05-31": "-19.73600", "2011-05-31": "-57.35200", "2010-05-31": "-110.39700", "2009-05-31": "22.55100", "2008-05-31": "-122.45200", "2007-05-31": "-129.92600", "2006-05-31": "359.48000", "2005-05-31": "51.15300"}, "Cash Flow From Operating Activities": {"2020-05-31": "549.91900", "2019-05-31": "292.94100", "2018-05-31": "390.38300", "2017-05-31": "386.12700", "2016-05-31": "474.70600", "2015-05-31": "330.44800", "2014-05-31": "278.14900", "2013-05-31": "368.45400", "2012-05-31": "294.87200", "2011-05-31": "238.16600", "2010-05-31": "203.93600", "2009-05-31": "266.99500", "2008-05-31": "234.71400", "2007-05-31": "202.30500", "2006-05-31": "185.48900", "2005-05-31": "157.35200"}, "Net Change In Property, Plant, And Equipment": {"2020-05-31": "-147.75600", "2019-05-31": "-136.75700", "2018-05-31": "-114.61900", "2017-05-31": "-126.10900", "2016-05-31": "-117.18300", "2015-05-31": "-85.36300", "2014-05-31": "-93.79200", "2013-05-31": "-91.36700", "2012-05-31": "-71.61500", "2011-05-31": "-39.82600", "2010-05-31": "-23.24100", "2009-05-31": "-54.98600", "2008-05-31": "-71.84000", "2007-05-31": "-70.39300", "2006-05-31": "-61.15500", "2005-05-31": "-55.60900"}, "Net Change In Intangible Assets": {"2020-05-31": "", "2019-05-31": "", "2018-05-31": "", "2017-05-31": "", "2016-05-31": "", "2015-05-31": "", "2014-05-31": "", "2013-05-31": "", "2012-05-31": "", "2011-05-31": "", "2010-05-31": "", "2009-05-31": "", "2008-05-31": "", "2007-05-31": "", "2006-05-31": "", "2005-05-31": ""}, "Net Acquisitions/Divestitures": {"2020-05-31": "-65.10200", "2019-05-31": "-168.20500", "2018-05-31": "-112.44200", "2017-05-31": "-254.20000", "2016-05-31": "-51.99200", "2015-05-31": "-467.57300", "2014-05-31": "-39.24800", "2013-05-31": "-397.42500", "2012-05-31": "-163.41400", "2011-05-31": "-37.67100", "2010-05-31": "-73.98500", "2009-05-31": "-16.66900", "2008-05-31": "-123.13000", "2007-05-31": "-124.15400", "2006-05-31": "-174.62500", "2005-05-31": "-20.10000"}, "Net Change In Short-term Investments": {"2020-05-31": "2.44600", "2019-05-31": "49.95600", "2018-05-31": "-43.15000", "2017-05-31": "38.52600", "2016-05-31": "0.35100", "2015-05-31": "-12.54000", "2014-05-31": "-13.28700", "2013-05-31": "0.20800", "2012-05-31": "-18.40900", "2011-05-31": "-15.02500", "2010-05-31": "-11.39200", "2009-05-31": "-9.54800", "2008-05-31": "-17.84200", "2007-05-31": "-18.16500", "2006-05-31": "-9.31100", "2005-05-31": "-5.15500"}, "Net Change In Long-Term Investments": {"2020-05-31": "", "2019-05-31": "", "2018-05-31": "", "2017-05-31": "", "2016-05-31": "", "2015-05-31": "", "2014-05-31": "", "2013-05-31": "", "2012-05-31": "", "2011-05-31": "", "2010-05-31": "", "2009-05-31": "", "2008-05-31": "", "2007-05-31": "", "2006-05-31": "", "2005-05-31": ""}, "Net Change In Investments - Total": {"2020-05-31": "2.44600", "2019-05-31": "49.95600", "2018-05-31": "-43.15000", "2017-05-31": "38.52600", "2016-05-31": "0.35100", "2015-05-31": "-12.54000", "2014-05-31": "-13.28700", "2013-05-31": "0.20800", "2012-05-31": "-18.40900", "2011-05-31": "-15.02500", "2010-05-31": "-11.39200", "2009-05-31": "-9.54800", "2008-05-31": "-17.84200", "2007-05-31": "-18.16500", "2006-05-31": "-9.31100", "2005-05-31": "-5.15500"}, "Investing Activities - Other": {"2020-05-31": "0.79900", "2019-05-31": "6.76000", "2018-05-31": "9.01800", "2017-05-31": "2.11800", "2016-05-31": "2.95800", "2015-05-31": "6.02300", "2014-05-31": "-3.38400", "2013-05-31": "11.18000", "2012-05-31": "-13.88400", "2011-05-31": "-13.41800", "2010-05-31": "-18.33500", "2009-05-31": "-0.34400", "2008-05-31": "43.59800", "2007-05-31": "4.46100", "2006-05-31": "10.71000", "2005-05-31": "4.89600"}, "Cash Flow From Investing Activities": {"2020-05-31": "-209.61300", "2019-05-31": "-248.24600", "2018-05-31": "-261.19300", "2017-05-31": "-339.66500", "2016-05-31": "-165.86600", "2015-05-31": "-559.45300", "2014-05-31": "-149.71100", "2013-05-31": "-477.40400", "2012-05-31": "-267.32200", "2011-05-31": "-105.94000", "2010-05-31": "-126.95300", "2009-05-31": "-81.54700", "2008-05-31": "-169.21400", "2007-05-31": "-208.25100", "2006-05-31": "-234.38100", "2005-05-31": "-75.96800"}, "Net Long-Term Debt": {"2020-05-31": "14.27100", "2019-05-31": "354.97400", "2018-05-31": "74.67600", "2017-05-31": "443.28500", "2016-05-31": "-5.02500", "2015-05-31": "298.24200", "2014-05-31": "-6.47900", "2013-05-31": "251.52600", "2012-05-31": "-8.23400", "2011-05-31": "175.99700", "2010-05-31": "-5.58300", "2009-05-31": "5.40400", "2008-05-31": "70.69100", "2007-05-31": "99.95600", "2006-05-31": "33.91000", "2005-05-31": "120.48800"}, "Net Current Debt": {"2020-05-31": "", "2019-05-31": "", "2018-05-31": "", "2017-05-31": "", "2016-05-31": "", "2015-05-31": "", "2014-05-31": "", "2013-05-31": "", "2012-05-31": "", "2011-05-31": "", "2010-05-31": "", "2009-05-31": "", "2008-05-31": "", "2007-05-31": "", "2006-05-31": "", "2005-05-31": ""}, "Debt Issuance/Retirement Net - Total": {"2020-05-31": "14.27100", "2019-05-31": "354.97400", "2018-05-31": "74.67600", "2017-05-31": "443.28500", "2016-05-31": "-5.02500", "2015-05-31": "298.24200", "2014-05-31": "-6.47900", "2013-05-31": "251.52600", "2012-05-31": "-8.23400", "2011-05-31": "175.99700", "2010-05-31": "-5.58300", "2009-05-31": "5.40400", "2008-05-31": "70.69100", "2007-05-31": "99.95600", "2006-05-31": "33.91000", "2005-05-31": "120.48800"}, "Net Common Equity Issued/Repurchased": {"2020-05-31": "-143.07500", "2019-05-31": "-221.98000", "2018-05-31": "-17.15200", "2017-05-31": "-21.94800", "2016-05-31": "-52.80600", "2015-05-31": "-30.96800", "2014-05-31": "-0.97200", "2013-05-31": "4.27100", "2012-05-31": "2.94600", "2011-05-31": "-9.69500", "2010-05-31": "12.38400", "2009-05-31": "-42.17200", "2008-05-31": "8.42400", "2007-05-31": "25.83300", "2006-05-31": "10.63600", "2005-05-31": "12.54300"}, "Net Total Equity Issued/Repurchased": {"2020-05-31": "-143.07500", "2019-05-31": "-221.98000", "2018-05-31": "-17.15200", "2017-05-31": "-21.94800", "2016-05-31": "-52.80600", "2015-05-31": "-30.96800", "2014-05-31": "-0.97200", "2013-05-31": "4.27100", "2012-05-31": "2.94600", "2011-05-31": "-9.69500", "2010-05-31": "12.38400", "2009-05-31": "-42.17200", "2008-05-31": "8.42400", "2007-05-31": "25.83300", "2006-05-31": "10.63600", "2005-05-31": "12.54300"}, "Total Common And Preferred Stock Dividends Paid": {"2020-05-31": "-185.10100", "2019-05-31": "-181.40900", "2018-05-31": "-167.47600", "2017-05-31": "-156.75200", "2016-05-31": "-144.35000", "2015-05-31": "-136.17900", "2014-05-31": "-125.74300", "2013-05-31": "-117.64700", "2012-05-31": "-112.15300", "2011-05-31": "-108.58500", "2010-05-31": "-105.43000", "2009-05-31": "-101.83600", "2008-05-31": "-90.63800", "2007-05-31": "-82.10600", "2006-05-31": "-74.42700", "2005-05-31": "-68.93300"}, "Financial Activities - Other": {"2020-05-31": "-2.96500", "2019-05-31": "-5.42700", "2018-05-31": "-129.42400", "2017-05-31": "-228.61400", "2016-05-31": "-3.92400", "2015-05-31": "-20.90200", "2014-05-31": "-4.04900", "2013-05-31": "", "2012-05-31": "", "2011-05-31": "", "2010-05-31": "", "2009-05-31": "", "2008-05-31": "", "2007-05-31": "1.54900", "2006-05-31": "", "2005-05-31": ""}, "Cash Flow From Financial Activities": {"2020-05-31": "-316.87000", "2019-05-31": "-53.84200", "2018-05-31": "-239.37600", "2017-05-31": "35.97100", "2016-05-31": "-206.10500", "2015-05-31": "110.19300", "2014-05-31": "-137.24300", "2013-05-31": "138.15000", "2012-05-31": "-117.44100", "2011-05-31": "57.71700", "2010-05-31": "-98.62900", "2009-05-31": "-138.60400", "2008-05-31": "-11.52300", "2007-05-31": "45.23200", "2006-05-31": "-29.88100", "2005-05-31": "64.09800"}, "Net Cash Flow": {"2020-05-31": "10.24800", "2019-05-31": "-21.25400", "2018-05-31": "-106.07500", "2017-05-31": "85.34500", "2016-05-31": "90.44100", "2015-05-31": "-158.15700", "2014-05-31": "-10.68600", "2013-05-31": "27.58600", "2012-05-31": "-119.04300", "2011-05-31": "219.65600", "2010-05-31": "-38.03200", "2009-05-31": "22.13600", "2008-05-31": "72.23500", "2007-05-31": "50.40000", "2006-05-31": "-75.52400", "2005-05-31": "149.58100"}, "Stock-Based Compensation": {"2020-05-31": "19.78900", "2019-05-31": "31.15400", "2018-05-31": "25.44000", "2017-05-31": "32.54100", "2016-05-31": "31.28700", "2015-05-31": "31.74100", "2014-05-31": "23.56800", "2013-05-31": "17.14500", "2012-05-31": "13.90400", "2011-05-31": "12.28200", "2010-05-31": "10.03000", "2009-05-31": "8.00800", "2008-05-31": "13.39600", "2007-05-31": "", "2006-05-31": "", "2005-05-31": ""}, "Common Stock Dividends Paid": {"2020-05-31": "-185.10100", "2019-05-31": "-181.40900", "2018-05-31": "-167.47600", "2017-05-31": "-156.75200", "2016-05-31": "-144.35000", "2015-05-31": "-136.17900", "2014-05-31": "-125.74300", "2013-05-31": "-117.64700", "2012-05-31": "-112.15300", "2011-05-31": "-108.58500", "2010-05-31": "-105.43000", "2009-05-31": "-101.83600", "2008-05-31": "-90.63800", "2007-05-31": "-82.10600", "2006-05-31": "-74.42700", "2005-05-31": "-68.93300"}}, "cash flow statement, quarterly": {"Net Income/Loss": {"2020-11-30": 127.885, "2020-08-31": "180.78500", "2020-05-31": 109.175, "2020-02-29": 12.089, "2019-11-30": 77.322, "2019-08-31": "106.49600", "2019-05-31": 133.832, "2019-02-28": 14.496, "2018-11-30": 49.173, "2018-08-31": "70.18600", "2018-05-31": 85.908, "2018-02-28": 40.588, "2017-11-30": 95.858, "2017-08-31": "116.90300", "2017-05-31": 128.849, "2017-02-28": 12.684, "2016-11-30": -70.256, "2016-08-31": "113.39400", "2016-05-31": 153.654, "2016-02-29": 19.293, "2015-11-30": 84.149, "2015-08-31": "100.36200", "2015-05-31": 128.585, "2015-02-28": -78.952, "2014-11-30": 73.856, "2014-08-31": "104.83900", "2014-05-31": 113.77, "2014-02-28": 16.911, "2013-11-30": 68.414, "2013-08-31": "106.88900", "2013-05-31": 68.089, "2013-02-28": -42.192, "2012-11-30": 46.087, "2012-08-31": "37.86700", "2012-05-31": 88.58, "2012-02-29": 7.924, "2011-11-30": 53.919, "2011-08-31": "83.34000", "2011-05-31": 73.478, "2011-02-28": 1.193, "2010-11-30": 53.503, "2010-08-31": "74.99400", "2010-05-31": 60.821, "2010-02-28": -9.164, "2009-11-30": 56.392, "2009-08-31": "73.07800", "2009-05-31": 39.306, "2009-02-28": -30.933, "2008-11-30": 41.726, "2008-08-31": "69.51700", "2008-05-31": -90.845, "2008-02-29": 12.15, "2007-11-30": 54.855, "2007-08-31": "68.26800", "2007-05-31": 83.955, "2007-02-28": 10.051, "2006-11-30": 52.941, "2006-08-31": "61.34200", "2006-05-31": -142.006, "2006-02-28": -2.687, "2005-11-30": 18.527, "2005-08-31": "49.96100", "2005-05-31": 46.206, "2005-02-28": 58.826}, "Total Depreciation And Amortization - Cash Flow": {"2020-11-30": 37.189, "2020-08-31": "35.31700", "2020-05-31": 43.322, "2020-02-29": 35.948, "2019-11-30": 41.733, "2019-08-31": "35.83900", "2019-05-31": 38.386, "2019-02-28": 34.521, "2018-11-30": 37.485, "2018-08-31": "35.54000", "2018-05-31": 32.298, "2018-02-28": 32.57, "2017-11-30": 32.255, "2017-08-31": "31.37600", "2017-05-31": 29.933, "2017-02-28": 34.061, "2016-11-30": 217.177, "2016-08-31": "28.80000", "2016-05-31": 32.379, "2016-02-29": 27.478, "2015-11-30": 27.786, "2015-08-31": "27.86700", "2015-05-31": 27.345, "2015-02-28": 25.684, "2014-11-30": 22.853, "2014-08-31": "23.29400", "2014-05-31": 22.747, "2014-02-28": 22.418, "2013-11-30": 22.591, "2013-08-31": "22.31300", "2013-05-31": 21.943, "2013-02-28": 22.184, "2012-11-30": 22.144, "2012-08-31": "20.06500", "2012-05-31": 21.32, "2012-02-29": 17.785, "2011-11-30": 18.799, "2011-08-31": "18.11900", "2011-05-31": 18.222, "2011-02-28": 17.837, "2010-11-30": 18.49, "2010-08-31": "18.20400", "2010-05-31": 21.031, "2010-02-28": 20.987, "2009-11-30": 21.229, "2009-08-31": "21.00600", "2009-05-31": 36.464, "2009-02-28": 20.713, "2008-11-30": 21.22, "2008-08-31": "22.20900", "2008-05-31": 22.964, "2008-02-29": 20.627, "2007-11-30": 20.897, "2007-08-31": "20.87800", "2007-05-31": 22.561, "2007-02-28": 21.235, "2006-11-30": 18.638, "2006-08-31": "19.17300", "2006-05-31": 21.083, "2006-02-28": 18.173, "2005-11-30": 18.284, "2005-08-31": "16.75900", "2005-05-31": 17.062, "2005-02-28": 48.93}, "Other Non-Cash Items": {"2020-11-30": 1.618, "2020-08-31": "1.34100", "2020-05-31": -3.879, "2020-02-29": 21.371, "2019-11-30": -3.538, "2019-08-31": "-0.01300", "2019-05-31": 21.819, "2019-02-28": -1.279, "2018-11-30": 20.002, "2018-08-31": "14.96400", "2018-05-31": 58.45, "2018-02-28": -7.924, "2017-11-30": -35.593, "2017-08-31": "15.70100", "2017-05-31": 62.146, "2017-02-28": 41.087, "2016-11-30": -48.783, "2016-08-31": "7.65200", "2016-05-31": 31.498, "2016-02-29": -8.424, "2015-11-30": 4.011, "2015-08-31": "-1.78200", "2015-05-31": 0.638, "2015-02-28": 96.184, "2014-11-30": -8.505, "2014-08-31": "7.07900", "2014-05-31": 7.649, "2014-02-28": 12.997, "2013-11-30": 7.801, "2013-08-31": "-6.67900", "2013-05-31": -24.868, "2013-02-28": 73.553, "2012-11-30": 17.622, "2012-08-31": "45.57800", "2012-05-31": 1.109, "2012-02-29": 0.853, "2011-11-30": -1.8, "2011-08-31": "1.66800", "2011-05-31": 4.997, "2011-02-28": 3.314, "2010-11-30": 6.793, "2010-08-31": "4.49300", "2010-05-31": 18.895, "2010-02-28": 6.839, "2009-11-30": 9.713, "2009-08-31": "13.50600", "2009-05-31": 4.467, "2009-02-28": 7.416, "2008-11-30": 11.306, "2008-08-31": "1.03300", "2008-05-31": 197.828, "2008-02-29": 9.856, "2007-11-30": 9.955, "2007-08-31": "9.73300", "2007-05-31": 47.31, "2007-02-28": -8.183, "2006-11-30": 0.829, "2006-08-31": "2.37900", "2006-05-31": -170.962, "2006-02-28": -30.863, "2005-11-30": 23.32, "2005-08-31": "6.42000", "2005-05-31": -76.115, "2005-02-28": 11.29}, "Total Non-Cash Items": {"2020-11-30": 38.807, "2020-08-31": "36.65800", "2020-05-31": 39.443, "2020-02-29": 57.319, "2019-11-30": 38.195, "2019-08-31": "35.82600", "2019-05-31": 60.205, "2019-02-28": 33.242, "2018-11-30": 57.487, "2018-08-31": "50.50400", "2018-05-31": 90.748, "2018-02-28": 24.646, "2017-11-30": -3.338, "2017-08-31": "47.07700", "2017-05-31": 92.079, "2017-02-28": 75.148, "2016-11-30": 168.394, "2016-08-31": "36.45200", "2016-05-31": 63.877, "2016-02-29": 19.054, "2015-11-30": 31.797, "2015-08-31": "26.08500", "2015-05-31": 27.983, "2015-02-28": 121.868, "2014-11-30": 14.348, "2014-08-31": "30.37300", "2014-05-31": 30.396, "2014-02-28": 35.415, "2013-11-30": 30.392, "2013-08-31": "15.63400", "2013-05-31": -2.925, "2013-02-28": 95.737, "2012-11-30": 39.766, "2012-08-31": "65.64300", "2012-05-31": 22.429, "2012-02-29": 18.638, "2011-11-30": 16.999, "2011-08-31": "19.78700", "2011-05-31": 23.219, "2011-02-28": 21.151, "2010-11-30": 25.283, "2010-08-31": "22.69700", "2010-05-31": 39.926, "2010-02-28": 27.826, "2009-11-30": 30.942, "2009-08-31": "34.51200", "2009-05-31": 40.931, "2009-02-28": 28.129, "2008-11-30": 32.526, "2008-08-31": "23.24200", "2008-05-31": 220.792, "2008-02-29": 30.483, "2007-11-30": 30.852, "2007-08-31": "30.61100", "2007-05-31": 69.871, "2007-02-28": 13.052, "2006-11-30": 19.467, "2006-08-31": "21.55200", "2006-05-31": -149.879, "2006-02-28": -12.69, "2005-11-30": 41.604, "2005-08-31": "23.17900", "2005-05-31": -59.053, "2005-02-28": 60.22}, "Change In Accounts Receivable": {"2020-11-30": 90.335, "2020-08-31": "0.69200", "2020-05-31": -199.992, "2020-02-29": 98.27, "2019-11-30": 67.433, "2019-08-31": "116.34900", "2019-05-31": -283.826, "2019-02-28": 60.224, "2018-11-30": 60.009, "2018-08-31": "32.38900", "2018-05-31": -245.121, "2018-02-28": 104.806, "2017-11-30": 32.49, "2017-08-31": "1.64600", "2017-05-31": -196.113, "2017-02-28": 79.552, "2016-11-30": 82.208, "2016-08-31": "28.66300", "2016-05-31": -203.585, "2016-02-29": 61.645, "2015-11-30": 98.246, "2015-08-31": "19.11200", "2015-05-31": -162.863, "2015-02-28": 28.069, "2014-11-30": 116.856, "2014-08-31": "-72.29200", "2014-05-31": -165.56, "2014-02-28": 64.509, "2013-11-30": 98.426, "2013-08-31": "-76.45500", "2013-05-31": -151.602, "2013-02-28": 81.062, "2012-11-30": 56.525, "2012-08-31": "7.16200", "2012-05-31": -165.182, "2012-02-29": 51.527, "2011-11-30": 81.075, "2011-08-31": "-4.21100", "2011-05-31": -168.994, "2011-02-28": 32.161, "2010-11-30": 56.377, "2010-08-31": "10.01600", "2010-05-31": -172.315, "2010-02-28": 94.909, "2009-11-30": 61.472, "2009-08-31": "-1.81400", "2009-05-31": -135.826, "2009-02-28": 105.365, "2008-11-30": 128.811, "2008-08-31": "83.26700", "2008-05-31": -236.301, "2008-02-29": 60.909, "2007-11-30": 51.304, "2007-08-31": "69.03200", "2007-05-31": -75.185, "2007-02-28": 0, "2006-11-30": 0, "2006-08-31": "", "2006-05-31": -59.734, "2006-02-28": 0, "2005-11-30": 0, "2005-08-31": "", "2005-05-31": -63.611, "2005-02-28": 0}, "Change In Inventories": {"2020-11-30": -21.74, "2020-08-31": "43.39500", "2020-05-31": 94.875, "2020-02-29": -32.437, "2019-11-30": -18.489, "2019-08-31": "-22.64000", "2019-05-31": 63.857, "2019-02-28": -31.666, "2018-11-30": -21.813, "2018-08-31": "-27.20700", "2018-05-31": 86.993, "2018-02-28": -58.172, "2017-11-30": -16.152, "2017-08-31": "-46.77100", "2017-05-31": 72.683, "2017-02-28": -61.823, "2016-11-30": -38.823, "2016-08-31": "-42.76300", "2016-05-31": 64.104, "2016-02-29": -32.056, "2015-11-30": 2.301, "2015-08-31": "-52.08200", "2015-05-31": 51.909, "2015-02-28": -41.865, "2014-11-30": -24.054, "2014-08-31": "-17.33800", "2014-05-31": 23.571, "2014-02-28": -38.552, "2013-11-30": -20.581, "2013-08-31": "-23.43900", "2013-05-31": 29.626, "2013-02-28": -43.769, "2012-11-30": -1.286, "2012-08-31": "-24.65000", "2012-05-31": 10.543, "2012-02-29": -0.712, "2011-11-30": 2.426, "2011-08-31": "-27.11300", "2011-05-31": 9.864, "2011-02-28": -36.507, "2010-11-30": -11.277, "2010-08-31": "-33.60300", "2010-05-31": 12.673, "2010-02-28": -1.338, "2009-11-30": 2.605, "2009-08-31": "-28.99900", "2009-05-31": 57.616, "2009-02-28": 33.005, "2008-11-30": 16.315, "2008-08-31": "-31.92200", "2008-05-31": 23.528, "2008-02-29": -22.759, "2007-11-30": 3.908, "2007-08-31": "-33.03800", "2007-05-31": -23.864, "2007-02-28": 0, "2006-11-30": 0, "2006-08-31": "", "2006-05-31": -42.255, "2006-02-28": 0, "2005-11-30": 0, "2005-08-31": "", "2005-05-31": -44.429, "2005-02-28": 0}, "Change In Accounts Payable": {"2020-11-30": 3.386, "2020-08-31": "4.94500", "2020-05-31": 43.175, "2020-02-29": 0.426, "2019-11-30": -6.881, "2019-08-31": "-63.83100", "2019-05-31": 137.323, "2019-02-28": -49.273, "2018-11-30": -29.407, "2018-08-31": "-88.27100", "2018-05-31": 164.529, "2018-02-28": -17.586, "2017-11-30": -22.614, "2017-08-31": "-72.68800", "2017-05-31": 111.974, "2017-02-28": -26.209, "2016-11-30": 1.08, "2016-08-31": "-70.59800", "2016-05-31": 127.883, "2016-02-29": -28, "2015-11-30": -40.556, "2015-08-31": "-65.28500", "2015-05-31": 131.73, "2015-02-28": -14.019, "2014-11-30": -18.274, "2014-08-31": "-115.68600", "2014-05-31": 187.609, "2014-02-28": -33.795, "2013-11-30": -28.334, "2013-08-31": "-83.26400", "2013-05-31": 159.153, "2013-02-28": 7.135, "2012-11-30": -41.259, "2012-08-31": "-54.22600", "2012-05-31": 118.401, "2012-02-29": -40.854, "2011-11-30": -19.276, "2011-08-31": "-27.06900", "2011-05-31": 94.252, "2011-02-28": -10.387, "2010-11-30": -11.188, "2010-08-31": "-16.78100", "2010-05-31": 92.23, "2010-02-28": -25.116, "2009-11-30": -44.32, "2009-08-31": "-3.15600", "2009-05-31": 69.109, "2009-02-28": -57.936, "2008-11-30": -55.764, "2008-08-31": "-74.73600", "2008-05-31": 113.834, "2008-02-29": -17.743, "2007-11-30": -15.296, "2007-08-31": "-70.14100", "2007-05-31": 37.656, "2007-02-28": 0, "2006-11-30": 0, "2006-08-31": "", "2006-05-31": 42.315, "2006-02-28": 0, "2005-11-30": 0, "2005-08-31": "", "2005-05-31": 69.037, "2005-02-28": 0}, "Change In Assets/Liabilities": {"2020-11-30": 14.308, "2020-08-31": "-5.52600", "2020-05-31": -2.133, "2020-02-29": 11.223, "2019-11-30": 14.325, "2019-08-31": "-5.80100", "2019-05-31": -26.419, "2019-02-28": 12.535, "2018-11-30": 17.34, "2018-08-31": "-18.28200", "2018-05-31": -10.959, "2018-02-28": 10.388, "2017-11-30": 14.784, "2017-08-31": "-10.86500", "2017-05-31": -11.429, "2017-02-28": -5.822, "2016-11-30": -2.67, "2016-08-31": "-18.20600", "2016-05-31": -1.151, "2016-02-29": -17.964, "2015-11-30": 4.431, "2015-08-31": "0.18600", "2015-05-31": 36.653, "2015-02-28": -32.95, "2014-11-30": -2.444, "2014-08-31": "-5.84900", "2014-05-31": 5.361, "2014-02-28": -11.676, "2013-11-30": 0.042, "2013-08-31": "-69.32700", "2013-05-31": 7.202, "2013-02-28": -6.379, "2012-11-30": 12.193, "2012-08-31": "-10.78000", "2012-05-31": 26.012, "2012-02-29": 8.925, "2011-11-30": -3.67, "2011-08-31": "-6.37000", "2011-05-31": -22.757, "2011-02-28": 7.025, "2010-11-30": 3.002, "2010-08-31": "-11.18400", "2010-05-31": -73.757, "2010-02-28": -38.148, "2009-11-30": -3.258, "2009-08-31": "-28.64500", "2009-05-31": -21.198, "2009-02-28": -11.22, "2008-11-30": -19.9, "2008-08-31": "-24.52300", "2008-05-31": -25.184, "2008-02-29": -5.691, "2007-11-30": -6.06, "2007-08-31": "-36.93000", "2007-05-31": -81.012, "2007-02-28": 19.35, "2006-11-30": -4.073, "2006-08-31": "-59.84300", "2006-05-31": 363.518, "2006-02-28": 31.204, "2005-11-30": 2.455, "2005-08-31": "-40.16400", "2005-05-31": 91.101, "2005-02-28": -33.321}, "Total Change In Assets/Liabilities": {"2020-11-30": 93.8, "2020-08-31": "99.47300", "2020-05-31": 10.803, "2020-02-29": 11.279, "2019-11-30": 40.525, "2019-08-31": "1.88900", "2019-05-31": -44.982, "2019-02-28": -53.14, "2018-11-30": 46.687, "2018-08-31": "-128.84600", "2018-05-31": 73.202, "2018-02-28": -39.683, "2017-11-30": 42.484, "2017-08-31": "-183.30400", "2017-05-31": -11.893, "2017-02-28": -69.111, "2016-11-30": 55.035, "2016-08-31": "-144.64800", "2016-05-31": 51.015, "2016-02-29": -3.374, "2015-11-30": 58.165, "2015-08-31": "-129.37100", "2015-05-31": 143.046, "2015-02-28": -74.057, "2014-11-30": 92.285, "2014-08-31": "-260.44500", "2014-05-31": 107.393, "2014-02-28": -47.341, "2013-11-30": 53.016, "2013-08-31": "-251.28400", "2013-05-31": 138.822, "2013-02-28": -9.839, "2012-11-30": 33.689, "2012-08-31": "-85.77600", "2012-05-31": 39.717, "2012-02-29": 1.682, "2011-11-30": 37.305, "2011-08-31": "-98.44000", "2011-05-31": -49.823, "2011-02-28": -14.166, "2010-11-30": 63.205, "2010-08-31": "-56.56800", "2010-05-31": -85.684, "2010-02-28": -14.483, "2009-11-30": 45.224, "2009-08-31": "-55.45400", "2009-05-31": 52.171, "2009-02-28": 33.343, "2008-11-30": 42.126, "2008-08-31": "-105.08900", "2008-05-31": -57.013, "2008-02-29": 15.056, "2007-11-30": 21.415, "2007-08-31": "-101.91000", "2007-05-31": -85.36, "2007-02-28": 19.35, "2006-11-30": -4.073, "2006-08-31": "-59.84300", "2006-05-31": 365.985, "2006-02-28": 31.204, "2005-11-30": 2.455, "2005-08-31": "-40.16400", "2005-05-31": 84.474, "2005-02-28": -33.321}, "Cash Flow From Operating Activities": {"2020-11-30": 261.414, "2020-08-31": "318.08900", "2020-05-31": 168.742, "2020-02-29": 81.014, "2019-11-30": 155.024, "2019-08-31": "145.13900", "2019-05-31": 147.436, "2019-02-28": -2.784, "2018-11-30": 155.418, "2018-08-31": "-7.12900", "2018-05-31": 249.635, "2018-02-28": 25.562, "2017-11-30": 141.275, "2017-08-31": "-26.08900", "2017-05-31": 212.648, "2017-02-28": 14.747, "2016-11-30": 152.232, "2016-08-31": "6.50000", "2016-05-31": 250.887, "2016-02-29": 56.746, "2015-11-30": 160.478, "2015-08-31": "6.59500", "2015-05-31": 306.333, "2015-02-28": -31.141, "2014-11-30": 180.489, "2014-08-31": "-125.23300", "2014-05-31": 252.246, "2014-02-28": 4.071, "2013-11-30": 151.294, "2013-08-31": "-129.46200", "2013-05-31": 197.592, "2013-02-28": 43.241, "2012-11-30": 109.887, "2012-08-31": "17.73400", "2012-05-31": 141.418, "2012-02-29": 43.424, "2011-11-30": 102.554, "2011-08-31": "7.47600", "2011-05-31": 47.182, "2011-02-28": 7.87, "2010-11-30": 141.991, "2010-08-31": "41.12300", "2010-05-31": 15.063, "2010-02-28": 4.179, "2009-11-30": 132.558, "2009-08-31": "52.13600", "2009-05-31": 132.408, "2009-02-28": 30.539, "2008-11-30": 116.378, "2008-08-31": "-12.33000", "2008-05-31": 72.934, "2008-02-29": 57.689, "2007-11-30": 107.122, "2007-08-31": "-3.03100", "2007-05-31": 68.466, "2007-02-28": 42.453, "2006-11-30": 68.335, "2006-08-31": "23.05100", "2006-05-31": 74.1, "2006-02-28": 15.827, "2005-11-30": 62.586, "2005-08-31": "32.97600", "2005-05-31": 71.627, "2005-02-28": 85.725}, "Net Change In Property, Plant, And Equipment": {"2020-11-30": -29.455, "2020-08-31": "-41.48800", "2020-05-31": -42.326, "2020-02-29": -34.037, "2019-11-30": -34.791, "2019-08-31": "-36.60200", "2019-05-31": -52.266, "2019-02-28": -26.716, "2018-11-30": -29.48, "2018-08-31": "-28.29500", "2018-05-31": -41.85, "2018-02-28": -27.474, "2017-11-30": -27.762, "2017-08-31": "-17.53300", "2017-05-31": -45.999, "2017-02-28": -32.061, "2016-11-30": -31.092, "2016-08-31": "-16.95700", "2016-05-31": -62.364, "2016-02-29": -23.524, "2015-11-30": -19.26, "2015-08-31": "-12.03500", "2015-05-31": -38.07, "2015-02-28": -20.795, "2014-11-30": -14.448, "2014-08-31": "-12.05000", "2014-05-31": -39.515, "2014-02-28": -19.674, "2013-11-30": -23.907, "2013-08-31": "-10.69600", "2013-05-31": -45.716, "2013-02-28": -14.802, "2012-11-30": -18.147, "2012-08-31": "-12.70200", "2012-05-31": -37.177, "2012-02-29": -16.085, "2011-11-30": -13.44, "2011-08-31": "-4.91300", "2011-05-31": -18.089, "2011-02-28": -6.404, "2010-11-30": -12.078, "2010-08-31": "-3.25500", "2010-05-31": -9.172, "2010-02-28": -5.782, "2009-11-30": -5.025, "2009-08-31": "-3.26200", "2009-05-31": -17.962, "2009-02-28": -12.137, "2008-11-30": -12.688, "2008-08-31": "-12.19900", "2008-05-31": -42.015, "2008-02-29": -12.348, "2007-11-30": -11.963, "2007-08-31": "-5.51400", "2007-05-31": -36.282, "2007-02-28": -11.908, "2006-11-30": -10.957, "2006-08-31": "-11.24600", "2006-05-31": -29.961, "2006-02-28": -10.818, "2005-11-30": -11.862, "2005-08-31": "-8.51400", "2005-05-31": -21.156, "2005-02-28": -34.453}, "Net Change In Intangible Assets": {"2020-11-30": 0, "2020-08-31": "", "2020-05-31": 0, "2020-02-29": 0, "2019-11-30": 0, "2019-08-31": "", "2019-05-31": 0, "2019-02-28": 0, "2018-11-30": 0, "2018-08-31": "", "2018-05-31": 0, "2018-02-28": 0, "2017-11-30": 0, "2017-08-31": "", "2017-05-31": 0, "2017-02-28": 0, "2016-11-30": 0, "2016-08-31": "", "2016-05-31": 0, "2016-02-29": 0, "2015-11-30": 0, "2015-08-31": "", "2015-05-31": 0, "2015-02-28": 0, "2014-11-30": 0, "2014-08-31": "", "2014-05-31": 0, "2014-02-28": 0, "2013-11-30": 0, "2013-08-31": "", "2013-05-31": 0, "2013-02-28": 0, "2012-11-30": 0, "2012-08-31": "", "2012-05-31": 0, "2012-02-29": 0, "2011-11-30": 0, "2011-08-31": "", "2011-05-31": 0, "2011-02-28": 0, "2010-11-30": 0, "2010-08-31": "", "2010-05-31": 0, "2010-02-28": 0, "2009-11-30": 0, "2009-08-31": "", "2009-05-31": 0, "2009-02-28": 0, "2008-11-30": 0, "2008-08-31": "", "2008-05-31": 0, "2008-02-29": 0, "2007-11-30": 0, "2007-08-31": "", "2007-05-31": 0, "2007-02-28": 0, "2006-11-30": 0, "2006-08-31": "", "2006-05-31": 0, "2006-02-28": 0, "2005-11-30": 0, "2005-08-31": "", "2005-05-31": 0, "2005-02-28": 0}, "Net Acquisitions/Divestitures": {"2020-11-30": -113.618, "2020-08-31": "", "2020-05-31": 0, "2020-02-29": -28.821, "2019-11-30": -5.683, "2019-08-31": "-30.59800", "2019-05-31": -0.493, "2019-02-28": -39.864, "2018-11-30": -101.482, "2018-08-31": "-26.36600", "2018-05-31": -52.451, "2018-02-28": -5.344, "2017-11-30": -18.478, "2017-08-31": "-36.16900", "2017-05-31": -7.326, "2017-02-28": -181.673, "2016-11-30": -47.927, "2016-08-31": "-17.27400", "2016-05-31": -23.066, "2016-02-29": -16.92, "2015-11-30": -6.886, "2015-08-31": "-5.12000", "2015-05-31": -33.688, "2015-02-28": -400.53, "2014-11-30": 0.117, "2014-08-31": "-33.47200", "2014-05-31": 0, "2014-02-28": -18.421, "2013-11-30": -8.499, "2013-08-31": "-12.32800", "2013-05-31": -0.474, "2013-02-28": -0.166, "2012-11-30": -255.582, "2012-08-31": "-141.20300", "2012-05-31": -12.234, "2012-02-29": -18.275, "2011-11-30": -96.991, "2011-08-31": "-35.91400", "2011-05-31": 1.301, "2011-02-28": -18.303, "2010-11-30": -10.707, "2010-08-31": "-9.96200", "2010-05-31": -10.316, "2010-02-28": -54.627, "2009-11-30": -8.693, "2009-08-31": "-0.34900", "2009-05-31": -10.02, "2009-02-28": -2.916, "2008-11-30": -1.884, "2008-08-31": "-1.84900", "2008-05-31": -109.135, "2008-02-29": -49.504, "2007-11-30": 38.896, "2007-08-31": "-3.38700", "2007-05-31": -49.136, "2007-02-28": 4.542, "2006-11-30": -40.29, "2006-08-31": "-39.27000", "2006-05-31": -12.384, "2006-02-28": -26.461, "2005-11-30": 0, "2005-08-31": "-135.78000", "2005-05-31": -10.2, "2005-02-28": -9.9}, "Net Change In Short-term Investments": {"2020-11-30": -1.069, "2020-08-31": "-1.03400", "2020-05-31": -1.803, "2020-02-29": 5.481, "2019-11-30": 5.927, "2019-08-31": "-7.15900", "2019-05-31": -0.95, "2019-02-28": 28.756, "2018-11-30": 25.087, "2018-08-31": "-2.93700", "2018-05-31": -1.133, "2018-02-28": -4.845, "2017-11-30": -21.689, "2017-08-31": "-15.48300", "2017-05-31": 38.248, "2017-02-28": 0.832, "2016-11-30": -0.057, "2016-08-31": "-0.49700", "2016-05-31": 3.61, "2016-02-29": -0.783, "2015-11-30": -8.919, "2015-08-31": "6.44300", "2015-05-31": -18.815, "2015-02-28": 1.378, "2014-11-30": 2.419, "2014-08-31": "2.47800", "2014-05-31": -20.684, "2014-02-28": 21.495, "2013-11-30": -11.732, "2013-08-31": "-2.36600", "2013-05-31": -6.31, "2013-02-28": 16.766, "2012-11-30": -5.676, "2012-08-31": "-4.57200", "2012-05-31": -3.45, "2012-02-29": -12.559, "2011-11-30": -4.906, "2011-08-31": "2.50600", "2011-05-31": -6.838, "2011-02-28": -9.733, "2010-11-30": 0.166, "2010-08-31": "1.38000", "2010-05-31": -1.601, "2010-02-28": -7.64, "2009-11-30": 1.029, "2009-08-31": "-3.18000", "2009-05-31": -3.417, "2009-02-28": -0.61, "2008-11-30": -4.707, "2008-08-31": "-0.81400", "2008-05-31": -9.568, "2008-02-29": -5.646, "2007-11-30": -2.166, "2007-08-31": "-0.46200", "2007-05-31": -0.652, "2007-02-28": -12.725, "2006-11-30": 2.43, "2006-08-31": "-7.21800", "2006-05-31": 0.826, "2006-02-28": 0.099, "2005-11-30": -6.448, "2005-08-31": "-3.78800", "2005-05-31": 1.326, "2005-02-28": -6.481}, "Net Change In Long-Term Investments": {"2020-11-30": 0, "2020-08-31": "", "2020-05-31": 0, "2020-02-29": 0, "2019-11-30": 0, "2019-08-31": "", "2019-05-31": 0, "2019-02-28": 0, "2018-11-30": 0, "2018-08-31": "", "2018-05-31": 0, "2018-02-28": 0, "2017-11-30": 0, "2017-08-31": "", "2017-05-31": 0, "2017-02-28": 0, "2016-11-30": 0, "2016-08-31": "", "2016-05-31": 0, "2016-02-29": 0, "2015-11-30": 0, "2015-08-31": "", "2015-05-31": 0, "2015-02-28": 0, "2014-11-30": 0, "2014-08-31": "", "2014-05-31": 0, "2014-02-28": 0, "2013-11-30": 0, "2013-08-31": "", "2013-05-31": 0, "2013-02-28": 0, "2012-11-30": 0, "2012-08-31": "", "2012-05-31": 0, "2012-02-29": 0, "2011-11-30": 0, "2011-08-31": "", "2011-05-31": 0, "2011-02-28": 0, "2010-11-30": 0, "2010-08-31": "", "2010-05-31": 0, "2010-02-28": 0, "2009-11-30": 0, "2009-08-31": "", "2009-05-31": 0, "2009-02-28": 0, "2008-11-30": 0, "2008-08-31": "", "2008-05-31": 0, "2008-02-29": 0, "2007-11-30": 0, "2007-08-31": "", "2007-05-31": 0, "2007-02-28": 0, "2006-11-30": 0, "2006-08-31": "", "2006-05-31": 0, "2006-02-28": 0, "2005-11-30": 0, "2005-08-31": "", "2005-05-31": 0, "2005-02-28": 0}, "Net Change In Investments - Total": {"2020-11-30": -1.069, "2020-08-31": "-1.03400", "2020-05-31": -1.803, "2020-02-29": 5.481, "2019-11-30": 5.927, "2019-08-31": "-7.15900", "2019-05-31": -0.95, "2019-02-28": 28.756, "2018-11-30": 25.087, "2018-08-31": "-2.93700", "2018-05-31": -1.133, "2018-02-28": -4.845, "2017-11-30": -21.689, "2017-08-31": "-15.48300", "2017-05-31": 38.248, "2017-02-28": 0.832, "2016-11-30": -0.057, "2016-08-31": "-0.49700", "2016-05-31": 3.61, "2016-02-29": -0.783, "2015-11-30": -8.919, "2015-08-31": "6.44300", "2015-05-31": -18.815, "2015-02-28": 1.378, "2014-11-30": 2.419, "2014-08-31": "2.47800", "2014-05-31": -20.684, "2014-02-28": 21.495, "2013-11-30": -11.732, "2013-08-31": "-2.36600", "2013-05-31": -6.31, "2013-02-28": 16.766, "2012-11-30": -5.676, "2012-08-31": "-4.57200", "2012-05-31": -3.45, "2012-02-29": -12.559, "2011-11-30": -4.906, "2011-08-31": "2.50600", "2011-05-31": -6.838, "2011-02-28": -9.733, "2010-11-30": 0.166, "2010-08-31": "1.38000", "2010-05-31": -1.601, "2010-02-28": -7.64, "2009-11-30": 1.029, "2009-08-31": "-3.18000", "2009-05-31": -3.417, "2009-02-28": -0.61, "2008-11-30": -4.707, "2008-08-31": "-0.81400", "2008-05-31": -9.568, "2008-02-29": -5.646, "2007-11-30": -2.166, "2007-08-31": "-0.46200", "2007-05-31": -0.652, "2007-02-28": -12.725, "2006-11-30": 2.43, "2006-08-31": "-7.21800", "2006-05-31": 0.826, "2006-02-28": 0.099, "2005-11-30": -6.448, "2005-08-31": "-3.78800", "2005-05-31": 1.326, "2005-02-28": -6.481}, "Investing Activities - Other": {"2020-11-30": 0.459, "2020-08-31": "0.24400", "2020-05-31": -1.404, "2020-02-29": 0.02, "2019-11-30": 2.28, "2019-08-31": "-0.09700", "2019-05-31": 5.466, "2019-02-28": 3.688, "2018-11-30": 0.487, "2018-08-31": "-2.88100", "2018-05-31": 2.252, "2018-02-28": 6.297, "2017-11-30": -0.233, "2017-08-31": "0.70200", "2017-05-31": 0.625, "2017-02-28": 0.537, "2016-11-30": 0.684, "2016-08-31": "0.27200", "2016-05-31": -4.472, "2016-02-29": 2.075, "2015-11-30": 4.98, "2015-08-31": "0.37500", "2015-05-31": -7.103, "2015-02-28": 6.611, "2014-11-30": 6.834, "2014-08-31": "-0.31900", "2014-05-31": -9.562, "2014-02-28": 4.632, "2013-11-30": -1.546, "2013-08-31": "3.09200", "2013-05-31": 9.842, "2013-02-28": -2.765, "2012-11-30": -11.3, "2012-08-31": "15.40300", "2012-05-31": -12.133, "2012-02-29": -5.823, "2011-11-30": 3.157, "2011-08-31": "0.91500", "2011-05-31": -15.765, "2011-02-28": 3.671, "2010-11-30": 2.31, "2010-08-31": "-3.63400", "2010-05-31": -18.149, "2010-02-28": 0.136, "2009-11-30": -0.823, "2009-08-31": "0.50100", "2009-05-31": -1.121, "2009-02-28": -2.519, "2008-11-30": -4.614, "2008-08-31": "7.91000", "2008-05-31": 0.27, "2008-02-29": 43.666, "2007-11-30": -0.712, "2007-08-31": "0.37400", "2007-05-31": 3.303, "2007-02-28": -3.903, "2006-11-30": 4.775, "2006-08-31": "0.28600", "2006-05-31": -1.214, "2006-02-28": 11.399, "2005-11-30": 1.081, "2005-08-31": "-0.55600", "2005-05-31": -1.188, "2005-02-28": 6.084}, "Cash Flow From Investing Activities": {"2020-11-30": -143.683, "2020-08-31": "-42.27800", "2020-05-31": -45.533, "2020-02-29": -57.357, "2019-11-30": -32.267, "2019-08-31": "-74.45600", "2019-05-31": -48.243, "2019-02-28": -34.136, "2018-11-30": -105.388, "2018-08-31": "-60.47900", "2018-05-31": -93.182, "2018-02-28": -31.366, "2017-11-30": -68.162, "2017-08-31": "-68.48300", "2017-05-31": -14.452, "2017-02-28": -212.365, "2016-11-30": -78.392, "2016-08-31": "-34.45600", "2016-05-31": -86.292, "2016-02-29": -39.152, "2015-11-30": -30.085, "2015-08-31": "-10.33700", "2015-05-31": -97.676, "2015-02-28": -413.336, "2014-11-30": -5.078, "2014-08-31": "-43.36300", "2014-05-31": -69.761, "2014-02-28": -11.968, "2013-11-30": -45.684, "2013-08-31": "-22.29800", "2013-05-31": -42.658, "2013-02-28": -0.967, "2012-11-30": -290.705, "2012-08-31": "-143.07400", "2012-05-31": -64.994, "2012-02-29": -52.742, "2011-11-30": -112.18, "2011-08-31": "-37.40600", "2011-05-31": -39.391, "2011-02-28": -30.769, "2010-11-30": -20.309, "2010-08-31": "-15.47100", "2010-05-31": -39.238, "2010-02-28": -67.913, "2009-11-30": -13.512, "2009-08-31": "-6.29000", "2009-05-31": -32.52, "2009-02-28": -18.182, "2008-11-30": -23.893, "2008-08-31": "-6.95200", "2008-05-31": -160.448, "2008-02-29": -23.832, "2007-11-30": 24.055, "2007-08-31": "-8.98900", "2007-05-31": -82.767, "2007-02-28": -23.994, "2006-11-30": -44.042, "2006-08-31": "-57.44800", "2006-05-31": -42.733, "2006-02-28": -25.781, "2005-11-30": -17.229, "2005-08-31": "-148.63800", "2005-05-31": -31.218, "2005-02-28": -44.75}, "Net Long-Term Debt": {"2020-11-30": -43.127, "2020-08-31": "-212.95400", "2020-05-31": -19.945, "2020-02-29": 37.683, "2019-11-30": -78.311, "2019-08-31": "74.84400", "2019-05-31": 12.095, "2019-02-28": 142.476, "2018-11-30": 101.653, "2018-08-31": "98.75000", "2018-05-31": -1.379, "2018-02-28": 42.554, "2017-11-30": 15.136, "2017-08-31": "18.36500", "2017-05-31": 99.418, "2017-02-28": 341.086, "2016-11-30": -11.915, "2016-08-31": "14.69600", "2016-05-31": -102.184, "2016-02-29": 77.168, "2015-11-30": -56.124, "2015-08-31": "76.11500", "2015-05-31": -217.734, "2015-02-28": 439.165, "2014-11-30": -49.628, "2014-08-31": "126.43900", "2014-05-31": -37.553, "2014-02-28": 34.369, "2013-11-30": -54.577, "2013-08-31": "51.28200", "2013-05-31": -22.221, "2013-02-28": -19.231, "2012-11-30": 208.624, "2012-08-31": "84.35400", "2012-05-31": 9.102, "2012-02-29": -1.706, "2011-11-30": -12.197, "2011-08-31": "-3.43300", "2011-05-31": 168.905, "2011-02-28": 10.57, "2010-11-30": -10.616, "2010-08-31": "7.13800", "2010-05-31": 17.783, "2010-02-28": -0.436, "2009-11-30": 1.543, "2009-08-31": "-24.47300", "2009-05-31": -51.179, "2009-02-28": 18.95, "2008-11-30": -10.927, "2008-08-31": "48.56000", "2008-05-31": -56.882, "2008-02-29": 180.684, "2007-11-30": -86.976, "2007-08-31": "33.86500", "2007-05-31": 44.414, "2007-02-28": -12.272, "2006-11-30": 15.676, "2006-08-31": "52.13800", "2006-05-31": -3.163, "2006-02-28": 14.005, "2005-11-30": -3.543, "2005-08-31": "26.61100", "2005-05-31": -3.344, "2005-02-28": 123.832}, "Net Current Debt": {"2020-11-30": 0, "2020-08-31": "", "2020-05-31": 0, "2020-02-29": 0, "2019-11-30": 0, "2019-08-31": "", "2019-05-31": 0, "2019-02-28": 0, "2018-11-30": 0, "2018-08-31": "", "2018-05-31": 0, "2018-02-28": 0, "2017-11-30": 0, "2017-08-31": "", "2017-05-31": 0, "2017-02-28": 0, "2016-11-30": 0, "2016-08-31": "", "2016-05-31": 0, "2016-02-29": 0, "2015-11-30": 0, "2015-08-31": "", "2015-05-31": 0, "2015-02-28": 0, "2014-11-30": 0, "2014-08-31": "", "2014-05-31": 0, "2014-02-28": 0, "2013-11-30": 0, "2013-08-31": "", "2013-05-31": 0, "2013-02-28": 0, "2012-11-30": 0, "2012-08-31": "", "2012-05-31": 0, "2012-02-29": 0, "2011-11-30": 0, "2011-08-31": "", "2011-05-31": 0, "2011-02-28": 0, "2010-11-30": 0, "2010-08-31": "", "2010-05-31": 0, "2010-02-28": 0, "2009-11-30": 0, "2009-08-31": "", "2009-05-31": 0, "2009-02-28": 0, "2008-11-30": 0, "2008-08-31": "", "2008-05-31": 0, "2008-02-29": 0, "2007-11-30": 0, "2007-08-31": "", "2007-05-31": 0, "2007-02-28": 0, "2006-11-30": 0, "2006-08-31": "", "2006-05-31": 0, "2006-02-28": 0, "2005-11-30": 0, "2005-08-31": "", "2005-05-31": 0, "2005-02-28": 0}, "Debt Issuance/Retirement Net - Total": {"2020-11-30": -43.127, "2020-08-31": "-212.95400", "2020-05-31": -19.945, "2020-02-29": 37.683, "2019-11-30": -78.311, "2019-08-31": "74.84400", "2019-05-31": 12.095, "2019-02-28": 142.476, "2018-11-30": 101.653, "2018-08-31": "98.75000", "2018-05-31": -1.379, "2018-02-28": 42.554, "2017-11-30": 15.136, "2017-08-31": "18.36500", "2017-05-31": 99.418, "2017-02-28": 341.086, "2016-11-30": -11.915, "2016-08-31": "14.69600", "2016-05-31": -102.184, "2016-02-29": 77.168, "2015-11-30": -56.124, "2015-08-31": "76.11500", "2015-05-31": -217.734, "2015-02-28": 439.165, "2014-11-30": -49.628, "2014-08-31": "126.43900", "2014-05-31": -37.553, "2014-02-28": 34.369, "2013-11-30": -54.577, "2013-08-31": "51.28200", "2013-05-31": -22.221, "2013-02-28": -19.231, "2012-11-30": 208.624, "2012-08-31": "84.35400", "2012-05-31": 9.102, "2012-02-29": -1.706, "2011-11-30": -12.197, "2011-08-31": "-3.43300", "2011-05-31": 168.905, "2011-02-28": 10.57, "2010-11-30": -10.616, "2010-08-31": "7.13800", "2010-05-31": 17.783, "2010-02-28": -0.436, "2009-11-30": 1.543, "2009-08-31": "-24.47300", "2009-05-31": -51.179, "2009-02-28": 18.95, "2008-11-30": -10.927, "2008-08-31": "48.56000", "2008-05-31": -56.882, "2008-02-29": 180.684, "2007-11-30": -86.976, "2007-08-31": "33.86500", "2007-05-31": 44.414, "2007-02-28": -12.272, "2006-11-30": 15.676, "2006-08-31": "52.13800", "2006-05-31": -3.163, "2006-02-28": 14.005, "2005-11-30": -3.543, "2005-08-31": "26.61100", "2005-05-31": -3.344, "2005-02-28": 123.832}, "Net Common Equity Issued/Repurchased": {"2020-11-30": -8.614, "2020-08-31": "-7.11500", "2020-05-31": -26.496, "2020-02-29": -6.424, "2019-11-30": -4.028, "2019-08-31": "-106.12700", "2019-05-31": -30.924, "2019-02-28": -92.598, "2018-11-30": -77.877, "2018-08-31": "-20.58100", "2018-05-31": -2.087, "2018-02-28": -2.94, "2017-11-30": -6.779, "2017-08-31": "-5.34600", "2017-05-31": -1.856, "2017-02-28": -0.429, "2016-11-30": -2.558, "2016-08-31": "-17.10500", "2016-05-31": 13.959, "2016-02-29": -21.473, "2015-11-30": -9.944, "2015-08-31": "-35.34800", "2015-05-31": 4.944, "2015-02-28": -26.958, "2014-11-30": -4.259, "2014-08-31": "-4.69500", "2014-05-31": 8.713, "2014-02-28": -1.808, "2013-11-30": -3.873, "2013-08-31": "-4.00400", "2013-05-31": 6.6, "2013-02-28": -1.235, "2012-11-30": -0.834, "2012-08-31": "-0.26000", "2012-05-31": 9.52, "2012-02-29": -0.575, "2011-11-30": -7, "2011-08-31": "1.00100", "2011-05-31": 4.011, "2011-02-28": 4.596, "2010-11-30": -9.482, "2010-08-31": "-8.82000", "2010-05-31": 7.297, "2010-02-28": -0.207, "2009-11-30": 2.602, "2009-08-31": "2.69200", "2009-05-31": 1.036, "2009-02-28": 0.286, "2008-11-30": -19.995, "2008-08-31": "-23.49900", "2008-05-31": 8.278, "2008-02-29": 0.637, "2007-11-30": 0.564, "2007-08-31": "-1.05500", "2007-05-31": 1.9, "2007-02-28": 18.108, "2006-11-30": 4.86, "2006-08-31": "0.96500", "2006-05-31": 3.535, "2006-02-28": 2.979, "2005-11-30": 2.71, "2005-08-31": "1.41200", "2005-05-31": 1.802, "2005-02-28": 10.741}, "Net Total Equity Issued/Repurchased": {"2020-11-30": -8.614, "2020-08-31": "-7.11500", "2020-05-31": -26.496, "2020-02-29": -6.424, "2019-11-30": -4.028, "2019-08-31": "-106.12700", "2019-05-31": -30.924, "2019-02-28": -92.598, "2018-11-30": -77.877, "2018-08-31": "-20.58100", "2018-05-31": -2.087, "2018-02-28": -2.94, "2017-11-30": -6.779, "2017-08-31": "-5.34600", "2017-05-31": -1.856, "2017-02-28": -0.429, "2016-11-30": -2.558, "2016-08-31": "-17.10500", "2016-05-31": 13.959, "2016-02-29": -21.473, "2015-11-30": -9.944, "2015-08-31": "-35.34800", "2015-05-31": 4.944, "2015-02-28": -26.958, "2014-11-30": -4.259, "2014-08-31": "-4.69500", "2014-05-31": 8.713, "2014-02-28": -1.808, "2013-11-30": -3.873, "2013-08-31": "-4.00400", "2013-05-31": 6.6, "2013-02-28": -1.235, "2012-11-30": -0.834, "2012-08-31": "-0.26000", "2012-05-31": 9.52, "2012-02-29": -0.575, "2011-11-30": -7, "2011-08-31": "1.00100", "2011-05-31": 4.011, "2011-02-28": 4.596, "2010-11-30": -9.482, "2010-08-31": "-8.82000", "2010-05-31": 7.297, "2010-02-28": -0.207, "2009-11-30": 2.602, "2009-08-31": "2.69200", "2009-05-31": 1.036, "2009-02-28": 0.286, "2008-11-30": -19.995, "2008-08-31": "-23.49900", "2008-05-31": 8.278, "2008-02-29": 0.637, "2007-11-30": 0.564, "2007-08-31": "-1.05500", "2007-05-31": 1.9, "2007-02-28": 18.108, "2006-11-30": 4.86, "2006-08-31": "0.96500", "2006-05-31": 3.535, "2006-02-28": 2.979, "2005-11-30": 2.71, "2005-08-31": "1.41200", "2005-05-31": 1.802, "2005-02-28": 10.741}, "Total Common And Preferred Stock Dividends Paid": {"2020-11-30": -49.397, "2020-08-31": "-46.62200", "2020-05-31": -46.317, "2020-02-29": -46.744, "2019-11-30": -46.717, "2019-08-31": "-45.32300", "2019-05-31": -45.874, "2019-02-28": -46.339, "2018-11-30": -46.481, "2018-08-31": "-42.71500", "2018-05-31": -41.804, "2018-02-28": -42.794, "2017-11-30": -42.789, "2017-08-31": "-40.08900", "2017-05-31": -40.072, "2017-02-28": -40.076, "2016-11-30": -40.075, "2016-08-31": "-36.52900", "2016-05-31": -36.544, "2016-02-29": -36.53, "2015-11-30": -36.642, "2015-08-31": "-34.63400", "2015-05-31": -34.638, "2015-02-28": -34.778, "2014-11-30": -34.776, "2014-08-31": "-31.98700", "2014-05-31": -31.98, "2014-02-28": -31.967, "2013-11-30": -31.96, "2013-08-31": "-29.83600", "2013-05-31": -29.815, "2013-02-28": -29.778, "2012-11-30": -29.773, "2012-08-31": "-28.28100", "2012-05-31": -28.282, "2012-02-29": -28.251, "2011-11-30": -28.196, "2011-08-31": "-27.42400", "2011-05-31": -27.396, "2011-02-28": -27.278, "2010-11-30": -27.282, "2010-08-31": "-26.62900", "2010-05-31": -26.632, "2010-02-28": -26.561, "2009-11-30": -26.536, "2009-08-31": "-25.70100", "2009-05-31": -25.684, "2009-02-28": -25.682, "2008-11-30": -25.719, "2008-08-31": "-24.75100", "2008-05-31": -23.171, "2008-02-29": -23.139, "2007-11-30": -23.158, "2007-08-31": "-21.17000", "2007-05-31": -21.157, "2007-02-28": -21.066, "2006-11-30": -20.884, "2006-08-31": "-18.99900", "2006-05-31": -18.98, "2006-02-28": -18.918, "2005-11-30": -18.894, "2005-08-31": "-17.63500", "2005-05-31": -17.619, "2005-02-28": -51.314}, "Financial Activities - Other": {"2020-11-30": -0.001, "2020-08-31": "-2.21700", "2020-05-31": -2.073, "2020-02-29": -0.041, "2019-11-30": -0.425, "2019-08-31": "-0.42600", "2019-05-31": -1.189, "2019-02-28": -0.316, "2018-11-30": -0.147, "2018-08-31": "-3.77500", "2018-05-31": -123.688, "2018-02-28": -0.913, "2017-11-30": -0.818, "2017-08-31": "-4.00500", "2017-05-31": -119.899, "2017-02-28": -103.22, "2016-11-30": -0.596, "2016-08-31": "-4.89900", "2016-05-31": -0.679, "2016-02-29": -1.884, "2015-11-30": -0.043, "2015-08-31": "-1.31800", "2015-05-31": 1.879, "2015-02-28": 0.921, "2014-11-30": 0.804, "2014-08-31": "-24.50600", "2014-05-31": -3.816, "2014-02-28": 1.097, "2013-11-30": 1.058, "2013-08-31": "-2.38800", "2013-05-31": -3.75, "2013-02-28": -1.9, "2012-11-30": 4.847, "2012-08-31": "0.80300", "2012-05-31": -6.151, "2012-02-29": 2.97, "2011-11-30": 3.181, "2011-08-31": "", "2011-05-31": 0, "2011-02-28": 0, "2010-11-30": 0, "2010-08-31": "", "2010-05-31": 0, "2010-02-28": 0, "2009-11-30": 0, "2009-08-31": "", "2009-05-31": 0, "2009-02-28": 0, "2008-11-30": 0, "2008-08-31": "", "2008-05-31": 0, "2008-02-29": 0, "2007-11-30": 0, "2007-08-31": "", "2007-05-31": 1.549, "2007-02-28": 0, "2006-11-30": 0, "2006-08-31": "", "2006-05-31": 0, "2006-02-28": 0, "2005-11-30": 0, "2005-08-31": "", "2005-05-31": 0, "2005-02-28": 0}, "Cash Flow From Financial Activities": {"2020-11-30": -101.139, "2020-08-31": "-268.90800", "2020-05-31": -94.831, "2020-02-29": -15.526, "2019-11-30": -129.481, "2019-08-31": "-77.03200", "2019-05-31": -65.892, "2019-02-28": 3.223, "2018-11-30": -22.852, "2018-08-31": "31.67900", "2018-05-31": -168.958, "2018-02-28": -4.093, "2017-11-30": -35.25, "2017-08-31": "-31.07500", "2017-05-31": -62.409, "2017-02-28": 197.361, "2016-11-30": -55.144, "2016-08-31": "-43.83700", "2016-05-31": -125.448, "2016-02-29": 17.281, "2015-11-30": -102.753, "2015-08-31": "4.81500", "2015-05-31": -245.549, "2015-02-28": 378.35, "2014-11-30": -87.859, "2014-08-31": "65.25100", "2014-05-31": -64.636, "2014-02-28": 1.691, "2013-11-30": -89.352, "2013-08-31": "15.05400", "2013-05-31": -49.186, "2013-02-28": -52.144, "2012-11-30": 182.864, "2012-08-31": "56.61600", "2012-05-31": -15.811, "2012-02-29": -27.562, "2011-11-30": -44.212, "2011-08-31": "-29.85600", "2011-05-31": 145.52, "2011-02-28": -12.112, "2010-11-30": -47.38, "2010-08-31": "-28.31100", "2010-05-31": -1.552, "2010-02-28": -27.204, "2009-11-30": -22.391, "2009-08-31": "-47.48200", "2009-05-31": -75.827, "2009-02-28": -6.446, "2008-11-30": -56.641, "2008-08-31": "0.31000", "2008-05-31": -71.775, "2008-02-29": 158.182, "2007-11-30": -109.57, "2007-08-31": "11.64000", "2007-05-31": 26.706, "2007-02-28": -15.23, "2006-11-30": -0.348, "2006-08-31": "34.10400", "2006-05-31": -18.608, "2006-02-28": -1.934, "2005-11-30": -19.727, "2005-08-31": "10.38800", "2005-05-31": -19.161, "2005-02-28": 83.259}, "Net Cash Flow": {"2020-11-30": 21.18, "2020-08-31": "18.34900", "2020-05-31": 21.174, "2020-02-29": 4.069, "2019-11-30": -3.918, "2019-08-31": "-11.07700", "2019-05-31": 27.999, "2019-02-28": -31.745, "2018-11-30": 24.731, "2018-08-31": "-42.23900", "2018-05-31": -19.964, "2018-02-28": -3.471, "2017-11-30": 31.666, "2017-08-31": "-114.30600", "2017-05-31": 139.701, "2017-02-28": 4.889, "2016-11-30": 11.437, "2016-08-31": "-70.68200", "2016-05-31": 44.44, "2016-02-29": 30.103, "2015-11-30": 21.151, "2015-08-31": "-5.25300", "2015-05-31": -45.679, "2015-02-28": -76.137, "2014-11-30": 71.502, "2014-08-31": "-107.84300", "2014-05-31": 116.867, "2014-02-28": -8.171, "2013-11-30": 19.269, "2013-08-31": "-138.65100", "2013-05-31": 96.45, "2013-02-28": -14.836, "2012-11-30": 4.558, "2012-08-31": "-58.58600", "2012-05-31": 43.79, "2012-02-29": -28.777, "2011-11-30": -72.4, "2011-08-31": "-61.65600", "2011-05-31": 159.532, "2011-02-28": -23.678, "2010-11-30": 79.845, "2010-08-31": "3.95700", "2010-05-31": -40.844, "2010-02-28": -107.729, "2009-11-30": 108.088, "2009-08-31": "2.45300", "2009-05-31": 48.15, "2009-02-28": -0.052, "2008-11-30": 3.921, "2008-08-31": "-29.88300", "2008-05-31": -159.711, "2008-02-29": 199.882, "2007-11-30": 31.237, "2007-08-31": "0.82700", "2007-05-31": 21.319, "2007-02-28": 3.193, "2006-11-30": 26.534, "2006-08-31": "-0.64600", "2006-05-31": 15.539, "2006-02-28": -10.255, "2005-11-30": 25.276, "2005-08-31": "-106.08400", "2005-05-31": 18.421, "2005-02-28": 131.16}, "Stock-Based Compensation": {"2020-11-30": 10.661, "2020-08-31": "10.45700", "2020-05-31": 0.908, "2020-02-29": 5.847, "2019-11-30": 6.474, "2019-08-31": "6.56000", "2019-05-31": 10.262, "2019-02-28": 7.996, "2018-11-30": 6.228, "2018-08-31": "6.66800", "2018-05-31": 7.742, "2018-02-28": 3.269, "2017-11-30": 6.964, "2017-08-31": "7.46500", "2017-05-31": 7.536, "2017-02-28": 7.992, "2016-11-30": 8.842, "2016-08-31": "8.17100", "2016-05-31": 8.287, "2016-02-29": 7.476, "2015-11-30": 8.817, "2015-08-31": "6.70700", "2015-05-31": 9.298, "2015-02-28": 6.737, "2014-11-30": 10.006, "2014-08-31": "5.70000", "2014-05-31": 8.027, "2014-02-28": 5.919, "2013-11-30": 4.796, "2013-08-31": "4.82600", "2013-05-31": 4.791, "2013-02-28": 4.219, "2012-11-30": 4.262, "2012-08-31": "3.87300", "2012-05-31": 4.031, "2012-02-29": 3.181, "2011-11-30": 3.567, "2011-08-31": "3.12500", "2011-05-31": 3.513, "2011-02-28": 2.742, "2010-11-30": 3.631, "2010-08-31": "2.39600", "2010-05-31": 2.607, "2010-02-28": 2.267, "2009-11-30": 2.535, "2009-08-31": "2.62100", "2009-05-31": 8.008, "2009-02-28": 0, "2008-11-30": 0, "2008-08-31": "", "2008-05-31": 13.396, "2008-02-29": 0, "2007-11-30": 0, "2007-08-31": "", "2007-05-31": 0, "2007-02-28": 0, "2006-11-30": 0, "2006-08-31": "", "2006-05-31": 0, "2006-02-28": 0, "2005-11-30": 0, "2005-08-31": "", "2005-05-31": 0, "2005-02-28": 0}, "Common Stock Dividends Paid": {"2020-11-30": -49.397, "2020-08-31": "-46.62200", "2020-05-31": -46.317, "2020-02-29": -46.744, "2019-11-30": -46.717, "2019-08-31": "-45.32300", "2019-05-31": -45.874, "2019-02-28": -46.339, "2018-11-30": -46.481, "2018-08-31": "-42.71500", "2018-05-31": -41.804, "2018-02-28": -42.794, "2017-11-30": -42.789, "2017-08-31": "-40.08900", "2017-05-31": -40.072, "2017-02-28": -40.076, "2016-11-30": -40.075, "2016-08-31": "-36.52900", "2016-05-31": -36.544, "2016-02-29": -36.53, "2015-11-30": -36.642, "2015-08-31": "-34.63400", "2015-05-31": -34.638, "2015-02-28": -34.778, "2014-11-30": -34.776, "2014-08-31": "-31.98700", "2014-05-31": -31.98, "2014-02-28": -31.967, "2013-11-30": -31.96, "2013-08-31": "-29.83600", "2013-05-31": -29.815, "2013-02-28": -29.778, "2012-11-30": -29.773, "2012-08-31": "-28.28100", "2012-05-31": -28.282, "2012-02-29": -28.251, "2011-11-30": -28.196, "2011-08-31": "-27.42400", "2011-05-31": -27.396, "2011-02-28": -27.278, "2010-11-30": -27.282, "2010-08-31": "-26.62900", "2010-05-31": -26.632, "2010-02-28": -26.561, "2009-11-30": -26.536, "2009-08-31": "-25.70100", "2009-05-31": -25.684, "2009-02-28": -25.682, "2008-11-30": -25.719, "2008-08-31": "-24.75100", "2008-05-31": -23.171, "2008-02-29": -23.139, "2007-11-30": -23.158, "2007-08-31": "-21.17000", "2007-05-31": -21.157, "2007-02-28": -21.066, "2006-11-30": -20.884, "2006-08-31": "-18.99900", "2006-05-31": -18.98, "2006-02-28": -18.918, "2005-11-30": -18.894, "2005-08-31": "-17.63500", "2005-05-31": -17.619, "2005-02-28": -51.314}}, "financial ratios": {"Current Ratio": {"2020-05-31": "2.21610", "2019-05-31": "1.63580", "2018-05-31": "2.45440", "2017-05-31": "1.94060", "2016-05-31": "2.13070", "2015-05-31": "2.32480", "2014-05-31": "2.20080", "2013-05-31": "2.03220", "2012-05-31": "2.39580", "2011-05-31": "2.54050", "2010-05-31": "2.29640", "2009-05-31": "1.82880", "2008-05-31": "2.10780", "2007-05-31": "1.81590", "2006-05-31": "1.91640", "2005-05-31": "2.20560"}, "Long-term Debt / Capital": {"2020-05-31": "0.66030", "2019-05-31": "0.58350", "2018-05-31": "0.57060", "2017-05-31": "0.56070", "2016-05-31": "0.54330", "2015-05-31": "0.56120", "2014-05-31": "0.46020", "2013-05-31": "0.50260", "2012-05-31": "0.45860", "2011-05-31": "0.44360", "2010-05-31": "0.44320", "2009-05-31": "0.40000", "2008-05-31": "0.48410", "2007-05-31": "0.44920", "2006-05-31": "0.48450", "2005-05-31": "0.44670"}, "Debt/Equity Ratio": {"2020-05-31": "2.00780", "2019-05-31": "1.79320", "2018-05-31": "1.33090", "2017-05-31": "1.45280", "2016-05-31": "1.19290", "2015-05-31": "1.28030", "2014-05-31": "0.85620", "2013-05-31": "1.01380", "2012-05-31": "0.84900", "2011-05-31": "0.79920", "2010-05-31": "0.79970", "2009-05-31": "0.81390", "2008-05-31": "0.94460", "2007-05-31": "0.90910", "2006-05-31": "0.94670", "2005-05-31": "0.80760"}, "Gross Margin": {"2020-05-31": "38.00360", "2019-05-31": "37.52900", "2018-05-31": "37.89330", "2017-05-31": "43.67910", "2016-05-31": "43.35690", "2015-05-31": "42.25370", "2014-05-31": "42.86140", "2013-05-31": "41.74710", "2012-05-31": "40.82850", "2011-05-31": "41.42320", "2010-05-31": "42.05960", "2009-05-31": "40.17290", "2008-05-31": "41.12580", "2007-05-31": "40.74720", "2006-05-31": "41.46360", "2005-05-31": "43.15680"}, "Operating Margin": {"2020-05-31": "9.88200", "2019-05-31": "8.77140", "2018-05-31": "9.73510", "2017-05-31": "6.63490", "2016-05-31": "11.75970", "2015-05-31": "11.28350", "2014-05-31": "11.09690", "2013-05-31": "9.64740", "2012-05-31": "10.23320", "2011-05-31": "10.12470", "2010-05-31": "9.53120", "2009-05-31": "7.15890", "2008-05-31": "2.51060", "2007-05-31": "10.61970", "2006-05-31": "-2.69690", "2005-05-31": "7.79060"}, "EBIT Margin": {"2020-05-31": "9.88200", "2019-05-31": "8.77140", "2018-05-31": "9.73510", "2017-05-31": "6.63490", "2016-05-31": "11.75970", "2015-05-31": "11.28350", "2014-05-31": "11.09690", "2013-05-31": "9.64740", "2012-05-31": "10.23320", "2011-05-31": "10.12470", "2010-05-31": "9.53120", "2009-05-31": "7.15890", "2008-05-31": "2.51060", "2007-05-31": "10.61970", "2006-05-31": "-2.69690", "2005-05-31": "7.79060"}, "EBITDA Margin": {"2020-05-31": "12.73010", "2019-05-31": "11.39390", "2018-05-31": "12.14980", "2017-05-31": "12.88660", "2016-05-31": "14.15930", "2015-05-31": "13.44200", "2014-05-31": "13.15500", "2013-05-31": "11.76420", "2012-05-31": "12.24570", "2011-05-31": "12.27600", "2010-05-31": "12.00000", "2009-05-31": "10.14580", "2008-05-31": "4.85340", "2007-05-31": "13.06400", "2006-05-31": "-0.22710", "2005-05-31": "10.37270"}, "Pre-Tax Profit Margin": {"2020-05-31": "7.40450", "2019-05-31": "6.10730", "2018-05-31": "7.83680", "2017-05-31": "4.92790", "2016-05-31": "10.04370", "2015-05-31": "9.86500", "2014-05-31": "9.69960", "2013-05-31": "4.33700", "2012-05-31": "8.69080", "2011-05-31": "8.72460", "2010-05-31": "7.86630", "2009-05-31": "5.36990", "2008-05-31": "0.93330", "2007-05-31": "9.21100", "2006-05-31": "-4.07120", "2005-05-31": "6.40630"}, "Net Profit Margin": {"2020-05-31": "5.49170", "2019-05-31": "4.76310", "2018-05-31": "6.27460", "2017-05-31": "3.61080", "2016-05-31": "7.24930", "2015-05-31": "5.10450", "2014-05-31": "6.51900", "2013-05-31": "2.41750", "2012-05-31": "5.61000", "2011-05-31": "5.49970", "2010-05-31": "5.21160", "2009-05-31": "3.55140", "2008-05-31": "1.21930", "2007-05-31": "6.23850", "2006-05-31": "-2.53310", "2005-05-31": "4.10970"}, "Asset Turnover": {"2020-05-31": "0.97800", "2019-05-31": "1.02260", "2018-05-31": "1.00950", "2017-05-31": "0.97400", "2016-05-31": "1.01020", "2015-05-31": "0.97880", "2014-05-31": "0.99950", "2013-05-31": "0.98980", "2012-05-31": "1.06050", "2011-05-31": "0.96210", "2010-05-31": "1.13600", "2009-05-31": "0.98780", "2008-05-31": "0.96820", "2007-05-31": "1.00170", "2006-05-31": "1.00410", "2005-05-31": "0.96530"}, "Inventory Turnover Ratio": {"2020-05-31": "4.21270", "2019-05-31": "4.12920", "2018-05-31": "3.96080", "2017-05-31": "3.54290", "2016-05-31": "3.97570", "2015-05-31": "3.93530", "2014-05-31": "4.07500", "2013-05-31": "4.33030", "2012-05-31": "4.56170", "2011-05-31": "4.27750", "2010-05-31": "5.10960", "2009-05-31": "4.96110", "2008-05-31": "4.50540", "2007-05-31": "4.51920", "2006-05-31": "4.41330", "2005-05-31": "4.34430"}, "Receiveable Turnover": {"2020-05-31": "4.83940", "2019-05-31": "4.51540", "2018-05-31": "4.77780", "2017-05-31": "4.98140", "2016-05-31": "4.99810", "2015-05-31": "4.80500", "2014-05-31": "5.00760", "2013-05-31": "5.17910", "2012-05-31": "5.06670", "2011-05-31": "4.74400", "2010-05-31": "5.38360", "2009-05-31": "5.27380", "2008-05-31": "4.45860", "2007-05-31": "4.48600", "2006-05-31": "4.62150", "2005-05-31": "4.62090"}, "Days Sales In Receivables": {"2020-05-31": "75.42310", "2019-05-31": "80.83450", "2018-05-31": "76.39440", "2017-05-31": "73.27200", "2016-05-31": "73.02750", "2015-05-31": "75.96330", "2014-05-31": "72.88950", "2013-05-31": "70.47510", "2012-05-31": "72.03930", "2011-05-31": "76.93890", "2010-05-31": "67.79850", "2009-05-31": "69.20990", "2008-05-31": "81.86340", "2007-05-31": "81.36380", "2006-05-31": "78.97880", "2005-05-31": "78.98930"}, "ROE - Return On Equity": {"2020-05-31": "24.12360", "2019-05-31": "19.00370", "2018-05-31": "20.76820", "2017-05-31": "12.83600", "2016-05-31": "26.00170", "2015-05-31": "17.65240", "2014-05-31": "19.38330", "2013-05-31": "8.10750", "2012-05-31": "17.79040", "2011-05-31": "14.64410", "2010-05-31": "15.59770", "2009-05-31": "10.45900", "2008-05-31": "3.90900", "2007-05-31": "19.16410", "2006-05-31": "-8.23000", "2005-05-31": "10.12120"}, "Return On Tangible Equity": {"2020-05-31": "-53.54350", "2019-05-31": "-61.08240", "2018-05-31": "-237.39530", "2017-05-31": "-66.35570", "2016-05-31": "-85.05180", "2015-05-31": "-43.37930", "2014-05-31": "-1080.61200", "2013-05-31": "-50.27250", "2012-05-31": "196.41170", "2011-05-31": "83.60400", "2010-05-31": "201.61540", "2009-05-31": "-169.44690", "2008-05-31": "-28.44810", "2007-05-31": "-215.33660", "2006-05-31": "51.96880", "2005-05-31": "106.33880"}, "ROA - Return On Assets": {"2020-05-31": "5.41790", "2019-05-31": "4.91950", "2018-05-31": "6.43530", "2017-05-31": "3.62780", "2016-05-31": "7.50180", "2015-05-31": "4.86400", "2014-05-31": "6.98850", "2013-05-31": "2.66570", "2012-05-31": "6.56300", "2011-05-31": "5.78000", "2010-05-31": "6.02950", "2009-05-31": "3.50790", "2008-05-31": "1.18050", "2007-05-31": "6.24900", "2006-05-31": "-2.54350", "2005-05-31": "3.96730"}, "ROI - Return On Investment": {"2020-05-31": "8.19460", "2019-05-31": "7.91490", "2018-05-31": "8.91800", "2017-05-31": "5.63860", "2016-05-31": "11.87570", "2015-05-31": "7.74650", "2014-05-31": "10.46260", "2013-05-31": "4.03250", "2012-05-31": "9.63200", "2011-05-31": "8.14730", "2010-05-31": "8.68490", "2009-05-31": "6.27590", "2008-05-31": "2.01650", "2007-05-31": "10.55540", "2006-05-31": "-4.24220", "2005-05-31": "5.59970"}, "Book Value Per Share": {"2020-05-31": "9.76490", "2019-05-31": "10.75310", "2018-05-31": "12.22280", "2017-05-31": "10.77170", "2016-05-31": "10.34080", "2015-05-31": "9.71050", "2014-05-31": "11.84480", "2013-05-31": "10.21850", "2012-05-31": "9.98810", "2011-05-31": "10.62470", "2010-05-31": "8.93830", "2009-05-31": "8.90010", "2008-05-31": "9.30160", "2007-05-31": "8.98940", "2006-05-31": "7.79790", "2005-05-31": "8.82780"}, "Operating Cash Flow Per Share": {"2020-05-31": 2.0503, "2019-05-31": -0.6653, "2018-05-31": -0.0107, "2017-05-31": -0.6155, "2016-05-31": 1.0225, "2015-05-31": 0.3471, "2014-05-31": -0.736, "2013-05-31": 0.5477, "2012-05-31": 0.4312, "2011-05-31": 0.2631, "2010-05-31": -0.4944, "2009-05-31": 0.1574, "2008-05-31": 0.3618, "2007-05-31": -0.0158, "2006-05-31": 0.3424, "2005-05-31": 1.2452}, "Free Cash Flow Per Share": {"2020-05-31": 1.9315, "2019-05-31": -0.8477, "2018-05-31": 0.0867, "2017-05-31": -0.6914, "2016-05-31": 0.7982, "2015-05-31": 0.4233, "2014-05-31": -0.7411, "2013-05-31": 0.4002, "2012-05-31": 0.1858, "2011-05-31": 0.134, "2010-05-31": -0.2457, "2009-05-31": 0.3186, "2008-05-31": 0.3169, "2007-05-31": -0.0393, "2006-05-31": 0.259, "2005-05-31": 0.8052}}, "financial ratios, quarterly": {"Current Ratio": {"2020-11-30": "2.16510", "2020-08-31": "2.24840", "2020-05-31": "2.21610", "2020-02-29": "2.40660", "2019-11-30": "2.39850", "2019-08-31": "1.61450", "2019-05-31": "1.63580", "2019-02-28": "1.81050", "2018-11-30": "1.82560", "2018-08-31": "2.77030", "2018-05-31": "2.45440", "2018-02-28": "2.55650", "2017-11-30": "2.22800", "2017-08-31": "2.15770", "2017-05-31": "1.94060", "2017-02-28": "1.69020", "2016-11-30": "2.30210", "2016-08-31": "2.37110", "2016-05-31": "2.13070", "2016-02-29": "2.46720", "2015-11-30": "2.72300", "2015-08-31": "2.61500", "2015-05-31": "2.32480", "2015-02-28": "2.36000", "2014-11-30": "2.25390", "2014-08-31": "2.70130", "2014-05-31": "2.20080", "2014-02-28": "2.54810", "2013-11-30": "2.47060", "2013-08-31": "2.43340", "2013-05-31": "2.03220", "2013-02-28": "2.31120", "2012-11-30": "2.49950", "2012-08-31": "2.53020", "2012-05-31": "2.39580", "2012-02-29": "2.70240", "2011-11-30": "2.63670", "2011-08-31": "2.71530", "2011-05-31": "2.54050", "2011-02-28": "2.53320", "2010-11-30": "2.53630", "2010-08-31": "2.50770", "2010-05-31": "2.29640", "2010-02-28": "2.29350", "2009-11-30": "2.45510", "2009-08-31": "1.87520", "2009-05-31": "1.82880", "2009-02-28": "1.87270", "2008-11-30": "1.87210", "2008-08-31": "2.37190", "2008-05-31": "2.10780", "2008-02-29": "2.25490", "2007-11-30": "2.04440", "2007-08-31": "2.02210", "2007-05-31": "1.81590", "2007-02-28": "2.21010", "2006-11-30": "2.18770", "2006-08-31": "2.11180", "2006-05-31": "1.91640", "2006-02-28": "2.22480", "2005-11-30": "2.22630", "2005-08-31": "2.18110", "2005-05-31": "2.20560", "2005-02-28": "2.64290"}, "Long-term Debt / Capital": {"2020-11-30": "0.58930", "2020-08-31": "0.61270", "2020-05-31": "0.66030", "2020-02-29": "0.64770", "2019-11-30": "0.63310", "2019-08-31": "0.59990", "2019-05-31": "0.58350", "2019-02-28": "0.58940", "2018-11-30": "0.55540", "2018-08-31": "0.58420", "2018-05-31": "0.57060", "2018-02-28": "0.57120", "2017-11-30": "0.53920", "2017-08-31": "0.54460", "2017-05-31": "0.56070", "2017-02-28": "0.55410", "2016-11-30": "0.56020", "2016-08-31": "0.53480", "2016-05-31": "0.54330", "2016-02-29": "0.58520", "2015-11-30": "0.56430", "2015-08-31": "0.57160", "2015-05-31": "0.56120", "2015-02-28": "0.58180", "2014-11-30": "0.44500", "2014-08-31": "0.47460", "2014-05-31": "0.46020", "2014-02-28": "0.48210", "2013-11-30": "0.47750", "2013-08-31": "0.49930", "2013-05-31": "0.50260", "2013-02-28": "0.51530", "2012-11-30": "0.50690", "2012-08-31": "0.46820", "2012-05-31": "0.45860", "2012-02-29": "0.44000", "2011-11-30": "0.44040", "2011-08-31": "0.43450", "2011-05-31": "0.44360", "2011-02-28": "0.41650", "2010-11-30": "0.41800", "2010-08-31": "0.43000", "2010-05-31": "0.44320", "2010-02-28": "0.42760", "2009-11-30": "0.41340", "2009-08-31": "0.37590", "2009-05-31": "0.40000", "2009-02-28": "0.43800", "2008-11-30": "0.41390", "2008-08-31": "0.43340", "2008-05-31": "0.48410", "2008-02-29": "0.45680", "2007-11-30": "0.40570", "2007-08-31": "0.44630", "2007-05-31": "0.44920", "2007-02-28": "0.47540", "2006-11-30": "0.47960", "2006-08-31": "0.48750", "2006-05-31": "0.48450", "2006-02-28": "0.44450", "2005-11-30": "0.43550", "2005-08-31": "0.44330", "2005-05-31": "0.44670", "2005-02-28": "0.44670"}, "Debt/Equity Ratio": {"2020-11-30": "1.48370", "2020-08-31": "1.61360", "2020-05-31": "2.00780", "2020-02-29": "1.89140", "2019-11-30": "1.79820", "2019-08-31": "1.93220", "2019-05-31": "1.79320", "2019-02-28": "1.75020", "2018-11-30": "1.54470", "2018-08-31": "1.40730", "2018-05-31": "1.33090", "2018-02-28": "1.33460", "2017-11-30": "1.32770", "2017-08-31": "1.35850", "2017-05-31": "1.45280", "2017-02-28": "1.54120", "2016-11-30": "1.27700", "2016-08-31": "1.15250", "2016-05-31": "1.19290", "2016-02-29": "1.41330", "2015-11-30": "1.29700", "2015-08-31": "1.33550", "2015-05-31": "1.28030", "2015-02-28": "1.51410", "2014-11-30": "0.89680", "2014-08-31": "0.90430", "2014-05-31": "0.85620", "2014-02-28": "0.93500", "2013-11-30": "0.91710", "2013-08-31": "1.00030", "2013-05-31": "1.01380", "2013-02-28": "1.06580", "2012-11-30": "1.02960", "2012-08-31": "0.88270", "2012-05-31": "0.84900", "2012-02-29": "0.78810", "2011-11-30": "0.78850", "2011-08-31": "0.76990", "2011-05-31": "0.79920", "2011-02-28": "0.71610", "2010-11-30": "0.72040", "2010-08-31": "0.75650", "2010-05-31": "0.79970", "2010-02-28": "0.75170", "2009-11-30": "0.70700", "2009-08-31": "0.74060", "2009-05-31": "0.81390", "2009-02-28": "0.94500", "2008-11-30": "0.85890", "2008-08-31": "0.77060", "2008-05-31": "0.94460", "2008-02-29": "0.92380", "2007-11-30": "0.76520", "2007-08-31": "0.89570", "2007-05-31": "0.90910", "2007-02-28": "0.90980", "2006-11-30": "0.92620", "2006-08-31": "0.95670", "2006-05-31": "0.94670", "2006-02-28": "0.81760", "2005-11-30": "0.78820", "2005-08-31": "0.79630", "2005-05-31": "0.80760", "2005-02-28": "0.81070"}, "Gross Margin": {"2020-11-30": "39.44860", "2020-08-31": "40.68380", "2020-05-31": "37.96920", "2020-02-29": "37.03200", "2019-11-30": "37.77930", "2019-08-31": "39.02550", "2019-05-31": "39.70360", "2019-02-28": "35.89440", "2018-11-30": "36.23630", "2018-08-31": "37.62720", "2018-05-31": "29.13910", "2018-02-28": "39.85690", "2017-11-30": "41.88900", "2017-08-31": "42.51600", "2017-05-31": "44.43810", "2017-02-28": "41.91440", "2016-11-30": "43.81040", "2016-08-31": "44.09060", "2016-05-31": "45.36670", "2016-02-29": "41.77430", "2015-11-30": "42.72840", "2015-08-31": "42.89310", "2015-05-31": "43.64350", "2015-02-28": "40.12590", "2014-11-30": "42.37990", "2014-08-31": "42.22900", "2014-05-31": "43.91700", "2014-02-28": "41.46650", "2013-11-30": "42.73920", "2013-08-31": "42.85080", "2013-05-31": "42.73000", "2013-02-28": "40.71940", "2012-11-30": "41.77220", "2012-08-31": "41.45160", "2012-05-31": "41.78880", "2012-02-29": "39.19120", "2011-11-30": "40.28240", "2011-08-31": "41.54770", "2011-05-31": "42.41590", "2011-02-28": "39.69810", "2010-11-30": "41.08430", "2010-08-31": "41.95600", "2010-05-31": "43.07740", "2010-02-28": "38.97910", "2009-11-30": "42.29990", "2009-08-31": "42.99680", "2009-05-31": "41.77060", "2009-02-28": "36.93100", "2008-11-30": "40.08320", "2008-08-31": "40.95420", "2008-05-31": "42.34800", "2008-02-29": "39.79990", "2007-11-30": "40.60230", "2007-08-31": "41.26470", "2007-05-31": "42.34000", "2007-02-28": "38.77670", "2006-11-30": "40.28620", "2006-08-31": "40.87760", "2006-05-31": "42.97170", "2006-02-28": "39.73700", "2005-11-30": "40.34420", "2005-08-31": "42.15140", "2005-05-31": "43.24960", "2005-02-28": "40.88740"}, "Operating Margin": {"2020-11-30": "12.56830", "2020-08-31": "16.03950", "2020-05-31": "13.09780", "2020-02-29": "4.50440", "2019-11-30": "8.99460", "2019-08-31": "11.82730", "2019-05-31": "13.15280", "2019-02-28": "3.09210", "2018-11-30": "7.91830", "2018-08-31": "9.19870", "2018-05-31": "9.78930", "2018-02-28": "5.12580", "2017-11-30": "9.99050", "2017-08-31": "13.20050", "2017-05-31": "14.03240", "2017-02-28": "3.68130", "2016-11-30": "-7.23150", "2016-08-31": "13.41440", "2016-05-31": "15.60210", "2016-02-29": "4.25360", "2015-11-30": "12.22680", "2015-08-31": "12.88540", "2015-05-31": "14.85160", "2015-02-28": "3.54690", "2014-11-30": "11.11480", "2014-08-31": "13.44540", "2014-05-31": "13.41720", "2014-02-28": "4.14880", "2013-11-30": "10.72310", "2013-08-31": "14.04800", "2013-05-31": "12.50260", "2013-02-28": "2.95420", "2012-11-30": "9.75400", "2012-08-31": "11.74530", "2012-05-31": "12.54840", "2012-02-29": "3.32760", "2011-11-30": "9.48240", "2011-08-31": "13.76210", "2011-05-31": "12.09100", "2011-02-28": "1.89150", "2010-11-30": "10.75210", "2010-08-31": "13.63470", "2010-05-31": "11.15530", "2010-02-28": "0.42840", "2009-11-30": "10.87260", "2009-08-31": "13.17580", "2009-05-31": "9.73230", "2009-02-28": "-4.87260", "2008-11-30": "8.73560", "2008-08-31": "11.25350", "2008-05-31": "-12.96420", "2008-02-29": "3.42800", "2007-11-30": "10.27040", "2007-08-31": "12.13180", "2007-05-31": "13.24450", "2007-02-28": "3.31440", "2006-11-30": "11.28710", "2006-08-31": "12.73310", "2006-05-31": "-23.04600", "2006-02-28": "0.76460", "2005-11-30": "5.06540", "2005-08-31": "11.54200", "2005-05-31": "11.15610", "2005-02-28": "0.16350"}, "EBIT Margin": {"2020-11-30": "12.56830", "2020-08-31": "16.03950", "2020-05-31": "13.09780", "2020-02-29": "4.50440", "2019-11-30": "8.99460", "2019-08-31": "11.82730", "2019-05-31": "13.15280", "2019-02-28": "3.09210", "2018-11-30": "7.91830", "2018-08-31": "9.19870", "2018-05-31": "9.78930", "2018-02-28": "5.12580", "2017-11-30": "9.99050", "2017-08-31": "13.20050", "2017-05-31": "14.03240", "2017-02-28": "3.68130", "2016-11-30": "-7.23150", "2016-08-31": "13.41440", "2016-05-31": "15.60220", "2016-02-29": "4.25360", "2015-11-30": "12.22680", "2015-08-31": "12.88540", "2015-05-31": "14.85160", "2015-02-28": "3.54690", "2014-11-30": "11.11480", "2014-08-31": "13.44540", "2014-05-31": "13.41730", "2014-02-28": "4.14880", "2013-11-30": "10.72310", "2013-08-31": "14.04800", "2013-05-31": "12.50260", "2013-02-28": "2.95420", "2012-11-30": "9.75400", "2012-08-31": "11.74530", "2012-05-31": "12.54840", "2012-02-29": "3.32760", "2011-11-30": "9.48240", "2011-08-31": "13.76210", "2011-05-31": "12.09100", "2011-02-28": "1.89150", "2010-11-30": "10.75210", "2010-08-31": "13.63470", "2010-05-31": "11.15530", "2010-02-28": "0.42840", "2009-11-30": "10.87260", "2009-08-31": "13.17580", "2009-05-31": "9.73230", "2009-02-28": "-4.87260", "2008-11-30": "8.73560", "2008-08-31": "11.25350", "2008-05-31": "-12.96420", "2008-02-29": "3.42800", "2007-11-30": "10.27040", "2007-08-31": "12.13180", "2007-05-31": "13.24450", "2007-02-28": "3.31440", "2006-11-30": "11.28710", "2006-08-31": "12.73310", "2006-05-31": "-23.04600", "2006-02-28": "0.76460", "2005-11-30": "5.06540", "2005-08-31": "11.54200", "2005-05-31": "11.15610", "2005-02-28": "0.16350"}, "EBITDA Margin": {"2020-11-30": "", "2020-08-31": "", "2020-05-31": "", "2020-02-29": "", "2019-11-30": "", "2019-08-31": "", "2019-05-31": "", "2019-02-28": "", "2018-11-30": "", "2018-08-31": "", "2018-05-31": "", "2018-02-28": "", "2017-11-30": "", "2017-08-31": "", "2017-05-31": "", "2017-02-28": "", "2016-11-30": "", "2016-08-31": "", "2016-05-31": "", "2016-02-29": "", "2015-11-30": "", "2015-08-31": "", "2015-05-31": "", "2015-02-28": "", "2014-11-30": "", "2014-08-31": "", "2014-05-31": "", "2014-02-28": "", "2013-11-30": "", "2013-08-31": "", "2013-05-31": "", "2013-02-28": "", "2012-11-30": "", "2012-08-31": "", "2012-05-31": "", "2012-02-29": "", "2011-11-30": "", "2011-08-31": "", "2011-05-31": "", "2011-02-28": "", "2010-11-30": "", "2010-08-31": "", "2010-05-31": "", "2010-02-28": "", "2009-11-30": "", "2009-08-31": "", "2009-05-31": "", "2009-02-28": "", "2008-11-30": "", "2008-08-31": "", "2008-05-31": "", "2008-02-29": "", "2007-11-30": "", "2007-08-31": "", "2007-05-31": "", "2007-02-28": "", "2006-11-30": "", "2006-08-31": "", "2006-05-31": "", "2006-02-28": "", "2005-11-30": "", "2005-08-31": "", "2005-05-31": "", "2005-02-28": ""}, "Pre-Tax Profit Margin": {"2020-11-30": "11.23590", "2020-08-31": "15.02290", "2020-05-31": "10.06570", "2020-02-29": "1.38910", "2019-11-30": "7.26140", "2019-08-31": "9.69940", "2019-05-31": "11.04350", "2019-02-28": "0.39140", "2018-11-30": "4.88740", "2018-08-31": "6.29720", "2018-05-31": "7.56570", "2018-02-28": "3.14670", "2017-11-30": "8.30010", "2017-08-31": "11.54190", "2017-05-31": "12.44050", "2017-02-28": "1.66230", "2016-11-30": "-8.97380", "2016-08-31": "11.85840", "2016-05-31": "13.95630", "2016-02-29": "2.21600", "2015-11-30": "10.40340", "2015-08-31": "11.44450", "2015-05-31": "13.03550", "2015-02-28": "2.15850", "2014-11-30": "9.87280", "2014-08-31": "12.29990", "2014-05-31": "12.10090", "2014-02-28": "2.91690", "2013-11-30": "9.10730", "2013-08-31": "12.64010", "2013-05-31": "8.25180", "2013-02-28": "-7.44580", "2012-11-30": "6.98250", "2012-08-31": "6.88460", "2012-05-31": "11.07120", "2012-02-29": "1.47820", "2011-11-30": "8.31470", "2011-08-31": "12.04000", "2011-05-31": "10.98590", "2011-02-28": "0.29300", "2010-11-30": "9.35060", "2010-08-31": "12.06290", "2010-05-31": "9.24780", "2010-02-28": "-1.66710", "2009-11-30": "9.40340", "2009-08-31": "11.89810", "2009-05-31": "7.54480", "2009-02-28": "-7.00040", "2008-11-30": "6.78120", "2008-08-31": "10.17930", "2008-05-31": "-15.11920", "2008-02-29": "2.13500", "2007-11-30": "8.93370", "2007-08-31": "10.76480", "2007-05-31": "12.11410", "2007-02-28": "1.67400", "2006-11-30": "9.88910", "2006-08-31": "11.16910", "2006-05-31": "-24.47060", "2006-02-28": "-0.86190", "2005-11-30": "3.73260", "2005-08-31": "10.39460", "2005-05-31": "9.84470", "2005-02-28": "-1.50210"}, "Net Profit Margin": {"2020-11-30": "8.51520", "2020-08-31": "11.14370", "2020-05-31": "7.43880", "2020-02-29": "1.00960", "2019-11-30": "5.45800", "2019-08-31": "7.16780", "2019-05-31": "8.30810", "2019-02-28": "1.23450", "2018-11-30": "3.57890", "2018-08-31": "4.73650", "2018-05-31": "5.48080", "2018-02-28": "3.60010", "2017-11-30": "7.15740", "2017-08-31": "8.52290", "2017-05-31": "8.52790", "2017-02-28": "1.14390", "2016-11-30": "-5.95630", "2016-08-31": "8.86140", "2016-05-31": "10.55590", "2016-02-29": "1.84770", "2015-11-30": "7.08160", "2015-08-31": "7.90630", "2015-05-31": "9.23520", "2015-02-28": "-6.05980", "2014-11-30": "6.36380", "2014-08-31": "8.04890", "2014-05-31": "8.33160", "2014-02-28": "1.84410", "2013-11-30": "5.80340", "2013-08-31": "8.65590", "2013-05-31": "5.71830", "2013-02-28": "-5.02010", "2012-11-30": "4.00410", "2012-08-31": "3.17860", "2012-05-31": "7.35670", "2012-02-29": "0.85630", "2011-11-30": "5.34360", "2011-08-31": "7.63560", "2011-05-31": "6.91990", "2011-02-28": "0.16160", "2010-11-30": "5.80400", "2010-08-31": "7.71070", "2010-05-31": "6.00500", "2010-02-28": "-1.41020", "2009-11-30": "6.50930", "2009-08-31": "7.97260", "2009-05-31": "4.58460", "2009-02-28": "-4.86830", "2008-11-30": "4.68850", "2008-08-31": "7.05420", "2008-05-31": "-8.44310", "2008-02-29": "1.66040", "2007-11-30": "6.05660", "2007-08-31": "7.33800", "2007-05-31": "8.34760", "2007-02-28": "1.47930", "2006-11-30": "6.54090", "2006-08-31": "7.26660", "2006-05-31": "-15.61950", "2006-02-28": "-0.43870", "2005-11-30": "2.50590", "2005-08-31": "6.68510", "2005-05-31": "6.12470", "2005-02-28": "-0.92420"}, "Asset Turnover": {"2020-11-30": "0.25660", "2020-08-31": "0.28210", "2020-05-31": "0.25910", "2020-02-29": "0.21090", "2019-11-30": "0.25110", "2019-08-31": "0.26320", "2019-05-31": "0.29430", "2019-02-28": "0.21850", "2018-11-30": "0.26010", "2018-08-31": "0.27950", "2018-05-31": "0.29560", "2018-02-28": "0.21470", "2017-11-30": "0.25570", "2017-08-31": "0.26330", "2017-05-31": "0.29330", "2017-02-28": "0.21610", "2016-11-30": "0.26190", "2016-08-31": "0.26490", "2016-05-31": "0.29940", "2016-02-29": "0.22220", "2015-11-30": "0.25580", "2015-08-31": "0.26660", "2015-05-31": "0.29250", "2015-02-28": "0.20700", "2014-11-30": "0.25520", "2014-08-31": "0.27700", "2014-05-31": "0.29160", "2014-02-28": "0.21400", "2013-11-30": "0.26320", "2013-08-31": "0.28660", "2013-05-31": "0.28410", "2013-02-28": "0.21510", "2012-11-30": "0.25590", "2012-08-31": "0.28470", "2012-05-31": "0.30930", "2012-02-29": "0.22660", "2011-11-30": "0.26690", "2011-08-31": "0.28030", "2011-05-31": "0.27930", "2011-02-28": "0.21510", "2010-11-30": "0.26500", "2010-08-31": "0.29250", "2010-05-31": "0.32340", "2010-02-28": "0.19970", "2009-11-30": "0.24680", "2009-08-31": "0.26720", "2009-05-31": "0.25140", "2009-02-28": "0.19790", "2008-11-30": "0.26540", "2008-08-31": "0.27240", "2008-05-31": "0.28590", "2008-02-29": "0.21310", "2007-11-30": "0.27790", "2007-08-31": "0.28210", "2007-05-31": "0.30170", "2007-02-28": "0.22800", "2006-11-30": "0.26710", "2006-08-31": "0.28230", "2006-05-31": "0.30350", "2006-02-28": "0.22800", "2005-11-30": "0.27200", "2005-08-31": "0.27300", "2005-05-31": "0.28500", "2005-02-28": "0.20770"}, "Inventory Turnover Ratio": {"2020-11-30": "1.08450", "2020-08-31": "1.21640", "2020-05-31": "1.11670", "2020-02-29": "0.80860", "2019-11-30": "0.98660", "2019-08-31": "1.04360", "2019-05-31": "1.14700", "2019-02-28": "0.79790", "2018-11-30": "0.98770", "2018-08-31": "1.06690", "2018-05-31": "1.32320", "2018-02-28": "0.71260", "2017-11-30": "0.88470", "2017-08-31": "0.90850", "2017-05-31": "1.05230", "2017-02-28": "0.69350", "2016-11-30": "0.87790", "2016-08-31": "0.96080", "2016-05-31": "1.13640", "2016-02-29": "0.77810", "2015-11-30": "0.93210", "2015-08-31": "0.98690", "2015-05-31": "1.14780", "2015-02-28": "0.78250", "2014-11-30": "0.96750", "2014-08-31": "1.10670", "2014-05-31": "1.16690", "2014-02-28": "0.79640", "2013-11-30": "1.02660", "2013-08-31": "1.16330", "2013-05-31": "1.22200", "2013-02-28": "0.85380", "2012-11-30": "1.08570", "2012-08-31": "1.16660", "2012-05-31": "1.30890", "2012-02-29": "0.90960", "2011-11-30": "1.07160", "2011-08-31": "1.16230", "2011-05-31": "1.22070", "2011-02-28": "0.86560", "2010-11-30": "1.12230", "2010-08-31": "1.23300", "2010-05-31": "1.42900", "2010-02-28": "0.92120", "2009-11-30": "1.14100", "2009-08-31": "1.19980", "2009-05-31": "1.22910", "2009-02-28": "0.86440", "2008-11-30": "1.08110", "2008-08-31": "1.14250", "2008-05-31": "1.30280", "2008-02-29": "0.90770", "2007-11-30": "1.16460", "2007-08-31": "1.15850", "2007-05-31": "1.32470", "2007-02-28": "0.91780", "2006-11-30": "1.11110", "2006-08-31": "1.19330", "2006-05-31": "1.29940", "2006-02-28": "0.92910", "2005-11-30": "1.21060", "2005-08-31": "1.18970", "2005-05-31": "1.28030", "2005-02-28": "0.90420"}, "Receiveable Turnover": {"2020-11-30": "1.37350", "2020-08-31": "1.38610", "2020-05-31": "1.28210", "2020-02-29": "1.23790", "2019-11-30": "1.33730", "2019-08-31": "1.32770", "2019-05-31": "1.29950", "2019-02-28": "1.18610", "2018-11-30": "1.34500", "2018-08-31": "1.36370", "2018-05-31": "1.39890", "2018-02-28": "1.24700", "2017-11-30": "1.34190", "2017-08-31": "1.32540", "2017-05-31": "1.49990", "2017-02-28": "1.29710", "2016-11-30": "1.41620", "2016-08-31": "1.34250", "2016-05-31": "1.48130", "2016-02-29": "1.32420", "2015-11-30": "1.41520", "2015-08-31": "1.34150", "2015-05-31": "1.43600", "2015-02-28": "1.18720", "2014-11-30": "1.32770", "2014-08-31": "1.27140", "2014-05-31": "1.46090", "2014-02-28": "1.22440", "2013-11-30": "1.38720", "2013-08-31": "1.35130", "2013-05-31": "1.48670", "2013-02-28": "1.31290", "2012-11-30": "1.39780", "2012-08-31": "1.37670", "2012-05-31": "1.47780", "2012-02-29": "1.26120", "2011-11-30": "1.38420", "2011-08-31": "1.35990", "2011-05-31": "1.37720", "2011-02-28": "1.24830", "2010-11-30": "1.43790", "2010-08-31": "1.43250", "2010-05-31": "1.53260", "2010-02-28": "1.32740", "2009-11-30": "1.47210", "2009-08-31": "1.43010", "2009-05-31": "1.34240", "2009-02-28": "1.26340", "2008-11-30": "1.46570", "2008-08-31": "1.33950", "2008-05-31": "1.31660", "2008-02-29": "1.31860", "2007-11-30": "1.47400", "2007-08-31": "1.37780", "2007-05-31": "1.35130", "2007-02-28": "1.41000", "2006-11-30": "1.46040", "2006-08-31": "1.40640", "2006-05-31": "1.39670", "2006-02-28": "1.38060", "2005-11-30": "1.44410", "2005-08-31": "1.34250", "2005-05-31": "1.36400", "2005-02-28": "1.30060"}, "Days Sales In Receivables": {"2020-11-30": "65.52570", "2020-08-31": "64.93040", "2020-05-31": "70.19790", "2020-02-29": "72.70300", "2019-11-30": "67.29730", "2019-08-31": "67.78640", "2019-05-31": "69.25910", "2019-02-28": "75.87610", "2018-11-30": "66.91420", "2018-08-31": "65.99800", "2018-05-31": "64.33480", "2018-02-28": "72.17580", "2017-11-30": "67.06750", "2017-08-31": "67.90400", "2017-05-31": "60.00600", "2017-02-28": "69.38390", "2016-11-30": "63.54990", "2016-08-31": "67.03910", "2016-05-31": "60.75930", "2016-02-29": "67.96770", "2015-11-30": "63.59370", "2015-08-31": "67.08850", "2015-05-31": "62.67230", "2015-02-28": "75.80950", "2014-11-30": "67.78800", "2014-08-31": "70.78670", "2014-05-31": "61.60420", "2014-02-28": "73.50360", "2013-11-30": "64.88050", "2013-08-31": "66.60470", "2013-05-31": "60.53790", "2013-02-28": "68.55090", "2012-11-30": "64.38870", "2012-08-31": "65.37320", "2012-05-31": "60.90080", "2012-02-29": "71.35840", "2011-11-30": "65.02040", "2011-08-31": "66.18240", "2011-05-31": "65.34910", "2011-02-28": "72.09730", "2010-11-30": "62.58990", "2010-08-31": "62.82590", "2010-05-31": "58.72490", "2010-02-28": "67.80300", "2009-11-30": "61.13730", "2009-08-31": "62.93170", "2009-05-31": "67.04370", "2009-02-28": "71.23540", "2008-11-30": "61.40360", "2008-08-31": "67.18960", "2008-05-31": "68.35840", "2008-02-29": "68.25190", "2007-11-30": "61.05930", "2007-08-31": "65.32070", "2007-05-31": "66.60210", "2007-02-28": "63.83050", "2006-11-30": "61.62510", "2006-08-31": "63.99260", "2006-05-31": "64.43860", "2006-02-28": "65.18750", "2005-11-30": "62.32060", "2005-08-31": "67.03770", "2005-05-31": "65.98160", "2005-02-28": "69.19710"}, "ROE - Return On Equity": {"2020-11-30": "8.24820", "2020-08-31": "12.45020", "2020-05-31": "8.63270", "2020-02-29": "0.89330", "2019-11-30": "5.51000", "2019-08-31": "7.91190", "2019-05-31": "9.50100", "2019-02-28": "1.00510", "2018-11-30": "3.20130", "2018-08-31": "4.35020", "2018-05-31": "5.25900", "2018-02-28": "2.48090", "2017-11-30": "5.95570", "2017-08-31": "7.48320", "2017-05-31": "8.95590", "2017-02-28": "0.98650", "2016-11-30": "-5.47450", "2016-08-31": "7.88790", "2016-05-31": "11.17690", "2016-02-29": "1.55520", "2015-11-30": "6.51200", "2015-08-31": "7.73790", "2015-05-31": "9.94110", "2015-02-28": "-6.39910", "2014-11-30": "4.64070", "2014-08-31": "6.41470", "2014-05-31": "7.20700", "2014-02-28": "1.13890", "2013-11-30": "4.57970", "2013-08-31": "7.50770", "2013-05-31": "5.02530", "2013-02-28": "-3.22140", "2012-11-30": "3.35290", "2012-08-31": "2.77950", "2012-05-31": "6.74130", "2012-02-29": "0.56630", "2011-11-30": "3.88460", "2011-08-31": "5.80470", "2011-05-31": "5.29620", "2011-02-28": "0.09130", "2010-11-30": "4.16600", "2010-08-31": "6.06320", "2010-05-31": "5.23760", "2010-02-28": "-0.75860", "2009-11-30": "4.39930", "2009-08-31": "5.96890", "2009-05-31": "3.43680", "2009-02-28": "-2.97290", "2008-11-30": "3.72310", "2008-08-31": "5.50890", "2008-05-31": "-7.99300", "2008-02-29": "0.99040", "2007-11-30": "4.45580", "2007-08-31": "5.97080", "2007-05-31": "7.72440", "2007-02-28": "0.97650", "2006-11-30": "5.16250", "2006-08-31": "6.29900", "2006-05-31": "-15.33640", "2006-02-28": "-0.24980", "2005-11-30": "1.68550", "2005-08-31": "4.57130", "2005-05-31": "4.45260", "2005-02-28": "-0.46110"}, "Return On Tangible Equity": {"2020-11-30": "-34.49490", "2020-08-31": "-44.06700", "2020-05-31": "-19.16060", "2020-02-29": "-2.37570", "2019-11-30": "-17.12300", "2019-08-31": "-21.06580", "2019-05-31": "-30.53860", "2019-02-28": "-3.29070", "2018-11-30": "-16.35600", "2018-08-31": "-44.03640", "2018-05-31": "-60.11420", "2018-02-28": "-31.77660", "2017-11-30": "-69.27600", "2017-08-31": "-60.21150", "2017-05-31": "-46.29780", "2017-02-28": "-2.97380", "2016-11-30": "21.70890", "2016-08-31": "-32.55450", "2016-05-31": "-36.55970", "2016-02-29": "-3.79220", "2015-11-30": "-17.81670", "2015-08-31": "-20.16880", "2015-05-31": "-24.42940", "2015-02-28": "13.83380", "2014-11-30": "234.62720", "2014-08-31": "488.27750", "2014-05-31": "-401.78990", "2014-02-28": "-13.88910", "2013-11-30": "-73.44120", "2013-08-31": "-73.02310", "2013-05-31": "-31.16050", "2013-02-28": "15.19640", "2012-11-30": "-20.56550", "2012-08-31": "141.51110", "2012-05-31": "74.42650", "2012-02-29": "4.39940", "2011-11-30": "31.93380", "2011-08-31": "30.50250", "2011-05-31": "30.23640", "2011-02-28": "0.71060", "2010-11-30": "29.60500", "2010-08-31": "51.76420", "2010-05-31": "67.70090", "2010-02-28": "22.43220", "2009-11-30": "111.25320", "2009-08-31": "735.55680", "2009-05-31": "-55.68050", "2009-02-28": "22.40340", "2008-11-30": "-57.15490", "2008-08-31": "4810.63800", "2008-05-31": "58.16980", "2008-02-29": "49.55110", "2007-11-30": "165.91610", "2007-08-31": "-156.80460", "2007-05-31": "-86.79460", "2007-02-28": "-10.01740", "2006-11-30": "-47.84890", "2006-08-31": "-44.97610", "2006-05-31": "96.84250", "2006-02-28": "-17.46380", "2005-11-30": "29.16620", "2005-08-31": "85.71550", "2005-05-31": "46.78090", "2005-02-28": "-5.01220"}, "ROA - Return On Assets": {"2020-11-30": "2.20860", "2020-08-31": "3.17480", "2020-05-31": "1.93880", "2020-02-29": "0.21720", "2019-11-30": "1.38550", "2019-08-31": "1.90290", "2019-05-31": "2.45950", "2019-02-28": "0.27770", "2018-11-30": "0.93860", "2018-08-31": "1.34370", "2018-05-31": "1.62960", "2018-02-28": "0.79030", "2017-11-30": "1.86320", "2017-08-31": "2.28820", "2017-05-31": "2.53120", "2017-02-28": "0.26800", "2016-11-30": "-1.54500", "2016-08-31": "2.39890", "2016-05-31": "3.22470", "2016-02-29": "0.43370", "2015-11-30": "1.86240", "2015-08-31": "2.15300", "2015-05-31": "2.73920", "2015-02-28": "-1.72720", "2014-11-30": "1.75960", "2014-08-31": "2.41190", "2014-05-31": "2.59850", "2014-02-28": "0.41920", "2013-11-30": "1.68070", "2013-08-31": "2.63070", "2013-05-31": "1.65230", "2013-02-28": "-1.07550", "2012-11-30": "1.15920", "2012-08-31": "1.03010", "2012-05-31": "2.48690", "2012-02-29": "0.23210", "2011-11-30": "1.57110", "2011-08-31": "2.36960", "2011-05-31": "2.09040", "2011-02-28": "0.03780", "2010-11-30": "1.71560", "2010-08-31": "2.45170", "2010-05-31": "2.02470", "2010-02-28": "-0.27460", "2009-11-30": "1.62110", "2009-08-31": "2.13190", "2009-05-31": "1.15270", "2009-02-28": "-0.96350", "2008-11-30": "1.24440", "2008-08-31": "1.92130", "2008-05-31": "-2.41380", "2008-02-29": "0.35380", "2007-11-30": "1.68280", "2007-08-31": "2.07010", "2007-05-31": "2.51880", "2007-02-28": "0.33740", "2006-11-30": "1.74730", "2006-08-31": "2.05130", "2006-05-31": "-4.73980", "2006-02-28": "-0.10000", "2005-11-30": "0.68170", "2005-08-31": "1.82470", "2005-05-31": "1.74530", "2005-02-28": "-0.19200"}, "ROI - Return On Investment": {"2020-11-30": "3.38760", "2020-08-31": "4.82190", "2020-05-31": "2.93250", "2020-02-29": "0.31470", "2019-11-30": "2.02170", "2019-08-31": "3.16560", "2019-05-31": "3.95710", "2019-02-28": "0.41260", "2018-11-30": "1.42330", "2018-08-31": "1.80870", "2018-05-31": "2.25830", "2018-02-28": "1.06370", "2017-11-30": "2.74450", "2017-08-31": "3.40780", "2017-05-31": "3.93420", "2017-02-28": "0.43990", "2016-11-30": "-2.40740", "2016-08-31": "3.66960", "2016-05-31": "5.10480", "2016-02-29": "0.64520", "2015-11-30": "2.83740", "2015-08-31": "3.31490", "2015-05-31": "4.36250", "2015-02-28": "-2.67600", "2014-11-30": "2.57580", "2014-08-31": "3.37030", "2014-05-31": "3.89020", "2014-02-28": "0.58980", "2013-11-30": "2.39300", "2013-08-31": "3.75930", "2013-05-31": "2.49950", "2013-02-28": "-1.56140", "2012-11-30": "1.65330", "2012-08-31": "1.47810", "2012-05-31": "3.64990", "2012-02-29": "0.31710", "2011-11-30": "2.17370", "2011-08-31": "3.28260", "2011-05-31": "2.94660", "2011-02-28": "0.05330", "2010-11-30": "2.42450", "2010-08-31": "3.45620", "2010-05-31": "2.91630", "2010-02-28": "-0.43420", "2009-11-30": "2.58070", "2009-08-31": "3.72520", "2009-05-31": "2.06230", "2009-02-28": "-1.67090", "2008-11-30": "2.18220", "2008-08-31": "3.12110", "2008-05-31": "-4.12320", "2008-02-29": "0.53800", "2007-11-30": "2.64790", "2007-08-31": "3.30580", "2007-05-31": "4.25450", "2007-02-28": "0.51220", "2006-11-30": "2.68680", "2006-08-31": "3.22820", "2006-05-31": "-7.90520", "2006-02-28": "-0.13870", "2005-11-30": "0.95140", "2005-08-31": "2.54500", "2005-05-31": "2.46340", "2005-02-28": "-0.25510"}, "Book Value Per Share": {"2020-11-30": "11.91680", "2020-08-31": "11.17190", "2020-05-31": "9.76490", "2020-02-29": "10.42010", "2019-11-30": "10.81400", "2019-08-31": "10.38040", "2019-05-31": "10.75310", "2019-02-28": "10.96410", "2018-11-30": "11.53740", "2018-08-31": "12.09360", "2018-05-31": "12.22280", "2018-02-28": "12.23380", "2017-11-30": "12.04140", "2017-08-31": "11.69870", "2017-05-31": "10.77170", "2017-02-28": "9.62490", "2016-11-30": "9.60750", "2016-08-31": "10.77820", "2016-05-31": "10.34080", "2016-02-29": "9.33800", "2015-11-30": "9.69280", "2015-08-31": "9.74140", "2015-05-31": "9.71050", "2015-02-28": "9.26020", "2014-11-30": "11.89910", "2014-08-31": "12.24150", "2014-05-31": "11.84480", "2014-02-28": "11.14380", "2013-11-30": "11.21740", "2013-08-31": "10.71090", "2013-05-31": "10.21850", "2013-02-28": "9.88440", "2012-11-30": "10.38600", "2012-08-31": "10.31980", "2012-05-31": "9.98810", "2012-02-29": "10.64130", "2011-11-30": "10.57680", "2011-08-31": "10.94890", "2011-05-31": "10.62470", "2011-02-28": "10.01820", "2010-11-30": "9.87630", "2010-08-31": "9.55170", "2010-05-31": "8.93830", "2010-02-28": "9.32100", "2009-11-30": "9.89920", "2009-08-31": "9.48360", "2009-05-31": "8.90010", "2009-02-28": "8.10280", "2008-11-30": "8.72980", "2008-08-31": "9.77460", "2008-05-31": "9.30160", "2008-02-29": "10.07090", "2007-11-30": "10.10910", "2007-08-31": "9.42600", "2007-05-31": "8.98940", "2007-02-28": "8.52340", "2006-11-30": "8.57760", "2006-08-31": "8.19380", "2006-05-31": "7.79790", "2006-02-28": "9.08010", "2005-11-30": "9.29530", "2005-08-31": "9.28560", "2005-05-31": "8.82780", "2005-02-28": "8.81190"}, "Operating Cash Flow Per Share": {"2020-11-30": 2.0191, "2020-08-31": "2.47000", "2020-05-31": 1.2995, "2020-02-29": 0.6061, "2019-11-30": 1.2047, "2019-08-31": "1.12070", "2019-05-31": 1.0775, "2019-02-28": -0.023, "2018-11-30": 1.1785, "2018-08-31": "-0.05230", "2018-05-31": 1.773, "2018-02-28": 0.2235, "2017-11-30": 1.0417, "2017-08-31": "-0.19220", "2017-05-31": 1.5292, "2017-02-28": 0.113, "2016-11-30": 1.1664, "2016-08-31": "0.04810", "2016-05-31": 1.7381, "2016-02-29": 0.5122, "2015-11-30": 1.1739, "2015-08-31": "0.04800", "2015-05-31": 2.2639, "2015-02-28": -0.2236, "2014-11-30": 1.3368, "2014-08-31": "-0.92740", "2014-05-31": 1.9025, "2014-02-28": 0.0327, "2013-11-30": 1.161, "2013-08-31": "-0.99360", "2013-05-31": 1.5142, "2013-02-28": 0.3404, "2012-11-30": 0.8471, "2012-08-31": "0.13690", "2012-05-31": 1.1139, "2012-02-29": 0.3203, "2011-11-30": 0.7986, "2011-08-31": "0.05810", "2011-05-31": 0.3843, "2011-02-28": 0.0411, "2010-11-30": 1.1137, "2010-08-31": "0.32060", "2010-05-31": 0.1152, "2010-02-28": 0.0515, "2009-11-30": 1.0197, "2009-08-31": "0.41020", "2009-05-31": 1.0277, "2009-02-28": 0.2479, "2008-11-30": 0.9107, "2008-08-31": "-0.09530", "2008-05-31": 0.6913, "2008-02-29": 0.4453, "2007-11-30": 0.8203, "2007-08-31": "-0.02330", "2007-05-31": 0.4654, "2007-02-28": 0.3962, "2006-11-30": 0.5304, "2006-08-31": "0.17980", "2006-05-31": 0.6346, "2006-02-28": 0.2037, "2005-11-30": 0.4902, "2005-08-31": "0.25910", "2005-05-31": 0.5143, "2005-02-28": 0.7309}, "Free Cash Flow Per Share": {"2020-11-30": 1.7918, "2020-08-31": "2.14780", "2020-05-31": 0.9735, "2020-02-29": 0.3484, "2019-11-30": 0.9342, "2019-08-31": "0.83810", "2019-05-31": 0.7001, "2019-02-28": -0.2248, "2018-11-30": 0.947, "2018-08-31": "-0.25960", "2018-05-31": 1.4922, "2018-02-28": 0.0027, "2017-11-30": 0.8369, "2017-08-31": "-0.32140", "2017-05-31": 1.2092, "2017-02-28": -0.1324, "2016-11-30": 0.9242, "2016-08-31": "-0.07730", "2016-05-31": 1.3057, "2016-02-29": 0.3164, "2015-11-30": 1.0326, "2015-08-31": "-0.03960", "2015-05-31": 1.9955, "2015-02-28": -0.3917, "2014-11-30": 1.2298, "2014-08-31": "-1.01670", "2014-05-31": 1.6128, "2014-02-28": -0.1213, "2013-11-30": 0.9778, "2013-08-31": "-1.07570", "2013-05-31": 1.1642, "2013-02-28": 0.2244, "2012-11-30": 0.7073, "2012-08-31": "0.03880", "2012-05-31": 0.8216, "2012-02-29": 0.1991, "2011-11-30": 0.6939, "2011-08-31": "0.01990", "2011-05-31": 0.2412, "2011-02-28": -0.0067, "2010-11-30": 1.0189, "2010-08-31": "0.29530", "2010-05-31": 0.0437, "2010-02-28": 0.0052, "2009-11-30": 0.9813, "2009-08-31": "0.38450", "2009-05-31": 0.8896, "2009-02-28": 0.1504, "2008-11-30": 0.8099, "2008-08-31": "-0.18950", "2008-05-31": 0.3285, "2008-02-29": 0.3501, "2007-11-30": 0.7289, "2007-08-31": "-0.06570", "2007-05-31": 0.2005, "2007-02-28": 0.2867, "2006-11-30": 0.4456, "2006-08-31": "0.09210", "2006-05-31": 0.3781, "2006-02-28": 0.0966, "2005-11-30": 0.3973, "2005-08-31": "0.19220", "2005-05-31": 0.368, "2005-02-28": 0.4372}}, "revenue": {"RPM Annual Revenue (Millions of US $)": {"2020": "$5,507", "2019": "$5,565", "2018": "$5,322", "2017": "$4,958", "2016": "$4,814", "2015": "$4,595", "2014": "$4,376", "2013": "$4,079", "2012": "$3,777", "2011": "$3,382", "2010": "$3,413", "2009": "$3,368", "2008": "$3,644", "2007": "$3,339", "2006": "$3,008", "2005": "$2,556"}, "RPM Quarterly Revenue (Millions of US $)": {"2020-11-30": "$1,486", "2020-08-31": "$1,607", "2020-05-31": "$1,459", "2020-02-29": "$1,174", "2019-11-30": "$1,401", "2019-08-31": "$1,473", "2019-05-31": "$1,601", "2019-02-28": "$1,141", "2018-11-30": "$1,363", "2018-08-31": "$1,460", "2018-05-31": "$1,558", "2018-02-28": "$1,103", "2017-11-30": "$1,315", "2017-08-31": "$1,345", "2017-05-31": "$1,493", "2017-02-28": "$1,022", "2016-11-30": "$1,191", "2016-08-31": "$1,252", "2016-05-31": "$1,427", "2016-02-29": "$989", "2015-11-30": "$1,156", "2015-08-31": "$1,243", "2015-05-31": "$1,373", "2015-02-28": "$946", "2014-11-30": "$1,071", "2014-08-31": "$1,204", "2014-05-31": "$1,277", "2014-02-28": "$863", "2013-11-30": "$1,071", "2013-08-31": "$1,165", "2013-05-31": "$1,171", "2013-02-28": "$844", "2012-11-30": "$1,017", "2012-08-31": "$1,047", "2012-05-31": "$1,102", "2012-02-29": "$774", "2011-11-30": "$916", "2011-08-31": "$986", "2011-05-31": "$982", "2011-02-28": "$679", "2010-11-30": "$826", "2010-08-31": "$895", "2010-05-31": "$972", "2010-02-28": "$667", "2009-11-30": "$859", "2009-08-31": "$916", "2009-05-31": "$857", "2009-02-28": "$635", "2008-11-30": "$890", "2008-08-31": "$985", "2008-05-31": "$1,076", "2008-02-29": "$732", "2007-11-30": "$906", "2007-08-31": "$930", "2007-05-31": "$1,006", "2007-02-28": "$679", "2006-11-30": "$809", "2006-08-31": "$844", "2006-05-31": "$909", "2006-02-28": "$612", "2005-11-30": "$739", "2005-08-31": "$747", "2005-05-31": "$754", "2005-02-28": "$516"}}, "gross-profit": {"RPM Annual Gross Profit (Millions of US $)": {"2020": "$2,093", "2019": "$2,088", "2018": "$2,017", "2017": "$2,166", "2016": "$2,087", "2015": "$1,941", "2014": "$1,876", "2013": "$1,703", "2012": "$1,542", "2011": "$1,401", "2010": "$1,435", "2009": "$1,353", "2008": "$1,499", "2007": "$1,360", "2006": "$1,247", "2005": "$1,103"}, "RPM Quarterly Gross Profit (Millions of US $)": {"2020-11-30": "$586", "2020-08-31": "$654", "2020-05-31": "$554", "2020-02-29": "$435", "2019-11-30": "$529", "2019-08-31": "$575", "2019-05-31": "$636", "2019-02-28": "$409", "2018-11-30": "$494", "2018-08-31": "$549", "2018-05-31": "$454", "2018-02-28": "$439", "2017-11-30": "$551", "2017-08-31": "$572", "2017-05-31": "$663", "2017-02-28": "$429", "2016-11-30": "$522", "2016-08-31": "$552", "2016-05-31": "$647", "2016-02-29": "$413", "2015-11-30": "$494", "2015-08-31": "$533", "2015-05-31": "$599", "2015-02-28": "$380", "2014-11-30": "$454", "2014-08-31": "$508", "2014-05-31": "$561", "2014-02-28": "$358", "2013-11-30": "$458", "2013-08-31": "$499", "2013-05-31": "$500", "2013-02-28": "$344", "2012-11-30": "$425", "2012-08-31": "$434", "2012-05-31": "$460", "2012-02-29": "$303", "2011-11-30": "$369", "2011-08-31": "$410", "2011-05-31": "$416", "2011-02-28": "$270", "2010-11-30": "$339", "2010-08-31": "$375", "2010-05-31": "$419", "2010-02-28": "$260", "2009-11-30": "$363", "2009-08-31": "$394", "2009-05-31": "$358", "2009-02-28": "$235", "2008-11-30": "$357", "2008-08-31": "$404", "2008-05-31": "$456", "2008-02-29": "$291", "2007-11-30": "$368", "2007-08-31": "$384", "2007-05-31": "$426", "2007-02-28": "$263", "2006-11-30": "$326", "2006-08-31": "$345", "2006-05-31": "$391", "2006-02-28": "$243", "2005-11-30": "$298", "2005-08-31": "$315", "2005-05-31": "$326", "2005-02-28": "$211"}}, "operating-income": {"RPM Annual Operating Income (Millions of US $)": {"2020": "$544", "2019": "$488", "2018": "$518", "2017": "$329", "2016": "$566", "2015": "$518", "2014": "$486", "2013": "$393", "2012": "$387", "2011": "$342", "2010": "$325", "2009": "$241", "2008": "$91", "2007": "$355", "2006": "$-81", "2005": "$199"}, "RPM Quarterly Operating Income (Millions of US $)": {"2020-11-30": "$187", "2020-08-31": "$258", "2020-05-31": "$191", "2020-02-29": "$53", "2019-11-30": "$126", "2019-08-31": "$174", "2019-05-31": "$211", "2019-02-28": "$35", "2018-11-30": "$108", "2018-08-31": "$134", "2018-05-31": "$153", "2018-02-28": "$57", "2017-11-30": "$131", "2017-08-31": "$178", "2017-05-31": "$209", "2017-02-28": "$38", "2016-11-30": "$-86", "2016-08-31": "$168", "2016-05-31": "$223", "2016-02-29": "$42", "2015-11-30": "$141", "2015-08-31": "$160", "2015-05-31": "$204", "2015-02-28": "$34", "2014-11-30": "$119", "2014-08-31": "$162", "2014-05-31": "$171", "2014-02-28": "$36", "2013-11-30": "$115", "2013-08-31": "$164", "2013-05-31": "$146", "2013-02-28": "$25", "2012-11-30": "$99", "2012-08-31": "$123", "2012-05-31": "$138", "2012-02-29": "$26", "2011-11-30": "$87", "2011-08-31": "$136", "2011-05-31": "$119", "2011-02-28": "$13", "2010-11-30": "$89", "2010-08-31": "$122", "2010-05-31": "$108", "2010-02-28": "$3", "2009-11-30": "$93", "2009-08-31": "$121", "2009-05-31": "$83", "2009-02-28": "$-31", "2008-11-30": "$78", "2008-08-31": "$111", "2008-05-31": "$-139", "2008-02-29": "$25", "2007-11-30": "$93", "2007-08-31": "$113", "2007-05-31": "$133", "2007-02-28": "$23", "2006-11-30": "$91", "2006-08-31": "$107", "2006-05-31": "$-210", "2006-02-28": "$5", "2005-11-30": "$37", "2005-08-31": "$86", "2005-05-31": "$84", "2005-02-28": "$1"}}, "ebitda": {"RPM Annual EBITDA (Millions of US $)": {"2020": "$701", "2019": "$634", "2018": "$647", "2017": "$639", "2016": "$682", "2015": "$618", "2014": "$576", "2013": "$480", "2012": "$463", "2011": "$415", "2010": "$410", "2009": "$342", "2008": "$177", "2007": "$436", "2006": "$-7", "2005": "$265"}, "RPM Quarterly EBITDA (Millions of US $)": {"2020-11-30": "$224", "2020-08-31": "$293", "2020-05-31": "$234", "2020-02-29": "$89", "2019-11-30": "$168", "2019-08-31": "$210", "2019-05-31": "$249", "2019-02-28": "$70", "2018-11-30": "$145", "2018-08-31": "$170", "2018-05-31": "$185", "2018-02-28": "$89", "2017-11-30": "$164", "2017-08-31": "$209", "2017-05-31": "$239", "2017-02-28": "$72", "2016-11-30": "$131", "2016-08-31": "$197", "2016-05-31": "$255", "2016-02-29": "$70", "2015-11-30": "$169", "2015-08-31": "$188", "2015-05-31": "$231", "2015-02-28": "$59", "2014-11-30": "$142", "2014-08-31": "$185", "2014-05-31": "$194", "2014-02-28": "$58", "2013-11-30": "$137", "2013-08-31": "$186", "2013-05-31": "$168", "2013-02-28": "$47", "2012-11-30": "$121", "2012-08-31": "$143", "2012-05-31": "$160", "2012-02-29": "$44", "2011-11-30": "$106", "2011-08-31": "$154", "2011-05-31": "$137", "2011-02-28": "$31", "2010-11-30": "$107", "2010-08-31": "$140", "2010-05-31": "$129", "2010-02-28": "$24", "2009-11-30": "$115", "2009-08-31": "$142", "2009-05-31": "$120", "2009-02-28": "$-10", "2008-11-30": "$99", "2008-08-31": "$133", "2008-05-31": "$-117", "2008-02-29": "$46", "2007-11-30": "$114", "2007-08-31": "$134", "2007-05-31": "$156", "2007-02-28": "$44", "2006-11-30": "$110", "2006-08-31": "$127", "2006-05-31": "$-188", "2006-02-28": "$23", "2005-11-30": "$56", "2005-08-31": "$103", "2005-05-31": "$101", "2005-02-28": "$17"}}, "net-income": {"RPM Annual Net Income (Millions of US $)": {"2020": "$302", "2019": "$265", "2018": "$334", "2017": "$179", "2016": "$349", "2015": "$235", "2014": "$285", "2013": "$99", "2012": "$212", "2011": "$186", "2010": "$178", "2009": "$120", "2008": "$44", "2007": "$208", "2006": "$-76", "2005": "$105"}, "RPM Quarterly Net Income (Millions of US $)": {"2020-11-30": "$127", "2020-08-31": "$179", "2020-05-31": "$109", "2020-02-29": "$12", "2019-11-30": "$76", "2019-08-31": "$106", "2019-05-31": "$133", "2019-02-28": "$14", "2018-11-30": "$49", "2018-08-31": "$69", "2018-05-31": "$85", "2018-02-28": "$40", "2017-11-30": "$94", "2017-08-31": "$115", "2017-05-31": "$127", "2017-02-28": "$12", "2016-11-30": "$-71", "2016-08-31": "$111", "2016-05-31": "$151", "2016-02-29": "$18", "2015-11-30": "$82", "2015-08-31": "$98", "2015-05-31": "$127", "2015-02-28": "$-57", "2014-11-30": "$68", "2014-08-31": "$97", "2014-05-31": "$106", "2014-02-28": "$16", "2013-11-30": "$62", "2013-08-31": "$101", "2013-05-31": "$67", "2013-02-28": "$-42", "2012-11-30": "$41", "2012-08-31": "$33", "2012-05-31": "$81", "2012-02-29": "$7", "2011-11-30": "$49", "2011-08-31": "$75", "2011-05-31": "$68", "2011-02-28": "$1", "2010-11-30": "$48", "2010-08-31": "$69", "2010-05-31": "$58", "2010-02-28": "$-9", "2009-11-30": "$56", "2009-08-31": "$73", "2009-05-31": "$39", "2009-02-28": "$-31", "2008-11-30": "$42", "2008-08-31": "$70", "2008-05-31": "$-91", "2008-02-29": "$12", "2007-11-30": "$55", "2007-08-31": "$68", "2007-05-31": "$84", "2007-02-28": "$10", "2006-11-30": "$53", "2006-08-31": "$61", "2006-05-31": "$-142", "2006-02-28": "$-3", "2005-11-30": "$19", "2005-08-31": "$50", "2005-05-31": "$46", "2005-02-28": "$-5"}}, "eps-earnings-per-share-diluted": {"RPM Annual EPS": {"2020": "$2.34", "2019": "$2.01", "2018": "$2.50", "2017": "$1.36", "2016": "$2.63", "2015": "$1.78", "2014": "$2.18", "2013": "$0.74", "2012": "$1.65", "2011": "$1.45", "2010": "$1.39", "2009": "$0.93", "2008": "$0.36", "2007": "$1.64", "2006": "$-0.65", "2005": "$0.86"}, "RPM Quarterly EPS": {"2020-11-30": "$0.98", "2020-08-31": "$1.39", "2020-05-31": "$0.84", "2020-02-29": "$0.09", "2019-11-30": "$0.59", "2019-08-31": "$0.82", "2019-05-31": "$1.01", "2019-02-28": "$0.11", "2018-11-30": "$0.37", "2018-08-31": "$0.52", "2018-05-31": "$0.64", "2018-02-28": "$0.30", "2017-11-30": "$0.70", "2017-08-31": "$0.86", "2017-05-31": "$0.98", "2017-02-28": "$0.09", "2016-11-30": "$-0.54", "2016-08-31": "$0.83", "2016-05-31": "$1.13", "2016-02-29": "$0.14", "2015-11-30": "$0.62", "2015-08-31": "$0.74", "2015-05-31": "$0.97", "2015-02-28": "$-0.44", "2014-11-30": "$0.52", "2014-08-31": "$0.73", "2014-05-31": "$0.81", "2014-02-28": "$0.12", "2013-11-30": "$0.48", "2013-08-31": "$0.77", "2013-05-31": "$0.50", "2013-02-28": "$-0.33", "2012-11-30": "$0.31", "2012-08-31": "$0.26", "2012-05-31": "$0.63", "2012-02-29": "$0.05", "2011-11-30": "$0.38", "2011-08-31": "$0.59", "2011-05-31": "$0.53", "2011-02-28": "$0.01", "2010-11-30": "$0.38", "2010-08-31": "$0.53", "2010-05-31": "$0.46", "2010-02-28": "$-0.07", "2009-11-30": "$0.43", "2009-08-31": "$0.57", "2009-05-31": "$0.31", "2009-02-28": "$-0.24", "2008-11-30": "$0.33", "2008-08-31": "$0.53", "2008-05-31": "$-0.70", "2008-02-29": "$0.10", "2007-11-30": "$0.43", "2007-08-31": "$0.53", "2007-05-31": "$0.65", "2007-02-28": "$0.08", "2006-11-30": "$0.42", "2006-08-31": "$0.49", "2006-05-31": "$-1.18", "2006-02-28": "$-0.02", "2005-11-30": "$0.15", "2005-08-31": "$0.40", "2005-05-31": "$0.38", "2005-02-28": "$-0.04"}}, "shares-outstanding": {"RPM Annual Shares Outstanding (Millions of Shares)": {"2020": "130", "2019": "134", "2018": "137", "2017": "135", "2016": "137", "2015": "135", "2014": "132", "2013": "130", "2012": "129", "2011": "128", "2010": "128", "2009": "128", "2008": "121", "2007": "129", "2006": "117", "2005": "126"}, "RPM Quarterly Shares Outstanding (Millions of Shares)": {"2020-11-30": "129", "2020-08-31": "129", "2020-05-31": "130", "2020-02-29": "130", "2019-11-30": "129", "2019-08-31": "130", "2019-05-31": "134", "2019-02-28": "132", "2018-11-30": "132", "2018-08-31": "136", "2018-05-31": "137", "2018-02-28": "131", "2017-11-30": "136", "2017-08-31": "136", "2017-05-31": "135", "2017-02-28": "131", "2016-11-30": "131", "2016-08-31": "135", "2016-05-31": "137", "2016-02-29": "129", "2015-11-30": "137", "2015-08-31": "137", "2015-05-31": "135", "2015-02-28": "130", "2014-11-30": "135", "2014-08-31": "135", "2014-05-31": "132", "2014-02-28": "129", "2013-11-30": "130", "2013-08-31": "130", "2013-05-31": "130", "2013-02-28": "129", "2012-11-30": "130", "2012-08-31": "130", "2012-05-31": "129", "2012-02-29": "130", "2011-11-30": "128", "2011-08-31": "129", "2011-05-31": "128", "2011-02-28": "129", "2010-11-30": "128", "2010-08-31": "128", "2010-05-31": "128", "2010-02-28": "128", "2009-11-30": "129", "2009-08-31": "127", "2009-05-31": "128", "2009-02-28": "127", "2008-11-30": "128", "2008-08-31": "129", "2008-05-31": "121", "2008-02-29": "130", "2007-11-30": "131", "2007-08-31": "130", "2007-05-31": "129", "2007-02-28": "121", "2006-11-30": "129", "2006-08-31": "128", "2006-05-31": "117", "2006-02-28": "117", "2005-11-30": "128", "2005-08-31": "127", "2005-05-31": "126", "2005-02-28": "117"}}, "total-assets": {"RPM Annual Total Assets (Millions of US $)": {"2020": "$5,631", "2019": "$5,441", "2018": "$5,272", "2017": "$5,090", "2016": "$4,765", "2015": "$4,694", "2014": "$4,378", "2013": "$4,121", "2012": "$3,562", "2011": "$3,515", "2010": "$3,004", "2009": "$3,410", "2008": "$3,764", "2007": "$3,333", "2006": "$2,996", "2005": "$2,647"}, "RPM Quarterly Total Assets (Millions of US $)": {"2020-11-30": "$5,790", "2020-08-31": "$5,694", "2020-05-31": "$5,631", "2020-02-29": "$5,566", "2019-11-30": "$5,581", "2019-08-31": "$5,596", "2019-05-31": "$5,441", "2019-02-28": "$5,219", "2018-11-30": "$5,239", "2018-08-31": "$5,223", "2018-05-31": "$5,272", "2018-02-28": "$5,136", "2017-11-30": "$5,145", "2017-08-31": "$5,109", "2017-05-31": "$5,090", "2017-02-28": "$4,732", "2016-11-30": "$4,547", "2016-08-31": "$4,727", "2016-05-31": "$4,765", "2016-02-29": "$4,448", "2015-11-30": "$4,518", "2015-08-31": "$4,661", "2015-05-31": "$4,694", "2015-02-28": "$4,571", "2014-11-30": "$4,197", "2014-08-31": "$4,347", "2014-05-31": "$4,378", "2014-02-28": "$4,034", "2013-11-30": "$4,071", "2013-08-31": "$4,063", "2013-05-31": "$4,121", "2013-02-28": "$3,923", "2012-11-30": "$3,976", "2012-08-31": "$3,676", "2012-05-31": "$3,562", "2012-02-29": "$3,414", "2011-11-30": "$3,432", "2011-08-31": "$3,517", "2011-05-31": "$3,515", "2011-02-28": "$3,156", "2010-11-30": "$3,119", "2010-08-31": "$3,059", "2010-05-31": "$3,004", "2010-02-28": "$3,337", "2009-11-30": "$3,479", "2009-08-31": "$3,428", "2009-05-31": "$3,410", "2009-02-28": "$3,210", "2008-11-30": "$3,353", "2008-08-31": "$3,618", "2008-05-31": "$3,764", "2008-02-29": "$3,434", "2007-11-30": "$3,260", "2007-08-31": "$3,298", "2007-05-31": "$3,333", "2007-02-28": "$2,980", "2006-11-30": "$3,030", "2006-08-31": "$2,990", "2006-05-31": "$2,996", "2006-02-28": "$2,686", "2005-11-30": "$2,718", "2005-08-31": "$2,738", "2005-05-31": "$2,647", "2005-02-28": "$2,485"}}, "cash-on-hand": {"RPM Annual Cash on Hand (Millions of US $)": {"2020": "$233", "2019": "$223", "2018": "$244", "2017": "$350", "2016": "$265", "2015": "$175", "2014": "$333", "2013": "$344", "2012": "$316", "2011": "$435", "2010": "$215", "2009": "$253", "2008": "$231", "2007": "$159", "2006": "$109", "2005": "$184"}, "RPM Quarterly Cash on Hand (Millions of US $)": {"2020-11-30": "$273", "2020-08-31": "$252", "2020-05-31": "$233", "2020-02-29": "$212", "2019-11-30": "$208", "2019-08-31": "$212", "2019-05-31": "$223", "2019-02-28": "$195", "2018-11-30": "$227", "2018-08-31": "$202", "2018-05-31": "$244", "2018-02-28": "$264", "2017-11-30": "$268", "2017-08-31": "$236", "2017-05-31": "$350", "2017-02-28": "$211", "2016-11-30": "$206", "2016-08-31": "$194", "2016-05-31": "$265", "2016-02-29": "$221", "2015-11-30": "$191", "2015-08-31": "$169", "2015-05-31": "$175", "2015-02-28": "$220", "2014-11-30": "$297", "2014-08-31": "$225", "2014-05-31": "$333", "2014-02-28": "$216", "2013-11-30": "$224", "2013-08-31": "$205", "2013-05-31": "$344", "2013-02-28": "$247", "2012-11-30": "$262", "2012-08-31": "$257", "2012-05-31": "$316", "2012-02-29": "$272", "2011-11-30": "$301", "2011-08-31": "$373", "2011-05-31": "$435", "2011-02-28": "$275", "2010-11-30": "$299", "2010-08-31": "$219", "2010-05-31": "$215", "2010-02-28": "$256", "2009-11-30": "$364", "2009-08-31": "$256", "2009-05-31": "$253", "2009-02-28": "$205", "2008-11-30": "$205", "2008-08-31": "$201", "2008-05-31": "$231", "2008-02-29": "$391", "2007-11-30": "$191", "2007-08-31": "$160", "2007-05-31": "$159", "2007-02-28": "$138", "2006-11-30": "$135", "2006-08-31": "$108", "2006-05-31": "$109", "2006-02-28": "$93", "2005-11-30": "$103", "2005-08-31": "$78", "2005-05-31": "$184", "2005-02-28": "$173"}}, "long-term-debt": {"RPM Annual Long Term Debt (Millions of US $)": {"2020": "$2,458", "2019": "$1,973", "2018": "$2,171", "2017": "$1,836", "2016": "$1,635", "2015": "$1,654", "2014": "$1,346", "2013": "$1,369", "2012": "$1,113", "2011": "$1,106", "2010": "$924", "2009": "$762", "2008": "$1,067", "2007": "$886", "2006": "$870", "2005": "$838"}, "RPM Quarterly Long Term Debt (Millions of US $)": {"2020-11-30": "$2,225", "2020-08-31": "$2,297", "2020-05-31": "$2,458", "2020-02-29": "$2,489", "2019-11-30": "$2,421", "2019-08-31": "$2,018", "2019-05-31": "$1,973", "2019-02-28": "$2,071", "2018-11-30": "$1,919", "2018-08-31": "$2,267", "2018-05-31": "$2,171", "2018-02-28": "$2,180", "2017-11-30": "$1,883", "2017-08-31": "$1,868", "2017-05-31": "$1,836", "2017-02-28": "$1,598", "2016-11-30": "$1,635", "2016-08-31": "$1,653", "2016-05-31": "$1,635", "2016-02-29": "$1,750", "2015-11-30": "$1,673", "2015-08-31": "$1,731", "2015-05-31": "$1,654", "2015-02-28": "$1,717", "2014-11-30": "$1,276", "2014-08-31": "$1,476", "2014-05-31": "$1,346", "2014-02-28": "$1,382", "2013-11-30": "$1,365", "2013-08-31": "$1,420", "2013-05-31": "$1,369", "2013-02-28": "$1,392", "2012-11-30": "$1,413", "2012-08-31": "$1,200", "2012-05-31": "$1,113", "2012-02-29": "$1,099", "2011-11-30": "$1,092", "2011-08-31": "$1,103", "2011-05-31": "$1,106", "2011-02-28": "$933", "2010-11-30": "$922", "2010-08-31": "$933", "2010-05-31": "$924", "2010-02-28": "$903", "2009-11-30": "$903", "2009-08-31": "$737", "2009-05-31": "$762", "2009-02-28": "$811", "2008-11-30": "$791", "2008-08-31": "$965", "2008-05-31": "$1,067", "2008-02-29": "$1,032", "2007-11-30": "$841", "2007-08-31": "$922", "2007-05-31": "$886", "2007-02-28": "$933", "2006-11-30": "$945", "2006-08-31": "$926", "2006-05-31": "$870", "2006-02-28": "$861", "2005-11-30": "$848", "2005-08-31": "$870", "2005-05-31": "$838", "2005-02-28": "$836"}}, "total-liabilities": {"RPM Annual Total Liabilities (Millions of US $)": {"2020": "$4,366", "2019": "$4,033", "2018": "$3,638", "2017": "$3,652", "2016": "$3,390", "2015": "$3,401", "2014": "$2,800", "2013": "$2,766", "2012": "$2,248", "2011": "$2,128", "2010": "$1,843", "2009": "$2,266", "2008": "$2,627", "2007": "$2,246", "2006": "$2,070", "2005": "$1,610"}, "RPM Quarterly Total Liabilities (Millions of US $)": {"2020-11-30": "$4,240", "2020-08-31": "$4,242", "2020-05-31": "$4,366", "2020-02-29": "$4,213", "2019-11-30": "$4,178", "2019-08-31": "$4,250", "2019-05-31": "$4,033", "2019-02-28": "$3,777", "2018-11-30": "$3,703", "2018-08-31": "$3,610", "2018-05-31": "$3,638", "2018-02-28": "$3,500", "2017-11-30": "$3,535", "2017-08-31": "$3,547", "2017-05-31": "$3,652", "2017-02-28": "$3,446", "2016-11-30": "$3,264", "2016-08-31": "$3,289", "2016-05-31": "$3,390", "2016-02-29": "$3,208", "2015-11-30": "$3,226", "2015-08-31": "$3,364", "2015-05-31": "$3,401", "2015-02-28": "$3,337", "2014-11-30": "$2,606", "2014-08-31": "$2,712", "2014-05-31": "$2,800", "2014-02-28": "$2,549", "2013-11-30": "$2,577", "2013-08-31": "$2,639", "2013-05-31": "$2,766", "2013-02-28": "$2,613", "2012-11-30": "$2,601", "2012-08-31": "$2,314", "2012-05-31": "$2,248", "2012-02-29": "$2,015", "2011-11-30": "$2,044", "2011-08-31": "$2,081", "2011-05-31": "$2,128", "2011-02-28": "$1,849", "2010-11-30": "$1,834", "2010-08-31": "$1,822", "2010-05-31": "$1,843", "2010-02-28": "$2,129", "2009-11-30": "$2,197", "2009-08-31": "$2,204", "2009-05-31": "$2,266", "2009-02-28": "$2,170", "2008-11-30": "$2,232", "2008-08-31": "$2,356", "2008-05-31": "$2,627", "2008-02-29": "$2,207", "2007-11-30": "$2,029", "2007-08-31": "$2,154", "2007-05-31": "$2,246", "2007-02-28": "$1,950", "2006-11-30": "$2,004", "2006-08-31": "$2,017", "2006-05-31": "$2,070", "2006-02-28": "$1,610", "2005-11-30": "$1,619", "2005-08-31": "$1,645", "2005-05-31": "$1,610", "2005-02-28": "$1,451"}}, "total-share-holder-equity": {"RPM Annual Share Holder Equity (Millions of US $)": {"2020": "$1,265", "2019": "$1,409", "2018": "$1,634", "2017": "$1,439", "2016": "$1,375", "2015": "$1,293", "2014": "$1,579", "2013": "$1,355", "2012": "$1,314", "2011": "$1,387", "2010": "$1,161", "2009": "$1,144", "2008": "$1,137", "2007": "$1,087", "2006": "$926", "2005": "$1,038"}, "RPM Quarterly Share Holder Equity (Millions of US $)": {"2020-11-30": "$1,550", "2020-08-31": "$1,452", "2020-05-31": "$1,265", "2020-02-29": "$1,353", "2019-11-30": "$1,403", "2019-08-31": "$1,346", "2019-05-31": "$1,409", "2019-02-28": "$1,442", "2018-11-30": "$1,536", "2018-08-31": "$1,613", "2018-05-31": "$1,634", "2018-02-28": "$1,636", "2017-11-30": "$1,610", "2017-08-31": "$1,562", "2017-05-31": "$1,439", "2017-02-28": "$1,286", "2016-11-30": "$1,283", "2016-08-31": "$1,438", "2016-05-31": "$1,375", "2016-02-29": "$1,241", "2015-11-30": "$1,292", "2015-08-31": "$1,297", "2015-05-31": "$1,293", "2015-02-28": "$1,234", "2014-11-30": "$1,591", "2014-08-31": "$1,634", "2014-05-31": "$1,579", "2014-02-28": "$1,485", "2013-11-30": "$1,494", "2013-08-31": "$1,424", "2013-05-31": "$1,355", "2013-02-28": "$1,310", "2012-11-30": "$1,375", "2012-08-31": "$1,362", "2012-05-31": "$1,314", "2012-02-29": "$1,399", "2011-11-30": "$1,388", "2011-08-31": "$1,436", "2011-05-31": "$1,387", "2011-02-28": "$1,307", "2010-11-30": "$1,284", "2010-08-31": "$1,237", "2010-05-31": "$1,161", "2010-02-28": "$1,208", "2009-11-30": "$1,282", "2009-08-31": "$1,224", "2009-05-31": "$1,144", "2009-02-28": "$1,040", "2008-11-30": "$1,121", "2008-08-31": "$1,262", "2008-05-31": "$1,137", "2008-02-29": "$1,227", "2007-11-30": "$1,231", "2007-08-31": "$1,143", "2007-05-31": "$1,087", "2007-02-28": "$1,029", "2006-11-30": "$1,025", "2006-08-31": "$974", "2006-05-31": "$926", "2006-02-28": "$1,076", "2005-11-30": "$1,099", "2005-08-31": "$1,093", "2005-05-31": "$1,038", "2005-02-28": "$1,035"}}, "profit-margins": {"current": "7.5%"}, "gross margin": {"2020-11-30": "38.93%", "2020-08-31": "38.50%", "2020-05-31": "38.01%", "2020-02-29": "38.50%", "2019-11-30": "38.27%", "2019-08-31": "37.90%", "2019-05-31": "37.52%", "2019-02-28": "34.52%", "2018-11-30": "35.30%", "2018-08-31": "36.66%", "2018-05-31": "37.89%", "2018-02-28": "42.33%", "2017-11-30": "42.80%", "2017-08-31": "43.28%", "2017-05-31": "43.69%", "2017-02-28": "43.95%", "2016-11-30": "43.92%", "2016-08-31": "43.66%", "2016-05-31": "43.34%", "2016-02-29": "42.83%", "2015-11-30": "42.52%", "2015-08-31": "42.43%", "2015-05-31": "42.25%", "2015-02-28": "42.31%", "2014-11-30": "42.60%", "2014-08-31": "42.70%", "2014-05-31": "42.87%", "2014-02-28": "42.51%", "2013-11-30": "42.37%", "2013-08-31": "42.13%", "2013-05-31": "41.75%", "2013-02-28": "41.47%", "2012-11-30": "41.17%", "2012-08-31": "40.79%", "2012-05-31": "40.82%", "2012-02-29": "40.95%", "2011-11-30": "41.12%", "2011-08-31": "41.32%", "2011-05-31": "41.40%", "2011-02-28": "41.61%", "2010-11-30": "41.46%", "2010-08-31": "41.76%", "2010-05-31": "42.06%", "2010-02-28": "41.68%", "2009-11-30": "41.32%", "2009-08-31": "40.75%", "2009-05-31": "40.21%", "2009-02-28": "40.49%", "2008-11-30": "40.94%", "2008-08-31": "41.07%", "2008-05-31": "41.14%", "2008-02-29": "41.10%", "2007-11-30": "40.93%", "2007-08-31": "40.86%", "2007-05-31": "40.74%", "2007-02-28": "40.88%", "2006-11-30": "41.12%", "2006-08-31": "41.14%", "2006-05-31": "41.47%", "2006-02-28": "41.44%", "2005-11-30": "41.73%"}, "operating margin": {"2020-11-30": "12.03%", "2020-08-31": "11.13%", "2020-05-31": "9.88%", "2020-02-29": "9.98%", "2019-11-30": "9.72%", "2019-08-31": "9.47%", "2019-05-31": "8.77%", "2019-02-28": "7.79%", "2018-11-30": "8.24%", "2018-08-31": "8.74%", "2018-05-31": "9.75%", "2018-02-28": "10.94%", "2017-11-30": "10.74%", "2017-08-31": "6.71%", "2017-05-31": "6.64%", "2017-02-28": "7.01%", "2016-11-30": "7.14%", "2016-08-31": "11.90%", "2016-05-31": "11.75%", "2016-02-29": "11.49%", "2015-11-30": "11.42%", "2015-08-31": "11.16%", "2015-05-31": "11.30%", "2015-02-28": "10.80%", "2014-11-30": "11.05%", "2014-08-31": "10.96%", "2014-05-31": "11.11%", "2014-02-28": "10.80%", "2013-11-30": "10.59%", "2013-08-31": "10.34%", "2013-05-31": "9.63%", "2013-02-28": "9.60%", "2012-11-30": "9.80%", "2012-08-31": "9.74%", "2012-05-31": "10.24%", "2012-02-29": "10.06%", "2011-11-30": "9.96%", "2011-08-31": "10.28%", "2011-05-31": "10.14%", "2011-02-28": "9.85%", "2010-11-30": "9.58%", "2010-08-31": "9.61%", "2010-05-31": "9.52%", "2010-02-28": "9.09%", "2009-11-30": "8.14%", "2009-08-31": "7.61%", "2009-05-31": "7.16%", "2009-02-28": "0.53%", "2008-11-30": "2.04%", "2008-08-31": "2.43%", "2008-05-31": "2.52%", "2008-02-29": "10.18%", "2007-11-30": "10.28%", "2007-08-31": "10.51%", "2007-05-31": "10.61%", "2007-02-28": "0.34%", "2006-11-30": "-0.22%", "2006-08-31": "-1.97%", "2006-05-31": "-2.73%", "2006-02-28": "7.43%", "2005-11-30": "7.55%"}, "ebitda margin": {"2020-11-30": "14.67%", "2020-08-31": "13.90%", "2020-05-31": "12.73%", "2020-02-29": "12.67%", "2019-11-30": "12.41%", "2019-08-31": "12.08%", "2019-05-31": "11.39%", "2019-02-28": "10.32%", "2018-11-30": "10.74%", "2018-08-31": "11.18%", "2018-05-31": "12.16%", "2018-02-28": "13.34%", "2017-11-30": "13.22%", "2017-08-31": "12.89%", "2017-05-31": "12.89%", "2017-02-28": "13.39%", "2016-11-30": "13.44%", "2016-08-31": "14.32%", "2016-05-31": "14.16%", "2016-02-29": "13.82%", "2015-11-30": "13.71%", "2015-08-31": "13.38%", "2015-05-31": "13.43%", "2015-02-28": "12.89%", "2014-11-30": "13.11%", "2014-08-31": "13.00%", "2014-05-31": "13.14%", "2014-02-28": "12.86%", "2013-11-30": "12.66%", "2013-08-31": "12.44%", "2013-05-31": "11.74%", "2013-02-28": "11.75%", "2012-11-30": "11.88%", "2012-08-31": "11.80%", "2012-05-31": "12.28%", "2012-02-29": "12.06%", "2011-11-30": "12.01%", "2011-08-31": "12.35%", "2011-05-31": "12.27%", "2011-02-28": "12.07%", "2010-11-30": "11.90%", "2010-08-31": "12.02%", "2010-05-31": "12.01%", "2010-02-28": "12.16%", "2009-11-30": "11.23%", "2009-08-31": "10.64%", "2009-05-31": "10.16%", "2009-02-28": "2.93%", "2008-11-30": "4.37%", "2008-08-31": "4.76%", "2008-05-31": "4.86%", "2008-02-29": "12.59%", "2007-11-30": "12.72%", "2007-08-31": "12.97%", "2007-05-31": "13.09%", "2007-02-28": "2.87%", "2006-11-30": "2.27%", "2006-08-31": "0.58%", "2006-05-31": "-0.20%", "2006-02-28": "9.92%", "2005-11-30": "10.05%"}, "pre tax profit margin": {"2020-11-30": "9.97%", "2020-08-31": "8.97%", "2020-05-31": "7.41%", "2020-02-29": "7.75%", "2019-11-30": "7.59%", "2019-08-31": "7.01%", "2019-05-31": "6.11%", "2019-02-28": "5.09%", "2018-11-30": "5.69%", "2018-08-31": "6.51%", "2018-05-31": "7.84%", "2018-02-28": "9.23%", "2017-11-30": "9.02%", "2017-08-31": "4.97%", "2017-05-31": "4.92%", "2017-02-28": "5.25%", "2016-11-30": "5.39%", "2016-08-31": "10.14%", "2016-05-31": "10.03%", "2016-02-29": "9.72%", "2015-11-30": "9.77%", "2015-08-31": "9.65%", "2015-05-31": "9.86%", "2015-02-28": "9.54%", "2014-11-30": "9.83%", "2014-08-31": "9.65%", "2014-05-31": "9.71%", "2014-02-28": "8.59%", "2013-11-30": "6.56%", "2013-08-31": "6.00%", "2013-05-31": "4.34%", "2013-02-28": "5.04%", "2012-11-30": "7.01%", "2012-08-31": "7.32%", "2012-05-31": "8.68%", "2012-02-29": "8.58%", "2011-11-30": "8.56%", "2011-08-31": "8.81%", "2011-05-31": "8.72%", "2011-02-28": "8.21%", "2010-11-30": "7.86%", "2010-08-31": "7.90%", "2010-05-31": "7.88%", "2010-02-28": "7.40%", "2009-11-30": "6.46%", "2009-08-31": "5.76%", "2009-05-31": "5.38%", "2009-02-28": "-1.31%", "2008-11-30": "0.35%", "2008-08-31": "0.92%", "2008-05-31": "0.93%", "2008-02-29": "8.93%", "2007-11-30": "8.92%", "2007-08-31": "9.14%", "2007-05-31": "9.20%", "2007-02-28": "-1.14%", "2006-11-30": "-1.67%", "2006-08-31": "-3.38%", "2006-05-31": "-4.02%", "2006-02-28": "6.14%", "2005-11-30": "6.24%"}, "net profit margin": {"2020-11-30": "7.46%", "2020-08-31": "6.67%", "2020-05-31": "5.50%", "2020-02-29": "5.79%", "2019-11-30": "5.86%", "2019-08-31": "5.41%", "2019-05-31": "4.76%", "2019-02-28": "3.93%", "2018-11-30": "4.43%", "2018-08-31": "5.30%", "2018-05-31": "6.28%", "2018-02-28": "7.15%", "2017-11-30": "6.72%", "2017-08-31": "3.62%", "2017-05-31": "3.61%", "2017-02-28": "4.15%", "2016-11-30": "4.30%", "2016-08-31": "7.50%", "2016-05-31": "7.25%", "2016-02-29": "6.83%", "2015-11-30": "5.30%", "2015-08-31": "5.09%", "2015-05-31": "5.12%", "2015-02-28": "4.76%", "2014-11-30": "6.50%", "2014-08-31": "6.36%", "2014-05-31": "6.51%", "2014-02-28": "5.76%", "2013-11-30": "4.42%", "2013-08-31": "3.98%", "2013-05-31": "2.43%", "2013-02-28": "2.82%", "2012-11-30": "4.11%", "2012-08-31": "4.43%", "2012-05-31": "5.61%", "2012-02-29": "5.44%", "2011-11-30": "5.42%", "2011-08-31": "5.53%", "2011-05-31": "5.50%", "2011-02-28": "5.22%", "2010-11-30": "4.94%", "2010-08-31": "5.13%", "2010-05-31": "5.21%", "2010-02-28": "4.82%", "2009-11-30": "4.19%", "2009-08-31": "3.73%", "2009-05-31": "3.56%", "2009-02-28": "-0.28%", "2008-11-30": "0.90%", "2008-08-31": "1.24%", "2008-05-31": "1.21%", "2008-02-29": "6.13%", "2007-11-30": "6.16%", "2007-08-31": "6.28%", "2007-05-31": "6.23%", "2007-02-28": "-0.56%", "2006-11-30": "-0.98%", "2006-08-31": "-2.09%", "2006-05-31": "-2.53%", "2006-02-28": "3.93%", "2005-11-30": "3.99%"}, "pe ratio": {"current": "22.40", "2021-02-05": "26.20", "2020-11-30": "26.55", "2020-08-31": "28.88", "2020-05-31": "31.54", "2020-02-29": "24.97", "2019-11-30": "28.35", "2019-08-31": "28.33", "2019-05-31": "25.59", "2019-02-28": "34.10", "2018-11-30": "34.57", "2018-08-31": "29.78", "2018-05-31": "18.75", "2018-02-28": "16.66", "2017-11-30": "19.06", "2017-08-31": "33.59", "2017-05-31": "37.84", "2017-02-28": "32.32", "2016-11-30": "30.88", "2016-08-31": "18.14", "2016-05-31": "17.17", "2016-02-29": "14.99", "2015-11-30": "22.46", "2015-08-31": "22.01", "2015-05-31": "25.12", "2015-02-28": "27.44", "2014-11-30": "19.10", "2014-08-31": "19.11", "2014-05-31": "17.05", "2014-02-28": "19.23", "2013-11-30": "23.86", "2013-08-31": "23.13", "2013-05-31": "38.05", "2013-02-28": "28.76", "2012-11-30": "19.01", "2012-08-31": "16.87", "2012-05-31": "12.89", "2012-02-29": "12.32", "2011-11-30": "12.39", "2011-08-31": "10.83", "2011-05-31": "12.60", "2011-02-28": "12.82", "2010-11-30": "12.02", "2010-08-31": "9.45", "2010-05-31": "10.65", "2010-02-28": "11.57", "2009-11-30": "13.52", "2009-08-31": "11.11", "2009-05-31": "10.61", "2009-02-28": "0.00", "2008-11-30": "24.62", "2008-08-31": "45.11", "2008-05-31": "52.34", "2008-02-29": "8.33", "2007-11-30": "7.61", "2007-08-31": "9.02", "2007-05-31": "9.20", "2007-02-28": "0.00", "2006-11-30": "0.00"}, "price sales": {"2021-02-05": "1.95", "2020-11-30": "1.98", "2020-08-31": "1.93", "2020-05-31": "1.74", "2020-02-29": "1.46", "2019-11-30": "1.68", "2019-08-31": "1.55", "2019-05-31": "1.24", "2019-02-28": "1.35", "2018-11-30": "1.54", "2018-08-31": "1.59", "2018-05-31": "1.19", "2018-02-28": "1.19", "2017-11-30": "1.28", "2017-08-31": "1.20", "2017-05-31": "1.34", "2017-02-28": "1.33", "2016-11-30": "1.32", "2016-08-31": "1.38", "2016-05-31": "1.27", "2016-02-29": "1.03", "2015-11-30": "1.19", "2015-08-31": "1.12", "2015-05-31": "1.28", "2015-02-28": "1.31", "2014-11-30": "1.25", "2014-08-31": "1.22", "2014-05-31": "1.11", "2014-02-28": "1.09", "2013-11-30": "1.03", "2013-08-31": "0.89", "2013-05-31": "0.88", "2013-02-28": "0.82", "2012-11-30": "0.79", "2012-08-31": "0.76", "2012-05-31": "0.73", "2012-02-29": "0.68", "2011-11-30": "0.68", "2011-08-31": "0.61", "2011-05-31": "0.70", "2011-02-28": "0.68", "2010-11-30": "0.60", "2010-08-31": "0.49", "2010-05-31": "0.56", "2010-02-28": "0.56", "2009-11-30": "0.57", "2009-08-31": "0.46", "2009-05-31": "0.42", "2009-02-28": "0.27", "2008-11-30": "0.29", "2008-08-31": "0.51", "2008-05-31": "0.59", "2008-02-29": "0.51", "2007-11-30": "0.46", "2007-08-31": "0.56", "2007-05-31": "0.57", "2007-02-28": "0.58", "2006-11-30": "0.51"}, "price book": {"current": "7.25", "2021-02-05": "7.26", "2020-11-30": "7.35", "2020-08-31": "7.52", "2020-05-31": "7.56", "2020-02-29": "6.04", "2019-11-30": "6.66", "2019-08-31": "6.33", "2019-05-31": "4.81", "2019-02-28": "5.07", "2018-11-30": "5.45", "2018-08-31": "5.29", "2018-05-31": "3.82", "2018-02-28": "3.81", "2017-11-30": "4.10", "2017-08-31": "3.88", "2017-05-31": "4.64", "2017-02-28": "5.07", "2016-11-30": "5.01", "2016-08-31": "4.58", "2016-05-31": "4.37", "2016-02-29": "3.92", "2015-11-30": "4.31", "2015-08-31": "3.98", "2015-05-31": "4.53", "2015-02-28": "4.77", "2014-11-30": "3.48", "2014-08-31": "3.32", "2014-05-31": "3.12", "2014-02-28": "3.21", "2013-11-30": "3.00", "2013-08-31": "2.68", "2013-05-31": "2.72", "2013-02-28": "2.56", "2012-11-30": "2.31", "2012-08-31": "2.17", "2012-05-31": "2.14", "2012-02-29": "1.81", "2011-11-30": "1.78", "2011-08-31": "1.50", "2011-05-31": "1.73", "2011-02-28": "1.78", "2010-11-30": "1.59", "2010-08-31": "1.35", "2010-05-31": "1.67", "2010-02-28": "1.54", "2009-11-30": "1.46", "2009-08-31": "1.25", "2009-05-31": "1.24", "2009-02-28": "0.95", "2008-11-30": "0.96", "2008-08-31": "1.52", "2008-05-31": "1.80", "2008-02-29": "1.41", "2007-11-30": "1.26", "2007-08-31": "1.60", "2007-05-31": "1.67", "2007-02-28": "1.80", "2006-11-30": "1.53", "2006-08-31": "1.48", "2006-05-31": "1.52", "2006-02-28": "1.26"}, "price fcf": {"2021-02-05": "", "2020-11-30": "$5.26", "2020-08-31": "$4.40", "2020-05-31": "$3.09", "2020-02-29": "$2.82", "2019-11-30": "$2.25", "2019-08-31": "$2.26", "2019-05-31": "$1.16", "2019-02-28": "$1.95", "2018-11-30": "$2.18", "2018-08-31": "$2.07", "2018-05-31": "$2.01", "2018-02-28": "$1.73", "2017-11-30": "$1.59", "2017-08-31": "$1.68", "2017-05-31": "$1.92", "2017-02-28": "$2.02", "2016-11-30": "$2.47", "2016-08-31": "$2.58", "2016-05-31": "$2.62", "2016-02-29": "$3.30", "2015-11-30": "$2.60", "2015-08-31": "$2.79", "2015-05-31": "$1.82", "2015-02-28": "$1.43", "2014-11-30": "$1.70", "2014-08-31": "$1.45", "2014-05-31": "$1.39", "2014-02-28": "$0.95", "2013-11-30": "$1.29", "2013-08-31": "$1.02", "2013-05-31": "$2.13", "2013-02-28": "$1.79", "2012-11-30": "$1.77", "2012-08-31": "$1.75", "2012-05-31": "$1.73", "2012-02-29": "$1.15", "2011-11-30": "$0.95", "2011-08-31": "$1.27", "2011-05-31": "$1.55", "2011-02-28": "$1.35", "2010-11-30": "$1.36", "2010-08-31": "$1.33", "2010-05-31": "$1.41", "2010-02-28": "$2.26", "2009-11-30": "$2.41", "2009-08-31": "$2.23", "2009-05-31": "$1.66", "2009-02-28": "$1.10", "2008-11-30": "$1.30", "2008-08-31": "$1.22", "2008-05-31": "$1.34", "2008-02-29": "$1.21", "2007-11-30": "$1.15", "2007-08-31": "$0.87", "2007-05-31": "$1.02", "2007-02-28": "$1.20", "2006-11-30": "$1.60"}, "net worth": {"value": "$11.25B"}, "current ratio": {"current": "2.17", "2020-11-30": "2.17", "2020-08-31": "2.25", "2020-05-31": "2.22", "2020-02-29": "2.41", "2019-11-30": "2.40", "2019-08-31": "1.62", "2019-05-31": "1.64", "2019-02-28": "1.81", "2018-11-30": "1.83", "2018-08-31": "2.77", "2018-05-31": "2.45", "2018-02-28": "2.56", "2017-11-30": "2.23", "2017-08-31": "2.16", "2017-05-31": "1.94", "2017-02-28": "1.69", "2016-11-30": "2.30", "2016-08-31": "2.37", "2016-05-31": "2.13", "2016-02-29": "2.47", "2015-11-30": "2.72", "2015-08-31": "2.62", "2015-05-31": "2.33", "2015-02-28": "2.36", "2014-11-30": "2.25", "2014-08-31": "2.70", "2014-05-31": "2.20", "2014-02-28": "2.55", "2013-11-30": "2.47", "2013-08-31": "2.43", "2013-05-31": "2.03", "2013-02-28": "2.31", "2012-11-30": "2.50", "2012-08-31": "2.53", "2012-05-31": "2.40", "2012-02-29": "2.70", "2011-11-30": "2.64", "2011-08-31": "2.72", "2011-05-31": "2.54", "2011-02-28": "2.53", "2010-11-30": "2.54", "2010-08-31": "2.51", "2010-05-31": "2.30", "2010-02-28": "2.29", "2009-11-30": "2.46", "2009-08-31": "1.88", "2009-05-31": "1.83", "2009-02-28": "1.87", "2008-11-30": "1.87", "2008-08-31": "2.37", "2008-05-31": "2.11", "2008-02-29": "2.26", "2007-11-30": "2.04", "2007-08-31": "2.02", "2007-05-31": "1.82", "2007-02-28": "2.21", "2006-11-30": "2.19", "2006-08-31": "2.11", "2006-05-31": "1.92", "2006-02-28": "2.23", "2005-11-30": "2.23", "2005-08-31": "2.18", "2005-05-31": "2.21", "2005-02-28": "2.64"}, "quick ratio": {"2020-11-30": "1.43", "2020-08-31": "1.53", "2020-05-31": "1.48", "2020-02-29": "1.46", "2019-11-30": "1.50", "2019-08-31": "1.04", "2019-05-31": "1.09", "2019-02-28": "1.09", "2018-11-30": "1.15", "2018-08-31": "1.80", "2018-05-31": "1.63", "2018-02-28": "1.55", "2017-11-30": "1.42", "2017-08-31": "1.38", "2017-05-31": "1.30", "2017-02-28": "0.99", "2016-11-30": "1.44", "2016-08-31": "1.55", "2016-05-31": "1.45", "2016-02-29": "1.52", "2015-11-30": "1.76", "2015-08-31": "1.73", "2015-05-31": "1.58", "2015-02-28": "1.52", "2014-11-30": "1.52", "2014-08-31": "1.87", "2014-05-31": "1.55", "2014-02-28": "1.63", "2013-11-30": "1.66", "2013-08-31": "1.68", "2013-05-31": "1.44", "2013-02-28": "1.51", "2012-11-30": "1.71", "2012-08-31": "1.76", "2012-05-31": "1.72", "2012-02-29": "1.87", "2011-11-30": "1.86", "2011-08-31": "1.99", "2011-05-31": "1.91", "2011-02-28": "1.75", "2010-11-30": "1.81", "2010-08-31": "1.79", "2010-05-31": "1.68", "2010-02-28": "1.60", "2009-11-30": "1.80", "2009-08-31": "1.36", "2009-05-31": "1.35", "2009-02-28": "1.26", "2008-11-30": "1.27", "2008-08-31": "1.66", "2008-05-31": "1.55", "2008-02-29": "1.60", "2007-11-30": "1.42", "2007-08-31": "1.41", "2007-05-31": "1.31", "2007-02-28": "1.45", "2006-11-30": "1.49", "2006-08-31": "1.46", "2006-05-31": "1.36", "2006-02-28": "1.45", "2005-11-30": "1.55", "2005-08-31": "1.53", "2005-05-31": "1.62", "2005-02-28": "1.84"}, "debt equity ratio": {"current": "1.43", "2020-11-30": "2.74", "2020-08-31": "2.92", "2020-05-31": "3.45", "2020-02-29": "3.11", "2019-11-30": "2.98", "2019-08-31": "3.16", "2019-05-31": "2.86", "2019-02-28": "2.62", "2018-11-30": "2.41", "2018-08-31": "2.24", "2018-05-31": "2.23", "2018-02-28": "2.14", "2017-11-30": "2.20", "2017-08-31": "2.27", "2017-05-31": "2.54", "2017-02-28": "2.68", "2016-11-30": "2.54", "2016-08-31": "2.29", "2016-05-31": "2.47", "2016-02-29": "2.59", "2015-11-30": "2.50", "2015-08-31": "2.59", "2015-05-31": "2.63", "2015-02-28": "2.71", "2014-11-30": "1.64", "2014-08-31": "1.66", "2014-05-31": "1.77", "2014-02-28": "1.72", "2013-11-30": "1.73", "2013-08-31": "1.85", "2013-05-31": "2.04", "2013-02-28": "2.00", "2012-11-30": "1.89", "2012-08-31": "1.70", "2012-05-31": "1.71", "2012-02-29": "1.44", "2011-11-30": "1.47", "2011-08-31": "1.45", "2011-05-31": "1.53", "2011-02-28": "1.42", "2010-11-30": "1.43", "2010-08-31": "1.47", "2010-05-31": "1.59", "2010-02-28": "1.76", "2009-11-30": "1.71", "2009-08-31": "1.80", "2009-05-31": "1.98", "2009-02-28": "2.09", "2008-11-30": "1.99", "2008-08-31": "1.87", "2008-05-31": "2.31", "2008-02-29": "1.80", "2007-11-30": "1.65", "2007-08-31": "1.88", "2007-05-31": "2.07", "2007-02-28": "1.90", "2006-11-30": "1.96", "2006-08-31": "2.07", "2006-05-31": "2.24", "2006-02-28": "1.50", "2005-11-30": "1.47", "2005-08-31": "1.51", "2005-05-31": "1.55", "2005-02-28": "1.40"}, "return on equity": {"2020-11-30": "30.39%", "2020-08-31": "27.48%", "2020-05-31": "22.58%", "2020-02-29": "23.73%", "2019-11-30": "23.50%", "2019-08-31": "21.07%", "2019-05-31": "17.67%", "2019-02-28": "13.94%", "2018-11-30": "15.14%", "2018-08-31": "17.74%", "2018-05-31": "20.74%", "2018-02-28": "24.08%", "2017-11-30": "23.61%", "2017-08-31": "13.14%", "2017-05-31": "13.15%", "2017-02-28": "15.09%", "2016-11-30": "15.66%", "2016-08-31": "27.09%", "2016-05-31": "26.82%", "2016-02-29": "25.38%", "2015-11-30": "19.55%", "2015-08-31": "17.43%", "2015-05-31": "16.34%", "2015-02-28": "14.18%", "2014-11-30": "18.25%", "2014-08-31": "18.15%", "2014-05-31": "19.06%", "2014-02-28": "17.09%", "2013-11-30": "13.47%", "2013-08-31": "12.23%", "2013-05-31": "7.33%", "2013-02-28": "8.43%", "2012-11-30": "11.89%", "2012-08-31": "12.45%", "2012-05-31": "15.32%", "2012-02-29": "14.19%", "2011-11-30": "13.99%", "2011-08-31": "14.19%", "2011-05-31": "14.27%", "2011-02-28": "14.11%", "2010-11-30": "13.58%", "2010-08-31": "14.24%", "2010-05-31": "14.61%", "2010-02-28": "13.09%", "2009-11-30": "11.68%", "2009-08-31": "10.86%", "2009-05-31": "10.51%", "2009-02-28": "-0.88%", "2008-11-30": "2.78%", "2008-08-31": "3.79%", "2008-05-31": "3.71%", "2008-02-29": "18.69%", "2007-11-30": "19.33%", "2007-08-31": "20.07%", "2007-05-31": "20.22%", "2007-02-28": "-1.82%", "2006-11-30": "-3.10%", "2006-08-31": "-6.38%", "2006-05-31": "-7.25%", "2006-02-28": "10.40%", "2005-11-30": "10.32%"}, "return on assets": {"2020-11-30": "7.53%", "2020-08-31": "6.69%", "2020-05-31": "5.42%", "2020-02-29": "5.90%", "2019-11-30": "6.03%", "2019-08-31": "5.62%", "2019-05-31": "5.02%", "2019-02-28": "4.14%", "2018-11-30": "4.66%", "2018-08-31": "5.54%", "2018-05-31": "6.47%", "2018-02-28": "7.34%", "2017-11-30": "6.93%", "2017-08-31": "3.76%", "2017-05-31": "3.75%", "2017-02-28": "4.33%", "2016-11-30": "4.52%", "2016-08-31": "7.84%", "2016-05-31": "7.59%", "2016-02-29": "7.10%", "2015-11-30": "5.42%", "2015-08-31": "5.21%", "2015-05-31": "5.28%", "2015-02-28": "4.89%", "2014-11-30": "6.77%", "2014-08-31": "6.68%", "2014-05-31": "6.89%", "2014-02-28": "6.04%", "2013-11-30": "4.65%", "2013-08-31": "4.15%", "2013-05-31": "2.52%", "2013-02-28": "2.99%", "2012-11-30": "4.43%", "2012-08-31": "4.83%", "2012-05-31": "6.09%", "2012-02-29": "5.74%", "2011-11-30": "5.67%", "2011-08-31": "5.77%", "2011-05-31": "5.79%", "2011-02-28": "5.71%", "2010-11-30": "5.30%", "2010-08-31": "5.40%", "2010-05-31": "5.37%", "2010-02-28": "4.66%", "2009-11-30": "4.05%", "2009-08-31": "3.67%", "2009-05-31": "3.53%", "2009-02-28": "-0.29%", "2008-11-30": "0.93%", "2008-08-31": "1.31%", "2008-05-31": "1.28%", "2008-02-29": "6.57%", "2007-11-30": "6.74%", "2007-08-31": "6.80%", "2007-05-31": "6.75%", "2007-02-28": "-0.60%", "2006-11-30": "-1.06%", "2006-08-31": "-2.28%", "2006-05-31": "-2.73%", "2006-02-28": "4.15%", "2005-11-30": "4.16%"}, "return on investments": {"2020-11-30": "18.26%", "2020-08-31": "16.59%", "2020-05-31": "14.75%", "2020-02-29": "15.65%", "2019-11-30": "15.51%", "2019-08-31": "15.40%", "2019-05-31": "13.72%", "2019-02-28": "11.74%", "2018-11-30": "12.09%", "2018-08-31": "12.67%", "2018-05-31": "14.27%", "2018-02-28": "16.41%", "2017-11-30": "17.00%", "2017-08-31": "10.84%", "2017-05-31": "10.82%", "2017-02-28": "11.53%", "2016-11-30": "11.56%", "2016-08-31": "19.04%", "2016-05-31": "18.88%", "2016-02-29": "18.34%", "2015-11-30": "18.13%", "2015-08-31": "17.54%", "2015-05-31": "17.48%", "2015-02-28": "16.40%", "2014-11-30": "16.58%", "2014-08-31": "16.46%", "2014-05-31": "16.91%", "2014-02-28": "16.33%", "2013-11-30": "16.18%", "2013-08-31": "15.70%", "2013-05-31": "14.59%", "2013-02-28": "14.70%", "2012-11-30": "15.03%", "2012-08-31": "15.01%", "2012-05-31": "15.57%", "2012-02-29": "14.70%", "2011-11-30": "14.56%", "2011-08-31": "15.06%", "2011-05-31": "15.06%", "2011-02-28": "15.26%", "2010-11-30": "15.02%", "2010-08-31": "15.25%", "2010-05-31": "15.58%", "2010-02-28": "14.70%", "2009-11-30": "13.46%", "2009-08-31": "13.16%", "2009-05-31": "12.21%", "2009-02-28": "0.93%", "2008-11-30": "3.49%", "2008-08-31": "4.11%", "2008-05-31": "4.28%", "2008-02-29": "17.40%", "2007-11-30": "17.94%", "2007-08-31": "18.07%", "2007-05-31": "18.14%", "2007-02-28": "0.58%", "2006-11-30": "-0.37%", "2006-08-31": "-3.22%", "2006-05-31": "-4.29%", "2006-02-28": "10.98%", "2005-11-30": "10.87%"}, "return on tangible equity": {"2020-11-30": "-91.83%", "2020-08-31": "-77.49%", "2020-05-31": "-59.50%", "2020-02-29": "-68.66%", "2019-11-30": "-71.64%", "2019-08-31": "-71.65%", "2019-05-31": "-79.16%", "2019-02-28": "-83.14%", "2018-11-30": "-132.97%", "2018-08-31": "-202.82%", "2018-05-31": "-221.56%", "2018-02-28": "-203.79%", "2017-11-30": "-134.23%", "2017-08-31": "-59.85%", "2017-05-31": "-52.00%", "2017-02-28": "-53.46%", "2016-11-30": "-52.22%", "2016-08-31": "-82.79%", "2016-05-31": "-73.51%", "2016-02-29": "-64.84%", "2015-11-30": "-48.38%", "2015-08-31": "-60.36%", "2015-05-31": "-89.95%", "2015-02-28": "-156.49%", "2014-11-30": "-1171.43%", "2014-08-31": "-506.31%", "2014-05-31": "-293.06%", "2014-02-28": "-169.66%", "2013-11-30": "-102.17%", "2013-08-31": "-77.05%", "2013-05-31": "-57.06%", "2013-02-28": "-126.97%", "2012-11-30": "635.29%", "2012-08-31": "137.37%", "2012-05-31": "114.44%", "2012-02-29": "92.02%", "2011-11-30": "90.50%", "2011-08-31": "88.79%", "2011-05-31": "100.95%", "2011-02-28": "120.55%", "2010-11-30": "177.07%", "2010-08-31": "284.08%", "2010-05-31": "647.27%", "2010-02-28": "-1247.06%", "2009-11-30": "-370.27%", "2009-08-31": "-180.88%", "2009-05-31": "-170.82%", "2009-02-28": "10.93%", "2008-11-30": "-65.02%", "2008-08-31": "-189.69%", "2008-05-31": "-123.94%", "2008-02-29": "-1055.42%", "2007-11-30": "-417.31%", "2007-08-31": "-244.32%", "2007-05-31": "-187.39%", "2007-02-28": "14.57%", "2006-11-30": "32.72%", "2006-08-31": "127.45%", "2006-05-31": "3040.00%", "2006-02-28": "189.83%", "2005-11-30": "139.24%"}, "dividend yield history": {"last payout": "$1.52", "last yield": "1.76%"}}