{"ticker": "RTX", "price": {"title": "Raytheon Technologies Historical Annual Stock Price Data", "value": 72.33, "historical": {"2021": {"Average Stock Price": "69.6614", "Year Open": "68.4300", "Year High": "73.0400", "Year Low": "65.5000", "Year Close": "72.3300", "Annual % Change": "1.15%"}, "2020": {"Average Stock Price": "80.7824", "Year Open": "153.1400", "Year High": "156.8300", "Year Low": "49.9300", "Year Close": "71.5100", "Annual % Change": "-52.25%"}, "2019": {"Average Stock Price": "132.5605", "Year Open": "108.3000", "Year High": "150.7100", "Year Low": "103.4800", "Year Close": "149.7600", "Annual % Change": "40.65%"}, "2018": {"Average Stock Price": "128.4057", "Year Open": "128.1600", "Year High": "142.0800", "Year Low": "102.0600", "Year Close": "106.4800", "Annual % Change": "-16.53%"}, "2017": {"Average Stock Price": "117.2027", "Year Open": "110.8300", "Year High": "128.1200", "Year Low": "108.1800", "Year Close": "127.5700", "Annual % Change": "16.37%"}, "2016": {"Average Stock Price": "101.2281", "Year Open": "95.5700", "Year High": "110.9800", "Year Low": "84.6600", "Year Close": "109.6200", "Annual % Change": "14.10%"}, "2015": {"Average Stock Price": "107.1368", "Year Open": "115.0400", "Year High": "124.1100", "Year Low": "86.8200", "Year Close": "96.0700", "Annual % Change": "-16.46%"}, "2014": {"Average Stock Price": "112.0694", "Year Open": "112.4900", "Year High": "120.0900", "Year Low": "99.1700", "Year Close": "115.0000", "Annual % Change": "1.05%"}, "2013": {"Average Stock Price": "99.0879", "Year Open": "84.0000", "Year High": "113.8000", "Year Low": "83.5500", "Year Close": "113.8000", "Annual % Change": "38.76%"}, "2012": {"Average Stock Price": "78.5446", "Year Open": "74.6600", "Year High": "86.8900", "Year Low": "70.8800", "Year Close": "82.0100", "Annual % Change": "12.20%"}, "2011": {"Average Stock Price": "80.0083", "Year Open": "78.9900", "Year High": "91.3900", "Year Low": "67.4400", "Year Close": "73.0900", "Annual % Change": "-7.15%"}, "2010": {"Average Stock Price": "71.4197", "Year Open": "71.6300", "Year High": "79.5200", "Year Low": "63.2200", "Year Close": "78.7200", "Annual % Change": "13.41%"}, "2009": {"Average Stock Price": "55.1483", "Year Open": "54.9500", "Year High": "70.4900", "Year Low": "37.5600", "Year Close": "69.4100", "Annual % Change": "29.50%"}, "2008": {"Average Stock Price": "63.8900", "Year Open": "75.2100", "Year High": "76.2800", "Year Low": "43.2200", "Year Close": "53.6000", "Annual % Change": "-29.97%"}, "2007": {"Average Stock Price": "71.5275", "Year Open": "62.8100", "Year High": "82.0700", "Year Low": "62.4700", "Year Close": "76.5400", "Annual % Change": "22.42%"}, "2006": {"Average Stock Price": "61.6167", "Year Open": "56.5300", "Year High": "66.7900", "Year Low": "54.4700", "Year Close": "62.5200", "Annual % Change": "11.82%"}, "2005": {"Average Stock Price": "51.6863", "Year Open": "51.5000", "Year High": "58.0300", "Year Low": "48.7750", "Year Close": "55.9100", "Annual % Change": "8.20%"}, "2004": {"Average Stock Price": "46.0970", "Year Open": "47.1800", "Year High": "52.7600", "Year Low": "40.7500", "Year Close": "51.6750", "Annual % Change": "9.05%"}, "2003": {"Average Stock Price": "36.4022", "Year Open": "31.7050", "Year High": "47.7700", "Year Low": "27.0750", "Year Close": "47.3850", "Annual % Change": "53.00%"}, "2002": {"Average Stock Price": "32.7001", "Year Open": "32.1700", "Year High": "38.6250", "Year Low": "24.5950", "Year Close": "30.9700", "Annual % Change": "-4.16%"}, "2001": {"Average Stock Price": "34.7620", "Year Open": "37.6250", "Year High": "43.6050", "Year Low": "20.8200", "Year Close": "32.3150", "Annual % Change": "-17.80%"}, "2000": {"Average Stock Price": "31.0168", "Year Open": "31.2500", "Year High": "39.8750", "Year Low": "24.0300", "Year Close": "39.3150", "Annual % Change": "20.97%"}, "1999": {"Average Stock Price": "31.4965", "Year Open": "27.0000", "Year High": "37.3500", "Year Low": "26.1550", "Year Close": "32.5000", "Annual % Change": "19.49%"}, "1998": {"Average Stock Price": "22.5720", "Year Open": "18.2825", "Year High": "27.9500", "Year Low": "17.1250", "Year Close": "27.2000", "Annual % Change": "49.43%"}, "1997": {"Average Stock Price": "19.2981", "Year Open": "16.4075", "Year High": "21.8125", "Year Low": "16.4075", "Year Close": "18.2025", "Annual % Change": "9.90%"}, "1996": {"Average Stock Price": "14.3139", "Year Open": "11.7188", "Year High": "17.5313", "Year Low": "11.3750", "Year Close": "16.5625", "Annual % Change": "39.65%"}, "1995": {"Average Stock Price": "9.7975", "Year Open": "7.8438", "Year High": "12.1250", "Year Low": "7.8438", "Year Close": "11.8600", "Annual % Change": "50.89%"}, "1994": {"Average Stock Price": "7.9598", "Year Open": "7.5000", "Year High": "8.8750", "Year Low": "6.9375", "Year Close": "7.8600", "Annual % Change": "1.42%"}, "1993": {"Average Stock Price": "6.7461", "Year Open": "6.1100", "Year High": "8.2188", "Year Low": "5.5163", "Year Close": "7.7500", "Annual % Change": "28.82%"}, "1992": {"Average Stock Price": "6.3768", "Year Open": "6.6413", "Year High": "7.1563", "Year Low": "5.2813", "Year Close": "6.0163", "Annual % Change": "-11.28%"}, "1991": {"Average Stock Price": "5.8445", "Year Open": "5.9688", "Year High": "6.7813", "Year Low": "5.3288", "Year Close": "6.7813", "Annual % Change": "13.30%"}, "1990": {"Average Stock Price": "6.5257", "Year Open": "6.9375", "Year High": "7.7500", "Year Low": "5.2500", "Year Close": "5.9850", "Annual % Change": "-11.74%"}, "1989": {"Average Stock Price": "6.3058", "Year Open": "5.0163", "Year High": "7.1100", "Year Low": "5.0163", "Year Close": "6.7813", "Annual % Change": "31.90%"}, "1988": {"Average Stock Price": "4.8407", "Year Open": "4.3600", "Year High": "5.2813", "Year Low": "4.2500", "Year Close": "5.1413", "Annual % Change": "21.40%"}, "1987": {"Average Stock Price": "6.0090", "Year Open": "5.8438", "Year High": "7.5313", "Year Low": "3.7650", "Year Close": "4.2350", "Annual % Change": "-26.35%"}, "1986": {"Average Stock Price": "5.8974", "Year Open": "5.5163", "Year High": "6.9688", "Year Low": "4.9850", "Year Close": "5.7500", "Annual % Change": "5.14%"}, "1985": {"Average Stock Price": "5.1098", "Year Open": "4.5788", "Year High": "5.6875", "Year Low": "4.4225", "Year Close": "5.4688", "Annual % Change": "20.69%"}, "1984": {"Average Stock Price": "4.3310", "Year Open": "4.5000", "Year High": "5.0788", "Year Low": "3.6719", "Year Close": "4.5313", "Annual % Change": "0.00%"}, "1983": {"Average Stock Price": "4.2716", "Year Open": "3.3906", "Year High": "4.7888", "Year Low": "3.3906", "Year Close": "4.5313", "Annual % Change": "28.02%"}, "1982": {"Average Stock Price": "2.7079", "Year Open": "2.6563", "Year High": "3.6563", "Year Low": "1.9919", "Year Close": "3.5394", "Annual % Change": "35.64%"}, "1981": {"Average Stock Price": "3.2005", "Year Open": "3.8363", "Year High": "4.0625", "Year Low": "2.5550", "Year Close": "2.6094", "Annual % Change": "-31.56%"}, "1980": {"Average Stock Price": "3.0190", "Year Open": "2.6406", "Year High": "3.9219", "Year Low": "2.3594", "Year Close": "3.8125", "Annual % Change": "41.86%"}, "1979": {"Average Stock Price": "2.4373", "Year Open": "2.4531", "Year High": "2.7500", "Year Low": "2.2188", "Year Close": "2.6875", "Annual % Change": "10.60%"}, "1978": {"Average Stock Price": "2.5510", "Year Open": "2.2263", "Year High": "3.2425", "Year Low": "2.0313", "Year Close": "2.4300", "Annual % Change": "8.36%"}, "1977": {"Average Stock Price": "2.3148", "Year Open": "2.4219", "Year High": "2.5625", "Year Low": "2.0938", "Year Close": "2.2425", "Annual % Change": "-7.72%"}, "1976": {"Average Stock Price": "2.0349", "Year Open": "1.4569", "Year High": "2.4450", "Year Low": "1.4569", "Year Close": "2.4300", "Annual % Change": "67.66%"}, "1975": {"Average Stock Price": "1.4930", "Year Open": "1.0000", "Year High": "1.9297", "Year Low": "0.9806", "Year Close": "1.4494", "Annual % Change": "42.18%"}, "1974": {"Average Stock Price": "0.8416", "Year Open": "0.7422", "Year High": "1.0194", "Year Low": "0.7109", "Year Close": "1.0194", "Annual % Change": "37.35%"}, "1973": {"Average Stock Price": "1.0244", "Year Open": "1.3906", "Year High": "1.4334", "Year Low": "0.6834", "Year Close": "0.7422", "Annual % Change": "-46.63%"}, "1972": {"Average Stock Price": "1.2178", "Year Open": "0.9141", "Year High": "1.5234", "Year Low": "0.9141", "Year Close": "1.3906", "Annual % Change": "51.46%"}, "1971": {"Average Stock Price": "1.0824", "Year Open": "1.0506", "Year High": "1.4063", "Year Low": "0.7694", "Year Close": "0.9181", "Annual % Change": "-12.95%"}}}, "market cap": {"value": "$110.93B"}, "income statement": {"Revenue": {"2020-12-31": "56587.00000", "2019-12-31": "77046.00000", "2018-12-31": "66501.00000", "2017-12-31": "59837.00000", "2016-12-31": "57244.00000", "2015-12-31": "56098.00000", "2014-12-31": "57900.00000", "2013-12-31": "56600.00000", "2012-12-31": "57708.00000", "2011-12-31": "55754.00000", "2010-12-31": "52275.00000", "2009-12-31": "52425.00000", "2008-12-31": "59119.00000", "2007-12-31": "55716.00000", "2006-12-31": "47829.00000", "2005-12-31": "42725.00000"}, "Cost Of Goods Sold": {"2020-12-31": "48056.00000", "2019-12-31": "57065.00000", "2018-12-31": "49985.00000", "2017-12-31": "44201.00000", "2016-12-31": "41471.00000", "2015-12-31": "40431.00000", "2014-12-31": "40898.00000", "2013-12-31": "40468.00000", "2012-12-31": "42153.00000", "2011-12-31": "40369.00000", "2010-12-31": "37954.00000", "2009-12-31": "38861.00000", "2008-12-31": "43637.00000", "2007-12-31": "40879.00000", "2006-12-31": "34740.00000", "2005-12-31": "30935.00000"}, "Gross Profit": {"2020-12-31": "8531.00000", "2019-12-31": "19981.00000", "2018-12-31": "16516.00000", "2017-12-31": "15636.00000", "2016-12-31": "15773.00000", "2015-12-31": "15667.00000", "2014-12-31": "17002.00000", "2013-12-31": "16132.00000", "2012-12-31": "15555.00000", "2011-12-31": "15385.00000", "2010-12-31": "14321.00000", "2009-12-31": "13564.00000", "2008-12-31": "15482.00000", "2007-12-31": "14837.00000", "2006-12-31": "13089.00000", "2005-12-31": "11790.00000"}, "Research And Development Expenses": {"2020-12-31": "2582.00000", "2019-12-31": "3015.00000", "2018-12-31": "2462.00000", "2017-12-31": "2427.00000", "2016-12-31": "2376.00000", "2015-12-31": "2279.00000", "2014-12-31": "2475.00000", "2013-12-31": "2342.00000", "2012-12-31": "2371.00000", "2011-12-31": "1951.00000", "2010-12-31": "1656.00000", "2009-12-31": "1558.00000", "2008-12-31": "1771.00000", "2007-12-31": "1678.00000", "2006-12-31": "1529.00000", "2005-12-31": "1367.00000"}, "SG&A Expenses": {"2020-12-31": "5540.00000", "2019-12-31": "8521.00000", "2018-12-31": "7066.00000", "2017-12-31": "6429.00000", "2016-12-31": "5958.00000", "2015-12-31": "5886.00000", "2014-12-31": "6172.00000", "2013-12-31": "6364.00000", "2012-12-31": "6452.00000", "2011-12-31": "6161.00000", "2010-12-31": "5798.00000", "2009-12-31": "6036.00000", "2008-12-31": "6724.00000", "2007-12-31": "6109.00000", "2006-12-31": "5462.00000", "2005-12-31": "5241.00000"}, "Other Operating Income Or Expenses": {"2020-12-31": "885.00000", "2019-12-31": "521.00000", "2018-12-31": "1565.00000", "2017-12-31": "1358.00000", "2016-12-31": "782.00000", "2015-12-31": "-211.00000", "2014-12-31": "1238.00000", "2013-12-31": "1123.00000", "2012-12-31": "952.00000", "2011-12-31": "573.00000", "2010-12-31": "31.00000", "2009-12-31": "407.00000", "2008-12-31": "522.00000", "2007-12-31": "", "2006-12-31": "", "2005-12-31": ""}, "Operating Expenses": {"2020-12-31": "58476.00000", "2019-12-31": "68080.00000", "2018-12-31": "57948.00000", "2017-12-31": "51699.00000", "2016-12-31": "49023.00000", "2015-12-31": "48807.00000", "2014-12-31": "48307.00000", "2013-12-31": "48051.00000", "2012-12-31": "50024.00000", "2011-12-31": "47908.00000", "2010-12-31": "45377.00000", "2009-12-31": "46048.00000", "2008-12-31": "51610.00000", "2007-12-31": "48666.00000", "2006-12-31": "41731.00000", "2005-12-31": "37543.00000"}, "Operating Income": {"2020-12-31": "-1889.00000", "2019-12-31": "8966.00000", "2018-12-31": "8553.00000", "2017-12-31": "8138.00000", "2016-12-31": "8221.00000", "2015-12-31": "7291.00000", "2014-12-31": "9593.00000", "2013-12-31": "8549.00000", "2012-12-31": "7684.00000", "2011-12-31": "7846.00000", "2010-12-31": "6898.00000", "2009-12-31": "6377.00000", "2008-12-31": "7509.00000", "2007-12-31": "7050.00000", "2006-12-31": "6098.00000", "2005-12-31": "5182.00000"}, "Total Non-Operating Income/Expense": {"2020-12-31": "-464.00000", "2019-12-31": "-723.00000", "2018-12-31": "-273.00000", "2017-12-31": "-375.00000", "2016-12-31": "-1088.00000", "2015-12-31": "-824.00000", "2014-12-31": "-881.00000", "2013-12-31": "-895.00000", "2012-12-31": "-773.00000", "2011-12-31": "-496.00000", "2010-12-31": "-650.00000", "2009-12-31": "-617.00000", "2008-12-31": "-573.00000", "2007-12-31": "-666.00000", "2006-12-31": "-606.00000", "2005-12-31": "-498.00000"}, "Pre-Tax Income": {"2020-12-31": "-2353.00000", "2019-12-31": "8243.00000", "2018-12-31": "8280.00000", "2017-12-31": "7763.00000", "2016-12-31": "7133.00000", "2015-12-31": "6467.00000", "2014-12-31": "8712.00000", "2013-12-31": "7654.00000", "2012-12-31": "6911.00000", "2011-12-31": "7350.00000", "2010-12-31": "6248.00000", "2009-12-31": "5760.00000", "2008-12-31": "6936.00000", "2007-12-31": "6384.00000", "2006-12-31": "5492.00000", "2005-12-31": "4684.00000"}, "Income Taxes": {"2020-12-31": "575.00000", "2019-12-31": "2295.00000", "2018-12-31": "2626.00000", "2017-12-31": "2843.00000", "2016-12-31": "1697.00000", "2015-12-31": "2111.00000", "2014-12-31": "2244.00000", "2013-12-31": "1999.00000", "2012-12-31": "1711.00000", "2011-12-31": "2134.00000", "2010-12-31": "1725.00000", "2009-12-31": "1581.00000", "2008-12-31": "1883.00000", "2007-12-31": "1836.00000", "2006-12-31": "1494.00000", "2005-12-31": "1253.00000"}, "Income After Taxes": {"2020-12-31": "-2928.00000", "2019-12-31": "5948.00000", "2018-12-31": "5654.00000", "2017-12-31": "4920.00000", "2016-12-31": "5436.00000", "2015-12-31": "4356.00000", "2014-12-31": "6468.00000", "2013-12-31": "5655.00000", "2012-12-31": "5200.00000", "2011-12-31": "5216.00000", "2010-12-31": "4523.00000", "2009-12-31": "4179.00000", "2008-12-31": "5053.00000", "2007-12-31": "4548.00000", "2006-12-31": "3998.00000", "2005-12-31": "3431.00000"}, "Other Income": {"2020-12-31": "", "2019-12-31": "", "2018-12-31": "", "2017-12-31": "", "2016-12-31": "", "2015-12-31": "", "2014-12-31": "", "2013-12-31": "", "2012-12-31": "", "2011-12-31": "", "2010-12-31": "", "2009-12-31": "", "2008-12-31": "", "2007-12-31": "", "2006-12-31": "", "2005-12-31": ""}, "Income From Continuous Operations": {"2020-12-31": "-2928.00000", "2019-12-31": "5948.00000", "2018-12-31": "5654.00000", "2017-12-31": "4920.00000", "2016-12-31": "5436.00000", "2015-12-31": "3996.00000", "2014-12-31": "6066.00000", "2013-12-31": "5265.00000", "2012-12-31": "4847.00000", "2011-12-31": "4831.00000", "2010-12-31": "4523.00000", "2009-12-31": "4179.00000", "2008-12-31": "5053.00000", "2007-12-31": "4548.00000", "2006-12-31": "3732.00000", "2005-12-31": "3164.00000"}, "Income From Discontinued Operations": {"2020-12-31": "-410.00000", "2019-12-31": "", "2018-12-31": "", "2017-12-31": "", "2016-12-31": "-10.00000", "2015-12-31": "3612.00000", "2014-12-31": "154.00000", "2013-12-31": "456.00000", "2012-12-31": "283.00000", "2011-12-31": "148.00000", "2010-12-31": "188.00000", "2009-12-31": "", "2008-12-31": "", "2007-12-31": "", "2006-12-31": "", "2005-12-31": ""}, "Net Income": {"2020-12-31": "-3519.00000", "2019-12-31": "5537.00000", "2018-12-31": "5269.00000", "2017-12-31": "4552.00000", "2016-12-31": "5055.00000", "2015-12-31": "7608.00000", "2014-12-31": "6220.00000", "2013-12-31": "5721.00000", "2012-12-31": "5130.00000", "2011-12-31": "4979.00000", "2010-12-31": "4373.00000", "2009-12-31": "3829.00000", "2008-12-31": "4689.00000", "2007-12-31": "4224.00000", "2006-12-31": "3732.00000", "2005-12-31": "3069.00000"}, "EBITDA": {"2020-12-31": "5450.00000", "2019-12-31": "12749.00000", "2018-12-31": "10986.00000", "2017-12-31": "10278.00000", "2016-12-31": "10183.00000", "2015-12-31": "9154.00000", "2014-12-31": "11413.00000", "2013-12-31": "10284.00000", "2012-12-31": "9208.00000", "2011-12-31": "9109.00000", "2010-12-31": "8198.00000", "2009-12-31": "7635.00000", "2008-12-31": "8830.00000", "2007-12-31": "8223.00000", "2006-12-31": "7131.00000", "2005-12-31": "6166.00000"}, "EBIT": {"2020-12-31": "-1889.00000", "2019-12-31": "8966.00000", "2018-12-31": "8553.00000", "2017-12-31": "8138.00000", "2016-12-31": "8221.00000", "2015-12-31": "7291.00000", "2014-12-31": "9593.00000", "2013-12-31": "8549.00000", "2012-12-31": "7684.00000", "2011-12-31": "7846.00000", "2010-12-31": "6898.00000", "2009-12-31": "6377.00000", "2008-12-31": "7509.00000", "2007-12-31": "7050.00000", "2006-12-31": "6098.00000", "2005-12-31": "5182.00000"}, "Basic Shares Outstanding": {"2020-12-31": "1357.80000", "2019-12-31": "854.80000", "2018-12-31": "800.40000", "2017-12-31": "790.00000", "2016-12-31": "818.20000", "2015-12-31": "872.70000", "2014-12-31": "898.30000", "2013-12-31": "901.00000", "2012-12-31": "895.20000", "2011-12-31": "892.30000", "2010-12-31": "907.90000", "2009-12-31": "917.40000", "2008-12-31": "937.80000", "2007-12-31": "964.00000", "2006-12-31": "980.00000", "2005-12-31": "991.00000"}, "Shares Outstanding": {"2020-12-31": "1357.80000", "2019-12-31": "863.90000", "2018-12-31": "810.10000", "2017-12-31": "799.10000", "2016-12-31": "826.10000", "2015-12-31": "883.20000", "2014-12-31": "911.60000", "2013-12-31": "915.10000", "2012-12-31": "906.60000", "2011-12-31": "906.80000", "2010-12-31": "922.70000", "2009-12-31": "928.80000", "2008-12-31": "956.40000", "2007-12-31": "989.00000", "2006-12-31": "1005.70000", "2005-12-31": "1014.00000"}, "Basic EPS": {"2020-12-31": "-2.59000", "2019-12-31": "6.48000", "2018-12-31": "6.58000", "2017-12-31": "5.76000", "2016-12-31": "6.18000", "2015-12-31": "8.72000", "2014-12-31": "6.92000", "2013-12-31": "6.35000", "2012-12-31": "5.73000", "2011-12-31": "5.58000", "2010-12-31": "4.82000", "2009-12-31": "4.17000", "2008-12-31": "5.00000", "2007-12-31": "4.38000", "2006-12-31": "3.81000", "2005-12-31": "3.10000"}, "EPS - Earnings Per Share": {"2020-12-31": "-2.59000", "2019-12-31": "6.41000", "2018-12-31": "6.50000", "2017-12-31": "5.70000", "2016-12-31": "6.12000", "2015-12-31": "8.61000", "2014-12-31": "6.82000", "2013-12-31": "6.25000", "2012-12-31": "5.66000", "2011-12-31": "5.49000", "2010-12-31": "4.74000", "2009-12-31": "4.12000", "2008-12-31": "4.90000", "2007-12-31": "4.27000", "2006-12-31": "3.71000", "2005-12-31": "3.03000"}}, "income statement, quarterly": {"Revenue": {"2020-12-31": "16419.00000", "2020-09-30": "14747.00000", "2020-06-30": "14061.00000", "2020-03-31": "18210.00000", "2019-12-31": "35979.00000", "2019-09-30": "11373.00000", "2019-06-30": "11329.00000", "2019-03-31": "18365.00000", "2018-12-31": "18044.00000", "2018-09-30": "16510.00000", "2018-06-30": "16705.00000", "2018-03-31": "15242.00000", "2017-12-31": "15680.00000", "2017-09-30": "15062.00000", "2017-06-30": "15280.00000", "2017-03-31": "13815.00000", "2016-12-31": "14659.00000", "2016-09-30": "14354.00000", "2016-06-30": "14874.00000", "2016-03-31": "13357.00000", "2015-12-31": "14300.00000", "2015-09-30": "13788.00000", "2015-06-30": "14690.00000", "2015-03-31": "13320.00000", "2014-12-31": "11351.00000", "2014-09-30": "14613.00000", "2014-06-30": "17191.00000", "2014-03-31": "14745.00000", "2013-12-31": "10733.00000", "2013-09-30": "15462.00000", "2013-06-30": "16006.00000", "2013-03-31": "14399.00000", "2012-12-31": "16443.00000", "2012-09-30": "15042.00000", "2012-06-30": "13807.00000", "2012-03-31": "12416.00000", "2011-12-31": "14370.00000", "2011-09-30": "14235.00000", "2011-06-30": "14469.00000", "2011-03-31": "12680.00000", "2010-12-31": "12813.00000", "2010-09-30": "13620.00000", "2010-06-30": "13802.00000", "2010-03-31": "12040.00000", "2009-12-31": "13605.00000", "2009-09-30": "13375.00000", "2009-06-30": "13196.00000", "2009-03-31": "12249.00000", "2008-12-31": "14132.00000", "2008-09-30": "15085.00000", "2008-06-30": "15944.00000", "2008-03-31": "13958.00000", "2007-12-31": "15671.00000", "2007-09-30": "13863.00000", "2007-06-30": "13904.00000", "2007-03-31": "12278.00000", "2006-12-31": "12787.00000", "2006-09-30": "12163.00000", "2006-06-30": "12264.00000", "2006-03-31": "10615.00000", "2005-12-31": "11261.00000", "2005-09-30": "10905.00000", "2005-06-30": "11152.00000", "2005-03-31": "9407.00000"}, "Cost Of Goods Sold": {"2020-12-31": "14266.00000", "2020-09-30": "13004.00000", "2020-06-30": "12214.00000", "2020-03-31": "13408.00000", "2019-12-31": "26295.00000", "2019-09-30": "8509.00000", "2019-06-30": "8554.00000", "2019-03-31": "13707.00000", "2018-12-31": "13747.00000", "2018-09-30": "12536.00000", "2018-06-30": "12422.00000", "2018-03-31": "11280.00000", "2017-12-31": "11795.00000", "2017-09-30": "11106.00000", "2017-06-30": "11164.00000", "2017-03-31": "10136.00000", "2016-12-31": "10734.00000", "2016-09-30": "10342.00000", "2016-06-30": "10741.00000", "2016-03-31": "9654.00000", "2015-12-31": "10653.00000", "2015-09-30": "9800.00000", "2015-06-30": "10472.00000", "2015-03-31": "9506.00000", "2014-12-31": "7112.00000", "2014-09-30": "10165.00000", "2014-06-30": "12931.00000", "2014-03-31": "10690.00000", "2013-12-31": "7431.00000", "2013-09-30": "11020.00000", "2013-06-30": "11552.00000", "2013-03-31": "10465.00000", "2012-12-31": "12286.00000", "2012-09-30": "11003.00000", "2012-06-30": "9934.00000", "2012-03-31": "8930.00000", "2011-12-31": "10399.00000", "2011-09-30": "10338.00000", "2011-06-30": "10468.00000", "2011-03-31": "9164.00000", "2010-12-31": "9540.00000", "2010-09-30": "9667.00000", "2010-06-30": "10015.00000", "2010-03-31": "8732.00000", "2009-12-31": "10317.00000", "2009-09-30": "9836.00000", "2009-06-30": "9601.00000", "2009-03-31": "9107.00000", "2008-12-31": "10828.00000", "2008-09-30": "10935.00000", "2008-06-30": "11636.00000", "2008-03-31": "10238.00000", "2007-12-31": "11686.00000", "2007-09-30": "10068.00000", "2007-06-30": "10129.00000", "2007-03-31": "8996.00000", "2006-12-31": "9521.00000", "2006-09-30": "8794.00000", "2006-06-30": "8775.00000", "2006-03-31": "7650.00000", "2005-12-31": "8239.00000", "2005-09-30": "7891.00000", "2005-06-30": "7990.00000", "2005-03-31": "6815.00000"}, "Gross Profit": {"2020-12-31": "2153.00000", "2020-09-30": "1743.00000", "2020-06-30": "1847.00000", "2020-03-31": "4802.00000", "2019-12-31": "9684.00000", "2019-09-30": "2864.00000", "2019-06-30": "2775.00000", "2019-03-31": "4658.00000", "2018-12-31": "4297.00000", "2018-09-30": "3974.00000", "2018-06-30": "4283.00000", "2018-03-31": "3962.00000", "2017-12-31": "3885.00000", "2017-09-30": "3956.00000", "2017-06-30": "4116.00000", "2017-03-31": "3679.00000", "2016-12-31": "3925.00000", "2016-09-30": "4012.00000", "2016-06-30": "4133.00000", "2016-03-31": "3703.00000", "2015-12-31": "3647.00000", "2015-09-30": "3988.00000", "2015-06-30": "4218.00000", "2015-03-31": "3814.00000", "2014-12-31": "4239.00000", "2014-09-30": "4448.00000", "2014-06-30": "4260.00000", "2014-03-31": "4055.00000", "2013-12-31": "3302.00000", "2013-09-30": "4442.00000", "2013-06-30": "4454.00000", "2013-03-31": "3934.00000", "2012-12-31": "4157.00000", "2012-09-30": "4039.00000", "2012-06-30": "3873.00000", "2012-03-31": "3486.00000", "2011-12-31": "3971.00000", "2011-09-30": "3897.00000", "2011-06-30": "4001.00000", "2011-03-31": "3516.00000", "2010-12-31": "3273.00000", "2010-09-30": "3953.00000", "2010-06-30": "3787.00000", "2010-03-31": "3308.00000", "2009-12-31": "3288.00000", "2009-09-30": "3539.00000", "2009-06-30": "3595.00000", "2009-03-31": "3142.00000", "2008-12-31": "3304.00000", "2008-09-30": "4150.00000", "2008-06-30": "4308.00000", "2008-03-31": "3720.00000", "2007-12-31": "3985.00000", "2007-09-30": "3795.00000", "2007-06-30": "3775.00000", "2007-03-31": "3282.00000", "2006-12-31": "3266.00000", "2006-09-30": "3369.00000", "2006-06-30": "3489.00000", "2006-03-31": "2965.00000", "2005-12-31": "3022.00000", "2005-09-30": "3014.00000", "2005-06-30": "3162.00000", "2005-03-31": "2592.00000"}, "Research And Development Expenses": {"2020-12-31": "710.00000", "2020-09-30": "642.00000", "2020-06-30": "695.00000", "2020-03-31": "671.00000", "2019-12-31": "1090.00000", "2019-09-30": "592.00000", "2019-06-30": "605.00000", "2019-03-31": "728.00000", "2018-12-31": "733.00000", "2018-09-30": "586.00000", "2018-06-30": "589.00000", "2018-03-31": "554.00000", "2017-12-31": "630.00000", "2017-09-30": "592.00000", "2017-06-30": "619.00000", "2017-03-31": "586.00000", "2016-12-31": "665.00000", "2016-09-30": "582.00000", "2016-06-30": "588.00000", "2016-03-31": "541.00000", "2015-12-31": "611.00000", "2015-09-30": "546.00000", "2015-06-30": "558.00000", "2015-03-31": "564.00000", "2014-12-31": "545.00000", "2014-09-30": "640.00000", "2014-06-30": "666.00000", "2014-03-31": "624.00000", "2013-12-31": "471.00000", "2013-09-30": "630.00000", "2013-06-30": "631.00000", "2013-03-31": "610.00000", "2012-12-31": "712.00000", "2012-09-30": "590.00000", "2012-06-30": "525.00000", "2012-03-31": "544.00000", "2011-12-31": "522.00000", "2011-09-30": "465.00000", "2011-06-30": "494.00000", "2011-03-31": "470.00000", "2010-12-31": "367.00000", "2010-09-30": "433.00000", "2010-06-30": "459.00000", "2010-03-31": "397.00000", "2009-12-31": "421.00000", "2009-09-30": "344.00000", "2009-06-30": "384.00000", "2009-03-31": "409.00000", "2008-12-31": "490.00000", "2008-09-30": "436.00000", "2008-06-30": "434.00000", "2008-03-31": "411.00000", "2007-12-31": "481.00000", "2007-09-30": "399.00000", "2007-06-30": "416.00000", "2007-03-31": "382.00000", "2006-12-31": "406.00000", "2006-09-30": "384.00000", "2006-06-30": "370.00000", "2006-03-31": "369.00000", "2005-12-31": "423.00000", "2005-09-30": "335.00000", "2005-06-30": "318.00000", "2005-03-31": "291.00000"}, "SG&A Expenses": {"2020-12-31": "1351.00000", "2020-09-30": "1401.00000", "2020-06-30": "1811.00000", "2020-03-31": "2248.00000", "2019-12-31": "4720.00000", "2019-09-30": "902.00000", "2019-06-30": "902.00000", "2019-03-31": "1997.00000", "2018-12-31": "1915.00000", "2018-09-30": "1681.00000", "2018-06-30": "1759.00000", "2018-03-31": "1711.00000", "2017-12-31": "1720.00000", "2017-09-30": "1582.00000", "2017-06-30": "1590.00000", "2017-03-31": "1537.00000", "2016-12-31": "1754.00000", "2016-09-30": "1390.00000", "2016-06-30": "1451.00000", "2016-03-31": "1363.00000", "2015-12-31": "1625.00000", "2015-09-30": "1359.00000", "2015-06-30": "1426.00000", "2015-03-31": "1476.00000", "2014-12-31": "1452.00000", "2014-09-30": "1501.00000", "2014-06-30": "1623.00000", "2014-03-31": "1596.00000", "2013-12-31": "1367.00000", "2013-09-30": "1633.00000", "2013-06-30": "1737.00000", "2013-03-31": "1627.00000", "2012-12-31": "1795.00000", "2012-09-30": "1619.00000", "2012-06-30": "1509.00000", "2012-03-31": "1529.00000", "2011-12-31": "1617.00000", "2011-09-30": "1512.00000", "2011-06-30": "1576.00000", "2011-03-31": "1456.00000", "2010-12-31": "1405.00000", "2010-09-30": "1478.00000", "2010-06-30": "1491.00000", "2010-03-31": "1424.00000", "2009-12-31": "1555.00000", "2009-09-30": "1424.00000", "2009-06-30": "1574.00000", "2009-03-31": "1483.00000", "2008-12-31": "1649.00000", "2008-09-30": "1665.00000", "2008-06-30": "1775.00000", "2008-03-31": "1635.00000", "2007-12-31": "1711.00000", "2007-09-30": "1508.00000", "2007-06-30": "1494.00000", "2007-03-31": "1396.00000", "2006-12-31": "1432.00000", "2006-09-30": "1338.00000", "2006-06-30": "1378.00000", "2006-03-31": "1314.00000", "2005-12-31": "1378.00000", "2005-09-30": "1295.00000", "2005-06-30": "1355.00000", "2005-03-31": "1213.00000"}, "Other Operating Income Or Expenses": {"2020-12-31": "50.00000", "2020-09-30": "734.00000", "2020-06-30": "82.00000", "2020-03-31": "-76.00000", "2019-12-31": "231.00000", "2019-09-30": "60.00000", "2019-06-30": "118.00000", "2019-03-31": "112.00000", "2018-12-31": "262.00000", "2018-09-30": "131.00000", "2018-06-30": "941.00000", "2018-03-31": "231.00000", "2017-12-31": "263.00000", "2017-09-30": "250.00000", "2017-06-30": "257.00000", "2017-03-31": "588.00000", "2016-12-31": "182.00000", "2016-09-30": "211.00000", "2016-06-30": "243.00000", "2016-03-31": "146.00000", "2015-12-31": "-1019.00000", "2015-09-30": "219.00000", "2015-06-30": "181.00000", "2015-03-31": "408.00000", "2014-12-31": "286.00000", "2014-09-30": "305.00000", "2014-06-30": "384.00000", "2014-03-31": "263.00000", "2013-12-31": "206.00000", "2013-09-30": "187.00000", "2013-06-30": "421.00000", "2013-03-31": "309.00000", "2012-12-31": "101.00000", "2012-09-30": "211.00000", "2012-06-30": "340.00000", "2012-03-31": "300.00000", "2011-12-31": "25.00000", "2011-09-30": "231.00000", "2011-06-30": "219.00000", "2011-03-31": "98.00000", "2010-12-31": "64.00000", "2010-09-30": "-114.00000", "2010-06-30": "45.00000", "2010-03-31": "36.00000", "2009-12-31": "", "2009-09-30": "", "2009-06-30": "", "2009-03-31": "", "2008-12-31": "", "2008-09-30": "", "2008-06-30": "", "2008-03-31": "", "2007-12-31": "", "2007-09-30": "", "2007-06-30": "", "2007-03-31": "", "2006-12-31": "", "2006-09-30": "", "2006-06-30": "", "2006-03-31": "", "2005-12-31": "", "2005-09-30": "", "2005-06-30": "", "2005-03-31": ""}, "Operating Expenses": {"2020-12-31": "16277.00000", "2020-09-30": "14313.00000", "2020-06-30": "17821.00000", "2020-03-31": "16403.00000", "2019-12-31": "31874.00000", "2019-09-30": "9943.00000", "2019-06-30": "9943.00000", "2019-03-31": "16320.00000", "2018-12-31": "16133.00000", "2018-09-30": "14672.00000", "2018-06-30": "13829.00000", "2018-03-31": "13314.00000", "2017-12-31": "13882.00000", "2017-09-30": "13030.00000", "2017-06-30": "13116.00000", "2017-03-31": "11671.00000", "2016-12-31": "12971.00000", "2016-09-30": "12103.00000", "2016-06-30": "12537.00000", "2016-03-31": "11412.00000", "2015-12-31": "13908.00000", "2015-09-30": "11486.00000", "2015-06-30": "12275.00000", "2015-03-31": "11138.00000", "2014-12-31": "8823.00000", "2014-09-30": "12001.00000", "2014-06-30": "14836.00000", "2014-03-31": "12647.00000", "2013-12-31": "9063.00000", "2013-09-30": "13096.00000", "2013-06-30": "13499.00000", "2013-03-31": "12393.00000", "2012-12-31": "14692.00000", "2012-09-30": "13001.00000", "2012-06-30": "11628.00000", "2012-03-31": "10703.00000", "2011-12-31": "12513.00000", "2011-09-30": "12084.00000", "2011-06-30": "12319.00000", "2011-03-31": "10992.00000", "2010-12-31": "11248.00000", "2010-09-30": "11692.00000", "2010-06-30": "11920.00000", "2010-03-31": "10517.00000", "2009-12-31": "11886.00000", "2009-09-30": "11604.00000", "2009-06-30": "11559.00000", "2009-03-31": "10999.00000", "2008-12-31": "12445.00000", "2008-09-30": "13036.00000", "2008-06-30": "13845.00000", "2008-03-31": "12284.00000", "2007-12-31": "13878.00000", "2007-09-30": "11975.00000", "2007-06-30": "12039.00000", "2007-03-31": "10774.00000", "2006-12-31": "11359.00000", "2006-09-30": "10516.00000", "2006-06-30": "10523.00000", "2006-03-31": "9333.00000", "2005-12-31": "10040.00000", "2005-09-30": "9521.00000", "2005-06-30": "9663.00000", "2005-03-31": "8319.00000"}, "Operating Income": {"2020-12-31": "142.00000", "2020-09-30": "434.00000", "2020-06-30": "-3760.00000", "2020-03-31": "1807.00000", "2019-12-31": "4105.00000", "2019-09-30": "1430.00000", "2019-06-30": "1386.00000", "2019-03-31": "2045.00000", "2018-12-31": "1911.00000", "2018-09-30": "1838.00000", "2018-06-30": "2876.00000", "2018-03-31": "1928.00000", "2017-12-31": "1798.00000", "2017-09-30": "2032.00000", "2017-06-30": "2164.00000", "2017-03-31": "2144.00000", "2016-12-31": "1688.00000", "2016-09-30": "2251.00000", "2016-06-30": "2337.00000", "2016-03-31": "1945.00000", "2015-12-31": "392.00000", "2015-09-30": "2302.00000", "2015-06-30": "2415.00000", "2015-03-31": "2182.00000", "2014-12-31": "2528.00000", "2014-09-30": "2612.00000", "2014-06-30": "2355.00000", "2014-03-31": "2098.00000", "2013-12-31": "1670.00000", "2013-09-30": "2366.00000", "2013-06-30": "2507.00000", "2013-03-31": "2006.00000", "2012-12-31": "1751.00000", "2012-09-30": "2041.00000", "2012-06-30": "2179.00000", "2012-03-31": "1713.00000", "2011-12-31": "1857.00000", "2011-09-30": "2151.00000", "2011-06-30": "2150.00000", "2011-03-31": "1688.00000", "2010-12-31": "1565.00000", "2010-09-30": "1928.00000", "2010-06-30": "1882.00000", "2010-03-31": "1523.00000", "2009-12-31": "1719.00000", "2009-09-30": "1771.00000", "2009-06-30": "1637.00000", "2009-03-31": "1250.00000", "2008-12-31": "1687.00000", "2008-09-30": "2049.00000", "2008-06-30": "2099.00000", "2008-03-31": "1674.00000", "2007-12-31": "1793.00000", "2007-09-30": "1888.00000", "2007-06-30": "1865.00000", "2007-03-31": "1504.00000", "2006-12-31": "1428.00000", "2006-09-30": "1647.00000", "2006-06-30": "1741.00000", "2006-03-31": "1282.00000", "2005-12-31": "1221.00000", "2005-09-30": "1384.00000", "2005-06-30": "1489.00000", "2005-03-31": "1088.00000"}, "Total Non-Operating Income/Expense": {"2020-12-31": "-105.00000", "2020-09-30": "-97.00000", "2020-06-30": "-98.00000", "2020-03-31": "-852.00000", "2019-12-31": "-235.00000", "2019-09-30": "-113.00000", "2019-06-30": "-152.00000", "2019-03-31": "-223.00000", "2018-12-31": "-123.00000", "2018-09-30": "-70.00000", "2018-06-30": "-42.00000", "2018-03-31": "-38.00000", "2017-12-31": "-93.00000", "2017-09-30": "-92.00000", "2017-06-30": "-100.00000", "2017-03-31": "-90.00000", "2016-12-31": "-415.00000", "2016-09-30": "-225.00000", "2016-06-30": "-225.00000", "2016-03-31": "-223.00000", "2015-12-31": "-206.00000", "2015-09-30": "-184.00000", "2015-06-30": "-217.00000", "2015-03-31": "-217.00000", "2014-12-31": "-265.00000", "2014-09-30": "-185.00000", "2014-06-30": "-206.00000", "2014-03-31": "-225.00000", "2013-12-31": "-216.00000", "2013-09-30": "-226.00000", "2013-06-30": "-217.00000", "2013-03-31": "-236.00000", "2012-12-31": "-260.00000", "2012-09-30": "-216.00000", "2012-06-30": "-168.00000", "2012-03-31": "-129.00000", "2011-12-31": "-68.00000", "2011-09-30": "-139.00000", "2011-06-30": "-141.00000", "2011-03-31": "-148.00000", "2010-12-31": "-169.00000", "2010-09-30": "-161.00000", "2010-06-30": "-149.00000", "2010-03-31": "-171.00000", "2009-12-31": "-95.00000", "2009-09-30": "-170.00000", "2009-06-30": "-177.00000", "2009-03-31": "-175.00000", "2008-12-31": "-55.00000", "2008-09-30": "-177.00000", "2008-06-30": "-176.00000", "2008-03-31": "-165.00000", "2007-12-31": "-174.00000", "2007-09-30": "-179.00000", "2007-06-30": "-163.00000", "2007-03-31": "-150.00000", "2006-12-31": "-153.00000", "2006-09-30": "-156.00000", "2006-06-30": "-155.00000", "2006-03-31": "-142.00000", "2005-12-31": "-143.00000", "2005-09-30": "-135.00000", "2005-06-30": "-120.00000", "2005-03-31": "-100.00000"}, "Pre-Tax Income": {"2020-12-31": "37.00000", "2020-09-30": "337.00000", "2020-06-30": "-3858.00000", "2020-03-31": "955.00000", "2019-12-31": "3870.00000", "2019-09-30": "1317.00000", "2019-06-30": "1234.00000", "2019-03-31": "1822.00000", "2018-12-31": "1788.00000", "2018-09-30": "1768.00000", "2018-06-30": "2834.00000", "2018-03-31": "1890.00000", "2017-12-31": "1705.00000", "2017-09-30": "1940.00000", "2017-06-30": "2064.00000", "2017-03-31": "2054.00000", "2016-12-31": "1273.00000", "2016-09-30": "2026.00000", "2016-06-30": "2112.00000", "2016-03-31": "1722.00000", "2015-12-31": "186.00000", "2015-09-30": "2118.00000", "2015-06-30": "2198.00000", "2015-03-31": "1965.00000", "2014-12-31": "2263.00000", "2014-09-30": "2427.00000", "2014-06-30": "2149.00000", "2014-03-31": "1873.00000", "2013-12-31": "1454.00000", "2013-09-30": "2140.00000", "2013-06-30": "2290.00000", "2013-03-31": "1770.00000", "2012-12-31": "1491.00000", "2012-09-30": "1825.00000", "2012-06-30": "2011.00000", "2012-03-31": "1584.00000", "2011-12-31": "1789.00000", "2011-09-30": "2012.00000", "2011-06-30": "2009.00000", "2011-03-31": "1540.00000", "2010-12-31": "1396.00000", "2010-09-30": "1767.00000", "2010-06-30": "1733.00000", "2010-03-31": "1352.00000", "2009-12-31": "1624.00000", "2009-09-30": "1601.00000", "2009-06-30": "1460.00000", "2009-03-31": "1075.00000", "2008-12-31": "1632.00000", "2008-09-30": "1872.00000", "2008-06-30": "1923.00000", "2008-03-31": "1509.00000", "2007-12-31": "1619.00000", "2007-09-30": "1709.00000", "2007-06-30": "1702.00000", "2007-03-31": "1354.00000", "2006-12-31": "1275.00000", "2006-09-30": "1491.00000", "2006-06-30": "1586.00000", "2006-03-31": "1140.00000", "2005-12-31": "1078.00000", "2005-09-30": "1249.00000", "2005-06-30": "1369.00000", "2005-03-31": "988.00000"}, "Income Taxes": {"2020-12-31": "-178.00000", "2020-09-30": "152.00000", "2020-06-30": "-38.00000", "2020-03-31": "941.00000", "2019-12-31": "1586.00000", "2019-09-30": "306.00000", "2019-06-30": "6.00000", "2019-03-31": "397.00000", "2018-12-31": "990.00000", "2018-09-30": "419.00000", "2018-06-30": "695.00000", "2018-03-31": "522.00000", "2017-12-31": "1219.00000", "2017-09-30": "506.00000", "2017-06-30": "532.00000", "2017-03-31": "586.00000", "2016-12-31": "149.00000", "2016-09-30": "492.00000", "2016-06-30": "587.00000", "2016-03-31": "469.00000", "2015-12-31": "363.00000", "2015-09-30": "592.00000", "2015-06-30": "626.00000", "2015-03-31": "530.00000", "2014-12-31": "743.00000", "2014-09-30": "575.00000", "2014-06-30": "359.00000", "2014-03-31": "567.00000", "2013-12-31": "322.00000", "2013-09-30": "614.00000", "2013-06-30": "645.00000", "2013-03-31": "418.00000", "2012-12-31": "454.00000", "2012-09-30": "484.00000", "2012-06-30": "453.00000", "2012-03-31": "320.00000", "2011-12-31": "408.00000", "2011-09-30": "628.00000", "2011-06-30": "612.00000", "2011-03-31": "486.00000", "2010-12-31": "331.00000", "2010-09-30": "468.00000", "2010-06-30": "521.00000", "2010-03-31": "405.00000", "2009-12-31": "455.00000", "2009-09-30": "456.00000", "2009-06-30": "394.00000", "2009-03-31": "276.00000", "2008-12-31": "403.00000", "2008-09-30": "502.00000", "2008-06-30": "548.00000", "2008-03-31": "430.00000", "2007-12-31": "481.00000", "2007-09-30": "434.00000", "2007-06-30": "479.00000", "2007-03-31": "442.00000", "2006-12-31": "337.00000", "2006-09-30": "423.00000", "2006-06-30": "415.00000", "2006-03-31": "319.00000", "2005-12-31": "294.00000", "2005-09-30": "356.00000", "2005-06-30": "326.00000", "2005-03-31": "277.00000"}, "Income After Taxes": {"2020-12-31": "215.00000", "2020-09-30": "185.00000", "2020-06-30": "-3820.00000", "2020-03-31": "14.00000", "2019-12-31": "2284.00000", "2019-09-30": "1011.00000", "2019-06-30": "1228.00000", "2019-03-31": "1425.00000", "2018-12-31": "798.00000", "2018-09-30": "1349.00000", "2018-06-30": "2139.00000", "2018-03-31": "1368.00000", "2017-12-31": "486.00000", "2017-09-30": "1434.00000", "2017-06-30": "1532.00000", "2017-03-31": "1468.00000", "2016-12-31": "1124.00000", "2016-09-30": "1534.00000", "2016-06-30": "1525.00000", "2016-03-31": "1253.00000", "2015-12-31": "-177.00000", "2015-09-30": "1526.00000", "2015-06-30": "1572.00000", "2015-03-31": "1435.00000", "2014-12-31": "1520.00000", "2014-09-30": "1852.00000", "2014-06-30": "1790.00000", "2014-03-31": "1306.00000", "2013-12-31": "1132.00000", "2013-09-30": "1526.00000", "2013-06-30": "1645.00000", "2013-03-31": "1352.00000", "2012-12-31": "1037.00000", "2012-09-30": "1341.00000", "2012-06-30": "1558.00000", "2012-03-31": "1264.00000", "2011-12-31": "1381.00000", "2011-09-30": "1384.00000", "2011-06-30": "1397.00000", "2011-03-31": "1054.00000", "2010-12-31": "1065.00000", "2010-09-30": "1299.00000", "2010-06-30": "1212.00000", "2010-03-31": "947.00000", "2009-12-31": "1169.00000", "2009-09-30": "1145.00000", "2009-06-30": "1066.00000", "2009-03-31": "799.00000", "2008-12-31": "1229.00000", "2008-09-30": "1370.00000", "2008-06-30": "1375.00000", "2008-03-31": "1079.00000", "2007-12-31": "1138.00000", "2007-09-30": "1275.00000", "2007-06-30": "1223.00000", "2007-03-31": "912.00000", "2006-12-31": "938.00000", "2006-09-30": "1068.00000", "2006-06-30": "1171.00000", "2006-03-31": "821.00000", "2005-12-31": "784.00000", "2005-09-30": "893.00000", "2005-06-30": "1043.00000", "2005-03-31": "711.00000"}, "Other Income": {"2020-12-31": "", "2020-09-30": "", "2020-06-30": "", "2020-03-31": "", "2019-12-31": "", "2019-09-30": "", "2019-06-30": "", "2019-03-31": "", "2018-12-31": "", "2018-09-30": "", "2018-06-30": "", "2018-03-31": "", "2017-12-31": "", "2017-09-30": "", "2017-06-30": "", "2017-03-31": "", "2016-12-31": "", "2016-09-30": "", "2016-06-30": "", "2016-03-31": "", "2015-12-31": "", "2015-09-30": "", "2015-06-30": "", "2015-03-31": "", "2014-12-31": "", "2014-09-30": "", "2014-06-30": "", "2014-03-31": "", "2013-12-31": "", "2013-09-30": "", "2013-06-30": "", "2013-03-31": "", "2012-12-31": "", "2012-09-30": "", "2012-06-30": "", "2012-03-31": "", "2011-12-31": "", "2011-09-30": "", "2011-06-30": "", "2011-03-31": "", "2010-12-31": "", "2010-09-30": "", "2010-06-30": "", "2010-03-31": "", "2009-12-31": "", "2009-09-30": "", "2009-06-30": "", "2009-03-31": "", "2008-12-31": "", "2008-09-30": "", "2008-06-30": "", "2008-03-31": "", "2007-12-31": "", "2007-09-30": "", "2007-06-30": "", "2007-03-31": "", "2006-12-31": "", "2006-09-30": "", "2006-06-30": "", "2006-03-31": "", "2005-12-31": "", "2005-09-30": "", "2005-06-30": "", "2005-03-31": ""}, "Income From Continuous Operations": {"2020-12-31": "215.00000", "2020-09-30": "185.00000", "2020-06-30": "-3820.00000", "2020-03-31": "14.00000", "2019-12-31": "2284.00000", "2019-09-30": "1011.00000", "2019-06-30": "1228.00000", "2019-03-31": "1425.00000", "2018-12-31": "798.00000", "2018-09-30": "1349.00000", "2018-06-30": "2139.00000", "2018-03-31": "1368.00000", "2017-12-31": "486.00000", "2017-09-30": "1434.00000", "2017-06-30": "1532.00000", "2017-03-31": "1468.00000", "2016-12-31": "1395.00000", "2016-09-30": "1443.00000", "2016-06-30": "1426.00000", "2016-03-31": "1172.00000", "2015-12-31": "-256.00000", "2015-09-30": "1427.00000", "2015-06-30": "1461.00000", "2015-03-31": "1364.00000", "2014-12-31": "1215.00000", "2014-09-30": "1755.00000", "2014-06-30": "1790.00000", "2014-03-31": "1306.00000", "2013-12-31": "1028.00000", "2013-09-30": "1415.00000", "2013-06-30": "1552.00000", "2013-03-31": "1270.00000", "2012-12-31": "945.00000", "2012-09-30": "1247.00000", "2012-06-30": "1466.00000", "2012-03-31": "1189.00000", "2011-12-31": "996.00000", "2011-09-30": "1384.00000", "2011-06-30": "1397.00000", "2011-03-31": "1054.00000", "2010-12-31": "1065.00000", "2010-09-30": "1299.00000", "2010-06-30": "1212.00000", "2010-03-31": "947.00000", "2009-12-31": "1169.00000", "2009-09-30": "1145.00000", "2009-06-30": "1066.00000", "2009-03-31": "799.00000", "2008-12-31": "1229.00000", "2008-09-30": "1370.00000", "2008-06-30": "1375.00000", "2008-03-31": "1079.00000", "2007-12-31": "1384.00000", "2007-09-30": "1197.00000", "2007-06-30": "1148.00000", "2007-03-31": "819.00000", "2006-12-31": "865.00000", "2006-09-30": "996.00000", "2006-06-30": "1103.00000", "2006-03-31": "768.00000", "2005-12-31": "721.00000", "2005-09-30": "821.00000", "2005-06-30": "971.00000", "2005-03-31": "651.00000"}, "Income From Discontinued Operations": {"2020-12-31": "-11.00000", "2020-09-30": "113.00000", "2020-06-30": "9.00000", "2020-03-31": "", "2019-12-31": "", "2019-09-30": "190.00000", "2019-06-30": "717.00000", "2019-03-31": "", "2018-12-31": "", "2018-09-30": "", "2018-06-30": "", "2018-03-31": "", "2017-12-31": "", "2017-09-30": "", "2017-06-30": "", "2017-03-31": "", "2016-12-31": "-11.00000", "2016-09-30": "37.00000", "2016-06-30": "-47.00000", "2016-03-31": "11.00000", "2015-12-31": "3534.00000", "2015-09-30": "-65.00000", "2015-06-30": "81.00000", "2015-03-31": "62.00000", "2014-12-31": "55.00000", "2014-09-30": "99.00000", "2014-06-30": "", "2014-03-31": "", "2013-12-31": "435.00000", "2013-09-30": "17.00000", "2013-06-30": "8.00000", "2013-03-31": "-4.00000", "2012-12-31": "1112.00000", "2012-09-30": "168.00000", "2012-06-30": "-138.00000", "2012-03-31": "-859.00000", "2011-12-31": "31.00000", "2011-09-30": "37.00000", "2011-06-30": "33.00000", "2011-03-31": "47.00000", "2010-12-31": "", "2010-09-30": "", "2010-06-30": "", "2010-03-31": "", "2009-12-31": "", "2009-09-30": "", "2009-06-30": "", "2009-03-31": "", "2008-12-31": "", "2008-09-30": "", "2008-06-30": "", "2008-03-31": "", "2007-12-31": "", "2007-09-30": "", "2007-06-30": "", "2007-03-31": "", "2006-12-31": "", "2006-09-30": "", "2006-06-30": "", "2006-03-31": "", "2005-12-31": "", "2005-09-30": "", "2005-06-30": "", "2005-03-31": ""}, "Net Income": {"2020-12-31": "135.00000", "2020-09-30": "264.00000", "2020-06-30": "-3835.00000", "2020-03-31": "-83.00000", "2019-12-31": "1143.00000", "2019-09-30": "1148.00000", "2019-06-30": "1900.00000", "2019-03-31": "1346.00000", "2018-12-31": "686.00000", "2018-09-30": "1238.00000", "2018-06-30": "2048.00000", "2018-03-31": "1297.00000", "2017-12-31": "397.00000", "2017-09-30": "1330.00000", "2017-06-30": "1439.00000", "2017-03-31": "1386.00000", "2016-12-31": "1013.00000", "2016-09-30": "1480.00000", "2016-06-30": "1379.00000", "2016-03-31": "1183.00000", "2015-12-31": "3278.00000", "2015-09-30": "1362.00000", "2015-06-30": "1542.00000", "2015-03-31": "1426.00000", "2014-12-31": "1473.00000", "2014-09-30": "1854.00000", "2014-06-30": "1680.00000", "2014-03-31": "1213.00000", "2013-12-31": "1463.00000", "2013-09-30": "1432.00000", "2013-06-30": "1560.00000", "2013-03-31": "1266.00000", "2012-12-31": "2057.00000", "2012-09-30": "1415.00000", "2012-06-30": "1328.00000", "2012-03-31": "330.00000", "2011-12-31": "1325.00000", "2011-09-30": "1324.00000", "2011-06-30": "1318.00000", "2011-03-31": "1012.00000", "2010-12-31": "1199.00000", "2010-09-30": "1198.00000", "2010-06-30": "1110.00000", "2010-03-31": "866.00000", "2009-12-31": "1073.00000", "2009-09-30": "1058.00000", "2009-06-30": "976.00000", "2009-03-31": "722.00000", "2008-12-31": "1145.00000", "2008-09-30": "1269.00000", "2008-06-30": "1275.00000", "2008-03-31": "1000.00000", "2007-12-31": "1060.00000", "2007-09-30": "1197.00000", "2007-06-30": "1148.00000", "2007-03-31": "819.00000", "2006-12-31": "865.00000", "2006-09-30": "996.00000", "2006-06-30": "1103.00000", "2006-03-31": "768.00000", "2005-12-31": "626.00000", "2005-09-30": "821.00000", "2005-06-30": "971.00000", "2005-03-31": "651.00000"}, "EBITDA": {"2020-12-31": "", "2020-09-30": "1598.00000", "2020-06-30": "282.00000", "2020-03-31": "2787.00000", "2019-12-31": "5866.00000", "2019-09-30": "2122.00000", "2019-06-30": "1774.00000", "2019-03-31": "2987.00000", "2018-12-31": "2578.00000", "2018-09-30": "2431.00000", "2018-06-30": "3468.00000", "2018-03-31": "2509.00000", "2017-12-31": "2356.00000", "2017-09-30": "2575.00000", "2017-06-30": "2691.00000", "2017-03-31": "2656.00000", "2016-12-31": "2194.00000", "2016-09-30": "2747.00000", "2016-06-30": "2831.00000", "2016-03-31": "2411.00000", "2015-12-31": "854.00000", "2015-09-30": "2788.00000", "2015-06-30": "2872.00000", "2015-03-31": "2640.00000", "2014-12-31": "2996.00000", "2014-09-30": "3029.00000", "2014-06-30": "2823.00000", "2014-03-31": "2565.00000", "2013-12-31": "2070.00000", "2013-09-30": "2818.00000", "2013-06-30": "2946.00000", "2013-03-31": "2450.00000", "2012-12-31": "2228.00000", "2012-09-30": "2463.00000", "2012-06-30": "2486.00000", "2012-03-31": "2031.00000", "2011-12-31": "2158.00000", "2011-09-30": "2475.00000", "2011-06-30": "2472.00000", "2011-03-31": "2004.00000", "2010-12-31": "1857.00000", "2010-09-30": "2270.00000", "2010-06-30": "2221.00000", "2010-03-31": "1850.00000", "2009-12-31": "2052.00000", "2009-09-30": "2087.00000", "2009-06-30": "1940.00000", "2009-03-31": "1556.00000", "2008-12-31": "2037.00000", "2008-09-30": "2375.00000", "2008-06-30": "2425.00000", "2008-03-31": "1993.00000", "2007-12-31": "2103.00000", "2007-09-30": "2196.00000", "2007-06-30": "2142.00000", "2007-03-31": "1782.00000", "2006-12-31": "1689.00000", "2006-09-30": "1899.00000", "2006-06-30": "1997.00000", "2006-03-31": "1546.00000", "2005-12-31": "1477.00000", "2005-09-30": "1649.00000", "2005-06-30": "1726.00000", "2005-03-31": "1314.00000"}, "EBIT": {"2020-12-31": "142.00000", "2020-09-30": "434.00000", "2020-06-30": "-3760.00000", "2020-03-31": "1807.00000", "2019-12-31": "4105.00000", "2019-09-30": "1430.00000", "2019-06-30": "1386.00000", "2019-03-31": "2045.00000", "2018-12-31": "1911.00000", "2018-09-30": "1838.00000", "2018-06-30": "2876.00000", "2018-03-31": "1928.00000", "2017-12-31": "1798.00000", "2017-09-30": "2032.00000", "2017-06-30": "2164.00000", "2017-03-31": "2144.00000", "2016-12-31": "1688.00000", "2016-09-30": "2251.00000", "2016-06-30": "2337.00000", "2016-03-31": "1945.00000", "2015-12-31": "392.00000", "2015-09-30": "2302.00000", "2015-06-30": "2415.00000", "2015-03-31": "2182.00000", "2014-12-31": "2528.00000", "2014-09-30": "2612.00000", "2014-06-30": "2355.00000", "2014-03-31": "2098.00000", "2013-12-31": "1670.00000", "2013-09-30": "2366.00000", "2013-06-30": "2507.00000", "2013-03-31": "2006.00000", "2012-12-31": "1751.00000", "2012-09-30": "2041.00000", "2012-06-30": "2179.00000", "2012-03-31": "1713.00000", "2011-12-31": "1857.00000", "2011-09-30": "2151.00000", "2011-06-30": "2150.00000", "2011-03-31": "1688.00000", "2010-12-31": "1565.00000", "2010-09-30": "1928.00000", "2010-06-30": "1882.00000", "2010-03-31": "1523.00000", "2009-12-31": "1719.00000", "2009-09-30": "1771.00000", "2009-06-30": "1637.00000", "2009-03-31": "1250.00000", "2008-12-31": "1687.00000", "2008-09-30": "2049.00000", "2008-06-30": "2099.00000", "2008-03-31": "1674.00000", "2007-12-31": "1793.00000", "2007-09-30": "1888.00000", "2007-06-30": "1865.00000", "2007-03-31": "1504.00000", "2006-12-31": "1428.00000", "2006-09-30": "1647.00000", "2006-06-30": "1741.00000", "2006-03-31": "1282.00000", "2005-12-31": "1221.00000", "2005-09-30": "1384.00000", "2005-06-30": "1489.00000", "2005-03-31": "1088.00000"}, "Basic Shares Outstanding": {"2020-12-31": "1512.30000", "2020-09-30": "1511.50000", "2020-06-30": "1501.30000", "2020-03-31": "858.40000", "2019-12-31": "854.80000", "2019-09-30": "855.10000", "2019-06-30": "854.40000", "2019-03-31": "853.20000", "2018-12-31": "800.40000", "2018-09-30": "791.30000", "2018-06-30": "790.50000", "2018-03-31": "789.90000", "2017-12-31": "790.00000", "2017-09-30": "788.30000", "2017-06-30": "788.70000", "2017-03-31": "793.50000", "2016-12-31": "818.20000", "2016-09-30": "822.40000", "2016-06-30": "825.30000", "2016-03-31": "825.00000", "2015-12-31": "872.70000", "2015-09-30": "876.40000", "2015-06-30": "877.30000", "2015-03-31": "890.30000", "2014-12-31": "898.30000", "2014-09-30": "897.70000", "2014-06-30": "900.10000", "2014-03-31": "900.90000", "2013-12-31": "901.00000", "2013-09-30": "900.80000", "2013-06-30": "901.10000", "2013-03-31": "901.30000", "2012-12-31": "895.20000", "2012-09-30": "896.30000", "2012-06-30": "893.40000", "2012-03-31": "890.90000", "2011-12-31": "892.30000", "2011-09-30": "888.80000", "2011-06-30": "892.90000", "2011-03-31": "898.70000", "2010-12-31": "907.90000", "2010-09-30": "905.60000", "2010-06-30": "910.40000", "2010-03-31": "913.60000", "2009-12-31": "917.40000", "2009-09-30": "917.00000", "2009-06-30": "919.00000", "2009-03-31": "918.00000", "2008-12-31": "937.80000", "2008-09-30": "933.00000", "2008-06-30": "944.00000", "2008-03-31": "952.00000", "2007-12-31": "964.00000", "2007-09-30": "963.00000", "2007-06-30": "966.00000", "2007-03-31": "968.00000", "2006-12-31": "980.00000", "2006-09-30": "980.00000", "2006-06-30": "983.00000", "2006-03-31": "984.00000", "2005-12-31": "991.00000", "2005-09-30": "992.00000", "2005-06-30": "995.00000", "2005-03-31": "992.00000"}, "Shares Outstanding": {"2020-12-31": "1515.40000", "2020-09-30": "1514.20000", "2020-06-30": "1501.30000", "2020-03-31": "858.40000", "2019-12-31": "863.90000", "2019-09-30": "864.10000", "2019-06-30": "863.70000", "2019-03-31": "860.70000", "2018-12-31": "810.10000", "2018-09-30": "801.80000", "2018-06-30": "799.60000", "2018-03-31": "800.40000", "2017-12-31": "799.10000", "2017-09-30": "797.10000", "2017-06-30": "798.20000", "2017-03-31": "802.30000", "2016-12-31": "826.10000", "2016-09-30": "831.20000", "2016-06-30": "833.60000", "2016-03-31": "831.30000", "2015-12-31": "883.20000", "2015-09-30": "885.00000", "2015-06-30": "889.40000", "2015-03-31": "904.20000", "2014-12-31": "911.60000", "2014-09-30": "910.20000", "2014-06-30": "914.70000", "2014-03-31": "917.00000", "2013-12-31": "915.10000", "2013-09-30": "915.50000", "2013-06-30": "914.10000", "2013-03-31": "913.80000", "2012-12-31": "906.60000", "2012-09-30": "907.20000", "2012-06-30": "904.80000", "2012-03-31": "903.90000", "2011-12-31": "906.80000", "2011-09-30": "901.90000", "2011-06-30": "909.80000", "2011-03-31": "914.90000", "2010-12-31": "922.70000", "2010-09-30": "919.50000", "2010-06-30": "925.40000", "2010-03-31": "929.30000", "2009-12-31": "928.80000", "2009-09-30": "929.00000", "2009-06-30": "929.00000", "2009-03-31": "926.00000", "2008-12-31": "956.40000", "2008-09-30": "951.00000", "2008-06-30": "966.00000", "2008-03-31": "975.00000", "2007-12-31": "989.00000", "2007-09-30": "989.00000", "2007-06-30": "990.00000", "2007-03-31": "993.00000", "2006-12-31": "1005.70000", "2006-09-30": "1006.00000", "2006-06-30": "1009.00000", "2006-03-31": "1009.00000", "2005-12-31": "1014.00000", "2005-09-30": "1015.00000", "2005-06-30": "1018.00000", "2005-03-31": "1016.00000"}, "Basic EPS": {"2020-12-31": "0.09000", "2020-09-30": "0.17000", "2020-06-30": "-2.55000", "2020-03-31": "-0.09670", "2019-12-31": "1.34240", "2019-09-30": "1.34000", "2019-06-30": "2.22000", "2019-03-31": "1.57760", "2018-12-31": "0.79000", "2018-09-30": "1.56000", "2018-06-30": "2.59000", "2018-03-31": "1.64000", "2017-12-31": "0.49000", "2017-09-30": "1.69000", "2017-06-30": "1.83000", "2017-03-31": "1.75000", "2016-12-31": "1.28000", "2016-09-30": "1.80000", "2016-06-30": "1.67000", "2016-03-31": "1.43000", "2015-12-31": "3.81000", "2015-09-30": "1.55000", "2015-06-30": "1.76000", "2015-03-31": "1.60000", "2014-12-31": "1.63000", "2014-09-30": "2.07000", "2014-06-30": "1.87000", "2014-03-31": "1.35000", "2013-12-31": "1.63000", "2013-09-30": "1.59000", "2013-06-30": "1.73000", "2013-03-31": "1.40000", "2012-12-31": "2.29000", "2012-09-30": "1.58000", "2012-06-30": "1.49000", "2012-03-31": "0.37000", "2011-12-31": "1.48000", "2011-09-30": "1.49000", "2011-06-30": "1.48000", "2011-03-31": "1.13000", "2010-12-31": "1.33000", "2010-09-30": "1.32000", "2010-06-30": "1.22000", "2010-03-31": "0.95000", "2009-12-31": "1.17000", "2009-09-30": "1.15000", "2009-06-30": "1.06000", "2009-03-31": "0.79000", "2008-12-31": "1.24000", "2008-09-30": "1.36000", "2008-06-30": "1.35000", "2008-03-31": "1.05000", "2007-12-31": "1.10000", "2007-09-30": "1.24000", "2007-06-30": "1.19000", "2007-03-31": "0.85000", "2006-12-31": "0.89000", "2006-09-30": "1.02000", "2006-06-30": "1.12000", "2006-03-31": "0.78000", "2005-12-31": "0.63000", "2005-09-30": "0.83000", "2005-06-30": "0.98000", "2005-03-31": "0.66000"}, "EPS - Earnings Per Share": {"2020-12-31": "0.09000", "2020-09-30": "0.17000", "2020-06-30": "-2.55000", "2020-03-31": "-0.10000", "2019-12-31": "1.32000", "2019-09-30": "1.33000", "2019-06-30": "2.20000", "2019-03-31": "1.56000", "2018-12-31": "0.78000", "2018-09-30": "1.54000", "2018-06-30": "2.56000", "2018-03-31": "1.62000", "2017-12-31": "0.50000", "2017-09-30": "1.67000", "2017-06-30": "1.80000", "2017-03-31": "1.73000", "2016-12-31": "1.27000", "2016-09-30": "1.78000", "2016-06-30": "1.65000", "2016-03-31": "1.42000", "2015-12-31": "3.76000", "2015-09-30": "1.54000", "2015-06-30": "1.73000", "2015-03-31": "1.58000", "2014-12-31": "1.62000", "2014-09-30": "2.04000", "2014-06-30": "1.84000", "2014-03-31": "1.32000", "2013-12-31": "1.58000", "2013-09-30": "1.57000", "2013-06-30": "1.71000", "2013-03-31": "1.39000", "2012-12-31": "2.27000", "2012-09-30": "1.56000", "2012-06-30": "1.47000", "2012-03-31": "0.36000", "2011-12-31": "1.46000", "2011-09-30": "1.47000", "2011-06-30": "1.45000", "2011-03-31": "1.11000", "2010-12-31": "1.31000", "2010-09-30": "1.30000", "2010-06-30": "1.20000", "2010-03-31": "0.93000", "2009-12-31": "1.15000", "2009-09-30": "1.14000", "2009-06-30": "1.05000", "2009-03-31": "0.78000", "2008-12-31": "1.22000", "2008-09-30": "1.33000", "2008-06-30": "1.32000", "2008-03-31": "1.03000", "2007-12-31": "1.08000", "2007-09-30": "1.21000", "2007-06-30": "1.16000", "2007-03-31": "0.82000", "2006-12-31": "0.87000", "2006-09-30": "0.99000", "2006-06-30": "1.09000", "2006-03-31": "0.76000", "2005-12-31": "0.63000", "2005-09-30": "0.81000", "2005-06-30": "0.95000", "2005-03-31": "0.64000"}}, "balance sheet": {"Cash On Hand": {"2020-12-31": "8802.00000", "2019-12-31": "7378.00000", "2018-12-31": "6152.00000", "2017-12-31": "8985.00000", "2016-12-31": "7157.00000", "2015-12-31": "7075.00000", "2014-12-31": "5229.00000", "2013-12-31": "4619.00000", "2012-12-31": "4819.00000", "2011-12-31": "5960.00000", "2010-12-31": "4083.00000", "2009-12-31": "4449.00000", "2008-12-31": "4327.00000", "2007-12-31": "2904.00000", "2006-12-31": "2546.00000", "2005-12-31": "2247.00000"}, "Receivables": {"2020-12-31": "9254.00000", "2019-12-31": "13524.00000", "2018-12-31": "14271.00000", "2017-12-31": "12595.00000", "2016-12-31": "11481.00000", "2015-12-31": "10653.00000", "2014-12-31": "10448.00000", "2013-12-31": "11458.00000", "2012-12-31": "11099.00000", "2011-12-31": "9546.00000", "2010-12-31": "8925.00000", "2009-12-31": "8469.00000", "2008-12-31": "9480.00000", "2007-12-31": "8844.00000", "2006-12-31": "7679.00000", "2005-12-31": "7240.00000"}, "Inventory": {"2020-12-31": "9411.00000", "2019-12-31": "10950.00000", "2018-12-31": "10083.00000", "2017-12-31": "9881.00000", "2016-12-31": "8704.00000", "2015-12-31": "8135.00000", "2014-12-31": "7642.00000", "2013-12-31": "10330.00000", "2012-12-31": "9537.00000", "2011-12-31": "7797.00000", "2010-12-31": "7766.00000", "2009-12-31": "7509.00000", "2008-12-31": "8340.00000", "2007-12-31": "8101.00000", "2006-12-31": "6657.00000", "2005-12-31": "5659.00000"}, "Pre-Paid Expenses": {"2020-12-31": "", "2019-12-31": "", "2018-12-31": "", "2017-12-31": "", "2016-12-31": "", "2015-12-31": "", "2014-12-31": "", "2013-12-31": "", "2012-12-31": "", "2011-12-31": "", "2010-12-31": "", "2009-12-31": "", "2008-12-31": "", "2007-12-31": "", "2006-12-31": "", "2005-12-31": ""}, "Other Current Assets": {"2020-12-31": "15845.00000", "2019-12-31": "5645.00000", "2018-12-31": "4997.00000", "2017-12-31": "1397.00000", "2016-12-31": "1208.00000", "2015-12-31": "843.00000", "2014-12-31": "6241.00000", "2013-12-31": "1071.00000", "2012-12-31": "2544.00000", "2011-12-31": "793.00000", "2010-12-31": "1113.00000", "2009-12-31": "1078.00000", "2008-12-31": "769.00000", "2007-12-31": "955.00000", "2006-12-31": "701.00000", "2005-12-31": "633.00000"}, "Total Current Assets": {"2020-12-31": "43376.00000", "2019-12-31": "37497.00000", "2018-12-31": "35503.00000", "2017-12-31": "32858.00000", "2016-12-31": "28550.00000", "2015-12-31": "26706.00000", "2014-12-31": "31483.00000", "2013-12-31": "29442.00000", "2012-12-31": "29610.00000", "2011-12-31": "25758.00000", "2010-12-31": "23510.00000", "2009-12-31": "23194.00000", "2008-12-31": "24467.00000", "2007-12-31": "22071.00000", "2006-12-31": "18844.00000", "2005-12-31": "17206.00000"}, "Property, Plant, And Equipment": {"2020-12-31": "14962.00000", "2019-12-31": "12755.00000", "2018-12-31": "12297.00000", "2017-12-31": "10186.00000", "2016-12-31": "9158.00000", "2015-12-31": "8732.00000", "2014-12-31": "8592.00000", "2013-12-31": "8866.00000", "2012-12-31": "8518.00000", "2011-12-31": "6201.00000", "2010-12-31": "6280.00000", "2009-12-31": "6364.00000", "2008-12-31": "6348.00000", "2007-12-31": "6296.00000", "2006-12-31": "5725.00000", "2005-12-31": "5623.00000"}, "Long-Term Investments": {"2020-12-31": "", "2019-12-31": "", "2018-12-31": "", "2017-12-31": "", "2016-12-31": "", "2015-12-31": "", "2014-12-31": "", "2013-12-31": "", "2012-12-31": "", "2011-12-31": "", "2010-12-31": "", "2009-12-31": "", "2008-12-31": "", "2007-12-31": "", "2006-12-31": "", "2005-12-31": ""}, "Goodwill And Intangible Assets": {"2020-12-31": "94824.00000", "2019-12-31": "74109.00000", "2018-12-31": "74536.00000", "2017-12-31": "43793.00000", "2016-12-31": "42743.00000", "2015-12-31": "42904.00000", "2014-12-31": "42976.00000", "2013-12-31": "43689.00000", "2012-12-31": "42990.00000", "2011-12-31": "21861.00000", "2010-12-31": "21781.00000", "2009-12-31": "19836.00000", "2008-12-31": "18806.00000", "2007-12-31": "19877.00000", "2006-12-31": "17362.00000", "2005-12-31": "16066.00000"}, "Other Long-Term Assets": {"2020-12-31": "3967.00000", "2019-12-31": "7668.00000", "2018-12-31": "7206.00000", "2017-12-31": "5988.00000", "2016-12-31": "6048.00000", "2015-12-31": "6163.00000", "2014-12-31": "5706.00000", "2013-12-31": "6205.00000", "2012-12-31": "5542.00000", "2011-12-31": "4210.00000", "2010-12-31": "3834.00000", "2009-12-31": "3219.00000", "2008-12-31": "2581.00000", "2007-12-31": "4242.00000", "2006-12-31": "2447.00000", "2005-12-31": "5159.00000"}, "Total Long-Term Assets": {"2020-12-31": "118777.00000", "2019-12-31": "102219.00000", "2018-12-31": "98708.00000", "2017-12-31": "64062.00000", "2016-12-31": "61156.00000", "2015-12-31": "60778.00000", "2014-12-31": "59723.00000", "2013-12-31": "61152.00000", "2012-12-31": "59799.00000", "2011-12-31": "35694.00000", "2010-12-31": "34983.00000", "2009-12-31": "32568.00000", "2008-12-31": "32370.00000", "2007-12-31": "32504.00000", "2006-12-31": "28297.00000", "2005-12-31": "28719.00000"}, "Total Assets": {"2020-12-31": "162153.00000", "2019-12-31": "139716.00000", "2018-12-31": "134211.00000", "2017-12-31": "96920.00000", "2016-12-31": "89706.00000", "2015-12-31": "87484.00000", "2014-12-31": "91206.00000", "2013-12-31": "90594.00000", "2012-12-31": "89409.00000", "2011-12-31": "61452.00000", "2010-12-31": "58493.00000", "2009-12-31": "55762.00000", "2008-12-31": "56837.00000", "2007-12-31": "54575.00000", "2006-12-31": "47141.00000", "2005-12-31": "45925.00000"}, "Total Current Liabilities": {"2020-12-31": "35848.00000", "2019-12-31": "34586.00000", "2018-12-31": "31368.00000", "2017-12-31": "24391.00000", "2016-12-31": "21906.00000", "2015-12-31": "22618.00000", "2014-12-31": "23475.00000", "2013-12-31": "22800.00000", "2012-12-31": "23786.00000", "2011-12-31": "18616.00000", "2010-12-31": "17732.00000", "2009-12-31": "17913.00000", "2008-12-31": "19802.00000", "2007-12-31": "17469.00000", "2006-12-31": "15208.00000", "2005-12-31": "15345.00000"}, "Long Term Debt": {"2020-12-31": "31026.00000", "2019-12-31": "37788.00000", "2018-12-31": "41192.00000", "2017-12-31": "24989.00000", "2016-12-31": "21697.00000", "2015-12-31": "19320.00000", "2014-12-31": "17784.00000", "2013-12-31": "19741.00000", "2012-12-31": "21597.00000", "2011-12-31": "9501.00000", "2010-12-31": "10010.00000", "2009-12-31": "8257.00000", "2008-12-31": "9337.00000", "2007-12-31": "8015.00000", "2006-12-31": "7037.00000", "2005-12-31": "5935.00000"}, "Other Non-Current Liabilities": {"2020-12-31": "9537.00000", "2019-12-31": "17370.00000", "2018-12-31": "16914.00000", "2017-12-31": "12952.00000", "2016-12-31": "11026.00000", "2015-12-31": "10558.00000", "2014-12-31": "10562.00000", "2013-12-31": "11279.00000", "2012-12-31": "9199.00000", "2011-12-31": "5150.00000", "2010-12-31": "4510.00000", "2009-12-31": "4054.00000", "2008-12-31": "4198.00000", "2007-12-31": "4262.00000", "2006-12-31": "3837.00000", "2005-12-31": "4063.00000"}, "Total Long Term Liabilities": {"2020-12-31": "52453.00000", "2019-12-31": "60899.00000", "2018-12-31": "62233.00000", "2017-12-31": "41108.00000", "2016-12-31": "38631.00000", "2015-12-31": "36022.00000", "2014-12-31": "35167.00000", "2013-12-31": "34575.00000", "2012-12-31": "38554.00000", "2011-12-31": "20016.00000", "2010-12-31": "18429.00000", "2009-12-31": "16850.00000", "2008-12-31": "20354.00000", "2007-12-31": "15751.00000", "2006-12-31": "14636.00000", "2005-12-31": "13589.00000"}, "Total Liabilities": {"2020-12-31": "88301.00000", "2019-12-31": "95485.00000", "2018-12-31": "93601.00000", "2017-12-31": "65499.00000", "2016-12-31": "60537.00000", "2015-12-31": "58640.00000", "2014-12-31": "58642.00000", "2013-12-31": "57375.00000", "2012-12-31": "62340.00000", "2011-12-31": "38632.00000", "2010-12-31": "36161.00000", "2009-12-31": "34763.00000", "2008-12-31": "40156.00000", "2007-12-31": "33220.00000", "2006-12-31": "29844.00000", "2005-12-31": "28934.00000"}, "Common Stock Net": {"2020-12-31": "36881.00000", "2019-12-31": "23019.00000", "2018-12-31": "22514.00000", "2017-12-31": "17574.00000", "2016-12-31": "17285.00000", "2015-12-31": "16033.00000", "2014-12-31": "15300.00000", "2013-12-31": "14764.00000", "2012-12-31": "13976.00000", "2011-12-31": "13445.00000", "2010-12-31": "12597.00000", "2009-12-31": "11746.00000", "2008-12-31": "11179.00000", "2007-12-31": "10572.00000", "2006-12-31": "9622.00000", "2005-12-31": "8793.00000"}, "Retained Earnings (Accumulated Deficit)": {"2020-12-31": "49423.00000", "2019-12-31": "61594.00000", "2018-12-31": "57823.00000", "2017-12-31": "55242.00000", "2016-12-31": "52873.00000", "2015-12-31": "49956.00000", "2014-12-31": "44611.00000", "2013-12-31": "40539.00000", "2012-12-31": "36776.00000", "2011-12-31": "33487.00000", "2010-12-31": "30191.00000", "2009-12-31": "27396.00000", "2008-12-31": "25034.00000", "2007-12-31": "21751.00000", "2006-12-31": "18754.00000", "2005-12-31": "16051.00000"}, "Comprehensive Income": {"2020-12-31": "-3734.00000", "2019-12-31": "-10149.00000", "2018-12-31": "-9333.00000", "2017-12-31": "-7525.00000", "2016-12-31": "-8334.00000", "2015-12-31": "-7619.00000", "2014-12-31": "-6661.00000", "2013-12-31": "-2880.00000", "2012-12-31": "-5448.00000", "2011-12-31": "-5490.00000", "2010-12-31": "-3769.00000", "2009-12-31": "-3487.00000", "2008-12-31": "-5934.00000", "2007-12-31": "584.00000", "2006-12-31": "-1439.00000", "2005-12-31": "-194.00000"}, "Other Share Holders Equity": {"2020-12-31": "", "2019-12-31": "-64.00000", "2018-12-31": "-76.00000", "2017-12-31": "-85.00000", "2016-12-31": "-95.00000", "2015-12-31": "-105.00000", "2014-12-31": "-115.00000", "2013-12-31": "-126.00000", "2012-12-31": "-139.00000", "2011-12-31": "-152.00000", "2010-12-31": "-166.00000", "2009-12-31": "-181.00000", "2008-12-31": "-200.00000", "2007-12-31": "-214.00000", "2006-12-31": "-227.00000", "2005-12-31": "-241.00000"}, "Share Holder Equity": {"2020-12-31": "73852.00000", "2019-12-31": "44231.00000", "2018-12-31": "40610.00000", "2017-12-31": "31421.00000", "2016-12-31": "29169.00000", "2015-12-31": "28844.00000", "2014-12-31": "32564.00000", "2013-12-31": "33219.00000", "2012-12-31": "27069.00000", "2011-12-31": "22820.00000", "2010-12-31": "22332.00000", "2009-12-31": "20999.00000", "2008-12-31": "16681.00000", "2007-12-31": "21355.00000", "2006-12-31": "17297.00000", "2005-12-31": "16991.00000"}, "Total Liabilities And Share Holders Equity": {"2020-12-31": "162153.00000", "2019-12-31": "139716.00000", "2018-12-31": "134211.00000", "2017-12-31": "96920.00000", "2016-12-31": "89706.00000", "2015-12-31": "87484.00000", "2014-12-31": "91206.00000", "2013-12-31": "90594.00000", "2012-12-31": "89409.00000", "2011-12-31": "61452.00000", "2010-12-31": "58493.00000", "2009-12-31": "55762.00000", "2008-12-31": "56837.00000", "2007-12-31": "54575.00000", "2006-12-31": "47141.00000", "2005-12-31": "45925.00000"}}, "balance sheet, quarterly": {"Cash On Hand": {"2020-12-31": "8802.00000", "2020-09-30": "10001.00000", "2020-06-30": "6975.00000", "2020-03-31": "8001.00000", "2019-12-31": "4937.00000", "2019-09-30": "7341.00000", "2019-06-30": "6819.00000", "2019-03-31": "6240.00000", "2018-12-31": "6152.00000", "2018-09-30": "13799.00000", "2018-06-30": "11068.00000", "2018-03-31": "7667.00000", "2017-12-31": "8985.00000", "2017-09-30": "8523.00000", "2017-06-30": "9345.00000", "2017-03-31": "7156.00000", "2016-12-31": "7157.00000", "2016-09-30": "7107.00000", "2016-06-30": "6785.00000", "2016-03-31": "7215.00000", "2015-12-31": "7075.00000", "2015-09-30": "5477.00000", "2015-06-30": "5933.00000", "2015-03-31": "5281.00000", "2014-12-31": "5229.00000", "2014-09-30": "5035.00000", "2014-06-30": "4962.00000", "2014-03-31": "4477.00000", "2013-12-31": "4619.00000", "2013-09-30": "4621.00000", "2013-06-30": "4909.00000", "2013-03-31": "4767.00000", "2012-12-31": "4819.00000", "2012-09-30": "6242.00000", "2012-06-30": "16681.00000", "2012-03-31": "6285.00000", "2011-12-31": "5960.00000", "2011-09-30": "5966.00000", "2011-06-30": "5396.00000", "2011-03-31": "4440.00000", "2010-12-31": "4083.00000", "2010-09-30": "5731.00000", "2010-06-30": "4997.00000", "2010-03-31": "4788.00000", "2009-12-31": "4449.00000", "2009-09-30": "4632.00000", "2009-06-30": "4016.00000", "2009-03-31": "3272.00000", "2008-12-31": "4327.00000", "2008-09-30": "3615.00000", "2008-06-30": "3442.00000", "2008-03-31": "3139.00000", "2007-12-31": "2904.00000", "2007-09-30": "2810.00000", "2007-06-30": "3292.00000", "2007-03-31": "2481.00000", "2006-12-31": "2546.00000", "2006-09-30": "2914.00000", "2006-06-30": "2883.00000", "2006-03-31": "2417.00000", "2005-12-31": "2247.00000", "2005-09-30": "2102.00000", "2005-06-30": "1985.00000", "2005-03-31": "1963.00000"}, "Receivables": {"2020-12-31": "9254.00000", "2020-09-30": "10115.00000", "2020-06-30": "9496.00000", "2020-03-31": "13104.00000", "2019-12-31": "8743.00000", "2019-09-30": "13607.00000", "2019-06-30": "13695.00000", "2019-03-31": "13574.00000", "2018-12-31": "14271.00000", "2018-09-30": "12550.00000", "2018-06-30": "11973.00000", "2018-03-31": "11699.00000", "2017-12-31": "12595.00000", "2017-09-30": "13128.00000", "2017-06-30": "12597.00000", "2017-03-31": "11840.00000", "2016-12-31": "11481.00000", "2016-09-30": "11500.00000", "2016-06-30": "11544.00000", "2016-03-31": "10899.00000", "2015-12-31": "10653.00000", "2015-09-30": "10647.00000", "2015-06-30": "11516.00000", "2015-03-31": "11512.00000", "2014-12-31": "10448.00000", "2014-09-30": "11080.00000", "2014-06-30": "11795.00000", "2014-03-31": "11537.00000", "2013-12-31": "11458.00000", "2013-09-30": "11135.00000", "2013-06-30": "11158.00000", "2013-03-31": "10791.00000", "2012-12-31": "11099.00000", "2012-09-30": "10610.00000", "2012-06-30": "9538.00000", "2012-03-31": "8833.00000", "2011-12-31": "9546.00000", "2011-09-30": "9503.00000", "2011-06-30": "9801.00000", "2011-03-31": "9260.00000", "2010-12-31": "8925.00000", "2010-09-30": "8731.00000", "2010-06-30": "8881.00000", "2010-03-31": "8737.00000", "2009-12-31": "8469.00000", "2009-09-30": "8460.00000", "2009-06-30": "8522.00000", "2009-03-31": "8797.00000", "2008-12-31": "9480.00000", "2008-09-30": "9346.00000", "2008-06-30": "10103.00000", "2008-03-31": "9558.00000", "2007-12-31": "8844.00000", "2007-09-30": "8999.00000", "2007-06-30": "8428.00000", "2007-03-31": "7978.00000", "2006-12-31": "7679.00000", "2006-09-30": "7693.00000", "2006-06-30": "7810.00000", "2006-03-31": "7128.00000", "2005-12-31": "7240.00000", "2005-09-30": "7338.00000", "2005-06-30": "7374.00000", "2005-03-31": "6564.00000"}, "Inventory": {"2020-12-31": "9411.00000", "2020-09-30": "9843.00000", "2020-06-30": "10256.00000", "2020-03-31": "11506.00000", "2019-12-31": "9047.00000", "2019-09-30": "11242.00000", "2019-06-30": "10934.00000", "2019-03-31": "10474.00000", "2018-12-31": "10083.00000", "2018-09-30": "9068.00000", "2018-06-30": "8979.00000", "2018-03-31": "8938.00000", "2017-12-31": "9881.00000", "2017-09-30": "10083.00000", "2017-06-30": "9860.00000", "2017-03-31": "9386.00000", "2016-12-31": "8704.00000", "2016-09-30": "9081.00000", "2016-06-30": "8747.00000", "2016-03-31": "8507.00000", "2015-12-31": "8135.00000", "2015-09-30": "8453.00000", "2015-06-30": "10295.00000", "2015-03-31": "10336.00000", "2014-12-31": "7642.00000", "2014-09-30": "10341.00000", "2014-06-30": "9896.00000", "2014-03-31": "10992.00000", "2013-12-31": "10330.00000", "2013-09-30": "10765.00000", "2013-06-30": "10232.00000", "2013-03-31": "10161.00000", "2012-12-31": "9537.00000", "2012-09-30": "10467.00000", "2012-06-30": "8502.00000", "2012-03-31": "8366.00000", "2011-12-31": "7797.00000", "2011-09-30": "8617.00000", "2011-06-30": "8795.00000", "2011-03-31": "8827.00000", "2010-12-31": "7766.00000", "2010-09-30": "8430.00000", "2010-06-30": "8083.00000", "2010-03-31": "8172.00000", "2009-12-31": "7509.00000", "2009-09-30": "8086.00000", "2009-06-30": "8539.00000", "2009-03-31": "8601.00000", "2008-12-31": "8340.00000", "2008-09-30": "9011.00000", "2008-06-30": "9082.00000", "2008-03-31": "9075.00000", "2007-12-31": "8101.00000", "2007-09-30": "8550.00000", "2007-06-30": "7974.00000", "2007-03-31": "7508.00000", "2006-12-31": "6657.00000", "2006-09-30": "7197.00000", "2006-06-30": "6856.00000", "2006-03-31": "6472.00000", "2005-12-31": "5659.00000", "2005-09-30": "5964.00000", "2005-06-30": "5874.00000", "2005-03-31": "5298.00000"}, "Pre-Paid Expenses": {"2020-12-31": "", "2020-09-30": "", "2020-06-30": "", "2020-03-31": "", "2019-12-31": "", "2019-09-30": "", "2019-06-30": "", "2019-03-31": "", "2018-12-31": "", "2018-09-30": "", "2018-06-30": "", "2018-03-31": "", "2017-12-31": "", "2017-09-30": "", "2017-06-30": "", "2017-03-31": "", "2016-12-31": "", "2016-09-30": "", "2016-06-30": "", "2016-03-31": "", "2015-12-31": "", "2015-09-30": "", "2015-06-30": "", "2015-03-31": "", "2014-12-31": "", "2014-09-30": "", "2014-06-30": "", "2014-03-31": "", "2013-12-31": "", "2013-09-30": "", "2013-06-30": "", "2013-03-31": "", "2012-12-31": "", "2012-09-30": "", "2012-06-30": "", "2012-03-31": "", "2011-12-31": "", "2011-09-30": "", "2011-06-30": "", "2011-03-31": "", "2010-12-31": "", "2010-09-30": "", "2010-06-30": "", "2010-03-31": "", "2009-12-31": "", "2009-09-30": "", "2009-06-30": "", "2009-03-31": "", "2008-12-31": "", "2008-09-30": "", "2008-06-30": "", "2008-03-31": "", "2007-12-31": "", "2007-09-30": "", "2007-06-30": "", "2007-03-31": "", "2006-12-31": "", "2006-09-30": "", "2006-06-30": "", "2006-03-31": "", "2005-12-31": "", "2005-09-30": "", "2005-06-30": "", "2005-03-31": ""}, "Other Current Assets": {"2020-12-31": "15845.00000", "2020-09-30": "13496.00000", "2020-06-30": "15412.00000", "2020-03-31": "6264.00000", "2019-12-31": "7027.00000", "2019-09-30": "5626.00000", "2019-06-30": "5610.00000", "2019-03-31": "5114.00000", "2018-12-31": "4997.00000", "2018-09-30": "4787.00000", "2018-06-30": "4536.00000", "2018-03-31": "4437.00000", "2017-12-31": "1397.00000", "2017-09-30": "1229.00000", "2017-06-30": "1027.00000", "2017-03-31": "923.00000", "2016-12-31": "1208.00000", "2016-09-30": "860.00000", "2016-06-30": "894.00000", "2016-03-31": "906.00000", "2015-12-31": "843.00000", "2015-09-30": "5785.00000", "2015-06-30": "983.00000", "2015-03-31": "936.00000", "2014-12-31": "6241.00000", "2014-09-30": "966.00000", "2014-06-30": "992.00000", "2014-03-31": "892.00000", "2013-12-31": "1071.00000", "2013-09-30": "895.00000", "2013-06-30": "902.00000", "2013-03-31": "1788.00000", "2012-12-31": "2544.00000", "2012-09-30": "1008.00000", "2012-06-30": "755.00000", "2012-03-31": "727.00000", "2011-12-31": "793.00000", "2011-09-30": "787.00000", "2011-06-30": "880.00000", "2011-03-31": "900.00000", "2010-12-31": "1113.00000", "2010-09-30": "842.00000", "2010-06-30": "816.00000", "2010-03-31": "948.00000", "2009-12-31": "1078.00000", "2009-09-30": "885.00000", "2009-06-30": "966.00000", "2009-03-31": "979.00000", "2008-12-31": "769.00000", "2008-09-30": "898.00000", "2008-06-30": "876.00000", "2008-03-31": "873.00000", "2007-12-31": "955.00000", "2007-09-30": "899.00000", "2007-06-30": "688.00000", "2007-03-31": "872.00000", "2006-12-31": "701.00000", "2006-09-30": "743.00000", "2006-06-30": "700.00000", "2006-03-31": "658.00000", "2005-12-31": "633.00000", "2005-09-30": "639.00000", "2005-06-30": "579.00000", "2005-03-31": "498.00000"}, "Total Current Assets": {"2020-12-31": "43376.00000", "2020-09-30": "43511.00000", "2020-06-30": "42274.00000", "2020-03-31": "38875.00000", "2019-12-31": "61577.00000", "2019-09-30": "37816.00000", "2019-06-30": "37058.00000", "2019-03-31": "35402.00000", "2018-12-31": "35503.00000", "2018-09-30": "40204.00000", "2018-06-30": "36556.00000", "2018-03-31": "32741.00000", "2017-12-31": "32858.00000", "2017-09-30": "32963.00000", "2017-06-30": "32829.00000", "2017-03-31": "29305.00000", "2016-12-31": "28550.00000", "2016-09-30": "28548.00000", "2016-06-30": "27970.00000", "2016-03-31": "27527.00000", "2015-12-31": "26706.00000", "2015-09-30": "32359.00000", "2015-06-30": "30669.00000", "2015-03-31": "29958.00000", "2014-12-31": "31483.00000", "2014-09-30": "29411.00000", "2014-06-30": "29641.00000", "2014-03-31": "29820.00000", "2013-12-31": "29442.00000", "2013-09-30": "29351.00000", "2013-06-30": "28790.00000", "2013-03-31": "29161.00000", "2012-12-31": "29610.00000", "2012-09-30": "31685.00000", "2012-06-30": "39142.00000", "2012-03-31": "27847.00000", "2011-12-31": "25758.00000", "2011-09-30": "26424.00000", "2011-06-30": "26429.00000", "2011-03-31": "25005.00000", "2010-12-31": "23510.00000", "2010-09-30": "25337.00000", "2010-06-30": "24401.00000", "2010-03-31": "24321.00000", "2009-12-31": "23194.00000", "2009-09-30": "23729.00000", "2009-06-30": "23636.00000", "2009-03-31": "23222.00000", "2008-12-31": "24467.00000", "2008-09-30": "24181.00000", "2008-06-30": "24779.00000", "2008-03-31": "23916.00000", "2007-12-31": "22071.00000", "2007-09-30": "22561.00000", "2007-06-30": "21712.00000", "2007-03-31": "20187.00000", "2006-12-31": "18844.00000", "2006-09-30": "19906.00000", "2006-06-30": "19621.00000", "2006-03-31": "18121.00000", "2005-12-31": "17206.00000", "2005-09-30": "17511.00000", "2005-06-30": "17295.00000", "2005-03-31": "15746.00000"}, "Property, Plant, And Equipment": {"2020-12-31": "14962.00000", "2020-09-30": "14730.00000", "2020-06-30": "14805.00000", "2020-03-31": "12484.00000", "2019-12-31": "10322.00000", "2019-09-30": "12200.00000", "2019-06-30": "12292.00000", "2019-03-31": "12210.00000", "2018-12-31": "12297.00000", "2018-09-30": "10236.00000", "2018-06-30": "10115.00000", "2018-03-31": "10283.00000", "2017-12-31": "10186.00000", "2017-09-30": "9763.00000", "2017-06-30": "9475.00000", "2017-03-31": "9255.00000", "2016-12-31": "9158.00000", "2016-09-30": "8989.00000", "2016-06-30": "8911.00000", "2016-03-31": "8763.00000", "2015-12-31": "8732.00000", "2015-09-30": "8515.00000", "2015-06-30": "9266.00000", "2015-03-31": "9175.00000", "2014-12-31": "8592.00000", "2014-09-30": "9182.00000", "2014-06-30": "9026.00000", "2014-03-31": "8895.00000", "2013-12-31": "8866.00000", "2013-09-30": "8549.00000", "2013-06-30": "8399.00000", "2013-03-31": "8428.00000", "2012-12-31": "8518.00000", "2012-09-30": "8239.00000", "2012-06-30": "5717.00000", "2012-03-31": "5835.00000", "2011-12-31": "6201.00000", "2011-09-30": "6137.00000", "2011-06-30": "6329.00000", "2011-03-31": "6382.00000", "2010-12-31": "6280.00000", "2010-09-30": "6148.00000", "2010-06-30": "6090.00000", "2010-03-31": "6335.00000", "2009-12-31": "6364.00000", "2009-09-30": "6278.00000", "2009-06-30": "6179.00000", "2009-03-31": "6130.00000", "2008-12-31": "6348.00000", "2008-09-30": "6441.00000", "2008-06-30": "6550.00000", "2008-03-31": "6477.00000", "2007-12-31": "6296.00000", "2007-09-30": "6053.00000", "2007-06-30": "5875.00000", "2007-03-31": "5759.00000", "2006-12-31": "5725.00000", "2006-09-30": "5576.00000", "2006-06-30": "5586.00000", "2006-03-31": "5677.00000", "2005-12-31": "5623.00000", "2005-09-30": "5513.00000", "2005-06-30": "5187.00000", "2005-03-31": "5160.00000"}, "Long-Term Investments": {"2020-12-31": "", "2020-09-30": "", "2020-06-30": "", "2020-03-31": "", "2019-12-31": "", "2019-09-30": "", "2019-06-30": "", "2019-03-31": "", "2018-12-31": "", "2018-09-30": "", "2018-06-30": "", "2018-03-31": "", "2017-12-31": "", "2017-09-30": "", "2017-06-30": "", "2017-03-31": "", "2016-12-31": "", "2016-09-30": "", "2016-06-30": "", "2016-03-31": "", "2015-12-31": "", "2015-09-30": "", "2015-06-30": "", "2015-03-31": "", "2014-12-31": "", "2014-09-30": "", "2014-06-30": "", "2014-03-31": "", "2013-12-31": "", "2013-09-30": "", "2013-06-30": "", "2013-03-31": "", "2012-12-31": "", "2012-09-30": "", "2012-06-30": "", "2012-03-31": "", "2011-12-31": "", "2011-09-30": "", "2011-06-30": "", "2011-03-31": "", "2010-12-31": "", "2010-09-30": "", "2010-06-30": "", "2010-03-31": "", "2009-12-31": "", "2009-09-30": "", "2009-06-30": "", "2009-03-31": "", "2008-12-31": "", "2008-09-30": "", "2008-06-30": "", "2008-03-31": "", "2007-12-31": "", "2007-09-30": "", "2007-06-30": "", "2007-03-31": "", "2006-12-31": "", "2006-09-30": "", "2006-06-30": "", "2006-03-31": "", "2005-12-31": "", "2005-09-30": "", "2005-06-30": "", "2005-03-31": ""}, "Goodwill And Intangible Assets": {"2020-12-31": "94824.00000", "2020-09-30": "95088.00000", "2020-06-30": "95272.00000", "2020-03-31": "73081.00000", "2019-12-31": "61082.00000", "2019-09-30": "73727.00000", "2019-06-30": "74321.00000", "2019-03-31": "74672.00000", "2018-12-31": "74536.00000", "2018-09-30": "43380.00000", "2018-06-30": "43438.00000", "2018-03-31": "44334.00000", "2017-12-31": "43793.00000", "2017-09-30": "43871.00000", "2017-06-30": "43468.00000", "2017-03-31": "43053.00000", "2016-12-31": "42743.00000", "2016-09-30": "43222.00000", "2016-06-30": "43377.00000", "2016-03-31": "43127.00000", "2015-12-31": "42904.00000", "2015-09-30": "42926.00000", "2015-06-30": "43639.00000", "2015-03-31": "43128.00000", "2014-12-31": "42976.00000", "2014-09-30": "43853.00000", "2014-06-30": "44093.00000", "2014-03-31": "43744.00000", "2013-12-31": "43689.00000", "2013-09-30": "43595.00000", "2013-06-30": "43136.00000", "2013-03-31": "42641.00000", "2012-12-31": "42990.00000", "2012-09-30": "42776.00000", "2012-06-30": "21009.00000", "2012-03-31": "19938.00000", "2011-12-31": "21861.00000", "2011-09-30": "21946.00000", "2011-06-30": "22450.00000", "2011-03-31": "22370.00000", "2010-12-31": "21781.00000", "2010-09-30": "21492.00000", "2010-06-30": "20813.00000", "2010-03-31": "21116.00000", "2009-12-31": "19836.00000", "2009-09-30": "19750.00000", "2009-06-30": "19210.00000", "2009-03-31": "18549.00000", "2008-12-31": "18806.00000", "2008-09-30": "19558.00000", "2008-06-30": "20466.00000", "2008-03-31": "20277.00000", "2007-12-31": "19877.00000", "2007-09-30": "19580.00000", "2007-06-30": "17894.00000", "2007-03-31": "17528.00000", "2006-12-31": "17362.00000", "2006-09-30": "16971.00000", "2006-06-30": "16606.00000", "2006-03-31": "16284.00000", "2005-12-31": "16066.00000", "2005-09-30": "15856.00000", "2005-06-30": "15263.00000", "2005-03-31": "11991.00000"}, "Other Long-Term Assets": {"2020-12-31": "3967.00000", "2020-09-30": "3030.00000", "2020-06-30": "2969.00000", "2020-03-31": "7568.00000", "2019-12-31": "1035.00000", "2019-09-30": "7639.00000", "2019-06-30": "7574.00000", "2019-03-31": "7678.00000", "2018-12-31": "7206.00000", "2018-09-30": "16275.00000", "2018-06-30": "7071.00000", "2018-03-31": "7136.00000", "2017-12-31": "5988.00000", "2017-09-30": "5848.00000", "2017-06-30": "5503.00000", "2017-03-31": "5363.00000", "2016-12-31": "6048.00000", "2016-09-30": "6461.00000", "2016-06-30": "6410.00000", "2016-03-31": "6282.00000", "2015-12-31": "6163.00000", "2015-09-30": "5986.00000", "2015-06-30": "6784.00000", "2015-03-31": "6611.00000", "2014-12-31": "5706.00000", "2014-09-30": "7024.00000", "2014-06-30": "7011.00000", "2014-03-31": "6428.00000", "2013-12-31": "6205.00000", "2013-09-30": "6019.00000", "2013-06-30": "5676.00000", "2013-03-31": "5626.00000", "2012-12-31": "5542.00000", "2012-09-30": "6520.00000", "2012-06-30": "5197.00000", "2012-03-31": "4721.00000", "2011-12-31": "4210.00000", "2011-09-30": "4662.00000", "2011-06-30": "4156.00000", "2011-03-31": "3961.00000", "2010-12-31": "3834.00000", "2010-09-30": "4266.00000", "2010-06-30": "3899.00000", "2010-03-31": "3447.00000", "2009-12-31": "3219.00000", "2009-09-30": "3503.00000", "2009-06-30": "3040.00000", "2009-03-31": "2374.00000", "2008-12-31": "2581.00000", "2008-09-30": "4345.00000", "2008-06-30": "4390.00000", "2008-03-31": "4253.00000", "2007-12-31": "4242.00000", "2007-09-30": "2673.00000", "2007-06-30": "2457.00000", "2007-03-31": "2512.00000", "2006-12-31": "2447.00000", "2006-09-30": "5191.00000", "2006-06-30": "5285.00000", "2006-03-31": "4937.00000", "2005-12-31": "5159.00000", "2005-09-30": "4898.00000", "2005-06-30": "4778.00000", "2005-03-31": "5183.00000"}, "Total Long-Term Assets": {"2020-12-31": "118777.00000", "2020-09-30": "118888.00000", "2020-06-30": "119243.00000", "2020-03-31": "100697.00000", "2019-12-31": "78038.00000", "2019-09-30": "101193.00000", "2019-06-30": "101932.00000", "2019-03-31": "101978.00000", "2018-12-31": "98708.00000", "2018-09-30": "74735.00000", "2018-06-30": "65013.00000", "2018-03-31": "66038.00000", "2017-12-31": "64062.00000", "2017-09-30": "63389.00000", "2017-06-30": "61964.00000", "2017-03-31": "61068.00000", "2016-12-31": "61156.00000", "2016-09-30": "61514.00000", "2016-06-30": "61510.00000", "2016-03-31": "61044.00000", "2015-12-31": "60778.00000", "2015-09-30": "59776.00000", "2015-06-30": "62104.00000", "2015-03-31": "61369.00000", "2014-12-31": "59723.00000", "2014-09-30": "62363.00000", "2014-06-30": "62501.00000", "2014-03-31": "61409.00000", "2013-12-31": "61152.00000", "2013-09-30": "60975.00000", "2013-06-30": "59954.00000", "2013-03-31": "59352.00000", "2012-12-31": "59799.00000", "2012-09-30": "60261.00000", "2012-06-30": "35511.00000", "2012-03-31": "33877.00000", "2011-12-31": "35694.00000", "2011-09-30": "35524.00000", "2011-06-30": "35718.00000", "2011-03-31": "35659.00000", "2010-12-31": "34983.00000", "2010-09-30": "35312.00000", "2010-06-30": "33942.00000", "2010-03-31": "34067.00000", "2009-12-31": "32568.00000", "2009-09-30": "33848.00000", "2009-06-30": "32909.00000", "2009-03-31": "31576.00000", "2008-12-31": "32370.00000", "2008-09-30": "32629.00000", "2008-06-30": "33707.00000", "2008-03-31": "33137.00000", "2007-12-31": "32504.00000", "2007-09-30": "30936.00000", "2007-06-30": "28845.00000", "2007-03-31": "28396.00000", "2006-12-31": "28297.00000", "2006-09-30": "29690.00000", "2006-06-30": "29545.00000", "2006-03-31": "28910.00000", "2005-12-31": "28719.00000", "2005-09-30": "28557.00000", "2005-06-30": "27496.00000", "2005-03-31": "24789.00000"}, "Total Assets": {"2020-12-31": "162153.00000", "2020-09-30": "162399.00000", "2020-06-30": "161517.00000", "2020-03-31": "139572.00000", "2019-12-31": "139615.00000", "2019-09-30": "139009.00000", "2019-06-30": "138990.00000", "2019-03-31": "137380.00000", "2018-12-31": "134211.00000", "2018-09-30": "114939.00000", "2018-06-30": "101569.00000", "2018-03-31": "98779.00000", "2017-12-31": "96920.00000", "2017-09-30": "96352.00000", "2017-06-30": "94793.00000", "2017-03-31": "90373.00000", "2016-12-31": "89706.00000", "2016-09-30": "90062.00000", "2016-06-30": "89480.00000", "2016-03-31": "88571.00000", "2015-12-31": "87484.00000", "2015-09-30": "92135.00000", "2015-06-30": "92773.00000", "2015-03-31": "91327.00000", "2014-12-31": "91206.00000", "2014-09-30": "91774.00000", "2014-06-30": "92142.00000", "2014-03-31": "91229.00000", "2013-12-31": "90594.00000", "2013-09-30": "90326.00000", "2013-06-30": "88744.00000", "2013-03-31": "88513.00000", "2012-12-31": "89409.00000", "2012-09-30": "91946.00000", "2012-06-30": "74653.00000", "2012-03-31": "61724.00000", "2011-12-31": "61452.00000", "2011-09-30": "61948.00000", "2011-06-30": "62147.00000", "2011-03-31": "60664.00000", "2010-12-31": "58493.00000", "2010-09-30": "60649.00000", "2010-06-30": "58343.00000", "2010-03-31": "58388.00000", "2009-12-31": "55762.00000", "2009-09-30": "57577.00000", "2009-06-30": "56545.00000", "2009-03-31": "54798.00000", "2008-12-31": "56837.00000", "2008-09-30": "56810.00000", "2008-06-30": "58486.00000", "2008-03-31": "57053.00000", "2007-12-31": "54575.00000", "2007-09-30": "53497.00000", "2007-06-30": "50557.00000", "2007-03-31": "48583.00000", "2006-12-31": "47141.00000", "2006-09-30": "49596.00000", "2006-06-30": "49166.00000", "2006-03-31": "47031.00000", "2005-12-31": "45925.00000", "2005-09-30": "46068.00000", "2005-06-30": "44791.00000", "2005-03-31": "40535.00000"}, "Total Current Liabilities": {"2020-12-31": "35848.00000", "2020-09-30": "35562.00000", "2020-06-30": "35291.00000", "2020-03-31": "31502.00000", "2019-12-31": "46594.00000", "2019-09-30": "35567.00000", "2019-06-30": "35422.00000", "2019-03-31": "31403.00000", "2018-12-31": "31368.00000", "2018-09-30": "26504.00000", "2018-06-30": "25068.00000", "2018-03-31": "24747.00000", "2017-12-31": "24391.00000", "2017-09-30": "25249.00000", "2017-06-30": "23919.00000", "2017-03-31": "23726.00000", "2016-12-31": "21906.00000", "2016-09-30": "22541.00000", "2016-06-30": "22183.00000", "2016-03-31": "20523.00000", "2015-12-31": "22618.00000", "2015-09-30": "23689.00000", "2015-06-30": "23729.00000", "2015-03-31": "25729.00000", "2014-12-31": "23475.00000", "2014-09-30": "23908.00000", "2014-06-30": "24330.00000", "2014-03-31": "22931.00000", "2013-12-31": "22800.00000", "2013-09-30": "23519.00000", "2013-06-30": "23164.00000", "2013-03-31": "22559.00000", "2012-12-31": "23786.00000", "2012-09-30": "26452.00000", "2012-06-30": "19793.00000", "2012-03-31": "18330.00000", "2011-12-31": "18616.00000", "2011-09-30": "20064.00000", "2011-06-30": "20214.00000", "2011-03-31": "18916.00000", "2010-12-31": "17732.00000", "2010-09-30": "19620.00000", "2010-06-30": "18762.00000", "2010-03-31": "18670.00000", "2009-12-31": "17913.00000", "2009-09-30": "18200.00000", "2009-06-30": "18571.00000", "2009-03-31": "17939.00000", "2008-12-31": "19802.00000", "2008-09-30": "19857.00000", "2008-06-30": "20505.00000", "2008-03-31": "19605.00000", "2007-12-31": "17469.00000", "2007-09-30": "18634.00000", "2007-06-30": "16971.00000", "2007-03-31": "16108.00000", "2006-12-31": "15208.00000", "2006-09-30": "15422.00000", "2006-06-30": "15737.00000", "2006-03-31": "15993.00000", "2005-12-31": "15345.00000", "2005-09-30": "14827.00000", "2005-06-30": "14187.00000", "2005-03-31": "12753.00000"}, "Long Term Debt": {"2020-12-31": "31026.00000", "2020-09-30": "31246.00000", "2020-06-30": "31210.00000", "2020-03-31": "43232.00000", "2019-12-31": "37701.00000", "2019-09-30": "37782.00000", "2019-06-30": "37910.00000", "2019-03-31": "41004.00000", "2018-12-31": "41192.00000", "2018-09-30": "38275.00000", "2018-06-30": "27246.00000", "2018-03-31": "25153.00000", "2017-12-31": "24989.00000", "2017-09-30": "24063.00000", "2017-06-30": "23883.00000", "2017-03-31": "20898.00000", "2016-12-31": "21697.00000", "2016-09-30": "20190.00000", "2016-06-30": "20130.00000", "2016-03-31": "21688.00000", "2015-12-31": "19320.00000", "2015-09-30": "19428.00000", "2015-06-30": "19489.00000", "2015-03-31": "17809.00000", "2014-12-31": "17784.00000", "2014-09-30": "17857.00000", "2014-06-30": "17837.00000", "2014-03-31": "19739.00000", "2013-12-31": "19741.00000", "2013-09-30": "19785.00000", "2013-06-30": "20375.00000", "2013-03-31": "21572.00000", "2012-12-31": "21597.00000", "2012-09-30": "23409.00000", "2012-06-30": "20450.00000", "2012-03-31": "9491.00000", "2011-12-31": "9501.00000", "2011-09-30": "9501.00000", "2011-06-30": "9492.00000", "2011-03-31": "9986.00000", "2010-12-31": "10010.00000", "2010-09-30": "10071.00000", "2010-06-30": "10039.00000", "2010-03-31": "10004.00000", "2009-12-31": "8257.00000", "2009-09-30": "8729.00000", "2009-06-30": "8721.00000", "2009-03-31": "9315.00000", "2008-12-31": "9337.00000", "2008-09-30": "8113.00000", "2008-06-30": "8106.00000", "2008-03-31": "8014.00000", "2007-12-31": "8015.00000", "2007-09-30": "7059.00000", "2007-06-30": "7045.00000", "2007-03-31": "7035.00000", "2006-12-31": "7037.00000", "2006-09-30": "7067.00000", "2006-06-30": "7061.00000", "2006-03-31": "5954.00000", "2005-12-31": "5935.00000", "2005-09-30": "6366.00000", "2005-06-30": "6615.00000", "2005-03-31": "4223.00000"}, "Other Non-Current Liabilities": {"2020-12-31": "9537.00000", "2020-09-30": "9142.00000", "2020-06-30": "9394.00000", "2020-03-31": "17457.00000", "2019-12-31": "7414.00000", "2019-09-30": "16774.00000", "2019-06-30": "16651.00000", "2019-03-31": "17052.00000", "2018-12-31": "16914.00000", "2018-09-30": "13373.00000", "2018-06-30": "13190.00000", "2018-03-31": "13405.00000", "2017-12-31": "12952.00000", "2017-09-30": "11693.00000", "2017-06-30": "11181.00000", "2017-03-31": "10737.00000", "2016-12-31": "11026.00000", "2016-09-30": "10700.00000", "2016-06-30": "10492.00000", "2016-03-31": "10461.00000", "2015-12-31": "10558.00000", "2015-09-30": "10600.00000", "2015-06-30": "11110.00000", "2015-03-31": "10993.00000", "2014-12-31": "10562.00000", "2014-09-30": "11446.00000", "2014-06-30": "11429.00000", "2014-03-31": "11407.00000", "2013-12-31": "11279.00000", "2013-09-30": "9804.00000", "2013-06-30": "9431.00000", "2013-03-31": "9206.00000", "2012-12-31": "9199.00000", "2012-09-30": "9129.00000", "2012-06-30": "5360.00000", "2012-03-31": "4934.00000", "2011-12-31": "5150.00000", "2011-09-30": "5059.00000", "2011-06-30": "4826.00000", "2011-03-31": "4734.00000", "2010-12-31": "4510.00000", "2010-09-30": "4460.00000", "2010-06-30": "4320.00000", "2010-03-31": "4314.00000", "2009-12-31": "4054.00000", "2009-09-30": "4339.00000", "2009-06-30": "4258.00000", "2009-03-31": "4233.00000", "2008-12-31": "4198.00000", "2008-09-30": "4403.00000", "2008-06-30": "4483.00000", "2008-03-31": "4312.00000", "2007-12-31": "4262.00000", "2007-09-30": "4428.00000", "2007-06-30": "4241.00000", "2007-03-31": "4219.00000", "2006-12-31": "3837.00000", "2006-09-30": "4266.00000", "2006-06-30": "4152.00000", "2006-03-31": "4063.00000", "2005-12-31": "4063.00000", "2005-09-30": "3281.00000", "2005-06-30": "3133.00000", "2005-03-31": "3350.00000"}, "Total Long Term Liabilities": {"2020-12-31": "52453.00000", "2020-09-30": "56757.00000", "2020-06-30": "57334.00000", "2020-03-31": "66135.00000", "2019-12-31": "48790.00000", "2019-09-30": "60623.00000", "2019-06-30": "60591.00000", "2019-03-31": "64031.00000", "2018-12-31": "62233.00000", "2018-09-30": "54185.00000", "2018-06-30": "43155.00000", "2018-03-31": "41540.00000", "2017-12-31": "41108.00000", "2017-09-30": "39412.00000", "2017-06-30": "40719.00000", "2017-03-31": "37375.00000", "2016-12-31": "38631.00000", "2016-09-30": "36757.00000", "2016-06-30": "36649.00000", "2016-03-31": "38145.00000", "2015-12-31": "36022.00000", "2015-09-30": "36395.00000", "2015-06-30": "37106.00000", "2015-03-31": "35431.00000", "2014-12-31": "35167.00000", "2014-09-30": "32477.00000", "2014-06-30": "32619.00000", "2014-03-31": "34603.00000", "2013-12-31": "34575.00000", "2013-09-30": "36888.00000", "2013-06-30": "37211.00000", "2013-03-31": "38391.00000", "2012-12-31": "38554.00000", "2012-09-30": "39403.00000", "2012-06-30": "31135.00000", "2012-03-31": "19845.00000", "2011-12-31": "20016.00000", "2011-09-30": "18296.00000", "2011-06-30": "18194.00000", "2011-03-31": "18622.00000", "2010-12-31": "18429.00000", "2010-09-30": "18776.00000", "2010-06-30": "18666.00000", "2010-03-31": "18794.00000", "2009-12-31": "16850.00000", "2009-09-30": "19731.00000", "2009-06-30": "19568.00000", "2009-03-31": "20073.00000", "2008-12-31": "20354.00000", "2008-09-30": "15870.00000", "2008-06-30": "16069.00000", "2008-03-31": "15862.00000", "2007-12-31": "15751.00000", "2007-09-30": "14585.00000", "2007-06-30": "14391.00000", "2007-03-31": "14369.00000", "2006-12-31": "14636.00000", "2006-09-30": "15240.00000", "2006-06-30": "14981.00000", "2006-03-31": "13681.00000", "2005-12-31": "13589.00000", "2005-09-30": "15497.00000", "2005-06-30": "15330.00000", "2005-03-31": "13082.00000"}, "Total Liabilities": {"2020-12-31": "88301.00000", "2020-09-30": "92319.00000", "2020-06-30": "92625.00000", "2020-03-31": "97637.00000", "2019-12-31": "95384.00000", "2019-09-30": "96190.00000", "2019-06-30": "96013.00000", "2019-03-31": "95434.00000", "2018-12-31": "93601.00000", "2018-09-30": "80689.00000", "2018-06-30": "68223.00000", "2018-03-31": "66287.00000", "2017-12-31": "65499.00000", "2017-09-30": "64661.00000", "2017-06-30": "64638.00000", "2017-03-31": "61101.00000", "2016-12-31": "60537.00000", "2016-09-30": "59298.00000", "2016-06-30": "58832.00000", "2016-03-31": "58668.00000", "2015-12-31": "58640.00000", "2015-09-30": "60084.00000", "2015-06-30": "60835.00000", "2015-03-31": "61160.00000", "2014-12-31": "58642.00000", "2014-09-30": "56385.00000", "2014-06-30": "56949.00000", "2014-03-31": "57534.00000", "2013-12-31": "57375.00000", "2013-09-30": "60407.00000", "2013-06-30": "60375.00000", "2013-03-31": "60950.00000", "2012-12-31": "62340.00000", "2012-09-30": "65855.00000", "2012-06-30": "50928.00000", "2012-03-31": "38175.00000", "2011-12-31": "38632.00000", "2011-09-30": "38360.00000", "2011-06-30": "38408.00000", "2011-03-31": "37538.00000", "2010-12-31": "36161.00000", "2010-09-30": "38396.00000", "2010-06-30": "37428.00000", "2010-03-31": "37464.00000", "2009-12-31": "34763.00000", "2009-09-30": "37931.00000", "2009-06-30": "38139.00000", "2009-03-31": "38012.00000", "2008-12-31": "40156.00000", "2008-09-30": "35727.00000", "2008-06-30": "36574.00000", "2008-03-31": "35467.00000", "2007-12-31": "33220.00000", "2007-09-30": "33219.00000", "2007-06-30": "31362.00000", "2007-03-31": "30477.00000", "2006-12-31": "29844.00000", "2006-09-30": "30662.00000", "2006-06-30": "30718.00000", "2006-03-31": "29674.00000", "2005-12-31": "28934.00000", "2005-09-30": "30324.00000", "2005-06-30": "29517.00000", "2005-03-31": "25835.00000"}, "Common Stock Net": {"2020-12-31": "36881.00000", "2020-09-30": "36833.00000", "2020-06-30": "36735.00000", "2020-03-31": "23099.00000", "2019-12-31": "23019.00000", "2019-09-30": "22873.00000", "2019-06-30": "22718.00000", "2019-03-31": "22564.00000", "2018-12-31": "22514.00000", "2018-09-30": "17869.00000", "2018-06-30": "17747.00000", "2018-03-31": "17641.00000", "2017-12-31": "17574.00000", "2017-09-30": "17486.00000", "2017-06-30": "17372.00000", "2017-03-31": "17359.00000", "2016-12-31": "17285.00000", "2016-09-30": "17213.00000", "2016-06-30": "16341.00000", "2016-03-31": "16256.00000", "2015-12-31": "16033.00000", "2015-09-30": "16731.00000", "2015-06-30": "15141.00000", "2015-03-31": "15032.00000", "2014-12-31": "15300.00000", "2014-09-30": "15187.00000", "2014-06-30": "15060.00000", "2014-03-31": "14937.00000", "2013-12-31": "14764.00000", "2013-09-30": "14665.00000", "2013-06-30": "14398.00000", "2013-03-31": "14221.00000", "2012-12-31": "13976.00000", "2012-09-30": "13799.00000", "2012-06-30": "13538.00000", "2012-03-31": "13653.00000", "2011-12-31": "13445.00000", "2011-09-30": "13330.00000", "2011-06-30": "13036.00000", "2011-03-31": "12789.00000", "2010-12-31": "12597.00000", "2010-09-30": "12316.00000", "2010-06-30": "12205.00000", "2010-03-31": "11937.00000", "2009-12-31": "11746.00000", "2009-09-30": "11516.00000", "2009-06-30": "11369.00000", "2009-03-31": "11222.00000", "2008-12-31": "11179.00000", "2008-09-30": "10973.00000", "2008-06-30": "10864.00000", "2008-03-31": "10708.00000", "2007-12-31": "10572.00000", "2007-09-30": "10424.00000", "2007-06-30": "10205.00000", "2007-03-31": "9959.00000", "2006-12-31": "9622.00000", "2006-09-30": "9416.00000", "2006-06-30": "9297.00000", "2006-03-31": "8974.00000", "2005-12-31": "8793.00000", "2005-09-30": "8639.00000", "2005-06-30": "8530.00000", "2005-03-31": "8283.00000"}, "Retained Earnings (Accumulated Deficit)": {"2020-12-31": "49423.00000", "2020-09-30": "50017.00000", "2020-06-30": "49744.00000", "2020-03-31": "60826.00000", "2019-12-31": "61594.00000", "2019-09-30": "61069.00000", "2019-06-30": "60548.00000", "2019-03-31": "59279.00000", "2018-12-31": "57823.00000", "2018-09-30": "57706.00000", "2018-06-30": "57027.00000", "2018-03-31": "55533.00000", "2017-12-31": "55242.00000", "2017-09-30": "55385.00000", "2017-06-30": "54640.00000", "2017-03-31": "53741.00000", "2016-12-31": "52873.00000", "2016-09-30": "52384.00000", "2016-06-30": "51451.00000", "2016-03-31": "50625.00000", "2015-12-31": "49956.00000", "2015-09-30": "47236.00000", "2015-06-30": "46443.00000", "2015-03-31": "45462.00000", "2014-12-31": "44611.00000", "2014-09-30": "43668.00000", "2014-06-30": "42343.00000", "2014-03-31": "41205.00000", "2013-12-31": "40539.00000", "2013-09-30": "39599.00000", "2013-06-30": "38629.00000", "2013-03-31": "37551.00000", "2012-12-31": "36776.00000", "2012-09-30": "35219.00000", "2012-06-30": "34285.00000", "2012-03-31": "33389.00000", "2011-12-31": "33487.00000", "2011-09-30": "32594.00000", "2011-06-30": "31701.00000", "2011-03-31": "30812.00000", "2010-12-31": "30191.00000", "2010-09-30": "29384.00000", "2010-06-30": "28569.00000", "2010-03-31": "27854.00000", "2009-12-31": "27396.00000", "2009-09-30": "26827.00000", "2009-06-30": "26133.00000", "2009-03-31": "25519.00000", "2008-12-31": "25034.00000", "2008-09-30": "24380.00000", "2008-06-30": "23410.00000", "2008-03-31": "22440.00000", "2007-12-31": "21751.00000", "2007-09-30": "21004.00000", "2007-06-30": "20123.00000", "2007-03-31": "19243.00000", "2006-12-31": "18754.00000", "2006-09-30": "18167.00000", "2006-06-30": "17432.00000", "2006-03-31": "16601.00000", "2005-12-31": "16051.00000", "2005-09-30": "15658.00000", "2005-06-30": "15057.00000", "2005-03-31": "14310.00000"}, "Comprehensive Income": {"2020-12-31": "-3734.00000", "2020-09-30": "-8012.00000", "2020-06-30": "-8800.00000", "2020-03-31": "-11788.00000", "2019-12-31": "-10149.00000", "2019-09-30": "-10819.00000", "2019-06-30": "-9892.00000", "2019-03-31": "-9519.00000", "2018-12-31": "-9333.00000", "2018-09-30": "-7723.00000", "2018-06-30": "-7684.00000", "2018-03-31": "-6937.00000", "2017-12-31": "-7525.00000", "2017-09-30": "-7327.00000", "2017-06-30": "-7964.00000", "2017-03-31": "-8333.00000", "2016-12-31": "-8334.00000", "2016-09-30": "-7729.00000", "2016-06-30": "-7484.00000", "2016-03-31": "-7344.00000", "2015-12-31": "-7619.00000", "2015-09-30": "-7388.00000", "2015-06-30": "-6577.00000", "2015-03-31": "-7211.00000", "2014-12-31": "-6661.00000", "2014-09-30": "-3169.00000", "2014-06-30": "-2403.00000", "2014-03-31": "-2941.00000", "2013-12-31": "-2880.00000", "2013-09-30": "-5325.00000", "2013-06-30": "-6000.00000", "2013-03-31": "-5867.00000", "2012-12-31": "-5448.00000", "2012-09-30": "-4663.00000", "2012-06-30": "-5675.00000", "2012-03-31": "-5001.00000", "2011-12-31": "-5490.00000", "2011-09-30": "-3766.00000", "2011-06-30": "-2896.00000", "2011-03-31": "-3101.00000", "2010-12-31": "-3769.00000", "2010-09-30": "-3357.00000", "2010-06-30": "-4238.00000", "2010-03-31": "-3746.00000", "2009-12-31": "-3487.00000", "2009-09-30": "-4580.00000", "2009-06-30": "-5275.00000", "2009-03-31": "-6221.00000", "2008-12-31": "-5934.00000", "2008-09-30": "-242.00000", "2008-06-30": "746.00000", "2008-03-31": "805.00000", "2007-12-31": "584.00000", "2007-09-30": "-94.00000", "2007-06-30": "-571.00000", "2007-03-31": "-1013.00000", "2006-12-31": "-1439.00000", "2006-09-30": "260.00000", "2006-06-30": "53.00000", "2006-03-31": "-192.00000", "2005-12-31": "-194.00000", "2005-09-30": "-1309.00000", "2005-06-30": "-1449.00000", "2005-03-31": "-1218.00000"}, "Other Share Holders Equity": {"2020-12-31": "", "2020-09-30": "-52.00000", "2020-06-30": "-56.00000", "2020-03-31": "-61.00000", "2019-12-31": "-64.00000", "2019-09-30": "-67.00000", "2019-06-30": "-71.00000", "2019-03-31": "-75.00000", "2018-12-31": "-76.00000", "2018-09-30": "-79.00000", "2018-06-30": "-81.00000", "2018-03-31": "-84.00000", "2017-12-31": "-85.00000", "2017-09-30": "-88.00000", "2017-06-30": "-90.00000", "2017-03-31": "-93.00000", "2016-12-31": "-95.00000", "2016-09-30": "-97.00000", "2016-06-30": "-100.00000", "2016-03-31": "-102.00000", "2015-12-31": "-105.00000", "2015-09-30": "-108.00000", "2015-06-30": "-110.00000", "2015-03-31": "-113.00000", "2014-12-31": "-115.00000", "2014-09-30": "-118.00000", "2014-06-30": "-121.00000", "2014-03-31": "-124.00000", "2013-12-31": "-126.00000", "2013-09-30": "-129.00000", "2013-06-30": "-132.00000", "2013-03-31": "-136.00000", "2012-12-31": "-139.00000", "2012-09-30": "-142.00000", "2012-06-30": "-145.00000", "2012-03-31": "-149.00000", "2011-12-31": "-152.00000", "2011-09-30": "-156.00000", "2011-06-30": "-158.00000", "2011-03-31": "-162.00000", "2010-12-31": "-166.00000", "2010-09-30": "-169.00000", "2010-06-30": "-172.00000", "2010-03-31": "-176.00000", "2009-12-31": "-181.00000", "2009-09-30": "-184.00000", "2009-06-30": "-187.00000", "2009-03-31": "-193.00000", "2008-12-31": "-200.00000", "2008-09-30": "-204.00000", "2008-06-30": "-207.00000", "2008-03-31": "-210.00000", "2007-12-31": "-214.00000", "2007-09-30": "-216.00000", "2007-06-30": "-219.00000", "2007-03-31": "-222.00000", "2006-12-31": "-227.00000", "2006-09-30": "-230.00000", "2006-06-30": "-233.00000", "2006-03-31": "-237.00000", "2005-12-31": "-241.00000", "2005-09-30": "-245.00000", "2005-06-30": "-248.00000", "2005-03-31": "-252.00000"}, "Share Holder Equity": {"2020-12-31": "73852.00000", "2020-09-30": "70080.00000", "2020-06-30": "68892.00000", "2020-03-31": "41935.00000", "2019-12-31": "44231.00000", "2019-09-30": "42819.00000", "2019-06-30": "42977.00000", "2019-03-31": "41946.00000", "2018-12-31": "40610.00000", "2018-09-30": "34250.00000", "2018-06-30": "33346.00000", "2018-03-31": "32492.00000", "2017-12-31": "31421.00000", "2017-09-30": "31691.00000", "2017-06-30": "30155.00000", "2017-03-31": "29272.00000", "2016-12-31": "29169.00000", "2016-09-30": "30764.00000", "2016-06-30": "30648.00000", "2016-03-31": "29903.00000", "2015-12-31": "28844.00000", "2015-09-30": "32051.00000", "2015-06-30": "31938.00000", "2015-03-31": "30167.00000", "2014-12-31": "32564.00000", "2014-09-30": "35389.00000", "2014-06-30": "35193.00000", "2014-03-31": "33695.00000", "2013-12-31": "33219.00000", "2013-09-30": "29919.00000", "2013-06-30": "28369.00000", "2013-03-31": "27563.00000", "2012-12-31": "27069.00000", "2012-09-30": "26091.00000", "2012-06-30": "23725.00000", "2012-03-31": "23549.00000", "2011-12-31": "22820.00000", "2011-09-30": "23588.00000", "2011-06-30": "23739.00000", "2011-03-31": "23126.00000", "2010-12-31": "22332.00000", "2010-09-30": "22253.00000", "2010-06-30": "20915.00000", "2010-03-31": "20924.00000", "2009-12-31": "20999.00000", "2009-09-30": "19646.00000", "2009-06-30": "18406.00000", "2009-03-31": "16786.00000", "2008-12-31": "16681.00000", "2008-09-30": "21083.00000", "2008-06-30": "21912.00000", "2008-03-31": "21586.00000", "2007-12-31": "21355.00000", "2007-09-30": "20278.00000", "2007-06-30": "19195.00000", "2007-03-31": "18106.00000", "2006-12-31": "17297.00000", "2006-09-30": "18934.00000", "2006-06-30": "18448.00000", "2006-03-31": "17357.00000", "2005-12-31": "16991.00000", "2005-09-30": "15744.00000", "2005-06-30": "15274.00000", "2005-03-31": "14700.00000"}, "Total Liabilities And Share Holders Equity": {"2020-12-31": "162153.00000", "2020-09-30": "162399.00000", "2020-06-30": "161517.00000", "2020-03-31": "139572.00000", "2019-12-31": "139615.00000", "2019-09-30": "139009.00000", "2019-06-30": "138990.00000", "2019-03-31": "137380.00000", "2018-12-31": "134211.00000", "2018-09-30": "114939.00000", "2018-06-30": "101569.00000", "2018-03-31": "98779.00000", "2017-12-31": "96920.00000", "2017-09-30": "96352.00000", "2017-06-30": "94793.00000", "2017-03-31": "90373.00000", "2016-12-31": "89706.00000", "2016-09-30": "90062.00000", "2016-06-30": "89480.00000", "2016-03-31": "88571.00000", "2015-12-31": "87484.00000", "2015-09-30": "92135.00000", "2015-06-30": "92773.00000", "2015-03-31": "91327.00000", "2014-12-31": "91206.00000", "2014-09-30": "91774.00000", "2014-06-30": "92142.00000", "2014-03-31": "91229.00000", "2013-12-31": "90594.00000", "2013-09-30": "90326.00000", "2013-06-30": "88744.00000", "2013-03-31": "88513.00000", "2012-12-31": "89409.00000", "2012-09-30": "91946.00000", "2012-06-30": "74653.00000", "2012-03-31": "61724.00000", "2011-12-31": "61452.00000", "2011-09-30": "61948.00000", "2011-06-30": "62147.00000", "2011-03-31": "60664.00000", "2010-12-31": "58493.00000", "2010-09-30": "60649.00000", "2010-06-30": "58343.00000", "2010-03-31": "58388.00000", "2009-12-31": "55762.00000", "2009-09-30": "57577.00000", "2009-06-30": "56545.00000", "2009-03-31": "54798.00000", "2008-12-31": "56837.00000", "2008-09-30": "56810.00000", "2008-06-30": "58486.00000", "2008-03-31": "57053.00000", "2007-12-31": "54575.00000", "2007-09-30": "53497.00000", "2007-06-30": "50557.00000", "2007-03-31": "48583.00000", "2006-12-31": "47141.00000", "2006-09-30": "49596.00000", "2006-06-30": "49166.00000", "2006-03-31": "47031.00000", "2005-12-31": "45925.00000", "2005-09-30": "46068.00000", "2005-06-30": "44791.00000", "2005-03-31": "40535.00000"}}, "cash flow statement": {"Net Income/Loss": {"2020-12-31": "-2928.00000", "2019-12-31": "5948.00000", "2018-12-31": "5654.00000", "2017-12-31": "4920.00000", "2016-12-31": "5436.00000", "2015-12-31": "4356.00000", "2014-12-31": "6468.00000", "2013-12-31": "5655.00000", "2012-12-31": "5130.00000", "2011-12-31": "4979.00000", "2010-12-31": "4711.00000", "2009-12-31": "4179.00000", "2008-12-31": "4689.00000", "2007-12-31": "4224.00000", "2006-12-31": "3732.00000", "2005-12-31": "3069.00000"}, "Total Depreciation And Amortization - Cash Flow": {"2020-12-31": "7339.00000", "2019-12-31": "3783.00000", "2018-12-31": "2433.00000", "2017-12-31": "2140.00000", "2016-12-31": "1962.00000", "2015-12-31": "1863.00000", "2014-12-31": "1820.00000", "2013-12-31": "1735.00000", "2012-12-31": "1524.00000", "2011-12-31": "1263.00000", "2010-12-31": "1300.00000", "2009-12-31": "1258.00000", "2008-12-31": "1321.00000", "2007-12-31": "1173.00000", "2006-12-31": "1033.00000", "2005-12-31": "984.00000"}, "Other Non-Cash Items": {"2020-12-31": "-182.00000", "2019-12-31": "462.00000", "2018-12-31": "-635.00000", "2017-12-31": "-189.00000", "2016-12-31": "313.00000", "2015-12-31": "1687.00000", "2014-12-31": "622.00000", "2013-12-31": "518.00000", "2012-12-31": "400.00000", "2011-12-31": "241.00000", "2010-12-31": "-914.00000", "2009-12-31": "-666.00000", "2008-12-31": "427.00000", "2007-12-31": "398.00000", "2006-12-31": "232.00000", "2005-12-31": "682.00000"}, "Total Non-Cash Items": {"2020-12-31": "7157.00000", "2019-12-31": "4245.00000", "2018-12-31": "1798.00000", "2017-12-31": "1951.00000", "2016-12-31": "2275.00000", "2015-12-31": "3550.00000", "2014-12-31": "2442.00000", "2013-12-31": "2253.00000", "2012-12-31": "1924.00000", "2011-12-31": "1504.00000", "2010-12-31": "386.00000", "2009-12-31": "592.00000", "2008-12-31": "1748.00000", "2007-12-31": "1571.00000", "2006-12-31": "1265.00000", "2005-12-31": "1666.00000"}, "Change In Accounts Receivable": {"2020-12-31": "1318.00000", "2019-12-31": "419.00000", "2018-12-31": "-2426.00000", "2017-12-31": "-448.00000", "2016-12-31": "-941.00000", "2015-12-31": "-438.00000", "2014-12-31": "111.00000", "2013-12-31": "-476.00000", "2012-12-31": "-165.00000", "2011-12-31": "-697.00000", "2010-12-31": "-313.00000", "2009-12-31": "955.00000", "2008-12-31": "-546.00000", "2007-12-31": "-534.00000", "2006-12-31": "-35.00000", "2005-12-31": "-830.00000"}, "Change In Inventories": {"2020-12-31": "412.00000", "2019-12-31": "-1216.00000", "2018-12-31": "-537.00000", "2017-12-31": "-1074.00000", "2016-12-31": "-719.00000", "2015-12-31": "-766.00000", "2014-12-31": "-636.00000", "2013-12-31": "-465.00000", "2012-12-31": "-539.00000", "2011-12-31": "-330.00000", "2010-12-31": "-259.00000", "2009-12-31": "695.00000", "2008-12-31": "-562.00000", "2007-12-31": "-1111.00000", "2006-12-31": "-789.00000", "2005-12-31": "-430.00000"}, "Change In Accounts Payable": {"2020-12-31": "", "2019-12-31": "", "2018-12-31": "", "2017-12-31": "", "2016-12-31": "", "2015-12-31": "", "2014-12-31": "", "2013-12-31": "", "2012-12-31": "", "2011-12-31": "", "2010-12-31": "", "2009-12-31": "", "2008-12-31": "", "2007-12-31": "", "2006-12-31": "", "2005-12-31": ""}, "Change In Assets/Liabilities": {"2020-12-31": "-278.00000", "2019-12-31": "-375.00000", "2018-12-31": "-385.00000", "2017-12-31": "-2213.00000", "2016-12-31": "-254.00000", "2015-12-31": "-202.00000", "2014-12-31": "-632.00000", "2013-12-31": "-36.00000", "2012-12-31": "-434.00000", "2011-12-31": "-24.00000", "2010-12-31": "-20.00000", "2009-12-31": "-3.00000", "2008-12-31": "35.00000", "2007-12-31": "44.00000", "2006-12-31": "25.00000", "2005-12-31": "-39.00000"}, "Total Change In Assets/Liabilities": {"2020-12-31": "-214.00000", "2019-12-31": "-349.00000", "2018-12-31": "-1097.00000", "2017-12-31": "-585.00000", "2016-12-31": "-1464.00000", "2015-12-31": "-916.00000", "2014-12-31": "-1246.00000", "2013-12-31": "46.00000", "2012-12-31": "-327.00000", "2011-12-31": "-291.00000", "2010-12-31": "576.00000", "2009-12-31": "1065.00000", "2008-12-31": "-230.00000", "2007-12-31": "32.00000", "2006-12-31": "191.00000", "2005-12-31": "-437.00000"}, "Cash Flow From Operating Activities": {"2020-12-31": "4334.00000", "2019-12-31": "8883.00000", "2018-12-31": "6322.00000", "2017-12-31": "5631.00000", "2016-12-31": "6412.00000", "2015-12-31": "6755.00000", "2014-12-31": "6979.00000", "2013-12-31": "7314.00000", "2012-12-31": "6605.00000", "2011-12-31": "6460.00000", "2010-12-31": "5720.00000", "2009-12-31": "5353.00000", "2008-12-31": "6161.00000", "2007-12-31": "5330.00000", "2006-12-31": "4803.00000", "2005-12-31": "4334.00000"}, "Net Change In Property, Plant, And Equipment": {"2020-12-31": "-1795.00000", "2019-12-31": "-2256.00000", "2018-12-31": "-1902.00000", "2017-12-31": "-2014.00000", "2016-12-31": "-1699.00000", "2015-12-31": "-1652.00000", "2014-12-31": "-1594.00000", "2013-12-31": "-1569.00000", "2012-12-31": "-1389.00000", "2011-12-31": "-929.00000", "2010-12-31": "-838.00000", "2009-12-31": "-826.00000", "2008-12-31": "-1216.00000", "2007-12-31": "-1153.00000", "2006-12-31": "-954.00000", "2005-12-31": "-929.00000"}, "Net Change In Intangible Assets": {"2020-12-31": "-172.00000", "2019-12-31": "-351.00000", "2018-12-31": "-400.00000", "2017-12-31": "-380.00000", "2016-12-31": "-388.00000", "2015-12-31": "-437.00000", "2014-12-31": "-593.00000", "2013-12-31": "-722.00000", "2012-12-31": "-1543.00000", "2011-12-31": "", "2010-12-31": "", "2009-12-31": "", "2008-12-31": "", "2007-12-31": "", "2006-12-31": "", "2005-12-31": ""}, "Net Acquisitions/Divestitures": {"2020-12-31": "2137.00000", "2019-12-31": "82.00000", "2018-12-31": "-14293.00000", "2017-12-31": "-161.00000", "2016-12-31": "-499.00000", "2015-12-31": "-338.00000", "2014-12-31": "-58.00000", "2013-12-31": "1409.00000", "2012-12-31": "-15601.00000", "2011-12-31": "137.00000", "2010-12-31": "-2537.00000", "2009-12-31": "-545.00000", "2008-12-31": "-915.00000", "2007-12-31": "-1739.00000", "2006-12-31": "-460.00000", "2005-12-31": "-3755.00000"}, "Net Change In Short-term Investments": {"2020-12-31": "", "2019-12-31": "", "2018-12-31": "", "2017-12-31": "", "2016-12-31": "", "2015-12-31": "", "2014-12-31": "", "2013-12-31": "", "2012-12-31": "", "2011-12-31": "", "2010-12-31": "", "2009-12-31": "", "2008-12-31": "", "2007-12-31": "", "2006-12-31": "", "2005-12-31": ""}, "Net Change In Long-Term Investments": {"2020-12-31": "", "2019-12-31": "", "2018-12-31": "", "2017-12-31": "596.00000", "2016-12-31": "", "2015-12-31": "", "2014-12-31": "", "2013-12-31": "", "2012-12-31": "", "2011-12-31": "", "2010-12-31": "", "2009-12-31": "", "2008-12-31": "", "2007-12-31": "", "2006-12-31": "", "2005-12-31": ""}, "Net Change In Investments - Total": {"2020-12-31": "", "2019-12-31": "", "2018-12-31": "", "2017-12-31": "596.00000", "2016-12-31": "", "2015-12-31": "", "2014-12-31": "", "2013-12-31": "", "2012-12-31": "", "2011-12-31": "", "2010-12-31": "", "2009-12-31": "", "2008-12-31": "", "2007-12-31": "", "2006-12-31": "", "2005-12-31": ""}, "Investing Activities - Other": {"2020-12-31": "3173.00000", "2019-12-31": "-567.00000", "2018-12-31": "-378.00000", "2017-12-31": "-1060.00000", "2016-12-31": "77.00000", "2015-12-31": "-367.00000", "2014-12-31": "278.00000", "2013-12-31": "-441.00000", "2012-12-31": "-262.00000", "2011-12-31": "120.00000", "2010-12-31": "225.00000", "2009-12-31": "267.00000", "2008-12-31": "-205.00000", "2007-12-31": "-290.00000", "2006-12-31": "153.00000", "2005-12-31": "35.00000"}, "Cash Flow From Investing Activities": {"2020-12-31": "3343.00000", "2019-12-31": "-3092.00000", "2018-12-31": "-16973.00000", "2017-12-31": "-3019.00000", "2016-12-31": "-2509.00000", "2015-12-31": "-2794.00000", "2014-12-31": "-1967.00000", "2013-12-31": "-1323.00000", "2012-12-31": "-18795.00000", "2011-12-31": "-672.00000", "2010-12-31": "-3150.00000", "2009-12-31": "-1104.00000", "2008-12-31": "-2336.00000", "2007-12-31": "-3182.00000", "2006-12-31": "-1261.00000", "2005-12-31": "-4649.00000"}, "Net Long-Term Debt": {"2020-12-31": "-14078.00000", "2019-12-31": "-2742.00000", "2018-12-31": "10935.00000", "2017-12-31": "3350.00000", "2016-12-31": "4017.00000", "2015-12-31": "-20.00000", "2014-12-31": "-206.00000", "2013-12-31": "-2775.00000", "2012-12-31": "10057.00000", "2011-12-31": "-557.00000", "2010-12-31": "611.00000", "2009-12-31": "-975.00000", "2008-12-31": "2200.00000", "2007-12-31": "702.00000", "2006-12-31": "284.00000", "2005-12-31": "1869.00000"}, "Net Current Debt": {"2020-12-31": "-2041.00000", "2019-12-31": "927.00000", "2018-12-31": "-356.00000", "2017-12-31": "-271.00000", "2016-12-31": "-331.00000", "2015-12-31": "795.00000", "2014-12-31": "-346.00000", "2013-12-31": "-113.00000", "2012-12-31": "-214.00000", "2011-12-31": "562.00000", "2010-12-31": "-141.00000", "2009-12-31": "-762.00000", "2008-12-31": "91.00000", "2007-12-31": "191.00000", "2006-12-31": "-817.00000", "2005-12-31": "237.00000"}, "Debt Issuance/Retirement Net - Total": {"2020-12-31": "-16119.00000", "2019-12-31": "-1815.00000", "2018-12-31": "10579.00000", "2017-12-31": "3079.00000", "2016-12-31": "3686.00000", "2015-12-31": "775.00000", "2014-12-31": "-552.00000", "2013-12-31": "-2888.00000", "2012-12-31": "9843.00000", "2011-12-31": "5.00000", "2010-12-31": "470.00000", "2009-12-31": "-1737.00000", "2008-12-31": "2291.00000", "2007-12-31": "893.00000", "2006-12-31": "-533.00000", "2005-12-31": "2106.00000"}, "Net Common Equity Issued/Repurchased": {"2020-12-31": "-32.00000", "2019-12-31": "-124.00000", "2018-12-31": "-289.00000", "2017-12-31": "-1422.00000", "2016-12-31": "-2241.00000", "2015-12-31": "-8859.00000", "2014-12-31": "-1313.00000", "2013-12-31": "-822.00000", "2012-12-31": "522.00000", "2011-12-31": "-1949.00000", "2010-12-31": "-1814.00000", "2009-12-31": "-758.00000", "2008-12-31": "-2997.00000", "2007-12-31": "-1586.00000", "2006-12-31": "-1722.00000", "2005-12-31": "-899.00000"}, "Net Total Equity Issued/Repurchased": {"2020-12-31": "-32.00000", "2019-12-31": "-124.00000", "2018-12-31": "-289.00000", "2017-12-31": "-1422.00000", "2016-12-31": "-2241.00000", "2015-12-31": "-8859.00000", "2014-12-31": "-1313.00000", "2013-12-31": "-822.00000", "2012-12-31": "522.00000", "2011-12-31": "-1949.00000", "2010-12-31": "-1814.00000", "2009-12-31": "-758.00000", "2008-12-31": "-2997.00000", "2007-12-31": "-1586.00000", "2006-12-31": "-1722.00000", "2005-12-31": "-899.00000"}, "Total Common And Preferred Stock Dividends Paid": {"2020-12-31": "-2732.00000", "2019-12-31": "-2442.00000", "2018-12-31": "-2170.00000", "2017-12-31": "-2074.00000", "2016-12-31": "-2069.00000", "2015-12-31": "-2184.00000", "2014-12-31": "-2048.00000", "2013-12-31": "-1908.00000", "2012-12-31": "-1752.00000", "2011-12-31": "-1602.00000", "2010-12-31": "-1482.00000", "2009-12-31": "-1356.00000", "2008-12-31": "-1210.00000", "2007-12-31": "-1262.00000", "2006-12-31": "-1087.00000", "2005-12-31": "-872.00000"}, "Financial Activities - Other": {"2020-12-31": "15023.00000", "2019-12-31": "-183.00000", "2018-12-31": "-155.00000", "2017-12-31": "-576.00000", "2016-12-31": "-564.00000", "2015-12-31": "-508.00000", "2014-12-31": "-336.00000", "2013-12-31": "-313.00000", "2012-12-31": "-592.00000", "2011-12-31": "-437.00000", "2010-12-31": "-314.00000", "2009-12-31": "-340.00000", "2008-12-31": "-322.00000", "2007-12-31": "", "2006-12-31": "", "2005-12-31": ""}, "Cash Flow From Financial Activities": {"2020-12-31": "-3860.00000", "2019-12-31": "-4564.00000", "2018-12-31": "7965.00000", "2017-12-31": "-993.00000", "2016-12-31": "-1188.00000", "2015-12-31": "-10776.00000", "2014-12-31": "-4249.00000", "2013-12-31": "-5931.00000", "2012-12-31": "8021.00000", "2011-12-31": "-3983.00000", "2010-12-31": "-3140.00000", "2009-12-31": "-4191.00000", "2008-12-31": "-2238.00000", "2007-12-31": "-1955.00000", "2006-12-31": "-3342.00000", "2005-12-31": "335.00000"}, "Net Cash Flow": {"2020-12-31": "3841.00000", "2019-12-31": "1166.00000", "2018-12-31": "-2866.00000", "2017-12-31": "1796.00000", "2016-12-31": "37.00000", "2015-12-31": "1585.00000", "2014-12-31": "563.00000", "2013-12-31": "-229.00000", "2012-12-31": "-1141.00000", "2011-12-31": "1877.00000", "2010-12-31": "-366.00000", "2009-12-31": "122.00000", "2008-12-31": "1423.00000", "2007-12-31": "358.00000", "2006-12-31": "299.00000", "2005-12-31": "-18.00000"}, "Stock-Based Compensation": {"2020-12-31": "330.00000", "2019-12-31": "356.00000", "2018-12-31": "251.00000", "2017-12-31": "192.00000", "2016-12-31": "152.00000", "2015-12-31": "158.00000", "2014-12-31": "219.00000", "2013-12-31": "250.00000", "2012-12-31": "210.00000", "2011-12-31": "221.00000", "2010-12-31": "148.00000", "2009-12-31": "153.00000", "2008-12-31": "211.00000", "2007-12-31": "198.00000", "2006-12-31": "180.00000", "2005-12-31": "153.00000"}, "Common Stock Dividends Paid": {"2020-12-31": "-2732.00000", "2019-12-31": "-2442.00000", "2018-12-31": "-2170.00000", "2017-12-31": "-2074.00000", "2016-12-31": "-2069.00000", "2015-12-31": "-2184.00000", "2014-12-31": "-2048.00000", "2013-12-31": "-1908.00000", "2012-12-31": "-1752.00000", "2011-12-31": "-1602.00000", "2010-12-31": "-1482.00000", "2009-12-31": "-1356.00000", "2008-12-31": "-1210.00000", "2007-12-31": "-1262.00000", "2006-12-31": "-1087.00000", "2005-12-31": "-872.00000"}}, "cash flow statement, quarterly": {"Net Income/Loss": {"2020-12-31": 215, "2020-09-30": 185, "2020-06-30": -3342, "2020-03-31": "14.00000", "2019-12-31": 2948, "2019-09-30": 1011, "2019-06-30": 564, "2019-03-31": "1425.00000", "2018-12-31": 798, "2018-09-30": 1349, "2018-06-30": 2139, "2018-03-31": "1368.00000", "2017-12-31": 486, "2017-09-30": 1434, "2017-06-30": 1532, "2017-03-31": "1468.00000", "2016-12-31": 1124, "2016-09-30": 1534, "2016-06-30": 1525, "2016-03-31": "1253.00000", "2015-12-31": -177, "2015-09-30": 1526, "2015-06-30": 1572, "2015-03-31": "1435.00000", "2014-12-31": 1380, "2014-09-30": 1992, "2014-06-30": 1790, "2014-03-31": "1306.00000", "2013-12-31": 1132, "2013-09-30": 1526, "2013-06-30": 1645, "2013-03-31": "1352.00000", "2012-12-31": 967, "2012-09-30": 1341, "2012-06-30": 1558, "2012-03-31": "1264.00000", "2011-12-31": 1138, "2011-09-30": 1384, "2011-06-30": 1403, "2011-03-31": "1054.00000", "2010-12-31": 1537, "2010-09-30": 1198, "2010-06-30": 1110, "2010-03-31": "866.00000", "2009-12-31": 1423, "2009-09-30": 1058, "2009-06-30": 899, "2009-03-31": "799.00000", "2008-12-31": 1145, "2008-09-30": 1269, "2008-06-30": 1275, "2008-03-31": "1000.00000", "2007-12-31": 1060, "2007-09-30": 1197, "2007-06-30": 1148, "2007-03-31": "819.00000", "2006-12-31": 865, "2006-09-30": 996, "2006-06-30": 1103, "2006-03-31": "768.00000", "2005-12-31": 626, "2005-09-30": 821, "2005-06-30": 971, "2005-03-31": "651.00000"}, "Total Depreciation And Amortization - Cash Flow": {"2020-12-31": 1153, "2020-09-30": 1164, "2020-06-30": 4042, "2020-03-31": "980.00000", "2019-12-31": 1761, "2019-09-30": 692, "2019-06-30": 388, "2019-03-31": "942.00000", "2018-12-31": 667, "2018-09-30": 593, "2018-06-30": 592, "2018-03-31": "581.00000", "2017-12-31": 558, "2017-09-30": 543, "2017-06-30": 527, "2017-03-31": "512.00000", "2016-12-31": 506, "2016-09-30": 496, "2016-06-30": 494, "2016-03-31": "466.00000", "2015-12-31": 462, "2015-09-30": 486, "2015-06-30": 457, "2015-03-31": "458.00000", "2014-12-31": 468, "2014-09-30": 417, "2014-06-30": 468, "2014-03-31": "467.00000", "2013-12-31": 400, "2013-09-30": 452, "2013-06-30": 439, "2013-03-31": "444.00000", "2012-12-31": 477, "2012-09-30": 422, "2012-06-30": 307, "2012-03-31": "318.00000", "2011-12-31": 301, "2011-09-30": 324, "2011-06-30": 322, "2011-03-31": "316.00000", "2010-12-31": 292, "2010-09-30": 342, "2010-06-30": 339, "2010-03-31": "327.00000", "2009-12-31": 333, "2009-09-30": 316, "2009-06-30": 303, "2009-03-31": "306.00000", "2008-12-31": 350, "2008-09-30": 326, "2008-06-30": 326, "2008-03-31": "319.00000", "2007-12-31": 310, "2007-09-30": 308, "2007-06-30": 277, "2007-03-31": "278.00000", "2006-12-31": 261, "2006-09-30": 252, "2006-06-30": 256, "2006-03-31": "264.00000", "2005-12-31": 256, "2005-09-30": 265, "2005-06-30": 237, "2005-03-31": "226.00000"}, "Other Non-Cash Items": {"2020-12-31": -76, "2020-09-30": -136, "2020-06-30": -406, "2020-03-31": "436.00000", "2019-12-31": 760, "2019-09-30": -144, "2019-06-30": -81, "2019-03-31": "-73.00000", "2018-12-31": 134, "2018-09-30": 85, "2018-06-30": -730, "2018-03-31": "-124.00000", "2017-12-31": -812, "2017-09-30": 271, "2017-06-30": 442, "2017-03-31": "-90.00000", "2016-12-31": 165, "2016-09-30": 69, "2016-06-30": 123, "2016-03-31": "-44.00000", "2015-12-31": 1135, "2015-09-30": 125, "2015-06-30": 228, "2015-03-31": "199.00000", "2014-12-31": 204, "2014-09-30": 264, "2014-06-30": 50, "2014-03-31": "104.00000", "2013-12-31": 361, "2013-09-30": 65, "2013-06-30": 91, "2013-03-31": "1.00000", "2012-12-31": 454, "2012-09-30": -137, "2012-06-30": -110, "2012-03-31": "193.00000", "2011-12-31": -29, "2011-09-30": -73, "2011-06-30": 200, "2011-03-31": "143.00000", "2010-12-31": -1187, "2010-09-30": -126, "2010-06-30": 256, "2010-03-31": "143.00000", "2009-12-31": -1066, "2009-09-30": 583, "2009-06-30": -208, "2009-03-31": "25.00000", "2008-12-31": 129, "2008-09-30": 142, "2008-06-30": 57, "2008-03-31": "99.00000", "2007-12-31": 159, "2007-09-30": 134, "2007-06-30": 108, "2007-03-31": "-3.00000", "2006-12-31": -82, "2006-09-30": 103, "2006-06-30": 135, "2006-03-31": "76.00000", "2005-12-31": 511, "2005-09-30": 11, "2005-06-30": 92, "2005-03-31": "68.00000"}, "Total Non-Cash Items": {"2020-12-31": 1077, "2020-09-30": 1028, "2020-06-30": 3636, "2020-03-31": "1416.00000", "2019-12-31": 2521, "2019-09-30": 548, "2019-06-30": 307, "2019-03-31": "869.00000", "2018-12-31": 801, "2018-09-30": 678, "2018-06-30": -138, "2018-03-31": "457.00000", "2017-12-31": -254, "2017-09-30": 814, "2017-06-30": 969, "2017-03-31": "422.00000", "2016-12-31": 671, "2016-09-30": 565, "2016-06-30": 617, "2016-03-31": "422.00000", "2015-12-31": 1597, "2015-09-30": 611, "2015-06-30": 685, "2015-03-31": "657.00000", "2014-12-31": 672, "2014-09-30": 681, "2014-06-30": 518, "2014-03-31": "571.00000", "2013-12-31": 761, "2013-09-30": 517, "2013-06-30": 530, "2013-03-31": "445.00000", "2012-12-31": 931, "2012-09-30": 285, "2012-06-30": 197, "2012-03-31": "511.00000", "2011-12-31": 272, "2011-09-30": 251, "2011-06-30": 522, "2011-03-31": "459.00000", "2010-12-31": -895, "2010-09-30": 216, "2010-06-30": 595, "2010-03-31": "470.00000", "2009-12-31": -733, "2009-09-30": 899, "2009-06-30": 95, "2009-03-31": "331.00000", "2008-12-31": 479, "2008-09-30": 468, "2008-06-30": 383, "2008-03-31": "418.00000", "2007-12-31": 469, "2007-09-30": 442, "2007-06-30": 385, "2007-03-31": "275.00000", "2006-12-31": 179, "2006-09-30": 355, "2006-06-30": 391, "2006-03-31": "340.00000", "2005-12-31": 767, "2005-09-30": 276, "2005-06-30": 329, "2005-03-31": "294.00000"}, "Change In Accounts Receivable": {"2020-12-31": 751, "2020-09-30": -596, "2020-06-30": 967, "2020-03-31": "196.00000", "2019-12-31": 457, "2019-09-30": -774, "2019-06-30": -113, "2019-03-31": "849.00000", "2018-12-31": -47, "2018-09-30": -718, "2018-06-30": -521, "2018-03-31": "-1140.00000", "2017-12-31": 603, "2017-09-30": -100, "2017-06-30": -683, "2017-03-31": "-268.00000", "2016-12-31": -305, "2016-09-30": 43, "2016-06-30": -569, "2016-03-31": "-110.00000", "2015-12-31": -8, "2015-09-30": -12, "2015-06-30": -61, "2015-03-31": "-357.00000", "2014-12-31": 63, "2014-09-30": 360, "2014-06-30": -246, "2014-03-31": "-66.00000", "2013-12-31": -278, "2013-09-30": 84, "2013-06-30": -491, "2013-03-31": "209.00000", "2012-12-31": -571, "2012-09-30": 144, "2012-06-30": -214, "2012-03-31": "476.00000", "2011-12-31": -155, "2011-09-30": 40, "2011-06-30": -541, "2011-03-31": "-41.00000", "2010-12-31": -144, "2010-09-30": 383, "2010-06-30": -405, "2010-03-31": "-147.00000", "2009-12-31": -26, "2009-09-30": 160, "2009-06-30": 496, "2009-03-31": "325.00000", "2008-12-31": 173, "2008-09-30": 217, "2008-06-30": -612, "2008-03-31": "-324.00000", "2007-12-31": 253, "2007-09-30": -181, "2007-06-30": -317, "2007-03-31": "-289.00000", "2006-12-31": 168, "2006-09-30": 220, "2006-06-30": -558, "2006-03-31": "135.00000", "2005-12-31": 71, "2005-09-30": 47, "2005-06-30": -647, "2005-03-31": "-301.00000"}, "Change In Inventories": {"2020-12-31": 523, "2020-09-30": 439, "2020-06-30": 157, "2020-03-31": "-707.00000", "2019-12-31": 40, "2019-09-30": -461, "2019-06-30": -98, "2019-03-31": "-697.00000", "2018-12-31": 454, "2018-09-30": -29, "2018-06-30": -331, "2018-03-31": "-631.00000", "2017-12-31": 175, "2017-09-30": -183, "2017-06-30": -412, "2017-03-31": "-654.00000", "2016-12-31": 91, "2016-09-30": -344, "2016-06-30": -156, "2016-03-31": "-310.00000", "2015-12-31": 304, "2015-09-30": -497, "2015-06-30": -115, "2015-03-31": "-458.00000", "2014-12-31": 207, "2014-09-30": -52, "2014-06-30": -79, "2014-03-31": "-712.00000", "2013-12-31": 996, "2013-09-30": -487, "2013-06-30": -228, "2013-03-31": "-746.00000", "2012-12-31": 623, "2012-09-30": -113, "2012-06-30": -328, "2012-03-31": "-721.00000", "2011-12-31": 550, "2011-09-30": -98, "2011-06-30": 35, "2011-03-31": "-817.00000", "2010-12-31": 673, "2010-09-30": -279, "2010-06-30": -142, "2010-03-31": "-511.00000", "2009-12-31": 550, "2009-09-30": 465, "2009-06-30": 184, "2009-03-31": "-504.00000", "2008-12-31": 510, "2008-09-30": -250, "2008-06-30": -19, "2008-03-31": "-803.00000", "2007-12-31": 505, "2007-09-30": -417, "2007-06-30": -353, "2007-03-31": "-846.00000", "2006-12-31": 599, "2006-09-30": -288, "2006-06-30": -319, "2006-03-31": "-781.00000", "2005-12-31": 246, "2005-09-30": -134, "2005-06-30": -161, "2005-03-31": "-381.00000"}, "Change In Accounts Payable": {"2020-12-31": 0, "2020-09-30": 0, "2020-06-30": 0, "2020-03-31": "", "2019-12-31": 0, "2019-09-30": 0, "2019-06-30": 0, "2019-03-31": "", "2018-12-31": 0, "2018-09-30": 0, "2018-06-30": 0, "2018-03-31": "", "2017-12-31": 0, "2017-09-30": 0, "2017-06-30": 0, "2017-03-31": "", "2016-12-31": 0, "2016-09-30": 0, "2016-06-30": 0, "2016-03-31": "", "2015-12-31": 0, "2015-09-30": 0, "2015-06-30": 0, "2015-03-31": "", "2014-12-31": 0, "2014-09-30": 0, "2014-06-30": 0, "2014-03-31": "", "2013-12-31": 0, "2013-09-30": 0, "2013-06-30": 0, "2013-03-31": "", "2012-12-31": 0, "2012-09-30": 0, "2012-06-30": 0, "2012-03-31": "", "2011-12-31": 0, "2011-09-30": 0, "2011-06-30": 0, "2011-03-31": "", "2010-12-31": 0, "2010-09-30": 0, "2010-06-30": 0, "2010-03-31": "", "2009-12-31": 0, "2009-09-30": 0, "2009-06-30": 0, "2009-03-31": "", "2008-12-31": 0, "2008-09-30": 0, "2008-06-30": 0, "2008-03-31": "", "2007-12-31": 0, "2007-09-30": 0, "2007-06-30": 0, "2007-03-31": "", "2006-12-31": 0, "2006-09-30": 0, "2006-06-30": 0, "2006-03-31": "", "2005-12-31": 0, "2005-09-30": 0, "2005-06-30": 0, "2005-03-31": ""}, "Change In Assets/Liabilities": {"2020-12-31": -886, "2020-09-30": 253, "2020-06-30": 452, "2020-03-31": "-97.00000", "2019-12-31": 155, "2019-09-30": -231, "2019-06-30": -258, "2019-03-31": "-41.00000", "2018-12-31": 4, "2018-09-30": -454, "2018-06-30": -121, "2018-03-31": "186.00000", "2017-12-31": -283, "2017-09-30": -1878, "2017-06-30": 15, "2017-03-31": "-67.00000", "2016-12-31": -102, "2016-09-30": -22, "2016-06-30": 26, "2016-03-31": "-156.00000", "2015-12-31": -9, "2015-09-30": 28, "2015-06-30": -181, "2015-03-31": "-40.00000", "2014-12-31": -311, "2014-09-30": -130, "2014-06-30": -102, "2014-03-31": "-89.00000", "2013-12-31": -154, "2013-09-30": 50, "2013-06-30": 124, "2013-03-31": "-56.00000", "2012-12-31": -333, "2012-09-30": -43, "2012-06-30": -45, "2012-03-31": "-13.00000", "2011-12-31": 6, "2011-09-30": -6, "2011-06-30": 46, "2011-03-31": "-70.00000", "2010-12-31": 725, "2010-09-30": -458, "2010-06-30": -229, "2010-03-31": "-58.00000", "2009-12-31": 688, "2009-09-30": -616, "2009-06-30": -16, "2009-03-31": "-59.00000", "2008-12-31": 88, "2008-09-30": -37, "2008-06-30": 24, "2008-03-31": "-40.00000", "2007-12-31": 63, "2007-09-30": -21, "2007-06-30": 219, "2007-03-31": "-217.00000", "2006-12-31": 104, "2006-09-30": -16, "2006-06-30": -32, "2006-03-31": "-31.00000", "2005-12-31": 27, "2005-09-30": -53, "2005-06-30": 33, "2005-03-31": "-46.00000"}, "Total Change In Assets/Liabilities": {"2020-12-31": -412, "2020-09-30": 625, "2020-06-30": 499, "2020-03-31": "-926.00000", "2019-12-31": 305, "2019-09-30": -78, "2019-06-30": -99, "2019-03-31": "-477.00000", "2018-12-31": -382, "2018-09-30": -167, "2018-06-30": 461, "2018-03-31": "-1009.00000", "2017-12-31": 1781, "2017-09-30": -1733, "2017-06-30": -112, "2017-03-31": "-521.00000", "2016-12-31": -640, "2016-09-30": -121, "2016-06-30": 3, "2016-03-31": "-706.00000", "2015-12-31": 865, "2015-09-30": -988, "2015-06-30": -475, "2015-03-31": "-318.00000", "2014-12-31": -173, "2014-09-30": 70, "2014-06-30": -538, "2014-03-31": "-605.00000", "2013-12-31": 510, "2013-09-30": -200, "2013-06-30": -66, "2013-03-31": "-198.00000", "2012-12-31": -178, "2012-09-30": -48, "2012-06-30": 88, "2012-03-31": "-189.00000", "2011-12-31": 261, "2011-09-30": 239, "2011-06-30": -519, "2011-03-31": "-272.00000", "2010-12-31": 1244, "2010-09-30": -10, "2010-06-30": -464, "2010-03-31": "-194.00000", "2009-12-31": 1414, "2009-09-30": -153, "2009-06-30": 522, "2009-03-31": "-718.00000", "2008-12-31": 460, "2008-09-30": 49, "2008-06-30": -258, "2008-03-31": "-481.00000", "2007-12-31": 605, "2007-09-30": -178, "2007-06-30": -118, "2007-03-31": "-277.00000", "2006-12-31": 872, "2006-09-30": 60, "2006-06-30": -567, "2006-03-31": "-174.00000", "2005-12-31": 101, "2005-09-30": -312, "2005-06-30": -122, "2005-03-31": "-104.00000"}, "Cash Flow From Operating Activities": {"2020-12-31": 1370, "2020-09-30": 1622, "2020-06-30": 681, "2020-03-31": "661.00000", "2019-12-31": 4387, "2019-09-30": 1727, "2019-06-30": 1269, "2019-03-31": "1500.00000", "2018-12-31": 2005, "2018-09-30": 1762, "2018-06-30": 2102, "2018-03-31": "453.00000", "2017-12-31": 2521, "2017-09-30": -29, "2017-06-30": 2146, "2017-03-31": "993.00000", "2016-12-31": 1845, "2016-09-30": 1961, "2016-06-30": 1808, "2016-03-31": "798.00000", "2015-12-31": 2711, "2015-09-30": 1022, "2015-06-30": 1376, "2015-03-31": "1646.00000", "2014-12-31": 1957, "2014-09-30": 1945, "2014-06-30": 1742, "2014-03-31": "1335.00000", "2013-12-31": 2423, "2013-09-30": 1543, "2013-06-30": 1939, "2013-03-31": "1409.00000", "2012-12-31": 1954, "2012-09-30": 1625, "2012-06-30": 1703, "2012-03-31": "1323.00000", "2011-12-31": 1910, "2011-09-30": 1907, "2011-06-30": 1323, "2011-03-31": "1320.00000", "2010-12-31": 1490, "2010-09-30": 1676, "2010-06-30": 1400, "2010-03-31": "1154.00000", "2009-12-31": 1475, "2009-09-30": 1853, "2009-06-30": 1540, "2009-03-31": "485.00000", "2008-12-31": 2020, "2008-09-30": 1835, "2008-06-30": 1418, "2008-03-31": "888.00000", "2007-12-31": 2045, "2007-09-30": 1383, "2007-06-30": 1449, "2007-03-31": "453.00000", "2006-12-31": 1655, "2006-09-30": 1361, "2006-06-30": 812, "2006-03-31": "975.00000", "2005-12-31": 1145, "2005-09-30": 1155, "2005-06-30": 1188, "2005-03-31": "846.00000"}, "Net Change In Property, Plant, And Equipment": {"2020-12-31": -623, "2020-09-30": -389, "2020-06-30": -371, "2020-03-31": "-412.00000", "2019-12-31": -1134, "2019-09-30": -444, "2019-06-30": -315, "2019-03-31": "-363.00000", "2018-12-31": -780, "2018-09-30": -413, "2018-06-30": -372, "2018-03-31": "-337.00000", "2017-12-31": -800, "2017-09-30": -443, "2017-06-30": -446, "2017-03-31": "-325.00000", "2016-12-31": -656, "2016-09-30": -394, "2016-06-30": -363, "2016-03-31": "-286.00000", "2015-12-31": -608, "2015-09-30": -390, "2015-06-30": -331, "2015-03-31": "-323.00000", "2014-12-31": -531, "2014-09-30": -324, "2014-06-30": -406, "2014-03-31": "-333.00000", "2013-12-31": -522, "2013-09-30": -383, "2013-06-30": -369, "2013-03-31": "-295.00000", "2012-12-31": -641, "2012-09-30": -317, "2012-06-30": -244, "2012-03-31": "-187.00000", "2011-12-31": -359, "2011-09-30": -199, "2011-06-30": -200, "2011-03-31": "-171.00000", "2010-12-31": -359, "2010-09-30": -177, "2010-06-30": -155, "2010-03-31": "-147.00000", "2009-12-31": -325, "2009-09-30": -161, "2009-06-30": -173, "2009-03-31": "-167.00000", "2008-12-31": -406, "2008-09-30": -268, "2008-06-30": -305, "2008-03-31": "-237.00000", "2007-12-31": -456, "2007-09-30": -238, "2007-06-30": -251, "2007-03-31": "-208.00000", "2006-12-31": -351, "2006-09-30": -184, "2006-06-30": -218, "2006-03-31": "-201.00000", "2005-12-31": -345, "2005-09-30": -249, "2005-06-30": -183, "2005-03-31": "-152.00000"}, "Net Change In Intangible Assets": {"2020-12-31": -36, "2020-09-30": -30, "2020-06-30": -28, "2020-03-31": "-78.00000", "2019-12-31": -92, "2019-09-30": -90, "2019-06-30": -82, "2019-03-31": "-87.00000", "2018-12-31": -98, "2018-09-30": -121, "2018-06-30": -103, "2018-03-31": "-78.00000", "2017-12-31": -90, "2017-09-30": -95, "2017-06-30": -94, "2017-03-31": "-101.00000", "2016-12-31": -87, "2016-09-30": -102, "2016-06-30": -101, "2016-03-31": "-98.00000", "2015-12-31": -106, "2015-09-30": -84, "2015-06-30": -115, "2015-03-31": "-132.00000", "2014-12-31": -134, "2014-09-30": -151, "2014-06-30": -166, "2014-03-31": "-142.00000", "2013-12-31": -175, "2013-09-30": -247, "2013-06-30": -143, "2013-03-31": "-157.00000", "2012-12-31": -149, "2012-09-30": -150, "2012-06-30": -1244, "2012-03-31": "0.00000", "2011-12-31": 0, "2011-09-30": 0, "2011-06-30": 0, "2011-03-31": "", "2010-12-31": 0, "2010-09-30": 0, "2010-06-30": 0, "2010-03-31": "", "2009-12-31": 0, "2009-09-30": 0, "2009-06-30": 0, "2009-03-31": "", "2008-12-31": 0, "2008-09-30": 0, "2008-06-30": 0, "2008-03-31": "", "2007-12-31": 0, "2007-09-30": 0, "2007-06-30": 0, "2007-03-31": "", "2006-12-31": 0, "2006-09-30": 0, "2006-06-30": 0, "2006-03-31": "", "2005-12-31": 0, "2005-09-30": 0, "2005-06-30": 0, "2005-03-31": ""}, "Net Acquisitions/Divestitures": {"2020-12-31": -438, "2020-09-30": 2341, "2020-06-30": 239, "2020-03-31": "-5.00000", "2019-12-31": -52, "2019-09-30": 1, "2019-06-30": 19, "2019-03-31": "114.00000", "2018-12-31": -15215, "2018-09-30": -38, "2018-06-30": 1050, "2018-03-31": "-90.00000", "2017-12-31": -2, "2017-09-30": -10, "2017-06-30": -49, "2017-03-31": "-100.00000", "2016-12-31": -112, "2016-09-30": 101, "2016-06-30": -425, "2016-03-31": "-63.00000", "2015-12-31": -181, "2015-09-30": -67, "2015-06-30": -18, "2015-03-31": "-72.00000", "2014-12-31": 76, "2014-09-30": -206, "2014-06-30": -34, "2014-03-31": "106.00000", "2013-12-31": 64, "2013-09-30": 112, "2013-06-30": 511, "2013-03-31": "722.00000", "2012-12-31": 45, "2012-09-30": -15721, "2012-06-30": 95, "2012-03-31": "-20.00000", "2011-12-31": -16, "2011-09-30": 192, "2011-06-30": 18, "2011-03-31": "-57.00000", "2010-12-31": -186, "2010-09-30": -115, "2010-06-30": -169, "2010-03-31": "-2067.00000", "2009-12-31": -95, "2009-09-30": -297, "2009-06-30": -31, "2009-03-31": "-122.00000", "2008-12-31": -477, "2008-09-30": 23, "2008-06-30": -335, "2008-03-31": "-126.00000", "2007-12-31": -295, "2007-09-30": -1236, "2007-06-30": -98, "2007-03-31": "-110.00000", "2006-12-31": -287, "2006-09-30": -16, "2006-06-30": -67, "2006-03-31": "-90.00000", "2005-12-31": -493, "2005-09-30": -901, "2005-06-30": -2241, "2005-03-31": "-120.00000"}, "Net Change In Short-term Investments": {"2020-12-31": 0, "2020-09-30": 0, "2020-06-30": 0, "2020-03-31": "", "2019-12-31": 0, "2019-09-30": 0, "2019-06-30": 0, "2019-03-31": "", "2018-12-31": 0, "2018-09-30": 0, "2018-06-30": 0, "2018-03-31": "", "2017-12-31": 0, "2017-09-30": 0, "2017-06-30": 0, "2017-03-31": "", "2016-12-31": 0, "2016-09-30": 0, "2016-06-30": 0, "2016-03-31": "", "2015-12-31": 0, "2015-09-30": 0, "2015-06-30": 0, "2015-03-31": "", "2014-12-31": 0, "2014-09-30": 0, "2014-06-30": 0, "2014-03-31": "", "2013-12-31": 0, "2013-09-30": 0, "2013-06-30": 0, "2013-03-31": "", "2012-12-31": 0, "2012-09-30": 0, "2012-06-30": 0, "2012-03-31": "", "2011-12-31": 0, "2011-09-30": 0, "2011-06-30": 0, "2011-03-31": "", "2010-12-31": 0, "2010-09-30": 0, "2010-06-30": 0, "2010-03-31": "", "2009-12-31": 0, "2009-09-30": 0, "2009-06-30": 0, "2009-03-31": "", "2008-12-31": 0, "2008-09-30": 0, "2008-06-30": 0, "2008-03-31": "", "2007-12-31": 0, "2007-09-30": 0, "2007-06-30": 0, "2007-03-31": "", "2006-12-31": 0, "2006-09-30": 0, "2006-06-30": 0, "2006-03-31": "", "2005-12-31": 0, "2005-09-30": 0, "2005-06-30": 0, "2005-03-31": ""}, "Net Change In Long-Term Investments": {"2020-12-31": 0, "2020-09-30": 0, "2020-06-30": 0, "2020-03-31": "", "2019-12-31": 0, "2019-09-30": 0, "2019-06-30": 0, "2019-03-31": "", "2018-12-31": 0, "2018-09-30": 0, "2018-06-30": 0, "2018-03-31": "", "2017-12-31": 0, "2017-09-30": 0, "2017-06-30": 0, "2017-03-31": "596.00000", "2016-12-31": 0, "2016-09-30": 0, "2016-06-30": 0, "2016-03-31": "", "2015-12-31": 0, "2015-09-30": 0, "2015-06-30": 0, "2015-03-31": "", "2014-12-31": 0, "2014-09-30": 0, "2014-06-30": 0, "2014-03-31": "", "2013-12-31": 0, "2013-09-30": 0, "2013-06-30": 0, "2013-03-31": "", "2012-12-31": 0, "2012-09-30": 0, "2012-06-30": 0, "2012-03-31": "", "2011-12-31": 0, "2011-09-30": 0, "2011-06-30": 0, "2011-03-31": "", "2010-12-31": 0, "2010-09-30": 0, "2010-06-30": 0, "2010-03-31": "", "2009-12-31": 0, "2009-09-30": 0, "2009-06-30": 0, "2009-03-31": "", "2008-12-31": 0, "2008-09-30": 0, "2008-06-30": 0, "2008-03-31": "", "2007-12-31": 0, "2007-09-30": 0, "2007-06-30": 0, "2007-03-31": "", "2006-12-31": 0, "2006-09-30": 0, "2006-06-30": 0, "2006-03-31": "", "2005-12-31": 0, "2005-09-30": 0, "2005-06-30": 0, "2005-03-31": ""}, "Net Change In Investments - Total": {"2020-12-31": 0, "2020-09-30": 0, "2020-06-30": 0, "2020-03-31": "", "2019-12-31": 0, "2019-09-30": 0, "2019-06-30": 0, "2019-03-31": "", "2018-12-31": 0, "2018-09-30": 0, "2018-06-30": 0, "2018-03-31": "", "2017-12-31": 0, "2017-09-30": 0, "2017-06-30": 0, "2017-03-31": "596.00000", "2016-12-31": 0, "2016-09-30": 0, "2016-06-30": 0, "2016-03-31": "", "2015-12-31": 0, "2015-09-30": 0, "2015-06-30": 0, "2015-03-31": "", "2014-12-31": 0, "2014-09-30": 0, "2014-06-30": 0, "2014-03-31": "", "2013-12-31": 0, "2013-09-30": 0, "2013-06-30": 0, "2013-03-31": "", "2012-12-31": 0, "2012-09-30": 0, "2012-06-30": 0, "2012-03-31": "", "2011-12-31": 0, "2011-09-30": 0, "2011-06-30": 0, "2011-03-31": "", "2010-12-31": 0, "2010-09-30": 0, "2010-06-30": 0, "2010-03-31": "", "2009-12-31": 0, "2009-09-30": 0, "2009-06-30": 0, "2009-03-31": "", "2008-12-31": 0, "2008-09-30": 0, "2008-06-30": 0, "2008-03-31": "", "2007-12-31": 0, "2007-09-30": 0, "2007-06-30": 0, "2007-03-31": "", "2006-12-31": 0, "2006-09-30": 0, "2006-06-30": 0, "2006-03-31": "", "2005-12-31": 0, "2005-09-30": 0, "2005-06-30": 0, "2005-03-31": ""}, "Investing Activities - Other": {"2020-12-31": 288, "2020-09-30": 174, "2020-06-30": 3499, "2020-03-31": "-788.00000", "2019-12-31": -82, "2019-09-30": -96, "2019-06-30": -331, "2019-03-31": "-58.00000", "2018-12-31": 139, "2018-09-30": -209, "2018-06-30": 163, "2018-03-31": "-471.00000", "2017-12-31": -469, "2017-09-30": -120, "2017-06-30": -262, "2017-03-31": "-209.00000", "2016-12-31": 245, "2016-09-30": -124, "2016-06-30": 2, "2016-03-31": "-46.00000", "2015-12-31": -483, "2015-09-30": -379, "2015-06-30": -238, "2015-03-31": "733.00000", "2014-12-31": 14, "2014-09-30": 162, "2014-06-30": 175, "2014-03-31": "-73.00000", "2013-12-31": -91, "2013-09-30": -189, "2013-06-30": -230, "2013-03-31": "69.00000", "2012-12-31": -55, "2012-09-30": 10465, "2012-06-30": -10769, "2012-03-31": "97.00000", "2011-12-31": -9, "2011-09-30": 21, "2011-06-30": 82, "2011-03-31": "26.00000", "2010-12-31": 81, "2010-09-30": -35, "2010-06-30": 89, "2010-03-31": "90.00000", "2009-12-31": 47, "2009-09-30": 254, "2009-06-30": -102, "2009-03-31": "68.00000", "2008-12-31": -263, "2008-09-30": 286, "2008-06-30": -159, "2008-03-31": "-69.00000", "2007-12-31": -275, "2007-09-30": -145, "2007-06-30": -28, "2007-03-31": "158.00000", "2006-12-31": 44, "2006-09-30": 193, "2006-06-30": -48, "2006-03-31": "-36.00000", "2005-12-31": 7, "2005-09-30": 58, "2005-06-30": -128, "2005-03-31": "98.00000"}, "Cash Flow From Investing Activities": {"2020-12-31": -809, "2020-09-30": 2096, "2020-06-30": 3339, "2020-03-31": "-1283.00000", "2019-12-31": -1360, "2019-09-30": -629, "2019-06-30": -709, "2019-03-31": "-394.00000", "2018-12-31": -15954, "2018-09-30": -781, "2018-06-30": 738, "2018-03-31": "-976.00000", "2017-12-31": -1361, "2017-09-30": -668, "2017-06-30": -851, "2017-03-31": "-139.00000", "2016-12-31": -610, "2016-09-30": -519, "2016-06-30": -887, "2016-03-31": "-493.00000", "2015-12-31": -1378, "2015-09-30": -920, "2015-06-30": -702, "2015-03-31": "206.00000", "2014-12-31": -575, "2014-09-30": -519, "2014-06-30": -431, "2014-03-31": "-442.00000", "2013-12-31": -724, "2013-09-30": -707, "2013-06-30": -231, "2013-03-31": "339.00000", "2012-12-31": -800, "2012-09-30": -5723, "2012-06-30": -12162, "2012-03-31": "-110.00000", "2011-12-31": -384, "2011-09-30": 14, "2011-06-30": -100, "2011-03-31": "-202.00000", "2010-12-31": -464, "2010-09-30": -327, "2010-06-30": -235, "2010-03-31": "-2124.00000", "2009-12-31": -373, "2009-09-30": -204, "2009-06-30": -306, "2009-03-31": "-221.00000", "2008-12-31": -1146, "2008-09-30": 41, "2008-06-30": -799, "2008-03-31": "-432.00000", "2007-12-31": -1026, "2007-09-30": -1619, "2007-06-30": -377, "2007-03-31": "-160.00000", "2006-12-31": -594, "2006-09-30": -7, "2006-06-30": -333, "2006-03-31": "-327.00000", "2005-12-31": -831, "2005-09-30": -1092, "2005-06-30": -2552, "2005-03-31": "-174.00000"}, "Net Long-Term Debt": {"2020-12-31": -1025, "2020-09-30": 1, "2020-06-30": -16425, "2020-03-31": "3371.00000", "2019-12-31": -2132, "2019-09-30": -599, "2019-06-30": -17, "2019-03-31": "6.00000", "2018-12-31": -381, "2018-09-30": 10979, "2018-06-30": 1312, "2018-03-31": "-975.00000", "2017-12-31": 893, "2017-09-30": 55, "2017-06-30": 2429, "2017-03-31": "-27.00000", "2016-12-31": 1736, "2016-09-30": -41, "2016-06-30": -2, "2016-03-31": "2324.00000", "2015-12-31": -24, "2015-09-30": 2, "2015-06-30": -7, "2015-03-31": "9.00000", "2014-12-31": 15, "2014-09-30": -48, "2014-06-30": -179, "2014-03-31": "6.00000", "2013-12-31": -980, "2013-09-30": -571, "2013-06-30": -1178, "2013-03-31": "-46.00000", "2012-12-31": -741, "2012-09-30": 14, "2012-06-30": 10847, "2012-03-31": "-63.00000", "2011-12-31": -507, "2011-09-30": 10, "2011-06-30": -27, "2011-03-31": "-33.00000", "2010-12-31": 1, "2010-09-30": -496, "2010-06-30": -1106, "2010-03-31": "2212.00000", "2009-12-31": -10, "2009-09-30": -89, "2009-06-30": -374, "2009-03-31": "-502.00000", "2008-12-31": 1209, "2008-09-30": -3, "2008-06-30": 1000, "2008-03-31": "-6.00000", "2007-12-31": 967, "2007-09-30": -225, "2007-06-30": 6, "2007-03-31": "-46.00000", "2006-12-31": -551, "2006-09-30": -252, "2006-06-30": 1084, "2006-03-31": "3.00000", "2005-12-31": -31, "2005-09-30": -1, "2005-06-30": 1901, "2005-03-31": ""}, "Net Current Debt": {"2020-12-31": 19, "2020-09-30": -15, "2020-06-30": -1419, "2020-03-31": "-626.00000", "2019-12-31": 1092, "2019-09-30": 223, "2019-06-30": -39, "2019-03-31": "-349.00000", "2018-12-31": -1584, "2018-09-30": 586, "2018-06-30": -24, "2018-03-31": "666.00000", "2017-12-31": -671, "2017-09-30": 368, "2017-06-30": -535, "2017-03-31": "567.00000", "2016-12-31": -268, "2016-09-30": 115, "2016-06-30": -484, "2016-03-31": "306.00000", "2015-12-31": -2096, "2015-09-30": 246, "2015-06-30": 468, "2015-03-31": "2177.00000", "2014-12-31": -209, "2014-09-30": -156, "2014-06-30": 219, "2014-03-31": "-200.00000", "2013-12-31": 91, "2013-09-30": 98, "2013-06-30": 27, "2013-03-31": "-329.00000", "2012-12-31": -4723, "2012-09-30": 4927, "2012-06-30": -14, "2012-03-31": "-404.00000", "2011-12-31": -568, "2011-09-30": -32, "2011-06-30": 936, "2011-03-31": "226.00000", "2010-12-31": -2023, "2010-09-30": 708, "2010-06-30": 1214, "2010-03-31": "-40.00000", "2009-12-31": -690, "2009-09-30": -320, "2009-06-30": 343, "2009-03-31": "-95.00000", "2008-12-31": -170, "2008-09-30": -325, "2008-06-30": -282, "2008-03-31": "868.00000", "2007-12-31": -1139, "2007-09-30": 696, "2007-06-30": 302, "2007-03-31": "332.00000", "2006-12-31": 54, "2006-09-30": -231, "2006-06-30": -623, "2006-03-31": "-17.00000", "2005-12-31": 473, "2005-09-30": 595, "2005-06-30": -96, "2005-03-31": "-735.00000"}, "Debt Issuance/Retirement Net - Total": {"2020-12-31": -1006, "2020-09-30": -14, "2020-06-30": -17844, "2020-03-31": "2745.00000", "2019-12-31": -1040, "2019-09-30": -376, "2019-06-30": -56, "2019-03-31": "-343.00000", "2018-12-31": -1965, "2018-09-30": 11565, "2018-06-30": 1288, "2018-03-31": "-309.00000", "2017-12-31": 222, "2017-09-30": 423, "2017-06-30": 1894, "2017-03-31": "540.00000", "2016-12-31": 1468, "2016-09-30": 74, "2016-06-30": -486, "2016-03-31": "2630.00000", "2015-12-31": -2120, "2015-09-30": 248, "2015-06-30": 461, "2015-03-31": "2186.00000", "2014-12-31": -194, "2014-09-30": -204, "2014-06-30": 40, "2014-03-31": "-194.00000", "2013-12-31": -889, "2013-09-30": -473, "2013-06-30": -1151, "2013-03-31": "-375.00000", "2012-12-31": -5464, "2012-09-30": 4941, "2012-06-30": 10833, "2012-03-31": "-467.00000", "2011-12-31": -1075, "2011-09-30": -22, "2011-06-30": 909, "2011-03-31": "193.00000", "2010-12-31": -2022, "2010-09-30": 212, "2010-06-30": 108, "2010-03-31": "2172.00000", "2009-12-31": -700, "2009-09-30": -409, "2009-06-30": -31, "2009-03-31": "-597.00000", "2008-12-31": 1039, "2008-09-30": -328, "2008-06-30": 718, "2008-03-31": "862.00000", "2007-12-31": -172, "2007-09-30": 471, "2007-06-30": 308, "2007-03-31": "286.00000", "2006-12-31": -497, "2006-09-30": -483, "2006-06-30": 461, "2006-03-31": "-14.00000", "2005-12-31": 442, "2005-09-30": 594, "2005-06-30": 1805, "2005-03-31": "-735.00000"}, "Net Common Equity Issued/Repurchased": {"2020-12-31": 9, "2020-09-30": -4, "2020-06-30": 4, "2020-03-31": "-41.00000", "2019-12-31": -27, "2019-09-30": -39, "2019-06-30": -34, "2019-03-31": "-24.00000", "2018-12-31": -250, "2018-09-30": 7, "2018-06-30": -26, "2018-03-31": "-20.00000", "2017-12-31": -17, "2017-09-30": -57, "2017-06-30": -426, "2017-03-31": "-922.00000", "2016-12-31": -1719, "2016-09-30": -491, "2016-06-30": -33, "2016-03-31": "2.00000", "2015-12-31": -5998, "2015-09-30": 113, "2015-06-30": 2, "2015-03-31": "-2976.00000", "2014-12-31": -349, "2014-09-30": -407, "2014-06-30": -308, "2014-03-31": "-249.00000", "2013-12-31": -158, "2013-09-30": -216, "2013-06-30": -266, "2013-03-31": "-182.00000", "2012-12-31": 62, "2012-09-30": 322, "2012-06-30": 18, "2012-03-31": "120.00000", "2011-12-31": 30, "2011-09-30": -647, "2011-06-30": -694, "2011-03-31": "-638.00000", "2010-12-31": -381, "2010-09-30": -445, "2010-06-30": -587, "2010-03-31": "-401.00000", "2009-12-31": -190, "2009-09-30": -319, "2009-06-30": -85, "2009-03-31": "-164.00000", "2008-12-31": -658, "2008-09-30": -921, "2008-06-30": -659, "2008-03-31": "-759.00000", "2007-12-31": -458, "2007-09-30": -392, "2007-06-30": -357, "2007-03-31": "-379.00000", "2006-12-31": -650, "2006-09-30": -537, "2006-06-30": -264, "2006-03-31": "-271.00000", "2005-12-31": -359, "2005-09-30": -327, "2005-06-30": -184, "2005-03-31": "-29.00000"}, "Net Total Equity Issued/Repurchased": {"2020-12-31": 9, "2020-09-30": -4, "2020-06-30": 4, "2020-03-31": "-41.00000", "2019-12-31": -27, "2019-09-30": -39, "2019-06-30": -34, "2019-03-31": "-24.00000", "2018-12-31": -250, "2018-09-30": 7, "2018-06-30": -26, "2018-03-31": "-20.00000", "2017-12-31": -17, "2017-09-30": -57, "2017-06-30": -426, "2017-03-31": "-922.00000", "2016-12-31": -1719, "2016-09-30": -491, "2016-06-30": -33, "2016-03-31": "2.00000", "2015-12-31": -5998, "2015-09-30": 113, "2015-06-30": 2, "2015-03-31": "-2976.00000", "2014-12-31": -349, "2014-09-30": -407, "2014-06-30": -308, "2014-03-31": "-249.00000", "2013-12-31": -158, "2013-09-30": -216, "2013-06-30": -266, "2013-03-31": "-182.00000", "2012-12-31": 62, "2012-09-30": 322, "2012-06-30": 18, "2012-03-31": "120.00000", "2011-12-31": 30, "2011-09-30": -647, "2011-06-30": -694, "2011-03-31": "-638.00000", "2010-12-31": -381, "2010-09-30": -445, "2010-06-30": -587, "2010-03-31": "-401.00000", "2009-12-31": -190, "2009-09-30": -319, "2009-06-30": -85, "2009-03-31": "-164.00000", "2008-12-31": -658, "2008-09-30": -921, "2008-06-30": -659, "2008-03-31": "-759.00000", "2007-12-31": -458, "2007-09-30": -392, "2007-06-30": -357, "2007-03-31": "-379.00000", "2006-12-31": -650, "2006-09-30": -537, "2006-06-30": -264, "2006-03-31": "-271.00000", "2005-12-31": -359, "2005-09-30": -327, "2005-06-30": -184, "2005-03-31": "-29.00000"}, "Total Common And Preferred Stock Dividends Paid": {"2020-12-31": -706, "2020-09-30": -688, "2020-06-30": -724, "2020-03-31": "-614.00000", "2019-12-31": -612, "2019-09-30": -611, "2019-06-30": -610, "2019-03-31": "-609.00000", "2018-12-31": -564, "2018-09-30": -536, "2018-06-30": -535, "2018-03-31": "-535.00000", "2017-12-31": -533, "2017-09-30": -533, "2017-06-30": -503, "2017-03-31": "-505.00000", "2016-12-31": -508, "2016-09-30": -526, "2016-06-30": -526, "2016-03-31": "-509.00000", "2015-12-31": -541, "2015-09-30": -547, "2015-06-30": -543, "2015-03-31": "-553.00000", "2014-12-31": -510, "2014-09-30": -512, "2014-06-30": -512, "2014-03-31": "-514.00000", "2013-12-31": -513, "2013-09-30": -465, "2013-06-30": -465, "2013-03-31": "-465.00000", "2012-12-31": -464, "2012-09-30": -463, "2012-06-30": -413, "2012-03-31": "-412.00000", "2011-12-31": -410, "2011-09-30": -411, "2011-06-30": -413, "2011-03-31": "-368.00000", "2010-12-31": -368, "2010-09-30": -370, "2010-06-30": -371, "2010-03-31": "-373.00000", "2009-12-31": -338, "2009-09-30": -339, "2009-06-30": -340, "2009-03-31": "-339.00000", "2008-12-31": -341, "2008-09-30": -286, "2008-06-30": -290, "2008-03-31": "-293.00000", "2007-12-31": -476, "2007-09-30": -296, "2007-06-30": -245, "2007-03-31": "-245.00000", "2006-12-31": -382, "2006-09-30": -249, "2006-06-30": -249, "2006-03-31": "-207.00000", "2005-12-31": -247, "2005-09-30": -208, "2005-06-30": -209, "2005-03-31": "-208.00000"}, "Financial Activities - Other": {"2020-12-31": -101, "2020-09-30": -18, "2020-06-30": 15870, "2020-03-31": "-728.00000", "2019-12-31": -1401, "2019-09-30": 609, "2019-06-30": 710, "2019-03-31": "-101.00000", "2018-12-31": -95, "2018-09-30": 14, "2018-06-30": -28, "2018-03-31": "-46.00000", "2017-12-31": -372, "2017-09-30": -74, "2017-06-30": -88, "2017-03-31": "-42.00000", "2016-12-31": -226, "2016-09-30": -174, "2016-06-30": -71, "2016-03-31": "-93.00000", "2015-12-31": -256, "2015-09-30": -134, "2015-06-30": -78, "2015-03-31": "-40.00000", "2014-12-31": -123, "2014-09-30": -107, "2014-06-30": -68, "2014-03-31": "-38.00000", "2013-12-31": -145, "2013-09-30": -85, "2013-06-30": -86, "2013-03-31": "3.00000", "2012-12-31": -99, "2012-09-30": -191, "2012-06-30": -224, "2012-03-31": "-78.00000", "2011-12-31": -138, "2011-09-30": -211, "2011-06-30": -30, "2011-03-31": "-58.00000", "2010-12-31": -61, "2010-09-30": -110, "2010-06-30": -63, "2010-03-31": "-80.00000", "2009-12-31": -55, "2009-09-30": -56, "2009-06-30": -120, "2009-03-31": "-109.00000", "2008-12-31": -42, "2008-09-30": -89, "2008-06-30": -82, "2008-03-31": "-109.00000", "2007-12-31": 153, "2007-09-30": -94, "2007-06-30": -20, "2007-03-31": "-39.00000", "2006-12-31": 63, "2006-09-30": -86, "2006-06-30": 15, "2006-03-31": "8.00000", "2005-12-31": 6, "2005-09-30": -1, "2005-06-30": -1, "2005-03-31": "-4.00000"}, "Cash Flow From Financial Activities": {"2020-12-31": -1804, "2020-09-30": -724, "2020-06-30": -2694, "2020-03-31": "1362.00000", "2019-12-31": -3080, "2019-09-30": -417, "2019-06-30": 10, "2019-03-31": "-1077.00000", "2018-12-31": -2874, "2018-09-30": 11050, "2018-06-30": 699, "2018-03-31": "-910.00000", "2017-12-31": -700, "2017-09-30": -241, "2017-06-30": 877, "2017-03-31": "-929.00000", "2016-12-31": -985, "2016-09-30": -1117, "2016-06-30": -1116, "2016-03-31": "2030.00000", "2015-12-31": -8915, "2015-09-30": -320, "2015-06-30": -158, "2015-03-31": "-1383.00000", "2014-12-31": -1176, "2014-09-30": -1230, "2014-06-30": -848, "2014-03-31": "-995.00000", "2013-12-31": -1705, "2013-09-30": -1239, "2013-06-30": -1968, "2013-03-31": "-1019.00000", "2012-12-31": -5965, "2012-09-30": 4609, "2012-06-30": 10214, "2012-03-31": "-837.00000", "2011-12-31": -1593, "2011-09-30": -1291, "2011-06-30": -228, "2011-03-31": "-871.00000", "2010-12-31": -2832, "2010-09-30": -713, "2010-06-30": -913, "2010-03-31": "1318.00000", "2009-12-31": -1283, "2009-09-30": -1123, "2009-06-30": -576, "2009-03-31": "-1209.00000", "2008-12-31": -2, "2008-09-30": -1624, "2008-06-30": -313, "2008-03-31": "-299.00000", "2007-12-31": -953, "2007-09-30": -311, "2007-06-30": -314, "2007-03-31": "-377.00000", "2006-12-31": -1466, "2006-09-30": -1355, "2006-06-30": -37, "2006-03-31": "-484.00000", "2005-12-31": -158, "2005-09-30": 58, "2005-06-30": 1411, "2005-03-31": "-976.00000"}, "Net Cash Flow": {"2020-12-31": -1199, "2020-09-30": 3026, "2020-06-30": 1433, "2020-03-31": "581.00000", "2019-12-31": -86, "2019-09-30": 667, "2019-06-30": 557, "2019-03-31": "28.00000", "2018-12-31": -7647, "2018-09-30": 2731, "2018-06-30": 3401, "2018-03-31": "-1351.00000", "2017-12-31": 462, "2017-09-30": -822, "2017-06-30": 2189, "2017-03-31": "-33.00000", "2016-12-31": 50, "2016-09-30": 322, "2016-06-30": -430, "2016-03-31": "95.00000", "2015-12-31": 1343, "2015-09-30": -341, "2015-06-30": 544, "2015-03-31": "39.00000", "2014-12-31": 152, "2014-09-30": 68, "2014-06-30": 485, "2014-03-31": "-142.00000", "2013-12-31": -14, "2013-09-30": -288, "2013-06-30": 142, "2013-03-31": "-69.00000", "2012-12-31": -1423, "2012-09-30": 276, "2012-06-30": -319, "2012-03-31": "325.00000", "2011-12-31": -6, "2011-09-30": 570, "2011-06-30": 956, "2011-03-31": "357.00000", "2010-12-31": -1648, "2010-09-30": 734, "2010-06-30": 209, "2010-03-31": "339.00000", "2009-12-31": -183, "2009-09-30": 616, "2009-06-30": 744, "2009-03-31": "-1055.00000", "2008-12-31": 712, "2008-09-30": 173, "2008-06-30": 303, "2008-03-31": "235.00000", "2007-12-31": 94, "2007-09-30": -482, "2007-06-30": 811, "2007-03-31": "-65.00000", "2006-12-31": -368, "2006-09-30": 31, "2006-06-30": 466, "2006-03-31": "170.00000", "2005-12-31": 145, "2005-09-30": 117, "2005-06-30": 22, "2005-03-31": "-302.00000"}, "Stock-Based Compensation": {"2020-12-31": 77, "2020-09-30": 118, "2020-06-30": 48, "2020-03-31": "87.00000", "2019-12-31": 164, "2019-09-30": 74, "2019-06-30": 54, "2019-03-31": "64.00000", "2018-12-31": 70, "2018-09-30": 64, "2018-06-30": 62, "2018-03-31": "55.00000", "2017-12-31": 47, "2017-09-30": 49, "2017-06-30": 49, "2017-03-31": "47.00000", "2016-12-31": 40, "2016-09-30": 16, "2016-06-30": 48, "2016-03-31": "48.00000", "2015-12-31": 50, "2015-09-30": 16, "2015-06-30": 46, "2015-03-31": "46.00000", "2014-12-31": 32, "2014-09-30": 69, "2014-06-30": 58, "2014-03-31": "60.00000", "2013-12-31": 34, "2013-09-30": 83, "2013-06-30": 63, "2013-03-31": "70.00000", "2012-12-31": 60, "2012-09-30": 54, "2012-06-30": 49, "2012-03-31": "47.00000", "2011-12-31": 42, "2011-09-30": 55, "2011-06-30": 74, "2011-03-31": "50.00000", "2010-12-31": 36, "2010-09-30": 24, "2010-06-30": 43, "2010-03-31": "45.00000", "2009-12-31": 43, "2009-09-30": 32, "2009-06-30": 44, "2009-03-31": "34.00000", "2008-12-31": 50, "2008-09-30": 51, "2008-06-30": 52, "2008-03-31": "58.00000", "2007-12-31": 57, "2007-09-30": 44, "2007-06-30": 43, "2007-03-31": "54.00000", "2006-12-31": 44, "2006-09-30": 45, "2006-06-30": 47, "2006-03-31": "44.00000", "2005-12-31": 34, "2005-09-30": 48, "2005-06-30": 36, "2005-03-31": "35.00000"}, "Common Stock Dividends Paid": {"2020-12-31": -706, "2020-09-30": -688, "2020-06-30": -724, "2020-03-31": "-614.00000", "2019-12-31": -612, "2019-09-30": -611, "2019-06-30": -610, "2019-03-31": "-609.00000", "2018-12-31": -564, "2018-09-30": -536, "2018-06-30": -535, "2018-03-31": "-535.00000", "2017-12-31": -533, "2017-09-30": -533, "2017-06-30": -503, "2017-03-31": "-505.00000", "2016-12-31": -508, "2016-09-30": -526, "2016-06-30": -526, "2016-03-31": "-509.00000", "2015-12-31": -541, "2015-09-30": -547, "2015-06-30": -543, "2015-03-31": "-553.00000", "2014-12-31": -510, "2014-09-30": -512, "2014-06-30": -512, "2014-03-31": "-514.00000", "2013-12-31": -513, "2013-09-30": -465, "2013-06-30": -465, "2013-03-31": "-465.00000", "2012-12-31": -464, "2012-09-30": -463, "2012-06-30": -413, "2012-03-31": "-412.00000", "2011-12-31": -410, "2011-09-30": -411, "2011-06-30": -413, "2011-03-31": "-368.00000", "2010-12-31": -368, "2010-09-30": -370, "2010-06-30": -371, "2010-03-31": "-373.00000", "2009-12-31": -338, "2009-09-30": -339, "2009-06-30": -340, "2009-03-31": "-339.00000", "2008-12-31": -341, "2008-09-30": -286, "2008-06-30": -290, "2008-03-31": "-293.00000", "2007-12-31": -476, "2007-09-30": -296, "2007-06-30": -245, "2007-03-31": "-245.00000", "2006-12-31": -382, "2006-09-30": -249, "2006-06-30": -249, "2006-03-31": "-207.00000", "2005-12-31": -247, "2005-09-30": -208, "2005-06-30": -209, "2005-03-31": "-208.00000"}}, "financial ratios": {"Current Ratio": {"2019-12-31": "1.32160", "2018-12-31": "1.13180", "2017-12-31": "1.34710", "2016-12-31": "1.30330", "2015-12-31": "1.18070", "2014-12-31": "1.34110", "2013-12-31": "1.29130", "2012-12-31": "1.24490", "2011-12-31": "1.38360", "2010-12-31": "1.32590", "2009-12-31": "1.29480", "2008-12-31": "1.23560", "2007-12-31": "1.26340", "2006-12-31": "1.23910", "2005-12-31": "1.12130"}, "Long-term Debt / Capital": {"2019-12-31": "0.46010", "2018-12-31": "0.50360", "2017-12-31": "0.44300", "2016-12-31": "0.42660", "2015-12-31": "0.40110", "2014-12-31": "0.35320", "2013-12-31": "0.37280", "2012-12-31": "0.44380", "2011-12-31": "0.29400", "2010-12-31": "0.30950", "2009-12-31": "0.28220", "2008-12-31": "0.35890", "2007-12-31": "0.27290", "2006-12-31": "0.28920", "2005-12-31": "0.25890"}, "Debt/Equity Ratio": {"2019-12-31": "0.97790", "2018-12-31": "1.12130", "2017-12-31": "0.87470", "2016-12-31": "0.81940", "2015-12-31": "0.70810", "2014-12-31": "0.60500", "2013-12-31": "0.60930", "2012-12-31": "0.85780", "2011-12-31": "0.44960", "2010-12-31": "0.46070", "2009-12-31": "0.46400", "2008-12-31": "0.68800", "2007-12-31": "0.42840", "2006-12-31": "0.45850", "2005-12-31": "0.48500"}, "Gross Margin": {"2019-12-31": "23.70730", "2018-12-31": "20.85240", "2017-12-31": "26.13100", "2016-12-31": "27.55400", "2015-12-31": "27.92790", "2014-12-31": "29.36440", "2013-12-31": "28.50180", "2012-12-31": "26.95470", "2011-12-31": "27.59440", "2010-12-31": "27.39550", "2009-12-31": "25.87320", "2008-12-31": "26.18790", "2007-12-31": "26.62970", "2006-12-31": "27.36620", "2005-12-31": "27.59510"}, "Operating Margin": {"2019-12-31": "10.83600", "2018-12-31": "8.29080", "2017-12-31": "13.60030", "2016-12-31": "14.36130", "2015-12-31": "12.99690", "2014-12-31": "16.56820", "2013-12-31": "15.10420", "2012-12-31": "13.31530", "2011-12-31": "14.07250", "2010-12-31": "13.19560", "2009-12-31": "12.16400", "2008-12-31": "12.70150", "2007-12-31": "12.65350", "2006-12-31": "12.74960", "2005-12-31": "12.12870"}, "EBIT Margin": {"2019-12-31": "10.83600", "2018-12-31": "8.29080", "2017-12-31": "13.60030", "2016-12-31": "14.36130", "2015-12-31": "12.99690", "2014-12-31": "16.56820", "2013-12-31": "15.10420", "2012-12-31": "13.31530", "2011-12-31": "14.07250", "2010-12-31": "13.19560", "2009-12-31": "12.16400", "2008-12-31": "12.70150", "2007-12-31": "12.65350", "2006-12-31": "12.74960", "2005-12-31": "12.12870"}, "EBITDA Margin": {"2019-12-31": "16.80740", "2018-12-31": "13.75470", "2017-12-31": "17.17670", "2016-12-31": "17.78880", "2015-12-31": "16.31790", "2014-12-31": "19.71160", "2013-12-31": "18.16960", "2012-12-31": "15.95620", "2011-12-31": "16.33780", "2010-12-31": "15.68250", "2009-12-31": "14.56370", "2008-12-31": "14.93600", "2007-12-31": "14.75880", "2006-12-31": "14.90940", "2005-12-31": "14.43180"}, "Pre-Tax Profit Margin": {"2019-12-31": "9.15570", "2018-12-31": "7.21590", "2017-12-31": "12.97360", "2016-12-31": "12.46070", "2015-12-31": "11.52800", "2014-12-31": "15.04660", "2013-12-31": "13.52300", "2012-12-31": "11.97580", "2011-12-31": "13.18290", "2010-12-31": "11.95220", "2009-12-31": "10.98710", "2008-12-31": "11.73230", "2007-12-31": "11.45810", "2006-12-31": "11.48260", "2005-12-31": "10.96310"}, "Net Profit Margin": {"2019-12-31": "12.20980", "2018-12-31": "15.18400", "2017-12-31": "7.60730", "2016-12-31": "8.83060", "2015-12-31": "13.56200", "2014-12-31": "10.74270", "2013-12-31": "10.10780", "2012-12-31": "8.88960", "2011-12-31": "8.93030", "2010-12-31": "8.36540", "2009-12-31": "7.30380", "2008-12-31": "7.93150", "2007-12-31": "7.58130", "2006-12-31": "7.80280", "2005-12-31": "7.18310"}, "Asset Turnover": {"2019-12-31": "0.32480", "2018-12-31": "0.25860", "2017-12-31": "0.61740", "2016-12-31": "0.63810", "2015-12-31": "0.64120", "2014-12-31": "0.63480", "2013-12-31": "0.62480", "2012-12-31": "0.64540", "2011-12-31": "0.90730", "2010-12-31": "0.89370", "2009-12-31": "0.94020", "2008-12-31": "1.04020", "2007-12-31": "1.02090", "2006-12-31": "1.01460", "2005-12-31": "0.93030"}, "Inventory Turnover Ratio": {"2019-12-31": "3.82430", "2018-12-31": "2.72390", "2017-12-31": "4.47330", "2016-12-31": "4.76460", "2015-12-31": "4.97000", "2014-12-31": "5.35170", "2013-12-31": "3.91750", "2012-12-31": "4.41990", "2011-12-31": "5.17750", "2010-12-31": "4.88720", "2009-12-31": "5.17530", "2008-12-31": "5.23230", "2007-12-31": "5.04620", "2006-12-31": "5.21860", "2005-12-31": "5.46650"}, "Receiveable Turnover": {"2019-12-31": "5.18690", "2018-12-31": "2.43160", "2017-12-31": "4.75090", "2016-12-31": "4.98600", "2015-12-31": "5.26590", "2014-12-31": "5.54170", "2013-12-31": "4.93980", "2012-12-31": "5.19940", "2011-12-31": "5.84060", "2010-12-31": "5.85710", "2009-12-31": "6.19020", "2008-12-31": "6.23620", "2007-12-31": "6.29990", "2006-12-31": "6.22850", "2005-12-31": "5.90120"}, "Days Sales In Receivables": {"2019-12-31": "70.36970", "2018-12-31": "150.10850", "2017-12-31": "76.82830", "2016-12-31": "73.20530", "2015-12-31": "69.31340", "2014-12-31": "65.86390", "2013-12-31": "73.88990", "2012-12-31": "70.20060", "2011-12-31": "62.49400", "2010-12-31": "62.31710", "2009-12-31": "58.96400", "2008-12-31": "58.52940", "2007-12-31": "57.93780", "2006-12-31": "58.60120", "2005-12-31": "61.85140"}, "ROE - Return On Equity": {"2019-12-31": "8.43530", "2018-12-31": "3.46220", "2017-12-31": "15.65830", "2016-12-31": "18.63620", "2015-12-31": "13.85380", "2014-12-31": "18.62790", "2013-12-31": "15.84940", "2012-12-31": "17.90610", "2011-12-31": "21.17000", "2010-12-31": "20.25350", "2009-12-31": "19.90100", "2008-12-31": "30.29200", "2007-12-31": "21.29710", "2006-12-31": "21.57600", "2005-12-31": "18.62160"}, "Return On Tangible Equity": {"2019-12-31": "-22.14110", "2018-12-31": "-4.14430", "2017-12-31": "-39.76720", "2016-12-31": "-40.04720", "2015-12-31": "-28.42110", "2014-12-31": "-58.25970", "2013-12-31": "-50.28650", "2012-12-31": "-30.44410", "2011-12-31": "503.75390", "2010-12-31": "820.87120", "2009-12-31": "359.32930", "2008-12-31": "-237.78820", "2007-12-31": "307.71310", "2006-12-31": "-5741.53900", "2005-12-31": "342.05400"}, "ROA - Return On Assets": {"2019-12-31": "2.67230", "2018-12-31": "1.04760", "2017-12-31": "5.07640", "2016-12-31": "6.05980", "2015-12-31": "4.56770", "2014-12-31": "6.65090", "2013-12-31": "5.81160", "2012-12-31": "5.42120", "2011-12-31": "7.86140", "2010-12-31": "7.73250", "2009-12-31": "7.49440", "2008-12-31": "8.89030", "2007-12-31": "8.33350", "2006-12-31": "7.91670", "2005-12-31": "6.88950"}, "ROI - Return On Investment": {"2019-12-31": "4.55380", "2018-12-31": "1.71880", "2017-12-31": "8.72190", "2016-12-31": "10.68690", "2015-12-31": "8.29670", "2014-12-31": "12.04810", "2013-12-31": "9.94150", "2012-12-31": "9.95970", "2011-12-31": "14.94690", "2010-12-31": "13.98490", "2009-12-31": "14.28430", "2008-12-31": "19.42120", "2007-12-31": "15.48520", "2006-12-31": "15.33660", "2005-12-31": "13.80090"}, "Book Value Per Share": {"2019-12-31": "51.17160", "2018-12-31": "47.13970", "2017-12-31": "39.31900", "2016-12-31": "36.06900", "2015-12-31": "34.40590", "2014-12-31": "35.80920", "2013-12-31": "36.23810", "2012-12-31": "29.45970", "2011-12-31": "25.15370", "2010-12-31": "24.24050", "2009-12-31": "22.41710", "2008-12-31": "17.67170", "2007-12-31": "21.71220", "2006-12-31": "17.37170", "2005-12-31": "16.75880"}, "Operating Cash Flow Per Share": {"2019-12-31": 3.4421, "2018-12-31": -3.7508, "2017-12-31": -0.7151, "2016-12-31": 0.1135, "2015-12-31": -0.0075, "2014-12-31": -0.3368, "2013-12-31": 0.7071, "2012-12-31": 0.1615, "2011-12-31": 0.9248, "2010-12-31": 0.4358, "2009-12-31": -0.6785, "2008-12-31": 1.0526, "2007-12-31": 0.6135, "2006-12-31": 0.5016, "2005-12-31": 4.2742}, "Free Cash Flow Per Share": {"2019-12-31": 3.0908, "2018-12-31": -3.0413, "2017-12-31": -1.1788, "2016-12-31": -0.0728, "2015-12-31": -0.1293, "2014-12-31": -0.3708, "2013-12-31": 0.5246, "2012-12-31": -0.3461, "2011-12-31": 0.8085, "2010-12-31": 0.417, "2009-12-31": -0.2964, "2008-12-31": 0.9469, "2007-12-31": 0.3963, "2006-12-31": 0.4692, "2005-12-31": 3.358}}, "financial ratios, quarterly": {"Current Ratio": {"2020-09-30": "1.22350", "2020-06-30": "1.19790", "2020-03-31": "1.23400", "2019-12-31": "1.32160", "2019-09-30": "1.06320", "2019-06-30": "1.04620", "2019-03-31": "1.12730", "2018-12-31": "1.13180", "2018-09-30": "1.51690", "2018-06-30": "1.45830", "2018-03-31": "1.32300", "2017-12-31": "1.34710", "2017-09-30": "1.30550", "2017-06-30": "1.37250", "2017-03-31": "1.23510", "2016-12-31": "1.30330", "2016-09-30": "1.26650", "2016-06-30": "1.26090", "2016-03-31": "1.34130", "2015-12-31": "1.18070", "2015-09-30": "1.36600", "2015-06-30": "1.29250", "2015-03-31": "1.16440", "2014-12-31": "1.34110", "2014-09-30": "1.23020", "2014-06-30": "1.21830", "2014-03-31": "1.30040", "2013-12-31": "1.29130", "2013-09-30": "1.24800", "2013-06-30": "1.24290", "2013-03-31": "1.29270", "2012-12-31": "1.24490", "2012-09-30": "1.19780", "2012-06-30": "1.97760", "2012-03-31": "1.51920", "2011-12-31": "1.38360", "2011-09-30": "1.31700", "2011-06-30": "1.30750", "2011-03-31": "1.32190", "2010-12-31": "1.32590", "2010-09-30": "1.29140", "2010-06-30": "1.30060", "2010-03-31": "1.30270", "2009-12-31": "1.29480", "2009-09-30": "1.30380", "2009-06-30": "1.27270", "2009-03-31": "1.29450", "2008-12-31": "1.23560", "2008-09-30": "1.21780", "2008-06-30": "1.20840", "2008-03-31": "1.21990", "2007-12-31": "1.26340", "2007-09-30": "1.21070", "2007-06-30": "1.27940", "2007-03-31": "1.25320", "2006-12-31": "1.23910", "2006-09-30": "1.29080", "2006-06-30": "1.24680", "2006-03-31": "1.13310", "2005-12-31": "1.12130", "2005-09-30": "1.18100", "2005-06-30": "1.21910", "2005-03-31": "1.23470"}, "Long-term Debt / Capital": {"2020-09-30": "0.30840", "2020-06-30": "0.31180", "2020-03-31": "0.50760", "2019-12-31": "0.46010", "2019-09-30": "0.46880", "2019-06-30": "0.46870", "2019-03-31": "0.49430", "2018-12-31": "0.50360", "2018-09-30": "0.52770", "2018-06-30": "0.44970", "2018-03-31": "0.43630", "2017-12-31": "0.44300", "2017-09-30": "0.43160", "2017-06-30": "0.44200", "2017-03-31": "0.41650", "2016-12-31": "0.42660", "2016-09-30": "0.39620", "2016-06-30": "0.39640", "2016-03-31": "0.42040", "2015-12-31": "0.40110", "2015-09-30": "0.37740", "2015-06-30": "0.37900", "2015-03-31": "0.37120", "2014-12-31": "0.35320", "2014-09-30": "0.33540", "2014-06-30": "0.33640", "2014-03-31": "0.36940", "2013-12-31": "0.37280", "2013-09-30": "0.39810", "2013-06-30": "0.41800", "2013-03-31": "0.43900", "2012-12-31": "0.44380", "2012-09-30": "0.47290", "2012-06-30": "0.46290", "2012-03-31": "0.28730", "2011-12-31": "0.29400", "2011-09-30": "0.28710", "2011-06-30": "0.28560", "2011-03-31": "0.30160", "2010-12-31": "0.30950", "2010-09-30": "0.31160", "2010-06-30": "0.32430", "2010-03-31": "0.32350", "2009-12-31": "0.28220", "2009-09-30": "0.30760", "2009-06-30": "0.32150", "2009-03-31": "0.35690", "2008-12-31": "0.35890", "2008-09-30": "0.27790", "2008-06-30": "0.27000", "2008-03-31": "0.27070", "2007-12-31": "0.27290", "2007-09-30": "0.25820", "2007-06-30": "0.26850", "2007-03-31": "0.27980", "2006-12-31": "0.28920", "2006-09-30": "0.27180", "2006-06-30": "0.27680", "2006-03-31": "0.25540", "2005-12-31": "0.25890", "2005-09-30": "0.28790", "2005-06-30": "0.30220", "2005-03-31": "0.22320"}, "Debt/Equity Ratio": {"2020-09-30": "0.46780", "2020-06-30": "0.47540", "2020-03-31": "1.10450", "2019-12-31": "0.97790", "2019-09-30": "1.04170", "2019-06-30": "1.05290", "2019-03-31": "1.07720", "2018-12-31": "1.12130", "2018-09-30": "1.16620", "2018-06-30": "0.84890", "2018-03-31": "0.84170", "2017-12-31": "0.87470", "2017-09-30": "0.86020", "2017-06-30": "0.88300", "2017-03-31": "0.83980", "2016-12-31": "0.81940", "2016-09-30": "0.73670", "2016-06-30": "0.73530", "2016-03-31": "0.77090", "2015-12-31": "0.70810", "2015-09-30": "0.70720", "2015-06-30": "0.70270", "2015-03-31": "0.72900", "2014-12-31": "0.60500", "2014-09-30": "0.56510", "2014-06-30": "0.57030", "2014-03-31": "0.59480", "2013-12-31": "0.60930", "2013-09-30": "0.70820", "2013-06-30": "0.76340", "2013-03-31": "0.82810", "2012-12-31": "0.85780", "2012-09-30": "1.10000", "2012-06-30": "0.87340", "2012-03-31": "0.41580", "2011-12-31": "0.44960", "2011-09-30": "0.48180", "2011-06-30": "0.48010", "2011-03-31": "0.45350", "2010-12-31": "0.46070", "2010-09-30": "0.55280", "2010-06-30": "0.57690", "2010-03-31": "0.57120", "2009-12-31": "0.46400", "2009-09-30": "0.53100", "2009-06-30": "0.58760", "2009-03-31": "0.64500", "2008-12-31": "0.68800", "2008-09-30": "0.49200", "2008-06-30": "0.48970", "2008-03-31": "0.46410", "2007-12-31": "0.42840", "2007-09-30": "0.46000", "2007-06-30": "0.44770", "2007-03-31": "0.45640", "2006-12-31": "0.45850", "2006-09-30": "0.43790", "2006-06-30": "0.47480", "2006-03-31": "0.47660", "2005-12-31": "0.48500", "2005-09-30": "0.49620", "2005-06-30": "0.47220", "2005-03-31": "0.32960"}, "Gross Margin": {"2020-09-30": "11.81940", "2020-06-30": "13.13560", "2020-03-31": "26.37010", "2019-12-31": "10.60250", "2019-09-30": "25.18250", "2019-06-30": "24.49470", "2019-03-31": "25.36350", "2018-12-31": "36.22420", "2018-09-30": "24.07030", "2018-06-30": "25.63900", "2018-03-31": "25.99400", "2017-12-31": "24.77680", "2017-09-30": "26.26480", "2017-06-30": "26.93720", "2017-03-31": "26.63050", "2016-12-31": "26.77540", "2016-09-30": "27.95040", "2016-06-30": "27.78670", "2016-03-31": "27.72330", "2015-12-31": "25.50350", "2015-09-30": "28.92370", "2015-06-30": "28.71340", "2015-03-31": "28.63360", "2014-12-31": "37.34470", "2014-09-30": "30.43870", "2014-06-30": "24.78040", "2014-03-31": "27.50090", "2013-12-31": "30.76490", "2013-09-30": "28.72850", "2013-06-30": "27.82710", "2013-03-31": "27.32130", "2012-12-31": "25.28130", "2012-09-30": "26.85150", "2012-06-30": "28.05100", "2012-03-31": "28.07670", "2011-12-31": "27.63400", "2011-09-30": "27.37620", "2011-06-30": "27.65220", "2011-03-31": "27.72870", "2010-12-31": "25.54440", "2010-09-30": "29.02350", "2010-06-30": "27.43810", "2010-03-31": "27.47510", "2009-12-31": "24.16760", "2009-09-30": "26.45980", "2009-06-30": "27.24310", "2009-03-31": "25.65110", "2008-12-31": "23.37960", "2008-09-30": "27.51080", "2008-06-30": "27.01960", "2008-03-31": "26.65140", "2007-12-31": "25.42910", "2007-09-30": "27.37500", "2007-06-30": "27.15050", "2007-03-31": "26.73070", "2006-12-31": "25.54160", "2006-09-30": "27.69880", "2006-06-30": "28.44910", "2006-03-31": "27.93220", "2005-12-31": "26.83600", "2005-09-30": "27.63870", "2005-06-30": "28.35370", "2005-03-31": "27.55400"}, "Operating Margin": {"2020-09-30": "2.94300", "2020-06-30": "-26.74060", "2020-03-31": "9.92310", "2019-12-31": "1.23770", "2019-09-30": "12.57360", "2019-06-30": "12.23410", "2019-03-31": "11.13530", "2018-12-31": "27.36990", "2018-09-30": "11.13270", "2018-06-30": "17.21640", "2018-03-31": "12.64930", "2017-12-31": "11.46680", "2017-09-30": "13.49090", "2017-06-30": "14.16230", "2017-03-31": "15.51940", "2016-12-31": "11.51510", "2016-09-30": "15.68200", "2016-06-30": "15.71200", "2016-03-31": "14.56170", "2015-12-31": "2.74130", "2015-09-30": "16.69570", "2015-06-30": "16.43980", "2015-03-31": "16.38140", "2014-12-31": "22.27120", "2014-09-30": "17.87450", "2014-06-30": "13.69900", "2014-03-31": "14.22860", "2013-12-31": "15.55950", "2013-09-30": "15.30200", "2013-06-30": "15.66290", "2013-03-31": "13.93150", "2012-12-31": "10.64890", "2012-09-30": "13.56870", "2012-06-30": "15.78190", "2012-03-31": "13.79670", "2011-12-31": "12.92280", "2011-09-30": "15.11060", "2011-06-30": "14.85940", "2011-03-31": "13.31230", "2010-12-31": "12.21420", "2010-09-30": "14.15570", "2010-06-30": "13.63570", "2010-03-31": "12.64950", "2009-12-31": "12.63510", "2009-09-30": "13.24110", "2009-06-30": "12.40530", "2009-03-31": "10.20490", "2008-12-31": "11.93750", "2008-09-30": "13.58300", "2008-06-30": "13.16480", "2008-03-31": "11.99310", "2007-12-31": "11.44150", "2007-09-30": "13.61900", "2007-06-30": "13.41340", "2007-03-31": "12.24960", "2006-12-31": "11.16760", "2006-09-30": "13.54110", "2006-06-30": "14.19600", "2006-03-31": "12.07730", "2005-12-31": "10.84270", "2005-09-30": "12.69140", "2005-06-30": "13.35190", "2005-03-31": "11.56590"}, "EBIT Margin": {"2020-09-30": "2.94300", "2020-06-30": "-26.74060", "2020-03-31": "9.92310", "2019-12-31": "1.23770", "2019-09-30": "12.57360", "2019-06-30": "12.23410", "2019-03-31": "11.13530", "2018-12-31": "27.36990", "2018-09-30": "11.13270", "2018-06-30": "17.21640", "2018-03-31": "12.64930", "2017-12-31": "11.46680", "2017-09-30": "13.49090", "2017-06-30": "14.16230", "2017-03-31": "15.51940", "2016-12-31": "11.51510", "2016-09-30": "15.68200", "2016-06-30": "15.71200", "2016-03-31": "14.56170", "2015-12-31": "2.74130", "2015-09-30": "16.69570", "2015-06-30": "16.43980", "2015-03-31": "16.38140", "2014-12-31": "22.27120", "2014-09-30": "17.87450", "2014-06-30": "13.69900", "2014-03-31": "14.22860", "2013-12-31": "15.55950", "2013-09-30": "15.30200", "2013-06-30": "15.66290", "2013-03-31": "13.93150", "2012-12-31": "10.64890", "2012-09-30": "13.56870", "2012-06-30": "15.78190", "2012-03-31": "13.79670", "2011-12-31": "12.92280", "2011-09-30": "15.11060", "2011-06-30": "14.85940", "2011-03-31": "13.31230", "2010-12-31": "12.21420", "2010-09-30": "14.15570", "2010-06-30": "13.63570", "2010-03-31": "12.64950", "2009-12-31": "12.63510", "2009-09-30": "13.24110", "2009-06-30": "12.40530", "2009-03-31": "10.20490", "2008-12-31": "11.93750", "2008-09-30": "13.58300", "2008-06-30": "13.16480", "2008-03-31": "11.99310", "2007-12-31": "11.44150", "2007-09-30": "13.61900", "2007-06-30": "13.41340", "2007-03-31": "12.24960", "2006-12-31": "11.16760", "2006-09-30": "13.54110", "2006-06-30": "14.19600", "2006-03-31": "12.07730", "2005-12-31": "10.84270", "2005-09-30": "12.69140", "2005-06-30": "13.35190", "2005-03-31": "11.56590"}, "EBITDA Margin": {"2020-09-30": "", "2020-06-30": "", "2020-03-31": "", "2019-12-31": "", "2019-09-30": "", "2019-06-30": "", "2019-03-31": "", "2018-12-31": "", "2018-09-30": "", "2018-06-30": "", "2018-03-31": "", "2017-12-31": "", "2017-09-30": "", "2017-06-30": "", "2017-03-31": "", "2016-12-31": "", "2016-09-30": "", "2016-06-30": "", "2016-03-31": "", "2015-12-31": "", "2015-09-30": "", "2015-06-30": "", "2015-03-31": "", "2014-12-31": "", "2014-09-30": "", "2014-06-30": "", "2014-03-31": "", "2013-12-31": "", "2013-09-30": "", "2013-06-30": "", "2013-03-31": "", "2012-12-31": "", "2012-09-30": "", "2012-06-30": "", "2012-03-31": "", "2011-12-31": "", "2011-09-30": "", "2011-06-30": "", "2011-03-31": "", "2010-12-31": "", "2010-09-30": "", "2010-06-30": "", "2010-03-31": "", "2009-12-31": "", "2009-09-30": "", "2009-06-30": "", "2009-03-31": "", "2008-12-31": "", "2008-09-30": "", "2008-06-30": "", "2008-03-31": "", "2007-12-31": "", "2007-09-30": "", "2007-06-30": "", "2007-03-31": "", "2006-12-31": "", "2006-09-30": "", "2006-06-30": "", "2006-03-31": "", "2005-12-31": "", "2005-09-30": "", "2005-06-30": "", "2005-03-31": ""}, "Pre-Tax Profit Margin": {"2020-09-30": "2.28520", "2020-06-30": "-27.43760", "2020-03-31": "5.24440", "2019-12-31": "-5.16110", "2019-09-30": "11.58010", "2019-06-30": "10.89240", "2019-03-31": "9.92100", "2018-12-31": "28.99100", "2018-09-30": "10.70870", "2018-06-30": "16.96500", "2018-03-31": "12.40000", "2017-12-31": "10.87370", "2017-09-30": "12.88010", "2017-06-30": "13.50790", "2017-03-31": "14.86790", "2016-12-31": "8.68410", "2016-09-30": "14.11450", "2016-06-30": "14.19930", "2016-03-31": "12.89210", "2015-12-31": "1.30070", "2015-09-30": "15.36120", "2015-06-30": "14.96260", "2015-03-31": "14.75230", "2014-12-31": "19.93660", "2014-09-30": "16.60850", "2014-06-30": "12.50070", "2014-03-31": "12.70260", "2013-12-31": "13.54700", "2013-09-30": "13.84040", "2013-06-30": "14.30710", "2013-03-31": "12.29250", "2012-12-31": "9.06770", "2012-09-30": "12.13270", "2012-06-30": "14.56510", "2012-03-31": "12.75770", "2011-12-31": "12.44960", "2011-09-30": "14.13420", "2011-06-30": "13.88490", "2011-03-31": "12.14510", "2010-12-31": "10.89520", "2010-09-30": "12.97360", "2010-06-30": "12.55620", "2010-03-31": "11.22920", "2009-12-31": "11.93680", "2009-09-30": "11.97010", "2009-06-30": "11.06400", "2009-03-31": "8.77620", "2008-12-31": "11.54830", "2008-09-30": "12.40970", "2008-06-30": "12.06100", "2008-03-31": "10.81100", "2007-12-31": "10.33120", "2007-09-30": "12.32780", "2007-06-30": "12.24110", "2007-03-31": "11.02790", "2006-12-31": "9.97110", "2006-09-30": "12.25850", "2006-06-30": "12.93220", "2006-03-31": "10.73950", "2005-12-31": "9.57290", "2005-09-30": "11.45350", "2005-06-30": "12.27580", "2005-03-31": "10.50280"}, "Net Profit Margin": {"2020-09-30": "1.79020", "2020-06-30": "-27.27400", "2020-03-31": "-0.45580", "2019-12-31": "26.69310", "2019-09-30": "10.09410", "2019-06-30": "16.77110", "2019-03-31": "7.32920", "2018-12-31": "-4.98690", "2018-09-30": "7.49850", "2018-06-30": "12.25980", "2018-03-31": "8.50940", "2017-12-31": "2.53190", "2017-09-30": "8.83020", "2017-06-30": "9.41750", "2017-03-31": "10.03260", "2016-12-31": "6.91040", "2016-09-30": "10.31070", "2016-06-30": "9.27120", "2016-03-31": "8.85680", "2015-12-31": "22.92310", "2015-09-30": "9.87820", "2015-06-30": "10.49690", "2015-03-31": "10.70570", "2014-12-31": "12.97680", "2014-09-30": "12.68730", "2014-06-30": "9.77260", "2014-03-31": "8.22650", "2013-12-31": "13.63090", "2013-09-30": "9.26140", "2013-06-30": "9.74630", "2013-03-31": "8.79230", "2012-12-31": "12.50990", "2012-09-30": "9.40700", "2012-06-30": "9.61830", "2012-03-31": "2.65790", "2011-12-31": "9.22060", "2011-09-30": "9.30100", "2011-06-30": "9.10910", "2011-03-31": "7.98110", "2010-12-31": "9.35770", "2010-09-30": "8.79590", "2010-06-30": "8.04230", "2010-03-31": "7.19270", "2009-12-31": "7.88680", "2009-09-30": "7.91030", "2009-06-30": "7.39620", "2009-03-31": "5.89440", "2008-12-31": "8.10220", "2008-09-30": "8.41230", "2008-06-30": "7.99670", "2008-03-31": "7.16440", "2007-12-31": "6.76410", "2007-09-30": "8.63450", "2007-06-30": "8.25660", "2007-03-31": "6.67050", "2006-12-31": "6.76470", "2006-09-30": "8.18880", "2006-06-30": "8.99380", "2006-03-31": "7.23500", "2005-12-31": "5.55900", "2005-09-30": "7.52870", "2005-06-30": "8.70700", "2005-03-31": "6.92040"}, "Asset Turnover": {"2020-09-30": "0.09080", "2020-06-30": "0.08710", "2020-03-31": "0.13050", "2019-12-31": "0.03070", "2019-09-30": "0.08180", "2019-06-30": "0.08150", "2019-03-31": "0.13370", "2018-12-31": "-0.10250", "2018-09-30": "0.14360", "2018-06-30": "0.16450", "2018-03-31": "0.15430", "2017-12-31": "0.16180", "2017-09-30": "0.15630", "2017-06-30": "0.16120", "2017-03-31": "0.15290", "2016-12-31": "0.16340", "2016-09-30": "0.15940", "2016-06-30": "0.16620", "2016-03-31": "0.15080", "2015-12-31": "0.16350", "2015-09-30": "0.14970", "2015-06-30": "0.15830", "2015-03-31": "0.14580", "2014-12-31": "0.12450", "2014-09-30": "0.15920", "2014-06-30": "0.18660", "2014-03-31": "0.16160", "2013-12-31": "0.11850", "2013-09-30": "0.17120", "2013-06-30": "0.18040", "2013-03-31": "0.16270", "2012-12-31": "0.18390", "2012-09-30": "0.16360", "2012-06-30": "0.18490", "2012-03-31": "0.20120", "2011-12-31": "0.23380", "2011-09-30": "0.22980", "2011-06-30": "0.23280", "2011-03-31": "0.20900", "2010-12-31": "0.21910", "2010-09-30": "0.22460", "2010-06-30": "0.23660", "2010-03-31": "0.20620", "2009-12-31": "0.24400", "2009-09-30": "0.23230", "2009-06-30": "0.23340", "2009-03-31": "0.22350", "2008-12-31": "0.24860", "2008-09-30": "0.26550", "2008-06-30": "0.27260", "2008-03-31": "0.24460", "2007-12-31": "0.28710", "2007-09-30": "0.25910", "2007-06-30": "0.27500", "2007-03-31": "0.25270", "2006-12-31": "0.27130", "2006-09-30": "0.24520", "2006-06-30": "0.24940", "2006-03-31": "0.22570", "2005-12-31": "0.24520", "2005-09-30": "0.23670", "2005-06-30": "0.24900", "2005-03-31": "0.23210"}, "Inventory Turnover Ratio": {"2020-09-30": "1.32110", "2020-06-30": "1.19090", "2020-03-31": "1.16530", "2019-12-31": "0.42310", "2019-09-30": "0.75690", "2019-06-30": "0.78230", "2019-03-31": "1.30870", "2018-12-31": "-0.87010", "2018-09-30": "1.38240", "2018-06-30": "1.38350", "2018-03-31": "1.26200", "2017-12-31": "1.19370", "2017-09-30": "1.10150", "2017-06-30": "1.13230", "2017-03-31": "1.07990", "2016-12-31": "1.23320", "2016-09-30": "1.13890", "2016-06-30": "1.22800", "2016-03-31": "1.13480", "2015-12-31": "1.30950", "2015-09-30": "1.15940", "2015-06-30": "1.01720", "2015-03-31": "0.91970", "2014-12-31": "0.93060", "2014-09-30": "0.98300", "2014-06-30": "1.30670", "2014-03-31": "0.97250", "2013-12-31": "0.71940", "2013-09-30": "1.02370", "2013-06-30": "1.12900", "2013-03-31": "1.02990", "2012-12-31": "1.28820", "2012-09-30": "1.05120", "2012-06-30": "1.16840", "2012-03-31": "1.06740", "2011-12-31": "1.33370", "2011-09-30": "1.19970", "2011-06-30": "1.19020", "2011-03-31": "1.03820", "2010-12-31": "1.22840", "2010-09-30": "1.14670", "2010-06-30": "1.23900", "2010-03-31": "1.06850", "2009-12-31": "1.37400", "2009-09-30": "1.21640", "2009-06-30": "1.12440", "2009-03-31": "1.05880", "2008-12-31": "1.29830", "2008-09-30": "1.21350", "2008-06-30": "1.28120", "2008-03-31": "1.12820", "2007-12-31": "1.44250", "2007-09-30": "1.17750", "2007-06-30": "1.27030", "2007-03-31": "1.19820", "2006-12-31": "1.43020", "2006-09-30": "1.22190", "2006-06-30": "1.27990", "2006-03-31": "1.18200", "2005-12-31": "1.45590", "2005-09-30": "1.32310", "2005-06-30": "1.36020", "2005-03-31": "1.28630"}, "Receiveable Turnover": {"2020-09-30": "1.45790", "2020-06-30": "1.48070", "2020-03-31": "1.38970", "2019-12-31": "0.48980", "2019-09-30": "0.83580", "2019-06-30": "0.82720", "2019-03-31": "1.35300", "2018-12-31": "-0.96390", "2018-09-30": "1.31550", "2018-06-30": "1.39520", "2018-03-31": "1.30280", "2017-12-31": "1.24490", "2017-09-30": "1.14730", "2017-06-30": "1.21300", "2017-03-31": "1.16680", "2016-12-31": "1.27680", "2016-09-30": "1.24820", "2016-06-30": "1.28850", "2016-03-31": "1.22550", "2015-12-31": "1.34230", "2015-09-30": "1.29500", "2015-06-30": "1.27560", "2015-03-31": "1.15710", "2014-12-31": "1.08640", "2014-09-30": "1.31890", "2014-06-30": "1.45750", "2014-03-31": "1.27810", "2013-12-31": "0.93670", "2013-09-30": "1.38860", "2013-06-30": "1.43450", "2013-03-31": "1.33440", "2012-12-31": "1.48150", "2012-09-30": "1.41770", "2012-06-30": "1.44760", "2012-03-31": "1.40560", "2011-12-31": "1.50530", "2011-09-30": "1.49790", "2011-06-30": "1.47630", "2011-03-31": "1.36930", "2010-12-31": "1.43560", "2010-09-30": "1.56000", "2010-06-30": "1.55410", "2010-03-31": "1.37800", "2009-12-31": "1.60640", "2009-09-30": "1.58100", "2009-06-30": "1.54850", "2009-03-31": "1.39240", "2008-12-31": "1.49070", "2008-09-30": "1.61410", "2008-06-30": "1.57810", "2008-03-31": "1.46030", "2007-12-31": "1.77190", "2007-09-30": "1.54050", "2007-06-30": "1.64970", "2007-03-31": "1.53900", "2006-12-31": "1.66520", "2006-09-30": "1.58100", "2006-06-30": "1.57030", "2006-03-31": "1.48920", "2005-12-31": "1.55540", "2005-09-30": "1.48610", "2005-06-30": "1.51230", "2005-03-31": "1.43310"}, "Days Sales In Receivables": {"2020-09-30": "61.73120", "2020-06-30": "60.78090", "2020-03-31": "64.76440", "2019-12-31": "183.76230", "2019-09-30": "107.67870", "2019-06-30": "108.79600", "2019-03-31": "66.52110", "2018-12-31": "-93.36940", "2018-09-30": "68.41310", "2018-06-30": "64.50580", "2018-03-31": "69.07950", "2017-12-31": "72.29270", "2017-09-30": "78.44380", "2017-06-30": "74.19700", "2017-03-31": "77.13360", "2016-12-31": "70.48840", "2016-09-30": "72.10530", "2016-06-30": "69.85080", "2016-03-31": "73.43790", "2015-12-31": "67.04690", "2015-09-30": "69.49740", "2015-06-30": "70.55410", "2015-03-31": "77.78380", "2014-12-31": "82.84030", "2014-09-30": "68.24060", "2014-06-30": "61.75030", "2014-03-31": "70.41910", "2013-12-31": "96.07940", "2013-09-30": "64.81370", "2013-06-30": "62.74020", "2013-03-31": "67.44840", "2012-12-31": "60.74990", "2012-09-30": "63.48230", "2012-06-30": "62.17280", "2012-03-31": "64.02790", "2011-12-31": "59.78710", "2011-09-30": "60.08220", "2011-06-30": "60.96410", "2011-03-31": "65.72560", "2010-12-31": "62.69020", "2010-09-30": "57.69380", "2010-06-30": "57.91120", "2010-03-31": "65.30980", "2009-12-31": "56.02430", "2009-09-30": "56.92710", "2009-06-30": "58.12220", "2009-03-31": "64.63630", "2008-12-31": "60.37360", "2008-09-30": "55.76000", "2008-06-30": "57.02900", "2008-03-31": "61.62920", "2007-12-31": "50.79190", "2007-09-30": "58.42240", "2007-06-30": "54.55410", "2007-03-31": "58.48020", "2006-12-31": "54.04790", "2006-09-30": "56.92430", "2006-06-30": "57.31410", "2006-03-31": "60.43520", "2005-12-31": "57.86340", "2005-09-30": "60.56120", "2005-06-30": "59.51040", "2005-03-31": "62.80010"}, "ROE - Return On Equity": {"2020-09-30": "0.26400", "2020-06-30": "-5.54490", "2020-03-31": "0.03340", "2019-12-31": "0.15150", "2019-09-30": "2.36110", "2019-06-30": "2.85730", "2019-03-31": "3.39720", "2018-12-31": "-8.49540", "2018-09-30": "3.93870", "2018-06-30": "6.41460", "2018-03-31": "4.21030", "2017-12-31": "1.54670", "2017-09-30": "4.52490", "2017-06-30": "5.08040", "2017-03-31": "5.01500", "2016-12-31": "4.78250", "2016-09-30": "4.69050", "2016-06-30": "4.65280", "2016-03-31": "3.91930", "2015-12-31": "-0.88750", "2015-09-30": "4.45230", "2015-06-30": "4.57450", "2015-03-31": "4.52150", "2014-12-31": "3.73110", "2014-09-30": "4.95920", "2014-06-30": "5.08620", "2014-03-31": "3.87590", "2013-12-31": "3.09460", "2013-09-30": "4.72940", "2013-06-30": "5.47080", "2013-03-31": "4.60760", "2012-12-31": "3.49110", "2012-09-30": "4.77940", "2012-06-30": "6.17910", "2012-03-31": "5.04900", "2011-12-31": "4.36460", "2011-09-30": "5.86740", "2011-06-30": "5.88480", "2011-03-31": "4.55760", "2010-12-31": "4.76890", "2010-09-30": "5.83740", "2010-06-30": "5.79490", "2010-03-31": "4.52590", "2009-12-31": "5.56690", "2009-09-30": "5.82820", "2009-06-30": "5.79160", "2009-03-31": "4.75990", "2008-12-31": "7.36770", "2008-09-30": "6.49810", "2008-06-30": "6.27510", "2008-03-31": "4.99860", "2007-12-31": "6.48090", "2007-09-30": "5.90290", "2007-06-30": "5.98070", "2007-03-31": "4.52340", "2006-12-31": "5.00090", "2006-09-30": "5.26040", "2006-06-30": "5.97900", "2006-03-31": "4.42470", "2005-12-31": "4.24340", "2005-09-30": "5.21470", "2005-06-30": "6.35720", "2005-03-31": "4.42860"}, "Return On Tangible Equity": {"2020-09-30": "-0.73980", "2020-06-30": "14.48070", "2020-03-31": "-0.04490", "2019-12-31": "-0.39760", "2019-09-30": "-3.27100", "2019-06-30": "-3.91780", "2019-03-31": "-4.35430", "2018-12-31": "10.16920", "2018-09-30": "-14.77550", "2018-06-30": "-21.19500", "2018-03-31": "-11.55210", "2017-12-31": "-3.92820", "2017-09-30": "-11.77340", "2017-06-30": "-11.50760", "2017-03-31": "-10.65240", "2016-12-31": "-10.27700", "2016-09-30": "-11.58290", "2016-06-30": "-11.20280", "2016-03-31": "-8.86270", "2015-12-31": "1.82080", "2015-09-30": "-13.12180", "2015-06-30": "-12.48610", "2015-03-31": "-10.52390", "2014-12-31": "-11.66920", "2014-09-30": "-20.73490", "2014-06-30": "-20.11240", "2014-03-31": "-12.99630", "2013-12-31": "-9.81850", "2013-09-30": "-10.34660", "2013-06-30": "-10.50990", "2013-03-31": "-8.42290", "2012-12-31": "-5.93560", "2012-09-30": "-7.47380", "2012-06-30": "53.97640", "2012-03-31": "32.92720", "2011-12-31": "103.85820", "2011-09-30": "84.28750", "2011-06-30": "108.37860", "2011-03-31": "139.41800", "2010-12-31": "193.28490", "2010-09-30": "170.69640", "2010-06-30": "1188.23500", "2010-03-31": "-493.22920", "2009-12-31": "100.51590", "2009-09-30": "-1100.96200", "2009-06-30": "-132.58710", "2009-03-31": "-45.32050", "2008-12-31": "-57.83530", "2008-09-30": "89.83610", "2008-06-30": "95.08990", "2008-03-31": "82.42930", "2007-12-31": "93.64010", "2007-09-30": "171.49000", "2007-06-30": "88.23980", "2007-03-31": "141.69550", "2006-12-31": "-1330.76900", "2006-09-30": "50.73870", "2006-06-30": "59.88060", "2006-03-31": "71.57500", "2005-12-31": "77.94600", "2005-09-30": "-733.03570", "2005-06-30": "8827.27200", "2005-03-31": "24.03100"}, "ROA - Return On Assets": {"2020-09-30": "0.11390", "2020-06-30": "-2.36510", "2020-03-31": "0.01000", "2019-12-31": "0.04800", "2019-09-30": "0.72730", "2019-06-30": "0.88350", "2019-03-31": "1.03730", "2018-12-31": "-2.57060", "2018-09-30": "1.17370", "2018-06-30": "2.10600", "2018-03-31": "1.38490", "2017-12-31": "0.50140", "2017-09-30": "1.48830", "2017-06-30": "1.61620", "2017-03-31": "1.62440", "2016-12-31": "1.55510", "2016-09-30": "1.60220", "2016-06-30": "1.59370", "2016-03-31": "1.32320", "2015-12-31": "-0.29260", "2015-09-30": "1.54880", "2015-06-30": "1.57480", "2015-03-31": "1.49350", "2014-12-31": "1.33210", "2014-09-30": "1.91230", "2014-06-30": "1.94270", "2014-03-31": "1.43160", "2013-12-31": "1.13470", "2013-09-30": "1.56650", "2013-06-30": "1.74890", "2013-03-31": "1.43480", "2012-12-31": "1.05690", "2012-09-30": "1.35620", "2012-06-30": "1.96380", "2012-03-31": "1.92630", "2011-12-31": "1.62080", "2011-09-30": "2.23410", "2011-06-30": "2.24790", "2011-03-31": "1.73740", "2010-12-31": "1.82070", "2010-09-30": "2.14180", "2010-06-30": "2.07740", "2010-03-31": "1.62190", "2009-12-31": "2.09640", "2009-09-30": "1.98860", "2009-06-30": "1.88520", "2009-03-31": "1.45810", "2008-12-31": "2.16230", "2008-09-30": "2.41150", "2008-06-30": "2.35100", "2008-03-31": "1.89120", "2007-12-31": "2.53600", "2007-09-30": "2.23750", "2007-06-30": "2.27070", "2007-03-31": "1.68580", "2006-12-31": "1.83490", "2006-09-30": "2.00820", "2006-06-30": "2.24340", "2006-03-31": "1.63300", "2005-12-31": "1.57000", "2005-09-30": "1.78210", "2005-06-30": "2.16780", "2005-03-31": "1.60600"}, "ROI - Return On Investment": {"2020-09-30": "0.18260", "2020-06-30": "-3.81610", "2020-03-31": "0.01640", "2019-12-31": "0.08180", "2019-09-30": "1.25430", "2019-06-30": "1.51820", "2019-03-31": "1.71790", "2018-12-31": "-4.21750", "2018-09-30": "1.86000", "2018-06-30": "3.53020", "2018-03-31": "2.37310", "2017-12-31": "0.86150", "2017-09-30": "2.57200", "2017-06-30": "2.83500", "2017-03-31": "2.92610", "2016-12-31": "2.74250", "2016-09-30": "2.83200", "2016-06-30": "2.80830", "2016-03-31": "2.27170", "2015-12-31": "-0.53150", "2015-09-30": "2.77200", "2015-06-30": "2.84090", "2015-03-31": "2.84310", "2014-12-31": "2.41320", "2014-09-30": "3.29600", "2014-06-30": "3.37540", "2014-03-31": "2.44410", "2013-12-31": "1.94110", "2013-09-30": "2.84690", "2013-06-30": "3.18400", "2013-03-31": "2.58470", "2012-12-31": "1.94180", "2012-09-30": "2.51920", "2012-06-30": "3.31860", "2012-03-31": "3.59870", "2011-12-31": "3.08160", "2011-09-30": "4.18270", "2011-06-30": "4.20390", "2011-03-31": "3.18310", "2010-12-31": "3.29290", "2010-09-30": "4.01870", "2010-06-30": "3.91550", "2010-03-31": "3.06200", "2009-12-31": "3.99580", "2009-09-30": "4.03520", "2009-06-30": "3.92970", "2009-03-31": "3.06120", "2008-12-31": "4.72370", "2008-09-30": "4.69240", "2008-06-30": "4.58060", "2008-03-31": "3.64530", "2007-12-31": "4.71230", "2007-09-30": "4.37870", "2007-06-30": "4.37500", "2007-03-31": "3.25760", "2006-12-31": "3.55470", "2006-09-30": "3.83060", "2006-06-30": "4.32400", "2006-03-31": "3.29460", "2005-12-31": "3.14490", "2005-09-30": "3.71330", "2005-06-30": "4.43600", "2005-03-31": "3.44030"}, "Book Value Per Share": {"2020-09-30": "46.14430", "2020-06-30": "45.09660", "2020-03-31": "48.41480", "2019-12-31": "51.17160", "2019-09-30": "49.60100", "2019-06-30": "49.80930", "2019-03-31": "48.64480", "2018-12-31": "47.13970", "2018-09-30": "42.75990", "2018-06-30": "41.67770", "2018-03-31": "40.61200", "2017-12-31": "39.31900", "2017-09-30": "39.68470", "2017-06-30": "37.75170", "2017-03-31": "36.53390", "2016-12-31": "36.06900", "2016-09-30": "37.36190", "2016-06-30": "36.61970", "2016-03-31": "35.73210", "2015-12-31": "34.40590", "2015-09-30": "36.13330", "2015-06-30": "35.86130", "2015-03-31": "33.88780", "2014-12-31": "35.80920", "2014-09-30": "38.81830", "2014-06-30": "38.47030", "2014-03-31": "36.75560", "2013-12-31": "36.23810", "2013-09-30": "32.60640", "2013-06-30": "30.91960", "2013-03-31": "29.98260", "2012-12-31": "29.45970", "2012-09-30": "28.46670", "2012-06-30": "26.02030", "2012-03-31": "25.83950", "2011-12-31": "25.15370", "2011-09-30": "26.03280", "2011-06-30": "26.12380", "2011-03-31": "25.26710", "2010-12-31": "24.24050", "2010-09-30": "24.09880", "2010-06-30": "22.51180", "2010-03-31": "22.42470", "2009-12-31": "22.41710", "2009-09-30": "20.95490", "2009-06-30": "19.55440", "2009-03-31": "17.81890", "2008-12-31": "17.67170", "2008-09-30": "22.17830", "2008-06-30": "22.72190", "2008-03-31": "22.18040", "2007-12-31": "21.71220", "2007-09-30": "20.51370", "2007-06-30": "19.35400", "2007-03-31": "18.20740", "2006-12-31": "17.37170", "2006-09-30": "18.86510", "2006-06-30": "18.23950", "2006-03-31": "17.17040", "2005-12-31": "16.75880", "2005-09-30": "15.45570", "2005-06-30": "14.90500", "2005-03-31": "14.36040"}, "Operating Cash Flow Per Share": {"2020-09-30": 1.0636, "2020-06-30": 0.1239, "2020-03-31": "0.77000", "2019-12-31": 1.5349, "2019-09-30": 1.9971, "2019-06-30": 1.4632, "2019-03-31": "1.74280", "2018-12-31": -2.0882, "2018-09-30": 2.1888, "2018-06-30": 2.6293, "2018-03-31": "0.56600", "2017-12-31": 3.1451, "2017-09-30": -0.031, "2017-06-30": 2.6949, "2017-03-31": "1.23770", "2016-12-31": 2.2673, "2016-09-30": 2.3683, "2016-06-30": 2.1663, "2016-03-31": "0.95990", "2015-12-31": 3.0788, "2015-09-30": 1.1717, "2015-06-30": 1.5774, "2015-03-31": "1.82040", "2014-12-31": 2.1383, "2014-09-30": 2.1536, "2014-06-30": 1.9081, "2014-03-31": "1.45580", "2013-12-31": 2.6502, "2013-09-30": 1.6798, "2013-06-30": 2.1207, "2013-03-31": "1.54190", "2012-12-31": 2.1587, "2012-09-30": 1.7824, "2012-06-30": 1.8807, "2012-03-31": "1.46370", "2011-12-31": 2.0791, "2011-09-30": 2.1399, "2011-06-30": 1.4622, "2011-03-31": "1.44280", "2010-12-31": 1.5989, "2010-09-30": 1.8404, "2010-06-30": 1.5181, "2010-03-31": "1.24180", "2009-12-31": 1.589, "2009-09-30": 1.9946, "2009-06-30": 1.656, "2009-03-31": "0.52380", "2008-12-31": 2.0875, "2008-09-30": 1.9672, "2008-06-30": 1.4764, "2008-03-31": "0.91080", "2007-12-31": 2.0678, "2007-09-30": 1.4003, "2007-06-30": 1.465, "2007-03-31": "0.45620", "2006-12-31": 1.6466, "2006-09-30": 1.3581, "2006-06-30": 0.8048, "2006-03-31": "0.96630", "2005-12-31": 1.1323, "2005-09-30": 1.1439, "2005-06-30": 1.1653, "2005-03-31": "0.83270"}, "Free Cash Flow Per Share": {"2020-09-30": 0.8112, "2020-06-30": 0.0822, "2020-03-31": "0.29010", "2019-12-31": 0.6712, "2019-09-30": 1.4836, "2019-06-30": 1.1, "2019-03-31": "1.32100", "2018-12-31": -2.4998, "2018-09-30": 1.6761, "2018-06-30": 2.1638, "2018-03-31": "0.14490", "2017-12-31": 2.1477, "2017-09-30": -0.5881, "2017-06-30": 2.1341, "2017-03-31": "0.83260", "2016-12-31": 1.4654, "2016-09-30": 1.8921, "2016-06-30": 1.7317, "2016-03-31": "0.61590", "2015-12-31": 2.3881, "2015-09-30": 0.7273, "2015-06-30": 1.1993, "2015-03-31": "1.46320", "2014-12-31": 1.5576, "2014-09-30": 1.7936, "2014-06-30": 1.4633, "2014-03-31": "1.09270", "2013-12-31": 2.0792, "2013-09-30": 1.2626, "2013-06-30": 1.7171, "2013-03-31": "1.21910", "2012-12-31": 1.4512, "2012-09-30": 1.4342, "2012-06-30": 1.6112, "2012-03-31": "1.25680", "2011-12-31": 1.6866, "2011-09-30": 1.9156, "2011-06-30": 1.2414, "2011-03-31": "1.25590", "2010-12-31": 1.2116, "2010-09-30": 1.6459, "2010-06-30": 1.3499, "2010-03-31": "1.08360", "2009-12-31": 1.2389, "2009-09-30": 1.8213, "2009-06-30": 1.4704, "2009-03-31": "0.34340", "2008-12-31": 1.6678, "2008-09-30": 1.6765, "2008-06-30": 1.1584, "2008-03-31": "0.66770", "2007-12-31": 1.6067, "2007-09-30": 1.1592, "2007-06-30": 1.2109, "2007-03-31": "0.24670", "2006-12-31": 1.2974, "2006-09-30": 1.174, "2006-06-30": 0.5887, "2006-03-31": "0.76710", "2005-12-31": 0.7915, "2005-09-30": 0.8975, "2005-06-30": 0.9859, "2005-03-31": "0.68310"}}, "revenue": {"Raytheon Technologies Annual Revenue (Millions of US $)": {"2020": "$56,587", "2019": "$77,046", "2018": "$66,501", "2017": "$59,837", "2016": "$57,244", "2015": "$56,098", "2014": "$57,900", "2013": "$56,600", "2012": "$57,708", "2011": "$55,754", "2010": "$52,275", "2009": "$52,425", "2008": "$59,119", "2007": "$55,716", "2006": "$47,829", "2005": "$42,725"}, "Raytheon Technologies Quarterly Revenue (Millions of US $)": {"2020-12-31": "$16,419", "2020-09-30": "$14,747", "2020-06-30": "$14,061", "2020-03-31": "$18,210", "2019-12-31": "$35,979", "2019-09-30": "$11,373", "2019-06-30": "$11,329", "2019-03-31": "$18,365", "2018-12-31": "$18,044", "2018-09-30": "$16,510", "2018-06-30": "$16,705", "2018-03-31": "$15,242", "2017-12-31": "$15,680", "2017-09-30": "$15,062", "2017-06-30": "$15,280", "2017-03-31": "$13,815", "2016-12-31": "$14,659", "2016-09-30": "$14,354", "2016-06-30": "$14,874", "2016-03-31": "$13,357", "2015-12-31": "$14,300", "2015-09-30": "$13,788", "2015-06-30": "$14,690", "2015-03-31": "$13,320", "2014-12-31": "$11,351", "2014-09-30": "$14,613", "2014-06-30": "$17,191", "2014-03-31": "$14,745", "2013-12-31": "$10,733", "2013-09-30": "$15,462", "2013-06-30": "$16,006", "2013-03-31": "$14,399", "2012-12-31": "$16,443", "2012-09-30": "$15,042", "2012-06-30": "$13,807", "2012-03-31": "$12,416", "2011-12-31": "$14,370", "2011-09-30": "$14,235", "2011-06-30": "$14,469", "2011-03-31": "$12,680", "2010-12-31": "$12,813", "2010-09-30": "$13,620", "2010-06-30": "$13,802", "2010-03-31": "$12,040", "2009-12-31": "$13,605", "2009-09-30": "$13,375", "2009-06-30": "$13,196", "2009-03-31": "$12,249", "2008-12-31": "$14,132", "2008-09-30": "$15,085", "2008-06-30": "$15,944", "2008-03-31": "$13,958", "2007-12-31": "$15,671", "2007-09-30": "$13,863", "2007-06-30": "$13,904", "2007-03-31": "$12,278", "2006-12-31": "$12,787", "2006-09-30": "$12,163", "2006-06-30": "$12,264", "2006-03-31": "$10,615", "2005-12-31": "$11,261", "2005-09-30": "$10,905", "2005-06-30": "$11,152", "2005-03-31": "$9,407"}}, "gross-profit": {"Raytheon Technologies Annual Gross Profit (Millions of US $)": {"2020": "$8,531", "2019": "$19,981", "2018": "$16,516", "2017": "$15,636", "2016": "$15,773", "2015": "$15,667", "2014": "$17,002", "2013": "$16,132", "2012": "$15,555", "2011": "$15,385", "2010": "$14,321", "2009": "$13,564", "2008": "$15,482", "2007": "$14,837", "2006": "$13,089", "2005": "$11,790"}, "Raytheon Technologies Quarterly Gross Profit (Millions of US $)": {"2020-12-31": "$2,153", "2020-09-30": "$1,743", "2020-06-30": "$1,847", "2020-03-31": "$4,802", "2019-12-31": "$9,684", "2019-09-30": "$2,864", "2019-06-30": "$2,775", "2019-03-31": "$4,658", "2018-12-31": "$4,297", "2018-09-30": "$3,974", "2018-06-30": "$4,283", "2018-03-31": "$3,962", "2017-12-31": "$3,885", "2017-09-30": "$3,956", "2017-06-30": "$4,116", "2017-03-31": "$3,679", "2016-12-31": "$3,925", "2016-09-30": "$4,012", "2016-06-30": "$4,133", "2016-03-31": "$3,703", "2015-12-31": "$3,647", "2015-09-30": "$3,988", "2015-06-30": "$4,218", "2015-03-31": "$3,814", "2014-12-31": "$4,239", "2014-09-30": "$4,448", "2014-06-30": "$4,260", "2014-03-31": "$4,055", "2013-12-31": "$3,302", "2013-09-30": "$4,442", "2013-06-30": "$4,454", "2013-03-31": "$3,934", "2012-12-31": "$4,157", "2012-09-30": "$4,039", "2012-06-30": "$3,873", "2012-03-31": "$3,486", "2011-12-31": "$3,971", "2011-09-30": "$3,897", "2011-06-30": "$4,001", "2011-03-31": "$3,516", "2010-12-31": "$3,273", "2010-09-30": "$3,953", "2010-06-30": "$3,787", "2010-03-31": "$3,308", "2009-12-31": "$3,288", "2009-09-30": "$3,539", "2009-06-30": "$3,595", "2009-03-31": "$3,142", "2008-12-31": "$3,304", "2008-09-30": "$4,150", "2008-06-30": "$4,308", "2008-03-31": "$3,720", "2007-12-31": "$3,985", "2007-09-30": "$3,795", "2007-06-30": "$3,775", "2007-03-31": "$3,282", "2006-12-31": "$3,266", "2006-09-30": "$3,369", "2006-06-30": "$3,489", "2006-03-31": "$2,965", "2005-12-31": "$3,022", "2005-09-30": "$3,014", "2005-06-30": "$3,162", "2005-03-31": "$2,592"}}, "operating-income": {"Raytheon Technologies Annual Operating Income (Millions of US $)": {"2020": "$-1,889", "2019": "$8,966", "2018": "$8,553", "2017": "$8,138", "2016": "$8,221", "2015": "$7,291", "2014": "$9,593", "2013": "$8,549", "2012": "$7,684", "2011": "$7,846", "2010": "$6,898", "2009": "$6,377", "2008": "$7,509", "2007": "$7,050", "2006": "$6,098", "2005": "$5,182"}, "Raytheon Technologies Quarterly Operating Income (Millions of US $)": {"2020-12-31": "$142", "2020-09-30": "$434", "2020-06-30": "$-3,760", "2020-03-31": "$1,807", "2019-12-31": "$4,105", "2019-09-30": "$1,430", "2019-06-30": "$1,386", "2019-03-31": "$2,045", "2018-12-31": "$1,911", "2018-09-30": "$1,838", "2018-06-30": "$2,876", "2018-03-31": "$1,928", "2017-12-31": "$1,798", "2017-09-30": "$2,032", "2017-06-30": "$2,164", "2017-03-31": "$2,144", "2016-12-31": "$1,688", "2016-09-30": "$2,251", "2016-06-30": "$2,337", "2016-03-31": "$1,945", "2015-12-31": "$392", "2015-09-30": "$2,302", "2015-06-30": "$2,415", "2015-03-31": "$2,182", "2014-12-31": "$2,528", "2014-09-30": "$2,612", "2014-06-30": "$2,355", "2014-03-31": "$2,098", "2013-12-31": "$1,670", "2013-09-30": "$2,366", "2013-06-30": "$2,507", "2013-03-31": "$2,006", "2012-12-31": "$1,751", "2012-09-30": "$2,041", "2012-06-30": "$2,179", "2012-03-31": "$1,713", "2011-12-31": "$1,857", "2011-09-30": "$2,151", "2011-06-30": "$2,150", "2011-03-31": "$1,688", "2010-12-31": "$1,565", "2010-09-30": "$1,928", "2010-06-30": "$1,882", "2010-03-31": "$1,523", "2009-12-31": "$1,719", "2009-09-30": "$1,771", "2009-06-30": "$1,637", "2009-03-31": "$1,250", "2008-12-31": "$1,687", "2008-09-30": "$2,049", "2008-06-30": "$2,099", "2008-03-31": "$1,674", "2007-12-31": "$1,793", "2007-09-30": "$1,888", "2007-06-30": "$1,865", "2007-03-31": "$1,504", "2006-12-31": "$1,428", "2006-09-30": "$1,647", "2006-06-30": "$1,741", "2006-03-31": "$1,282", "2005-12-31": "$1,221", "2005-09-30": "$1,384", "2005-06-30": "$1,489", "2005-03-31": "$1,088"}}, "ebitda": {"Raytheon Technologies Annual EBITDA (Millions of US $)": {"2019": "$12,749", "2018": "$10,986", "2017": "$10,278", "2016": "$10,183", "2015": "$9,154", "2014": "$11,413", "2013": "$10,284", "2012": "$9,208", "2011": "$9,109", "2010": "$8,198", "2009": "$7,635", "2008": "$8,830", "2007": "$8,223", "2006": "$7,131", "2005": "$6,166"}, "Raytheon Technologies Quarterly EBITDA (Millions of US $)": {"2020-09-30": "$1,598", "2020-06-30": "$282", "2020-03-31": "$2,787", "2019-12-31": "$5,866", "2019-09-30": "$2,122", "2019-06-30": "$1,774", "2019-03-31": "$2,987", "2018-12-31": "$2,578", "2018-09-30": "$2,431", "2018-06-30": "$3,468", "2018-03-31": "$2,509", "2017-12-31": "$2,356", "2017-09-30": "$2,575", "2017-06-30": "$2,691", "2017-03-31": "$2,656", "2016-12-31": "$2,194", "2016-09-30": "$2,747", "2016-06-30": "$2,831", "2016-03-31": "$2,411", "2015-12-31": "$854", "2015-09-30": "$2,788", "2015-06-30": "$2,872", "2015-03-31": "$2,640", "2014-12-31": "$2,996", "2014-09-30": "$3,029", "2014-06-30": "$2,823", "2014-03-31": "$2,565", "2013-12-31": "$2,070", "2013-09-30": "$2,818", "2013-06-30": "$2,946", "2013-03-31": "$2,450", "2012-12-31": "$2,228", "2012-09-30": "$2,463", "2012-06-30": "$2,486", "2012-03-31": "$2,031", "2011-12-31": "$2,158", "2011-09-30": "$2,475", "2011-06-30": "$2,472", "2011-03-31": "$2,004", "2010-12-31": "$1,857", "2010-09-30": "$2,270", "2010-06-30": "$2,221", "2010-03-31": "$1,850", "2009-12-31": "$2,052", "2009-09-30": "$2,087", "2009-06-30": "$1,940", "2009-03-31": "$1,556", "2008-12-31": "$2,037", "2008-09-30": "$2,375", "2008-06-30": "$2,425", "2008-03-31": "$1,993", "2007-12-31": "$2,103", "2007-09-30": "$2,196", "2007-06-30": "$2,142", "2007-03-31": "$1,782", "2006-12-31": "$1,689", "2006-09-30": "$1,899", "2006-06-30": "$1,997", "2006-03-31": "$1,546", "2005-12-31": "$1,477", "2005-09-30": "$1,649", "2005-06-30": "$1,726", "2005-03-31": "$1,314"}}, "net-income": {"Raytheon Technologies Annual Net Income (Millions of US $)": {"2020": "$-3,519", "2019": "$5,537", "2018": "$5,269", "2017": "$4,552", "2016": "$5,055", "2015": "$7,608", "2014": "$6,220", "2013": "$5,721", "2012": "$5,130", "2011": "$4,979", "2010": "$4,373", "2009": "$3,829", "2008": "$4,689", "2007": "$4,224", "2006": "$3,732", "2005": "$3,069"}, "Raytheon Technologies Quarterly Net Income (Millions of US $)": {"2020-12-31": "$135", "2020-09-30": "$264", "2020-06-30": "$-3,835", "2020-03-31": "$-83", "2019-12-31": "$1,143", "2019-09-30": "$1,148", "2019-06-30": "$1,900", "2019-03-31": "$1,346", "2018-12-31": "$686", "2018-09-30": "$1,238", "2018-06-30": "$2,048", "2018-03-31": "$1,297", "2017-12-31": "$397", "2017-09-30": "$1,330", "2017-06-30": "$1,439", "2017-03-31": "$1,386", "2016-12-31": "$1,013", "2016-09-30": "$1,480", "2016-06-30": "$1,379", "2016-03-31": "$1,183", "2015-12-31": "$3,278", "2015-09-30": "$1,362", "2015-06-30": "$1,542", "2015-03-31": "$1,426", "2014-12-31": "$1,473", "2014-09-30": "$1,854", "2014-06-30": "$1,680", "2014-03-31": "$1,213", "2013-12-31": "$1,463", "2013-09-30": "$1,432", "2013-06-30": "$1,560", "2013-03-31": "$1,266", "2012-12-31": "$2,057", "2012-09-30": "$1,415", "2012-06-30": "$1,328", "2012-03-31": "$330", "2011-12-31": "$1,325", "2011-09-30": "$1,324", "2011-06-30": "$1,318", "2011-03-31": "$1,012", "2010-12-31": "$1,199", "2010-09-30": "$1,198", "2010-06-30": "$1,110", "2010-03-31": "$866", "2009-12-31": "$1,073", "2009-09-30": "$1,058", "2009-06-30": "$976", "2009-03-31": "$722", "2008-12-31": "$1,145", "2008-09-30": "$1,269", "2008-06-30": "$1,275", "2008-03-31": "$1,000", "2007-12-31": "$1,060", "2007-09-30": "$1,197", "2007-06-30": "$1,148", "2007-03-31": "$819", "2006-12-31": "$865", "2006-09-30": "$996", "2006-06-30": "$1,103", "2006-03-31": "$768", "2005-12-31": "$626", "2005-09-30": "$821", "2005-06-30": "$971", "2005-03-31": "$651"}}, "eps-earnings-per-share-diluted": {"Raytheon Technologies Annual EPS": {"2020": "$-2.59", "2019": "$6.41", "2018": "$6.50", "2017": "$5.70", "2016": "$6.12", "2015": "$8.61", "2014": "$6.82", "2013": "$6.25", "2012": "$5.66", "2011": "$5.49", "2010": "$4.74", "2009": "$4.12", "2008": "$4.90", "2007": "$4.27", "2006": "$3.71", "2005": "$3.03"}, "Raytheon Technologies Quarterly EPS": {"2020-12-31": "$0.09", "2020-09-30": "$0.17", "2020-06-30": "$-2.55", "2020-03-31": "$-0.10", "2019-12-31": "$1.32", "2019-09-30": "$1.33", "2019-06-30": "$2.20", "2019-03-31": "$1.56", "2018-12-31": "$0.78", "2018-09-30": "$1.54", "2018-06-30": "$2.56", "2018-03-31": "$1.62", "2017-12-31": "$0.50", "2017-09-30": "$1.67", "2017-06-30": "$1.80", "2017-03-31": "$1.73", "2016-12-31": "$1.27", "2016-09-30": "$1.78", "2016-06-30": "$1.65", "2016-03-31": "$1.42", "2015-12-31": "$3.76", "2015-09-30": "$1.54", "2015-06-30": "$1.73", "2015-03-31": "$1.58", "2014-12-31": "$1.62", "2014-09-30": "$2.04", "2014-06-30": "$1.84", "2014-03-31": "$1.32", "2013-12-31": "$1.58", "2013-09-30": "$1.57", "2013-06-30": "$1.71", "2013-03-31": "$1.39", "2012-12-31": "$2.27", "2012-09-30": "$1.56", "2012-06-30": "$1.47", "2012-03-31": "$0.36", "2011-12-31": "$1.46", "2011-09-30": "$1.47", "2011-06-30": "$1.45", "2011-03-31": "$1.11", "2010-12-31": "$1.31", "2010-09-30": "$1.30", "2010-06-30": "$1.20", "2010-03-31": "$0.93", "2009-12-31": "$1.15", "2009-09-30": "$1.14", "2009-06-30": "$1.05", "2009-03-31": "$0.78", "2008-12-31": "$1.22", "2008-09-30": "$1.33", "2008-06-30": "$1.32", "2008-03-31": "$1.03", "2007-12-31": "$1.08", "2007-09-30": "$1.21", "2007-06-30": "$1.16", "2007-03-31": "$0.82", "2006-12-31": "$0.87", "2006-09-30": "$0.99", "2006-06-30": "$1.09", "2006-03-31": "$0.76", "2005-12-31": "$0.63", "2005-09-30": "$0.81", "2005-06-30": "$0.95", "2005-03-31": "$0.64"}}, "shares-outstanding": {"Raytheon Technologies Annual Shares Outstanding (Millions of Shares)": {"2020": "1,358", "2019": "864", "2018": "810", "2017": "799", "2016": "826", "2015": "883", "2014": "912", "2013": "915", "2012": "907", "2011": "907", "2010": "923", "2009": "929", "2008": "956", "2007": "989", "2006": "1,006", "2005": "1,014"}, "Raytheon Technologies Quarterly Shares Outstanding (Millions of Shares)": {"2020-12-31": "1,515", "2020-09-30": "1,514", "2020-06-30": "1,501", "2020-03-31": "858", "2019-12-31": "864", "2019-09-30": "864", "2019-06-30": "864", "2019-03-31": "861", "2018-12-31": "810", "2018-09-30": "802", "2018-06-30": "800", "2018-03-31": "800", "2017-12-31": "799", "2017-09-30": "797", "2017-06-30": "798", "2017-03-31": "802", "2016-12-31": "826", "2016-09-30": "831", "2016-06-30": "834", "2016-03-31": "831", "2015-12-31": "883", "2015-09-30": "885", "2015-06-30": "889", "2015-03-31": "904", "2014-12-31": "912", "2014-09-30": "910", "2014-06-30": "915", "2014-03-31": "917", "2013-12-31": "915", "2013-09-30": "916", "2013-06-30": "914", "2013-03-31": "914", "2012-12-31": "907", "2012-09-30": "907", "2012-06-30": "905", "2012-03-31": "904", "2011-12-31": "907", "2011-09-30": "902", "2011-06-30": "910", "2011-03-31": "915", "2010-12-31": "923", "2010-09-30": "920", "2010-06-30": "925", "2010-03-31": "929", "2009-12-31": "929", "2009-09-30": "929", "2009-06-30": "929", "2009-03-31": "926", "2008-12-31": "956", "2008-09-30": "951", "2008-06-30": "966", "2008-03-31": "975", "2007-12-31": "989", "2007-09-30": "989", "2007-06-30": "990", "2007-03-31": "993", "2006-12-31": "1,006", "2006-09-30": "1,006", "2006-06-30": "1,009", "2006-03-31": "1,009", "2005-12-31": "1,014", "2005-09-30": "1,015", "2005-06-30": "1,018", "2005-03-31": "1,016"}}, "total-assets": {"Raytheon Technologies Annual Total Assets (Millions of US $)": {"2019": "$139,716", "2018": "$134,211", "2017": "$96,920", "2016": "$89,706", "2015": "$87,484", "2014": "$91,206", "2013": "$90,594", "2012": "$89,409", "2011": "$61,452", "2010": "$58,493", "2009": "$55,762", "2008": "$56,837", "2007": "$54,575", "2006": "$47,141", "2005": "$45,925"}, "Raytheon Technologies Quarterly Total Assets (Millions of US $)": {"2020-09-30": "$162,399", "2020-06-30": "$161,517", "2020-03-31": "$139,572", "2019-12-31": "$139,615", "2019-09-30": "$139,009", "2019-06-30": "$138,990", "2019-03-31": "$137,380", "2018-12-31": "$134,211", "2018-09-30": "$114,939", "2018-06-30": "$101,569", "2018-03-31": "$98,779", "2017-12-31": "$96,920", "2017-09-30": "$96,352", "2017-06-30": "$94,793", "2017-03-31": "$90,373", "2016-12-31": "$89,706", "2016-09-30": "$90,062", "2016-06-30": "$89,480", "2016-03-31": "$88,571", "2015-12-31": "$87,484", "2015-09-30": "$92,135", "2015-06-30": "$92,773", "2015-03-31": "$91,327", "2014-12-31": "$91,206", "2014-09-30": "$91,774", "2014-06-30": "$92,142", "2014-03-31": "$91,229", "2013-12-31": "$90,594", "2013-09-30": "$90,326", "2013-06-30": "$88,744", "2013-03-31": "$88,513", "2012-12-31": "$89,409", "2012-09-30": "$91,946", "2012-06-30": "$74,653", "2012-03-31": "$61,724", "2011-12-31": "$61,452", "2011-09-30": "$61,948", "2011-06-30": "$62,147", "2011-03-31": "$60,664", "2010-12-31": "$58,493", "2010-09-30": "$60,649", "2010-06-30": "$58,343", "2010-03-31": "$58,388", "2009-12-31": "$55,762", "2009-09-30": "$57,577", "2009-06-30": "$56,545", "2009-03-31": "$54,798", "2008-12-31": "$56,837", "2008-09-30": "$56,810", "2008-06-30": "$58,486", "2008-03-31": "$57,053", "2007-12-31": "$54,575", "2007-09-30": "$53,497", "2007-06-30": "$50,557", "2007-03-31": "$48,583", "2006-12-31": "$47,141", "2006-09-30": "$49,596", "2006-06-30": "$49,166", "2006-03-31": "$47,031", "2005-12-31": "$45,925", "2005-09-30": "$46,068", "2005-06-30": "$44,791", "2005-03-31": "$40,535"}}, "cash-on-hand": {"Raytheon Technologies Annual Cash on Hand (Millions of US $)": {"2019": "$7,378", "2018": "$6,152", "2017": "$8,985", "2016": "$7,157", "2015": "$7,075", "2014": "$5,229", "2013": "$4,619", "2012": "$4,819", "2011": "$5,960", "2010": "$4,083", "2009": "$4,449", "2008": "$4,327", "2007": "$2,904", "2006": "$2,546", "2005": "$2,247"}, "Raytheon Technologies Quarterly Cash on Hand (Millions of US $)": {"2020-09-30": "$10,001", "2020-06-30": "$6,975", "2020-03-31": "$8,001", "2019-12-31": "$4,937", "2019-09-30": "$7,341", "2019-06-30": "$6,819", "2019-03-31": "$6,240", "2018-12-31": "$6,152", "2018-09-30": "$13,799", "2018-06-30": "$11,068", "2018-03-31": "$7,667", "2017-12-31": "$8,985", "2017-09-30": "$8,523", "2017-06-30": "$9,345", "2017-03-31": "$7,156", "2016-12-31": "$7,157", "2016-09-30": "$7,107", "2016-06-30": "$6,785", "2016-03-31": "$7,215", "2015-12-31": "$7,075", "2015-09-30": "$5,477", "2015-06-30": "$5,933", "2015-03-31": "$5,281", "2014-12-31": "$5,229", "2014-09-30": "$5,035", "2014-06-30": "$4,962", "2014-03-31": "$4,477", "2013-12-31": "$4,619", "2013-09-30": "$4,621", "2013-06-30": "$4,909", "2013-03-31": "$4,767", "2012-12-31": "$4,819", "2012-09-30": "$6,242", "2012-06-30": "$16,681", "2012-03-31": "$6,285", "2011-12-31": "$5,960", "2011-09-30": "$5,966", "2011-06-30": "$5,396", "2011-03-31": "$4,440", "2010-12-31": "$4,083", "2010-09-30": "$5,731", "2010-06-30": "$4,997", "2010-03-31": "$4,788", "2009-12-31": "$4,449", "2009-09-30": "$4,632", "2009-06-30": "$4,016", "2009-03-31": "$3,272", "2008-12-31": "$4,327", "2008-09-30": "$3,615", "2008-06-30": "$3,442", "2008-03-31": "$3,139", "2007-12-31": "$2,904", "2007-09-30": "$2,810", "2007-06-30": "$3,292", "2007-03-31": "$2,481", "2006-12-31": "$2,546", "2006-09-30": "$2,914", "2006-06-30": "$2,883", "2006-03-31": "$2,417", "2005-12-31": "$2,247", "2005-09-30": "$2,102", "2005-06-30": "$1,985", "2005-03-31": "$1,963"}}, "long-term-debt": {"Raytheon Technologies Annual Long Term Debt (Millions of US $)": {"2019": "$37,788", "2018": "$41,192", "2017": "$24,989", "2016": "$21,697", "2015": "$19,320", "2014": "$17,784", "2013": "$19,741", "2012": "$21,597", "2011": "$9,501", "2010": "$10,010", "2009": "$8,257", "2008": "$9,337", "2007": "$8,015", "2006": "$7,037", "2005": "$5,935"}, "Raytheon Technologies Quarterly Long Term Debt (Millions of US $)": {"2020-09-30": "$31,246", "2020-06-30": "$31,210", "2020-03-31": "$43,232", "2019-12-31": "$37,701", "2019-09-30": "$37,782", "2019-06-30": "$37,910", "2019-03-31": "$41,004", "2018-12-31": "$41,192", "2018-09-30": "$38,275", "2018-06-30": "$27,246", "2018-03-31": "$25,153", "2017-12-31": "$24,989", "2017-09-30": "$24,063", "2017-06-30": "$23,883", "2017-03-31": "$20,898", "2016-12-31": "$21,697", "2016-09-30": "$20,190", "2016-06-30": "$20,130", "2016-03-31": "$21,688", "2015-12-31": "$19,320", "2015-09-30": "$19,428", "2015-06-30": "$19,489", "2015-03-31": "$17,809", "2014-12-31": "$17,784", "2014-09-30": "$17,857", "2014-06-30": "$17,837", "2014-03-31": "$19,739", "2013-12-31": "$19,741", "2013-09-30": "$19,785", "2013-06-30": "$20,375", "2013-03-31": "$21,572", "2012-12-31": "$21,597", "2012-09-30": "$23,409", "2012-06-30": "$20,450", "2012-03-31": "$9,491", "2011-12-31": "$9,501", "2011-09-30": "$9,501", "2011-06-30": "$9,492", "2011-03-31": "$9,986", "2010-12-31": "$10,010", "2010-09-30": "$10,071", "2010-06-30": "$10,039", "2010-03-31": "$10,004", "2009-12-31": "$8,257", "2009-09-30": "$8,729", "2009-06-30": "$8,721", "2009-03-31": "$9,315", "2008-12-31": "$9,337", "2008-09-30": "$8,113", "2008-06-30": "$8,106", "2008-03-31": "$8,014", "2007-12-31": "$8,015", "2007-09-30": "$7,059", "2007-06-30": "$7,045", "2007-03-31": "$7,035", "2006-12-31": "$7,037", "2006-09-30": "$7,067", "2006-06-30": "$7,061", "2006-03-31": "$5,954", "2005-12-31": "$5,935", "2005-09-30": "$6,366", "2005-06-30": "$6,615", "2005-03-31": "$4,223"}}, "total-liabilities": {"Raytheon Technologies Annual Total Liabilities (Millions of US $)": {"2019": "$95,485", "2018": "$93,601", "2017": "$65,499", "2016": "$60,537", "2015": "$58,640", "2014": "$58,642", "2013": "$57,375", "2012": "$62,340", "2011": "$38,632", "2010": "$36,161", "2009": "$34,763", "2008": "$40,156", "2007": "$33,220", "2006": "$29,844", "2005": "$28,934"}, "Raytheon Technologies Quarterly Total Liabilities (Millions of US $)": {"2020-09-30": "$92,319", "2020-06-30": "$92,625", "2020-03-31": "$97,637", "2019-12-31": "$95,384", "2019-09-30": "$96,190", "2019-06-30": "$96,013", "2019-03-31": "$95,434", "2018-12-31": "$93,601", "2018-09-30": "$80,689", "2018-06-30": "$68,223", "2018-03-31": "$66,287", "2017-12-31": "$65,499", "2017-09-30": "$64,661", "2017-06-30": "$64,638", "2017-03-31": "$61,101", "2016-12-31": "$60,537", "2016-09-30": "$59,298", "2016-06-30": "$58,832", "2016-03-31": "$58,668", "2015-12-31": "$58,640", "2015-09-30": "$60,084", "2015-06-30": "$60,835", "2015-03-31": "$61,160", "2014-12-31": "$58,642", "2014-09-30": "$56,385", "2014-06-30": "$56,949", "2014-03-31": "$57,534", "2013-12-31": "$57,375", "2013-09-30": "$60,407", "2013-06-30": "$60,375", "2013-03-31": "$60,950", "2012-12-31": "$62,340", "2012-09-30": "$65,855", "2012-06-30": "$50,928", "2012-03-31": "$38,175", "2011-12-31": "$38,632", "2011-09-30": "$38,360", "2011-06-30": "$38,408", "2011-03-31": "$37,538", "2010-12-31": "$36,161", "2010-09-30": "$38,396", "2010-06-30": "$37,428", "2010-03-31": "$37,464", "2009-12-31": "$34,763", "2009-09-30": "$37,931", "2009-06-30": "$38,139", "2009-03-31": "$38,012", "2008-12-31": "$40,156", "2008-09-30": "$35,727", "2008-06-30": "$36,574", "2008-03-31": "$35,467", "2007-12-31": "$33,220", "2007-09-30": "$33,219", "2007-06-30": "$31,362", "2007-03-31": "$30,477", "2006-12-31": "$29,844", "2006-09-30": "$30,662", "2006-06-30": "$30,718", "2006-03-31": "$29,674", "2005-12-31": "$28,934", "2005-09-30": "$30,324", "2005-06-30": "$29,517", "2005-03-31": "$25,835"}}, "total-share-holder-equity": {"Raytheon Technologies Annual Share Holder Equity (Millions of US $)": {"2019": "$44,231", "2018": "$40,610", "2017": "$31,421", "2016": "$29,169", "2015": "$28,844", "2014": "$32,564", "2013": "$33,219", "2012": "$27,069", "2011": "$22,820", "2010": "$22,332", "2009": "$20,999", "2008": "$16,681", "2007": "$21,355", "2006": "$17,297", "2005": "$16,991"}, "Raytheon Technologies Quarterly Share Holder Equity (Millions of US $)": {"2020-09-30": "$70,080", "2020-06-30": "$68,892", "2020-03-31": "$41,935", "2019-12-31": "$44,231", "2019-09-30": "$42,819", "2019-06-30": "$42,977", "2019-03-31": "$41,946", "2018-12-31": "$40,610", "2018-09-30": "$34,250", "2018-06-30": "$33,346", "2018-03-31": "$32,492", "2017-12-31": "$31,421", "2017-09-30": "$31,691", "2017-06-30": "$30,155", "2017-03-31": "$29,272", "2016-12-31": "$29,169", "2016-09-30": "$30,764", "2016-06-30": "$30,648", "2016-03-31": "$29,903", "2015-12-31": "$28,844", "2015-09-30": "$32,051", "2015-06-30": "$31,938", "2015-03-31": "$30,167", "2014-12-31": "$32,564", "2014-09-30": "$35,389", "2014-06-30": "$35,193", "2014-03-31": "$33,695", "2013-12-31": "$33,219", "2013-09-30": "$29,919", "2013-06-30": "$28,369", "2013-03-31": "$27,563", "2012-12-31": "$27,069", "2012-09-30": "$26,091", "2012-06-30": "$23,725", "2012-03-31": "$23,549", "2011-12-31": "$22,820", "2011-09-30": "$23,588", "2011-06-30": "$23,739", "2011-03-31": "$23,126", "2010-12-31": "$22,332", "2010-09-30": "$22,253", "2010-06-30": "$20,915", "2010-03-31": "$20,924", "2009-12-31": "$20,999", "2009-09-30": "$19,646", "2009-06-30": "$18,406", "2009-03-31": "$16,786", "2008-12-31": "$16,681", "2008-09-30": "$21,083", "2008-06-30": "$21,912", "2008-03-31": "$21,586", "2007-12-31": "$21,355", "2007-09-30": "$20,278", "2007-06-30": "$19,195", "2007-03-31": "$18,106", "2006-12-31": "$17,297", "2006-09-30": "$18,934", "2006-06-30": "$18,448", "2006-03-31": "$17,357", "2005-12-31": "$16,991", "2005-09-30": "$15,744", "2005-06-30": "$15,274", "2005-03-31": "$14,700"}}, "profit-margins": {"current": "-5.55%"}, "gross margin": {"2020-12-31": "16.62%", "2020-09-30": "21.78%", "2020-06-30": "24.11%", "2020-03-31": "26.17%", "2019-12-31": "25.93%", "2019-09-30": "24.69%", "2019-06-30": "24.44%", "2019-03-31": "24.72%", "2018-12-31": "24.84%", "2018-09-30": "25.11%", "2018-06-30": "25.66%", "2018-03-31": "25.98%", "2017-12-31": "26.13%", "2017-09-30": "26.65%", "2017-06-30": "27.07%", "2017-03-31": "27.29%", "2016-12-31": "27.55%", "2016-09-30": "27.24%", "2016-06-30": "27.47%", "2016-03-31": "27.71%", "2015-12-31": "27.93%", "2015-09-30": "30.59%", "2015-06-30": "30.98%", "2015-03-31": "29.68%", "2014-12-31": "29.36%", "2014-09-30": "28.05%", "2014-06-30": "27.63%", "2014-03-31": "28.54%", "2013-12-31": "28.50%", "2013-09-30": "27.26%", "2013-06-30": "26.80%", "2013-03-31": "26.81%", "2012-12-31": "26.95%", "2012-09-30": "27.62%", "2012-06-30": "27.77%", "2012-03-31": "27.67%", "2011-12-31": "27.59%", "2011-09-30": "27.10%", "2011-06-30": "27.51%", "2011-03-31": "27.46%", "2010-12-31": "27.40%", "2010-09-30": "27.01%", "2010-06-30": "26.36%", "2010-03-31": "26.29%", "2009-12-31": "25.87%", "2009-09-30": "25.65%", "2009-06-30": "25.96%", "2009-03-31": "25.96%", "2008-12-31": "26.19%", "2008-09-30": "26.65%", "2008-06-30": "26.60%", "2008-03-31": "26.61%", "2007-12-31": "26.63%", "2007-09-30": "26.72%", "2007-06-30": "26.78%", "2007-03-31": "27.09%", "2006-12-31": "27.37%", "2006-09-30": "27.74%", "2006-06-30": "27.73%", "2006-03-31": "27.69%", "2005-12-31": "27.60%"}, "operating margin": {"2020-12-31": "-2.17%", "2020-09-30": "3.12%", "2020-06-30": "4.50%", "2020-03-31": "11.35%", "2019-12-31": "11.64%", "2019-09-30": "11.46%", "2019-06-30": "11.18%", "2019-03-31": "12.45%", "2018-12-31": "12.86%", "2018-09-30": "13.16%", "2018-06-30": "13.77%", "2018-03-31": "12.93%", "2017-12-31": "13.60%", "2017-09-30": "13.65%", "2017-06-30": "14.19%", "2017-03-31": "14.59%", "2016-12-31": "14.36%", "2016-09-30": "12.17%", "2016-06-30": "12.39%", "2016-03-31": "12.57%", "2015-12-31": "13.00%", "2015-09-30": "17.74%", "2015-06-30": "18.04%", "2015-03-31": "17.14%", "2014-12-31": "16.57%", "2014-09-30": "15.25%", "2014-06-30": "14.60%", "2014-03-31": "15.17%", "2013-12-31": "15.10%", "2013-09-30": "13.85%", "2013-06-30": "13.42%", "2013-03-31": "13.36%", "2012-12-31": "13.32%", "2012-09-30": "14.00%", "2012-06-30": "14.41%", "2012-03-31": "14.18%", "2011-12-31": "14.07%", "2011-09-30": "13.94%", "2011-06-30": "13.68%", "2011-03-31": "13.35%", "2010-12-31": "13.20%", "2010-09-30": "13.29%", "2010-06-30": "13.05%", "2010-03-31": "12.74%", "2009-12-31": "12.16%", "2009-09-30": "11.98%", "2009-06-30": "12.12%", "2009-03-31": "12.34%", "2008-12-31": "12.70%", "2008-09-30": "12.55%", "2008-06-30": "12.54%", "2008-03-31": "12.58%", "2007-12-31": "12.65%", "2007-09-30": "12.65%", "2007-06-30": "12.60%", "2007-03-31": "12.77%", "2006-12-31": "12.75%", "2006-09-30": "12.72%", "2006-06-30": "12.49%", "2006-03-31": "12.24%", "2005-12-31": "12.13%"}, "ebitda margin": {"2020-09-30": "12.69%", "2020-06-30": "13.89%", "2020-03-31": "16.32%", "2019-12-31": "16.55%", "2019-09-30": "16.01%", "2019-06-30": "15.21%", "2019-03-31": "16.47%", "2018-12-31": "16.52%", "2018-09-30": "16.78%", "2018-06-30": "17.40%", "2018-03-31": "16.54%", "2017-12-31": "17.18%", "2017-09-30": "17.20%", "2017-06-30": "17.70%", "2017-03-31": "18.07%", "2016-12-31": "17.79%", "2016-09-30": "15.55%", "2016-06-30": "15.77%", "2016-03-31": "15.90%", "2015-12-31": "16.32%", "2015-09-30": "21.25%", "2015-06-30": "21.38%", "2015-03-31": "20.34%", "2014-12-31": "19.71%", "2014-09-30": "18.31%", "2014-06-30": "17.68%", "2014-03-31": "18.26%", "2013-12-31": "18.17%", "2013-09-30": "16.76%", "2013-06-30": "16.30%", "2013-03-31": "16.13%", "2012-12-31": "15.96%", "2012-09-30": "16.42%", "2012-06-30": "16.69%", "2012-03-31": "16.46%", "2011-12-31": "16.34%", "2011-09-30": "16.25%", "2011-06-30": "16.06%", "2011-03-31": "15.78%", "2010-12-31": "15.68%", "2010-09-30": "15.82%", "2010-06-30": "15.54%", "2010-03-31": "15.19%", "2009-12-31": "14.56%", "2009-09-30": "14.39%", "2009-06-30": "14.47%", "2009-03-31": "14.62%", "2008-12-31": "14.94%", "2008-09-30": "14.67%", "2008-06-30": "14.67%", "2008-03-31": "14.69%", "2007-12-31": "14.76%", "2007-09-30": "14.78%", "2007-06-30": "14.69%", "2007-03-31": "14.89%", "2006-12-31": "14.91%", "2006-09-30": "14.94%", "2006-06-30": "14.81%", "2006-03-31": "14.56%", "2005-12-31": "14.43%"}, "pre tax profit margin": {"2020-12-31": "-3.99%", "2020-09-30": "1.57%", "2020-06-30": "2.87%", "2020-03-31": "9.59%", "2019-12-31": "10.70%", "2019-09-30": "10.42%", "2019-06-30": "10.29%", "2019-03-31": "11.79%", "2018-12-31": "12.45%", "2018-09-30": "12.78%", "2018-06-30": "13.35%", "2018-03-31": "12.40%", "2017-12-31": "12.97%", "2017-09-30": "12.46%", "2017-06-30": "12.76%", "2017-03-31": "12.94%", "2016-12-31": "12.46%", "2016-09-30": "10.63%", "2016-06-30": "10.90%", "2016-03-31": "11.09%", "2015-12-31": "11.53%", "2015-09-30": "16.08%", "2015-06-30": "16.40%", "2015-03-31": "15.59%", "2014-12-31": "15.05%", "2014-09-30": "13.80%", "2014-06-30": "13.10%", "2014-03-31": "13.62%", "2013-12-31": "13.52%", "2013-09-30": "12.34%", "2013-06-30": "11.92%", "2013-03-31": "11.89%", "2012-12-31": "11.98%", "2012-09-30": "12.96%", "2012-06-30": "13.49%", "2012-03-31": "13.32%", "2011-12-31": "13.18%", "2011-09-30": "12.84%", "2011-06-30": "12.53%", "2011-03-31": "12.16%", "2010-12-31": "11.95%", "2010-09-30": "12.20%", "2010-06-30": "11.95%", "2010-03-31": "11.56%", "2009-12-31": "10.99%", "2009-09-30": "10.89%", "2009-06-30": "11.05%", "2009-03-31": "11.33%", "2008-12-31": "11.73%", "2008-09-30": "11.41%", "2008-06-30": "11.37%", "2008-03-31": "11.39%", "2007-12-31": "11.46%", "2007-09-30": "11.43%", "2007-06-30": "11.39%", "2007-03-31": "11.53%", "2006-12-31": "11.48%", "2006-09-30": "11.44%", "2006-06-30": "11.22%", "2006-03-31": "11.01%", "2005-12-31": "10.96%"}, "net profit margin": {"2020-12-31": "-5.55%", "2020-09-30": "-3.03%", "2020-06-30": "-2.04%", "2020-03-31": "5.34%", "2019-12-31": "7.19%", "2019-09-30": "8.59%", "2019-06-30": "8.05%", "2019-03-31": "7.64%", "2018-12-31": "7.92%", "2018-09-30": "7.76%", "2018-06-30": "8.09%", "2018-03-31": "7.28%", "2017-12-31": "7.61%", "2017-09-30": "8.79%", "2017-06-30": "9.15%", "2017-03-31": "9.11%", "2016-12-31": "8.83%", "2016-09-30": "12.87%", "2016-06-30": "12.79%", "2016-03-31": "13.12%", "2015-12-31": "13.56%", "2015-09-30": "10.92%", "2015-06-30": "11.66%", "2015-03-31": "11.39%", "2014-12-31": "10.74%", "2014-09-30": "10.84%", "2014-06-30": "9.96%", "2014-03-31": "9.95%", "2013-12-31": "10.11%", "2013-09-30": "10.13%", "2013-06-30": "10.18%", "2013-03-31": "10.16%", "2012-12-31": "8.89%", "2012-09-30": "7.91%", "2012-06-30": "7.86%", "2012-03-31": "7.74%", "2011-12-31": "8.93%", "2011-09-30": "8.95%", "2011-06-30": "8.82%", "2011-03-31": "8.54%", "2010-12-31": "8.37%", "2010-09-30": "8.00%", "2010-06-30": "7.78%", "2010-03-31": "7.61%", "2009-12-31": "7.30%", "2009-09-30": "7.37%", "2009-06-30": "7.52%", "2009-03-31": "7.68%", "2008-12-31": "7.93%", "2008-09-30": "7.59%", "2008-06-30": "7.63%", "2008-03-31": "7.67%", "2007-12-31": "7.58%", "2007-09-30": "7.63%", "2007-06-30": "7.49%", "2007-03-31": "7.64%", "2006-12-31": "7.80%", "2006-09-30": "7.54%", "2006-06-30": "7.37%", "2006-03-31": "7.25%", "2005-12-31": "7.18%"}, "pe ratio": {"current": "20.87", "2021-02-11": "0.00", "2020-12-31": "0.00", "2020-09-30": "0.00", "2020-06-30": "0.00", "2020-03-31": "19.39", "2019-12-31": "22.71", "2019-09-30": "22.30", "2019-06-30": "20.54", "2019-03-31": "19.10", "2018-12-31": "15.55", "2018-09-30": "21.37", "2018-06-30": "18.62", "2018-03-31": "21.17", "2017-12-31": "20.94", "2017-09-30": "16.74", "2017-06-30": "17.21", "2017-03-31": "16.10", "2016-12-31": "16.40", "2016-09-30": "10.59", "2016-06-30": "10.92", "2016-03-31": "10.49", "2015-12-31": "9.82", "2015-09-30": "12.17", "2015-06-30": "13.99", "2015-03-31": "14.47", "2014-12-31": "14.67", "2014-09-30": "13.43", "2014-06-30": "15.69", "2014-03-31": "16.13", "2013-12-31": "15.45", "2013-09-30": "13.17", "2013-06-30": "11.32", "2013-03-31": "11.72", "2012-12-31": "12.07", "2012-09-30": "13.29", "2012-06-30": "12.98", "2012-03-31": "14.22", "2011-12-31": "10.78", "2011-09-30": "10.62", "2011-06-30": "13.71", "2011-03-31": "13.71", "2010-12-31": "13.16", "2010-09-30": "12.26", "2010-06-30": "11.50", "2010-03-31": "13.43", "2009-12-31": "13.04", "2009-09-30": "11.16", "2009-06-30": "9.05", "2009-03-31": "7.00", "2008-12-31": "8.21", "2008-09-30": "9.42", "2008-06-30": "9.88", "2008-03-31": "11.36", "2007-12-31": "13.20", "2007-09-30": "14.53", "2007-06-30": "13.48", "2007-03-31": "12.54", "2006-12-31": "12.21"}, "price sales": {"2021-02-11": "1.41", "2020-12-31": "1.40", "2020-09-30": "0.70", "2020-06-30": "0.71", "2020-03-31": "1.03", "2019-12-31": "1.63", "2019-09-30": "1.89", "2019-06-30": "1.63", "2019-03-31": "1.46", "2018-12-31": "1.23", "2018-09-30": "1.66", "2018-06-30": "1.51", "2018-03-31": "1.54", "2017-12-31": "1.59", "2017-09-30": "1.48", "2017-06-30": "1.58", "2017-03-31": "1.47", "2016-12-31": "1.45", "2016-09-30": "1.37", "2016-06-30": "1.41", "2016-03-31": "1.40", "2015-12-31": "1.36", "2015-09-30": "1.33", "2015-06-30": "1.63", "2015-03-31": "1.65", "2014-12-31": "1.58", "2014-09-30": "1.46", "2014-06-30": "1.56", "2014-03-31": "1.61", "2013-12-31": "1.57", "2013-09-30": "1.34", "2013-06-30": "1.15", "2013-03-31": "1.19", "2012-12-31": "1.07", "2012-09-30": "1.05", "2012-06-30": "1.02", "2012-03-31": "1.10", "2011-12-31": "0.97", "2011-09-30": "0.95", "2011-06-30": "1.21", "2011-03-31": "1.17", "2010-12-31": "1.10", "2010-09-30": "0.98", "2010-06-30": "0.89", "2010-03-31": "1.02", "2009-12-31": "0.95", "2009-09-30": "0.83", "2009-06-30": "0.68", "2009-03-31": "0.54", "2008-12-31": "0.66", "2008-09-30": "0.72", "2008-06-30": "0.76", "2008-03-31": "0.87", "2007-12-31": "1.00", "2007-09-30": "1.11", "2007-06-30": "1.01", "2007-03-31": "0.96", "2006-12-31": "0.95"}, "price book": {"current": "1.50", "2021-02-11": "1.57", "2020-09-30": "1.24", "2020-06-30": "1.35", "2020-03-31": "1.90", "2019-12-31": "2.84", "2019-09-30": "2.66", "2019-06-30": "2.53", "2019-03-31": "2.55", "2018-12-31": "2.16", "2018-09-30": "3.11", "2018-06-30": "2.84", "2018-03-31": "2.91", "2017-12-31": "3.04", "2017-09-30": "2.72", "2017-06-30": "2.99", "2017-03-31": "2.82", "2016-12-31": "2.78", "2016-09-30": "2.47", "2016-06-30": "2.53", "2016-03-31": "2.51", "2015-12-31": "2.49", "2015-09-30": "2.18", "2015-06-30": "2.72", "2015-03-31": "3.02", "2014-12-31": "2.79", "2014-09-30": "2.35", "2014-06-30": "2.58", "2014-03-31": "2.72", "2013-12-31": "2.67", "2013-09-30": "2.80", "2013-06-30": "2.53", "2013-03-31": "2.61", "2012-12-31": "2.32", "2012-09-30": "2.27", "2012-06-30": "2.38", "2012-03-31": "2.62", "2011-12-31": "2.36", "2011-09-30": "2.18", "2011-06-30": "2.71", "2011-03-31": "2.67", "2010-12-31": "2.57", "2010-09-30": "2.33", "2010-06-30": "2.26", "2010-03-31": "2.56", "2009-12-31": "2.40", "2009-09-30": "2.24", "2009-06-30": "2.03", "2009-03-31": "1.83", "2008-12-31": "2.28", "2008-09-30": "2.02", "2008-06-30": "2.02", "2008-03-31": "2.29", "2007-12-31": "2.60", "2007-09-30": "2.88", "2007-06-30": "2.68", "2007-03-31": "2.60", "2006-12-31": "2.61", "2006-09-30": "2.42", "2006-06-30": "2.50", "2006-03-31": "2.42"}, "price fcf": {"2021-02-11": "", "2020-09-30": "$1.85", "2020-06-30": "$2.53", "2020-03-31": "$3.54", "2019-12-31": "$4.58", "2019-09-30": "$1.40", "2019-06-30": "$1.60", "2019-03-31": "$2.66", "2018-12-31": "$1.49", "2018-09-30": "$6.13", "2018-06-30": "$3.87", "2018-03-31": "$3.84", "2017-12-31": "$4.53", "2017-09-30": "$3.84", "2017-06-30": "$6.32", "2017-03-31": "$5.92", "2016-12-31": "$5.71", "2016-09-30": "$6.63", "2016-06-30": "$5.46", "2016-03-31": "$4.93", "2015-12-31": "$5.78", "2015-09-30": "$4.95", "2015-06-30": "$6.01", "2015-03-31": "$6.28", "2014-12-31": "$5.91", "2014-09-30": "$6.43", "2014-06-30": "$5.90", "2014-03-31": "$6.15", "2013-12-31": "$6.28", "2013-09-30": "$5.65", "2013-06-30": "$5.82", "2013-03-31": "$5.72", "2012-12-31": "$5.75", "2012-09-30": "$5.99", "2012-06-30": "$6.47", "2012-03-31": "$6.10", "2011-12-31": "$6.10", "2011-09-30": "$5.62", "2011-06-30": "$5.35", "2011-03-31": "$5.46", "2010-12-31": "$5.29", "2010-09-30": "$5.32", "2010-06-30": "$5.49", "2010-03-31": "$5.61", "2009-12-31": "$4.87", "2009-09-30": "$5.30", "2009-06-30": "$5.16", "2009-03-31": "$4.85", "2008-12-31": "$5.17", "2008-09-30": "$5.11", "2008-06-30": "$4.59", "2008-03-31": "$4.64", "2007-12-31": "$4.22", "2007-09-30": "$3.91", "2007-06-30": "$3.93", "2007-03-31": "$3.31", "2006-12-31": "$3.83"}, "net worth": {"value": "$110.93B"}, "current ratio": {"current": "1.21", "2020-12-31": "1.21", "2020-09-30": "1.22", "2020-06-30": "1.20", "2020-03-31": "1.23", "2019-12-31": "1.32", "2019-09-30": "1.06", "2019-06-30": "1.05", "2019-03-31": "1.13", "2018-12-31": "1.13", "2018-09-30": "1.52", "2018-06-30": "1.46", "2018-03-31": "1.32", "2017-12-31": "1.35", "2017-09-30": "1.31", "2017-06-30": "1.37", "2017-03-31": "1.24", "2016-12-31": "1.30", "2016-09-30": "1.27", "2016-06-30": "1.26", "2016-03-31": "1.34", "2015-12-31": "1.18", "2015-09-30": "1.37", "2015-06-30": "1.29", "2015-03-31": "1.16", "2014-12-31": "1.34", "2014-09-30": "1.23", "2014-06-30": "1.22", "2014-03-31": "1.30", "2013-12-31": "1.29", "2013-09-30": "1.25", "2013-06-30": "1.24", "2013-03-31": "1.29", "2012-12-31": "1.25", "2012-09-30": "1.20", "2012-06-30": "1.98", "2012-03-31": "1.52", "2011-12-31": "1.38", "2011-09-30": "1.32", "2011-06-30": "1.31", "2011-03-31": "1.32", "2010-12-31": "1.33", "2010-09-30": "1.29", "2010-06-30": "1.30", "2010-03-31": "1.30", "2009-12-31": "1.30", "2009-09-30": "1.30", "2009-06-30": "1.27", "2009-03-31": "1.29", "2008-12-31": "1.24", "2008-09-30": "1.22", "2008-06-30": "1.21", "2008-03-31": "1.22", "2007-12-31": "1.26", "2007-09-30": "1.21", "2007-06-30": "1.28", "2007-03-31": "1.25", "2006-12-31": "1.24", "2006-09-30": "1.29", "2006-06-30": "1.25", "2006-03-31": "1.13", "2005-12-31": "1.12", "2005-09-30": "1.18", "2005-06-30": "1.22", "2005-03-31": "1.24"}, "quick ratio": {"2020-12-31": "0.95", "2020-09-30": "0.95", "2020-06-30": "0.91", "2020-03-31": "0.87", "2019-12-31": "1.13", "2019-09-30": "0.75", "2019-06-30": "0.74", "2019-03-31": "0.79", "2018-12-31": "0.81", "2018-09-30": "1.18", "2018-06-30": "1.10", "2018-03-31": "0.96", "2017-12-31": "0.94", "2017-09-30": "0.91", "2017-06-30": "0.96", "2017-03-31": "0.84", "2016-12-31": "0.91", "2016-09-30": "0.86", "2016-06-30": "0.87", "2016-03-31": "0.93", "2015-12-31": "0.82", "2015-09-30": "1.01", "2015-06-30": "0.86", "2015-03-31": "0.76", "2014-12-31": "1.02", "2014-09-30": "0.80", "2014-06-30": "0.81", "2014-03-31": "0.82", "2013-12-31": "0.84", "2013-09-30": "0.79", "2013-06-30": "0.80", "2013-03-31": "0.84", "2012-12-31": "0.84", "2012-09-30": "0.80", "2012-06-30": "1.55", "2012-03-31": "1.06", "2011-12-31": "0.97", "2011-09-30": "0.89", "2011-06-30": "0.87", "2011-03-31": "0.86", "2010-12-31": "0.89", "2010-09-30": "0.86", "2010-06-30": "0.87", "2010-03-31": "0.87", "2009-12-31": "0.88", "2009-09-30": "0.86", "2009-06-30": "0.81", "2009-03-31": "0.82", "2008-12-31": "0.81", "2008-09-30": "0.76", "2008-06-30": "0.77", "2008-03-31": "0.76", "2007-12-31": "0.80", "2007-09-30": "0.75", "2007-06-30": "0.81", "2007-03-31": "0.79", "2006-12-31": "0.80", "2006-09-30": "0.82", "2006-06-30": "0.81", "2006-03-31": "0.73", "2005-12-31": "0.75", "2005-09-30": "0.78", "2005-06-30": "0.81", "2005-03-31": "0.82"}, "debt equity ratio": {"current": "0.42", "2020-12-31": "1.20", "2020-09-30": "1.32", "2020-06-30": "1.34", "2020-03-31": "2.33", "2019-12-31": "2.16", "2019-09-30": "2.25", "2019-06-30": "2.23", "2019-03-31": "2.28", "2018-12-31": "2.31", "2018-09-30": "2.36", "2018-06-30": "2.05", "2018-03-31": "2.04", "2017-12-31": "2.09", "2017-09-30": "2.04", "2017-06-30": "2.14", "2017-03-31": "2.09", "2016-12-31": "2.08", "2016-09-30": "1.93", "2016-06-30": "1.92", "2016-03-31": "1.96", "2015-12-31": "2.03", "2015-09-30": "1.88", "2015-06-30": "1.91", "2015-03-31": "2.03", "2014-12-31": "1.80", "2014-09-30": "1.59", "2014-06-30": "1.62", "2014-03-31": "1.71", "2013-12-31": "1.73", "2013-09-30": "2.02", "2013-06-30": "2.13", "2013-03-31": "2.21", "2012-12-31": "2.30", "2012-09-30": "2.52", "2012-06-30": "2.15", "2012-03-31": "1.62", "2011-12-31": "1.69", "2011-09-30": "1.63", "2011-06-30": "1.62", "2011-03-31": "1.62", "2010-12-31": "1.62", "2010-09-30": "1.73", "2010-06-30": "1.79", "2010-03-31": "1.79", "2009-12-31": "1.66", "2009-09-30": "1.93", "2009-06-30": "2.07", "2009-03-31": "2.27", "2008-12-31": "2.41", "2008-09-30": "1.70", "2008-06-30": "1.67", "2008-03-31": "1.64", "2007-12-31": "1.56", "2007-09-30": "1.64", "2007-06-30": "1.63", "2007-03-31": "1.68", "2006-12-31": "1.73", "2006-09-30": "1.62", "2006-06-30": "1.67", "2006-03-31": "1.71", "2005-12-31": "1.70", "2005-09-30": "1.93", "2005-06-30": "1.93", "2005-03-31": "1.76"}, "return on equity": {"2020-12-31": "-5.53%", "2020-09-30": "-4.46%", "2020-06-30": "-3.29%", "2020-03-31": "9.56%", "2019-12-31": "12.88%", "2019-09-30": "12.07%", "2019-06-30": "12.94%", "2019-03-31": "14.17%", "2018-12-31": "14.98%", "2018-09-30": "15.15%", "2018-06-30": "15.73%", "2018-03-31": "14.20%", "2017-12-31": "14.86%", "2017-09-30": "17.19%", "2017-06-30": "17.82%", "2017-03-31": "17.55%", "2016-12-31": "16.78%", "2016-09-30": "24.37%", "2016-06-30": "23.72%", "2016-03-31": "24.00%", "2015-12-31": "24.74%", "2015-09-30": "18.32%", "2015-06-30": "19.36%", "2015-03-31": "19.30%", "2014-12-31": "18.18%", "2014-09-30": "18.07%", "2014-06-30": "17.54%", "2014-03-31": "18.11%", "2013-12-31": "19.22%", "2013-09-30": "22.37%", "2013-06-30": "23.09%", "2013-03-31": "23.23%", "2012-12-31": "20.43%", "2012-09-30": "18.29%", "2012-06-30": "18.39%", "2012-03-31": "18.34%", "2011-12-31": "21.35%", "2011-09-30": "20.92%", "2011-06-30": "20.68%", "2011-03-31": "20.40%", "2010-12-31": "20.24%", "2010-09-30": "19.96%", "2010-06-30": "19.92%", "2010-03-31": "19.87%", "2009-12-31": "20.20%", "2009-09-30": "21.82%", "2009-06-30": "22.55%", "2009-03-31": "23.08%", "2008-12-31": "23.08%", "2008-09-30": "21.43%", "2008-06-30": "21.29%", "2008-03-31": "21.38%", "2007-12-31": "21.41%", "2007-09-30": "21.52%", "2007-06-30": "20.82%", "2007-03-31": "20.79%", "2006-12-31": "20.72%", "2006-09-30": "19.48%", "2006-06-30": "19.36%", "2006-03-31": "19.50%", "2005-12-31": "19.58%"}, "return on assets": {"2020-12-31": "-2.25%", "2020-09-30": "-1.67%", "2020-06-30": "-1.12%", "2020-03-31": "2.95%", "2019-12-31": "3.99%", "2019-09-30": "3.70%", "2019-06-30": "3.94%", "2019-03-31": "4.36%", "2018-12-31": "4.69%", "2018-09-30": "4.83%", "2018-06-30": "5.15%", "2018-03-31": "4.61%", "2017-12-31": "4.81%", "2017-09-30": "5.57%", "2017-06-30": "5.83%", "2017-03-31": "5.85%", "2016-12-31": "5.65%", "2016-09-30": "8.23%", "2016-06-30": "8.05%", "2016-03-31": "8.16%", "2015-12-31": "8.37%", "2015-09-30": "6.32%", "2015-06-30": "6.86%", "2015-03-31": "7.02%", "2014-12-31": "6.79%", "2014-09-30": "6.79%", "2014-06-30": "6.36%", "2014-03-31": "6.28%", "2013-12-31": "6.39%", "2013-09-30": "7.08%", "2013-06-30": "7.02%", "2013-03-31": "7.04%", "2012-12-31": "6.46%", "2012-09-30": "6.07%", "2012-06-30": "6.63%", "2012-03-31": "6.95%", "2011-12-31": "8.09%", "2011-09-30": "7.98%", "2011-06-30": "7.81%", "2011-03-31": "7.59%", "2010-12-31": "7.42%", "2010-09-30": "7.29%", "2010-06-30": "7.14%", "2010-03-31": "6.96%", "2009-12-31": "6.82%", "2009-09-30": "6.91%", "2009-06-30": "7.31%", "2009-03-31": "7.78%", "2008-12-31": "8.18%", "2008-09-30": "8.12%", "2008-06-30": "8.11%", "2008-03-31": "8.17%", "2007-12-31": "8.15%", "2007-09-30": "8.07%", "2007-06-30": "7.82%", "2007-03-31": "7.78%", "2006-12-31": "7.74%", "2006-09-30": "7.29%", "2006-06-30": "7.05%", "2006-03-31": "6.93%", "2005-12-31": "6.92%"}, "return on investments": {"2020-12-31": "-1.41%", "2020-09-30": "2.81%", "2020-06-30": "4.12%", "2020-03-31": "10.62%", "2019-12-31": "10.99%", "2019-09-30": "8.30%", "2019-06-30": "9.03%", "2019-03-31": "11.64%", "2018-12-31": "12.55%", "2018-09-30": "13.66%", "2018-06-30": "14.99%", "2018-03-31": "14.16%", "2017-12-31": "15.04%", "2017-09-30": "15.23%", "2017-06-30": "16.01%", "2017-03-31": "16.61%", "2016-12-31": "16.10%", "2016-09-30": "13.75%", "2016-06-30": "13.81%", "2016-03-31": "13.92%", "2015-12-31": "14.65%", "2015-09-30": "18.74%", "2015-06-30": "19.19%", "2015-03-31": "18.92%", "2014-12-31": "18.27%", "2014-09-30": "16.43%", "2014-06-30": "16.24%", "2014-03-31": "16.87%", "2013-12-31": "17.05%", "2013-09-30": "17.59%", "2013-06-30": "16.95%", "2013-03-31": "16.66%", "2012-12-31": "17.53%", "2012-09-30": "19.59%", "2012-06-30": "22.16%", "2012-03-31": "23.91%", "2011-12-31": "23.82%", "2011-09-30": "22.93%", "2011-06-30": "22.38%", "2011-03-31": "21.95%", "2010-12-31": "21.80%", "2010-09-30": "22.85%", "2010-06-30": "23.08%", "2010-03-31": "22.99%", "2009-12-31": "23.01%", "2009-09-30": "23.58%", "2009-06-30": "24.43%", "2009-03-31": "25.46%", "2008-12-31": "26.16%", "2008-09-30": "25.77%", "2008-06-30": "25.63%", "2008-03-31": "25.66%", "2007-12-31": "26.09%", "2007-09-30": "25.95%", "2007-06-30": "25.34%", "2007-03-31": "25.03%", "2006-12-31": "24.60%", "2006-09-30": "24.11%", "2006-06-30": "23.99%", "2006-03-31": "23.83%", "2005-12-31": "24.15%"}, "return on tangible equity": {"2020-09-30": "10.11%", "2020-06-30": "6.18%", "2020-03-31": "-14.90%", "2019-12-31": "-19.81%", "2019-09-30": "-15.76%", "2019-06-30": "-19.30%", "2019-03-31": "-24.77%", "2018-12-31": "-32.43%", "2018-09-30": "-45.86%", "2018-06-30": "-43.64%", "2018-03-31": "-35.91%", "2017-12-31": "-35.26%", "2017-09-30": "-39.12%", "2017-06-30": "-40.04%", "2017-03-31": "-40.03%", "2016-12-31": "-38.90%", "2016-09-30": "-55.80%", "2016-06-30": "-56.61%", "2016-03-31": "-59.09%", "2015-12-31": "-61.36%", "2015-09-30": "-50.52%", "2015-06-30": "-57.83%", "2015-03-31": "-63.17%", "2014-12-31": "-65.78%", "2014-09-30": "-65.57%", "2014-06-30": "-53.72%", "2014-03-31": "-46.31%", "2013-12-31": "-42.38%", "2013-09-30": "-42.50%", "2013-06-30": "-40.34%", "2013-03-31": "-53.96%", "2012-12-31": "-78.09%", "2012-09-30": "-187.17%", "2012-06-30": "192.97%", "2012-03-31": "229.14%", "2011-12-31": "428.67%", "2011-09-30": "458.05%", "2011-06-30": "563.24%", "2011-03-31": "833.00%", "2010-12-31": "1431.42%", "2010-09-30": "926.28%", "2010-06-30": "1695.36%", "2010-03-31": "25225.40%", "2009-12-31": "-1015.65%", "2009-09-30": "-325.35%", "2009-06-30": "-519.36%", "2009-03-31": "-1924.10%", "2008-12-31": "870.35%", "2008-09-30": "319.83%", "2008-06-30": "367.63%", "2008-03-31": "368.16%", "2007-12-31": "416.67%", "2007-09-30": "641.56%", "2007-06-30": "405.40%", "2007-03-31": "350.44%", "2006-12-31": "310.16%", "2006-09-30": "240.77%", "2006-06-30": "356.01%", "2006-03-31": "671.80%", "2005-12-31": "347.47%"}, "dividend yield history": {"last payout": "$1.90", "last yield": "2.60%"}}