{"ticker": "R", "price": {"title": "Ryder System Historical Annual Stock Price Data", "value": 67.25, "historical": {"2021": {"Average Stock Price": "66.2171", "Year Open": "61.4200", "Year High": "69.5500", "Year Low": "61.4200", "Year Close": "67.2500", "Annual % Change": "8.89%"}, "2020": {"Average Stock Price": "42.8868", "Year Open": "54.3300", "Year High": "64.1700", "Year Low": "22.9300", "Year Close": "61.7600", "Annual % Change": "13.72%"}, "2019": {"Average Stock Price": "55.5247", "Year Open": "48.8100", "Year High": "67.1900", "Year Low": "45.1200", "Year Close": "54.3100", "Annual % Change": "12.79%"}, "2018": {"Average Stock Price": "70.9700", "Year Open": "86.4000", "Year High": "89.8200", "Year Low": "45.1500", "Year Close": "48.1500", "Annual % Change": "-42.79%"}, "2017": {"Average Stock Price": "75.5741", "Year Open": "75.3500", "Year High": "85.0200", "Year Low": "63.0400", "Year Close": "84.1700", "Annual % Change": "13.07%"}, "2016": {"Average Stock Price": "65.6232", "Year Open": "56.9000", "Year High": "84.6900", "Year Low": "47.7900", "Year Close": "74.4400", "Annual % Change": "30.99%"}, "2015": {"Average Stock Price": "84.2948", "Year Open": "92.2800", "Year High": "99.5800", "Year Low": "54.0300", "Year Close": "56.8300", "Annual % Change": "-38.79%"}, "2014": {"Average Stock Price": "84.3044", "Year Open": "72.6400", "Year High": "95.5200", "Year Low": "68.7600", "Year Close": "92.8500", "Annual % Change": "25.85%"}, "2013": {"Average Stock Price": "60.8501", "Year Open": "51.0900", "Year High": "73.7800", "Year Low": "51.0900", "Year Close": "73.7800", "Annual % Change": "47.77%"}, "2012": {"Average Stock Price": "46.0163", "Year Open": "54.3800", "Year High": "57.1800", "Year Low": "33.4000", "Year Close": "49.9300", "Annual % Change": "-6.04%"}, "2011": {"Average Stock Price": "49.8176", "Year Open": "52.5700", "Year High": "59.3500", "Year Low": "35.4500", "Year Close": "53.1400", "Annual % Change": "0.95%"}, "2010": {"Average Stock Price": "42.0941", "Year Open": "41.5500", "Year High": "52.6400", "Year Low": "32.5500", "Year Close": "52.6400", "Annual % Change": "27.86%"}, "2009": {"Average Stock Price": "33.8694", "Year Open": "40.4200", "Year High": "46.2500", "Year Low": "19.2700", "Year Close": "41.1700", "Annual % Change": "6.16%"}, "2008": {"Average Stock Price": "57.3770", "Year Open": "45.9100", "Year High": "75.4300", "Year Low": "28.4500", "Year Close": "38.7800", "Annual % Change": "-17.51%"}, "2007": {"Average Stock Price": "50.9696", "Year Open": "52.9000", "Year High": "56.8100", "Year Low": "38.9900", "Year Close": "47.0100", "Annual % Change": "-7.93%"}, "2006": {"Average Stock Price": "50.0316", "Year Open": "40.7400", "Year High": "58.5600", "Year Low": "40.3200", "Year Close": "51.0600", "Annual % Change": "24.48%"}, "2005": {"Average Stock Price": "39.2703", "Year Open": "46.7200", "Year High": "47.0000", "Year Low": "32.0900", "Year Close": "41.0200", "Annual % Change": "-14.13%"}, "2004": {"Average Stock Price": "42.1913", "Year Open": "33.6700", "Year High": "55.1100", "Year Low": "33.6700", "Year Close": "47.7700", "Annual % Change": "39.88%"}, "2003": {"Average Stock Price": "26.6736", "Year Open": "22.7000", "Year High": "34.3000", "Year Low": "20.1400", "Year Close": "34.1500", "Annual % Change": "52.18%"}, "2002": {"Average Stock Price": "26.0456", "Year Open": "22.1900", "Year High": "30.8400", "Year Low": "21.2900", "Year Close": "22.4400", "Annual % Change": "1.31%"}, "2001": {"Average Stock Price": "19.9769", "Year Open": "16.1900", "Year High": "23.1900", "Year Low": "16.1900", "Year Close": "22.1500", "Annual % Change": "33.27%"}, "2000": {"Average Stock Price": "19.8581", "Year Open": "23.6200", "Year High": "25.1200", "Year Low": "15.3100", "Year Close": "16.6200", "Annual % Change": "-32.00%"}, "1999": {"Average Stock Price": "24.3547", "Year Open": "25.8100", "Year High": "28.3800", "Year Low": "19.0600", "Year Close": "24.4400", "Annual % Change": "-6.00%"}, "1998": {"Average Stock Price": "30.5391", "Year Open": "32.7500", "Year High": "40.5600", "Year Low": "20.0000", "Year Close": "26.0000", "Annual % Change": "-20.61%"}, "1997": {"Average Stock Price": "33.3146", "Year Open": "28.2500", "Year High": "37.0600", "Year Low": "27.2500", "Year Close": "32.7500", "Annual % Change": "16.47%"}, "1996": {"Average Stock Price": "27.8227", "Year Open": "25.2500", "Year High": "31.0000", "Year Low": "22.8800", "Year Close": "28.1200", "Annual % Change": "13.62%"}, "1995": {"Average Stock Price": "24.0023", "Year Open": "22.5000", "Year High": "26.0000", "Year Low": "21.1200", "Year Close": "24.7500", "Annual % Change": "12.50%"}, "1994": {"Average Stock Price": "25.1617", "Year Open": "26.7500", "Year High": "27.8800", "Year Low": "20.1200", "Year Close": "22.0000", "Annual % Change": "-16.98%"}, "1993": {"Average Stock Price": "25.4871", "Year Open": "24.2845", "Year High": "28.9506", "Year Low": "23.2003", "Year Close": "26.5000", "Annual % Change": "11.11%"}, "1992": {"Average Stock Price": "21.2531", "Year Open": "18.2134", "Year High": "24.9350", "Year Low": "17.3461", "Year Close": "23.8508", "Annual % Change": "35.80%"}, "1991": {"Average Stock Price": "15.7447", "Year Open": "12.6800", "Year High": "18.6470", "Year Low": "12.2463", "Year Close": "17.5629", "Annual % Change": "35.00%"}, "1990": {"Average Stock Price": "15.7018", "Year Open": "18.6470", "Year High": "20.0520", "Year Low": "10.7372", "Year Close": "13.0095", "Annual % Change": "-26.40%"}, "1989": {"Average Stock Price": "22.0604", "Year Open": "22.3330", "Year High": "26.7823", "Year Low": "17.5629", "Year Close": "17.6756", "Annual % Change": "-21.62%"}, "1988": {"Average Stock Price": "23.1062", "Year Open": "23.0876", "Year High": "28.1873", "Year Low": "19.7311", "Year Close": "22.5499", "Annual % Change": "-1.89%"}, "1987": {"Average Stock Price": "30.5295", "Year Open": "29.2715", "Year High": "36.6435", "Year Low": "18.1093", "Year Close": "22.9835", "Annual % Change": "-20.61%"}, "1986": {"Average Stock Price": "24.6218", "Year Open": "18.7164", "Year High": "30.7892", "Year Low": "18.7164", "Year Close": "28.9506", "Annual % Change": "50.00%"}, "1985": {"Average Stock Price": "16.1220", "Year Open": "13.7670", "Year High": "21.3935", "Year Low": "12.7204", "Year Close": "19.3004", "Annual % Change": "37.31%"}, "1984": {"Average Stock Price": "13.7914", "Year Open": "16.5886", "Year High": "16.9500", "Year Low": "11.1304", "Year Close": "14.0561", "Annual % Change": "-16.53%"}, "1983": {"Average Stock Price": "15.6296", "Year Open": "14.3105", "Year High": "17.6352", "Year Low": "13.1888", "Year Close": "16.8401", "Annual % Change": "15.92%"}, "1982": {"Average Stock Price": "9.7244", "Year Open": "8.4562", "Year High": "15.1778", "Year Low": "6.7939", "Year Close": "14.5273", "Annual % Change": "71.03%"}, "1981": {"Average Stock Price": "9.5098", "Year Open": "7.7681", "Year High": "11.3848", "Year Low": "7.7681", "Year Close": "8.4938", "Annual % Change": "8.29%"}}}, "market cap": {"value": "$3.62B"}, "income statement": {"Revenue": {"2019-12-31": "8925.80100", "2018-12-31": "8413.94600", "2017-12-31": "7280.07400", "2016-12-31": "6758.13800", "2015-12-31": "6571.89300", "2014-12-31": "6638.77400", "2013-12-31": "6419.28500", "2012-12-31": "6256.96700", "2011-12-31": "6050.53400", "2010-12-31": "5136.43500", "2009-12-31": "4887.25400", "2008-12-31": "5999.04100", "2007-12-31": "6363.13000", "2006-12-31": "6306.64300", "2005-12-31": "5740.84700"}, "Cost Of Goods Sold": {"2019-12-31": "7555.22400", "2018-12-31": "6824.31900", "2017-12-31": "5838.07500", "2016-12-31": "5256.72200", "2015-12-31": "5086.44900", "2014-12-31": "5253.04000", "2013-12-31": "5099.48400", "2012-12-31": "5008.38000", "2011-12-31": "4805.87600", "2010-12-31": "4066.37800", "2009-12-31": "3983.16200", "2008-12-31": "3192.62400", "2007-12-31": "3608.38900", "2006-12-31": "3601.22700", "2005-12-31": "3226.05200"}, "Gross Profit": {"2019-12-31": "1370.57700", "2018-12-31": "1589.62700", "2017-12-31": "1441.99900", "2016-12-31": "1501.41600", "2015-12-31": "1485.44400", "2014-12-31": "1385.73400", "2013-12-31": "1319.80100", "2012-12-31": "1248.58700", "2011-12-31": "1244.65800", "2010-12-31": "1070.05700", "2009-12-31": "904.09180", "2008-12-31": "2806.41700", "2007-12-31": "2754.74100", "2006-12-31": "2705.41600", "2005-12-31": "2514.79500"}, "Research And Development Expenses": {"2019-12-31": "", "2018-12-31": "", "2017-12-31": "", "2016-12-31": "", "2015-12-31": "", "2014-12-31": "", "2013-12-31": "", "2012-12-31": "", "2011-12-31": "", "2010-12-31": "", "2009-12-31": "", "2008-12-31": "", "2007-12-31": "", "2006-12-31": "", "2005-12-31": ""}, "SG&A Expenses": {"2019-12-31": "907.44900", "2018-12-31": "849.41000", "2017-12-31": "870.91800", "2016-12-31": "804.22900", "2015-12-31": "822.85700", "2014-12-31": "816.97500", "2013-12-31": "790.68100", "2012-12-31": "763.66000", "2011-12-31": "771.24400", "2010-12-31": "655.37500", "2009-12-31": "625.52400", "2008-12-31": "1345.21600", "2007-12-31": "1348.21200", "2006-12-31": "1397.39100", "2005-12-31": "1262.16000"}, "Other Operating Income Or Expenses": {"2019-12-31": "-121.98000", "2018-12-31": "-123.96400", "2017-12-31": "-115.01900", "2016-12-31": "-113.46100", "2015-12-31": "-117.08200", "2014-12-31": "-115.80800", "2013-12-31": "-131.65900", "2012-12-31": "-134.01800", "2011-12-31": "-129.18000", "2010-12-31": "-134.22400", "2009-12-31": "", "2008-12-31": "", "2007-12-31": "", "2006-12-31": "", "2005-12-31": ""}, "Operating Expenses": {"2019-12-31": "8645.06000", "2018-12-31": "7805.23400", "2017-12-31": "6851.75300", "2016-12-31": "6212.00500", "2015-12-31": "6044.18500", "2014-12-31": "6283.05400", "2013-12-31": "6021.82400", "2012-12-31": "5906.05800", "2011-12-31": "5706.30000", "2010-12-31": "4855.97700", "2009-12-31": "4608.68600", "2008-12-31": "5452.28100", "2007-12-31": "5853.56000", "2006-12-31": "5832.04300", "2005-12-31": "5315.95100"}, "Operating Income": {"2019-12-31": "280.74120", "2018-12-31": "608.71240", "2017-12-31": "428.32080", "2016-12-31": "546.13330", "2015-12-31": "527.70850", "2014-12-31": "355.71970", "2013-12-31": "397.46090", "2012-12-31": "350.90870", "2011-12-31": "344.23390", "2010-12-31": "280.45800", "2009-12-31": "278.56790", "2008-12-31": "546.76030", "2007-12-31": "509.56980", "2006-12-31": "474.59960", "2005-12-31": "424.89600"}, "Total Non-Operating Income/Expense": {"2019-12-31": "-323.01300", "2018-12-31": "-219.24300", "2017-12-31": "-131.88500", "2016-12-31": "-138.87700", "2015-12-31": "-58.49300", "2014-12-31": "-17.45300", "2013-12-31": "-28.44600", "2012-12-31": "-47.79200", "2011-12-31": "-64.84700", "2010-12-31": "-94.15300", "2009-12-31": "-134.79900", "2008-12-31": "-137.47200", "2007-12-31": "-107.36600", "2006-12-31": "-81.62700", "2005-12-31": "-67.80800"}, "Pre-Tax Income": {"2019-12-31": "-42.27100", "2018-12-31": "389.46900", "2017-12-31": "296.43600", "2016-12-31": "407.25600", "2015-12-31": "469.21500", "2014-12-31": "338.26700", "2013-12-31": "369.01500", "2012-12-31": "303.11700", "2011-12-31": "279.38700", "2010-12-31": "186.30500", "2009-12-31": "143.76900", "2008-12-31": "409.28800", "2007-12-31": "402.20400", "2006-12-31": "392.97300", "2005-12-31": "357.08800"}, "Income Taxes": {"2019-12-31": "-18.99900", "2018-12-31": "102.54700", "2017-12-31": "-423.66500", "2016-12-31": "142.02400", "2015-12-31": "163.22600", "2014-12-31": "118.04200", "2013-12-31": "125.74000", "2012-12-31": "102.21800", "2011-12-31": "108.01900", "2010-12-31": "61.69700", "2009-12-31": "53.65200", "2008-12-31": "151.70900", "2007-12-31": "150.42500", "2006-12-31": "144.01400", "2005-12-31": "129.46000"}, "Income After Taxes": {"2019-12-31": "-23.27200", "2018-12-31": "286.92200", "2017-12-31": "720.10100", "2016-12-31": "265.23200", "2015-12-31": "305.98900", "2014-12-31": "220.22500", "2013-12-31": "243.27500", "2012-12-31": "200.89900", "2011-12-31": "171.36800", "2010-12-31": "124.60800", "2009-12-31": "90.11700", "2008-12-31": "257.57900", "2007-12-31": "251.77900", "2006-12-31": "248.95900", "2005-12-31": "227.62800"}, "Other Income": {"2019-12-31": "", "2018-12-31": "", "2017-12-31": "", "2016-12-31": "", "2015-12-31": "", "2014-12-31": "", "2013-12-31": "", "2012-12-31": "", "2011-12-31": "", "2010-12-31": "", "2009-12-31": "", "2008-12-31": "", "2007-12-31": "", "2006-12-31": "", "2005-12-31": ""}, "Income From Continuous Operations": {"2019-12-31": "-23.27200", "2018-12-31": "286.92200", "2017-12-31": "720.10100", "2016-12-31": "265.23200", "2015-12-31": "305.98900", "2014-12-31": "220.22500", "2013-12-31": "243.27500", "2012-12-31": "200.89900", "2011-12-31": "171.36800", "2010-12-31": "124.60800", "2009-12-31": "90.11700", "2008-12-31": "257.57900", "2007-12-31": "251.77900", "2006-12-31": "248.95900", "2005-12-31": "227.62800"}, "Income From Discontinued Operations": {"2019-12-31": "-1.13800", "2018-12-31": "-2.30900", "2017-12-31": "-0.45700", "2016-12-31": "-2.16300", "2015-12-31": "-1.22100", "2014-12-31": "-1.88400", "2013-12-31": "-5.40400", "2012-12-31": "9.08000", "2011-12-31": "-1.59100", "2010-12-31": "-6.43800", "2009-12-31": "-28.17200", "2008-12-31": "-57.69800", "2007-12-31": "2.08200", "2006-12-31": "", "2005-12-31": "1.74100"}, "Net Income": {"2019-12-31": "-24.41000", "2018-12-31": "284.61300", "2017-12-31": "719.64400", "2016-12-31": "263.06900", "2015-12-31": "304.76800", "2014-12-31": "218.34100", "2013-12-31": "237.87100", "2012-12-31": "209.97900", "2011-12-31": "169.77700", "2010-12-31": "118.17000", "2009-12-31": "61.94500", "2008-12-31": "199.88100", "2007-12-31": "253.86100", "2006-12-31": "248.95900", "2005-12-31": "226.92900"}, "EBITDA": {"2019-12-31": "2260.95900", "2018-12-31": "2080.73100", "2017-12-31": "1727.04100", "2016-12-31": "1772.04000", "2015-12-31": "1702.63900", "2014-12-31": "1450.03200", "2013-12-31": "1437.46000", "2012-12-31": "1339.79500", "2011-12-31": "1256.42400", "2010-12-31": "1155.19900", "2009-12-31": "1201.08500", "2008-12-31": "1408.17200", "2007-12-31": "1335.10900", "2006-12-31": "1231.99400", "2005-12-31": "1176.54300"}, "EBIT": {"2019-12-31": "280.74120", "2018-12-31": "608.71240", "2017-12-31": "428.32080", "2016-12-31": "546.13330", "2015-12-31": "527.70850", "2014-12-31": "355.71970", "2013-12-31": "397.46090", "2012-12-31": "350.90870", "2011-12-31": "344.23390", "2010-12-31": "280.45800", "2009-12-31": "278.56790", "2008-12-31": "546.76030", "2007-12-31": "509.56980", "2006-12-31": "474.59960", "2005-12-31": "424.89600"}, "Basic Shares Outstanding": {"2019-12-31": "52.34800", "2018-12-31": "52.39000", "2017-12-31": "52.61300", "2016-12-31": "53.01500", "2015-12-31": "52.81400", "2014-12-31": "52.53600", "2013-12-31": "51.61700", "2012-12-31": "50.44900", "2011-12-31": "50.50000", "2010-12-31": "51.71700", "2009-12-31": "55.03500", "2008-12-31": "56.20400", "2007-12-31": "59.32400", "2006-12-31": "60.87300", "2005-12-31": "63.75800"}, "Shares Outstanding": {"2019-12-31": "52.34800", "2018-12-31": "52.69700", "2017-12-31": "52.98600", "2016-12-31": "53.36100", "2015-12-31": "53.26000", "2014-12-31": "53.03600", "2013-12-31": "52.07100", "2012-12-31": "50.74000", "2011-12-31": "50.87800", "2010-12-31": "51.88400", "2009-12-31": "55.09400", "2008-12-31": "56.53900", "2007-12-31": "59.72800", "2006-12-31": "61.57800", "2005-12-31": "64.56000"}, "Basic EPS": {"2019-12-31": "-0.47000", "2018-12-31": "5.41000", "2017-12-31": "13.63000", "2016-12-31": "4.95000", "2015-12-31": "5.75000", "2014-12-31": "4.14000", "2013-12-31": "4.57000", "2012-12-31": "4.11000", "2011-12-31": "3.31000", "2010-12-31": "2.25000", "2009-12-31": "1.11000", "2008-12-31": "3.52000", "2007-12-31": "4.25000", "2006-12-31": "4.09000", "2005-12-31": "3.56000"}, "EPS - Earnings Per Share": {"2019-12-31": "-0.47000", "2018-12-31": "5.38000", "2017-12-31": "13.53000", "2016-12-31": "4.91000", "2015-12-31": "5.71000", "2014-12-31": "4.11000", "2013-12-31": "4.53000", "2012-12-31": "4.09000", "2011-12-31": "3.28000", "2010-12-31": "2.25000", "2009-12-31": "1.11000", "2008-12-31": "3.50000", "2007-12-31": "4.22000", "2006-12-31": "4.04000", "2005-12-31": "3.52000"}}, "income statement, quarterly": {"Revenue": {"2020-09-30": "2150.57500", "2020-06-30": "1895.28200", "2020-03-31": "2161.30600", "2019-12-31": "2276.54900", "2019-09-30": "2223.93200", "2019-06-30": "2244.99300", "2019-03-31": "2180.32700", "2018-12-31": "2260.15500", "2018-09-30": "2159.68200", "2018-06-30": "2089.90400", "2018-03-31": "1904.20500", "2017-12-31": "1914.16600", "2017-09-30": "1840.89700", "2017-06-30": "1788.02800", "2017-03-31": "1736.98300", "2016-12-31": "1700.30400", "2016-09-30": "1724.41800", "2016-06-30": "1703.74400", "2016-03-31": "1629.67200", "2015-12-31": "1672.74300", "2015-09-30": "1669.06600", "2015-06-30": "1662.93100", "2015-03-31": "1567.15300", "2014-12-31": "1656.31600", "2014-09-30": "1687.15000", "2014-06-30": "1684.57100", "2014-03-31": "1610.73700", "2013-12-31": "1617.72900", "2013-09-30": "1634.54000", "2013-06-30": "1603.99900", "2013-03-31": "1563.01700", "2012-12-31": "1583.53600", "2012-09-30": "1573.29500", "2012-06-30": "1563.86000", "2012-03-31": "1536.27600", "2011-12-31": "1541.09400", "2011-09-30": "1570.72000", "2011-06-30": "1513.34400", "2011-03-31": "1425.37600", "2010-12-31": "1313.42600", "2010-09-30": "1316.94800", "2010-06-30": "1286.12300", "2010-03-31": "1219.93800", "2009-12-31": "1246.96800", "2009-09-30": "1253.85400", "2009-06-30": "1212.03600", "2009-03-31": "1174.39600", "2008-12-31": "1218.38100", "2008-09-30": "1576.83600", "2008-06-30": "1660.24200", "2008-03-31": "1543.58200", "2007-12-31": "1463.33500", "2007-09-30": "1647.72400", "2007-06-30": "1657.96900", "2007-03-31": "1594.10200", "2006-12-31": "1594.07700", "2006-09-30": "1620.54900", "2006-06-30": "1595.72600", "2006-03-31": "1496.29100", "2005-12-31": "1544.79300", "2005-09-30": "1490.62300", "2005-06-30": "1389.81600", "2005-03-31": "1315.61500"}, "Cost Of Goods Sold": {"2020-09-30": "1813.80000", "2020-06-30": "1646.68300", "2020-03-31": "1926.73500", "2019-12-31": "1935.01100", "2019-09-30": "1995.02500", "2019-06-30": "1812.30800", "2019-03-31": "1812.88000", "2018-12-31": "1795.63700", "2018-09-30": "1748.01900", "2018-06-30": "1696.40900", "2018-03-31": "1584.25400", "2017-12-31": "1533.96600", "2017-09-30": "1467.02600", "2017-06-30": "1429.57100", "2017-03-31": "1407.51200", "2016-12-31": "1323.11000", "2016-09-30": "1333.59800", "2016-06-30": "1316.90900", "2016-03-31": "1283.10500", "2015-12-31": "1253.59600", "2015-09-30": "1286.46700", "2015-06-30": "1276.97200", "2015-03-31": "1269.41400", "2014-12-31": "1225.50000", "2014-09-30": "1353.54700", "2014-06-30": "1367.51600", "2014-03-31": "1306.47700", "2013-12-31": "1272.06700", "2013-09-30": "1288.85900", "2013-06-30": "1271.59900", "2013-03-31": "1266.95900", "2012-12-31": "1263.55200", "2012-09-30": "1246.42400", "2012-06-30": "1248.21800", "2012-03-31": "1250.18600", "2011-12-31": "1214.32500", "2011-09-30": "1239.94800", "2011-06-30": "1196.27100", "2011-03-31": "1155.33200", "2010-12-31": "2060.80300", "2010-09-30": "691.54400", "2010-06-30": "676.08000", "2010-03-31": "637.95100", "2009-12-31": "2191.45800", "2009-09-30": "627.13400", "2009-06-30": "588.85300", "2009-03-31": "575.71700", "2008-12-31": "561.42710", "2008-09-30": "855.29300", "2008-06-30": "936.80600", "2008-03-31": "839.09800", "2007-12-31": "807.27490", "2007-09-30": "928.34000", "2007-06-30": "958.33700", "2007-03-31": "914.43700", "2006-12-31": "899.22690", "2006-09-30": "920.49600", "2006-06-30": "918.73800", "2006-03-31": "862.76600", "2005-12-31": "898.39920", "2005-09-30": "840.68300", "2005-06-30": "764.70400", "2005-03-31": "722.26600"}, "Gross Profit": {"2020-09-30": "336.77490", "2020-06-30": "248.59900", "2020-03-31": "234.57090", "2019-12-31": "341.53800", "2019-09-30": "228.90700", "2019-06-30": "432.68480", "2019-03-31": "367.44690", "2018-12-31": "464.51870", "2018-09-30": "411.66280", "2018-06-30": "393.49500", "2018-03-31": "319.95090", "2017-12-31": "380.20010", "2017-09-30": "373.87100", "2017-06-30": "358.45690", "2017-03-31": "329.47110", "2016-12-31": "377.19420", "2016-09-30": "390.81990", "2016-06-30": "386.83500", "2016-03-31": "346.56700", "2015-12-31": "419.14720", "2015-09-30": "382.59900", "2015-06-30": "385.95900", "2015-03-31": "297.73900", "2014-12-31": "430.81580", "2014-09-30": "333.60300", "2014-06-30": "317.05490", "2014-03-31": "304.26010", "2013-12-31": "345.66220", "2013-09-30": "345.68100", "2013-06-30": "332.40000", "2013-03-31": "296.05800", "2012-12-31": "319.98400", "2012-09-30": "326.87110", "2012-06-30": "315.64200", "2012-03-31": "286.09000", "2011-12-31": "326.76950", "2011-09-30": "330.77200", "2011-06-30": "317.07300", "2011-03-31": "270.04390", "2010-12-31": "-747.37700", "2010-09-30": "625.40400", "2010-06-30": "610.04300", "2010-03-31": "581.98700", "2009-12-31": "-944.49020", "2009-09-30": "626.72000", "2009-06-30": "623.18300", "2009-03-31": "598.67900", "2008-12-31": "656.95400", "2008-09-30": "721.54310", "2008-06-30": "723.43600", "2008-03-31": "704.48400", "2007-12-31": "656.05980", "2007-09-30": "719.38400", "2007-06-30": "699.63200", "2007-03-31": "679.66500", "2006-12-31": "694.85020", "2006-09-30": "700.05290", "2006-06-30": "676.98800", "2006-03-31": "633.52500", "2005-12-31": "646.39400", "2005-09-30": "649.94010", "2005-06-30": "625.11210", "2005-03-31": "593.34900"}, "Research And Development Expenses": {"2020-09-30": "", "2020-06-30": "", "2020-03-31": "", "2019-12-31": "", "2019-09-30": "", "2019-06-30": "", "2019-03-31": "", "2018-12-31": "", "2018-09-30": "", "2018-06-30": "", "2018-03-31": "", "2017-12-31": "", "2017-09-30": "", "2017-06-30": "", "2017-03-31": "", "2016-12-31": "", "2016-09-30": "", "2016-06-30": "", "2016-03-31": "", "2015-12-31": "", "2015-09-30": "", "2015-06-30": "", "2015-03-31": "", "2014-12-31": "", "2014-09-30": "", "2014-06-30": "", "2014-03-31": "", "2013-12-31": "", "2013-09-30": "", "2013-06-30": "", "2013-03-31": "", "2012-12-31": "", "2012-09-30": "", "2012-06-30": "", "2012-03-31": "", "2011-12-31": "", "2011-09-30": "", "2011-06-30": "", "2011-03-31": "", "2010-12-31": "", "2010-09-30": "", "2010-06-30": "", "2010-03-31": "", "2009-12-31": "", "2009-09-30": "", "2009-06-30": "", "2009-03-31": "", "2008-12-31": "", "2008-09-30": "", "2008-06-30": "", "2008-03-31": "", "2007-12-31": "", "2007-09-30": "", "2007-06-30": "", "2007-03-31": "", "2006-12-31": "", "2006-09-30": "", "2006-06-30": "", "2006-03-31": "", "2005-12-31": "", "2005-09-30": "", "2005-06-30": "", "2005-03-31": ""}, "SG&A Expenses": {"2020-09-30": "211.18300", "2020-06-30": "208.56400", "2020-03-31": "224.11900", "2019-12-31": "233.67100", "2019-09-30": "216.03700", "2019-06-30": "226.41600", "2019-03-31": "231.32500", "2018-12-31": "213.37100", "2018-09-30": "215.59900", "2018-06-30": "212.61200", "2018-03-31": "207.82800", "2017-12-31": "256.11010", "2017-09-30": "212.24900", "2017-06-30": "201.46400", "2017-03-31": "201.09500", "2016-12-31": "201.46100", "2016-09-30": "191.33700", "2016-06-30": "207.02800", "2016-03-31": "204.40300", "2015-12-31": "198.29100", "2015-09-30": "203.09300", "2015-06-30": "214.86800", "2015-03-31": "206.60500", "2014-12-31": "222.84200", "2014-09-30": "202.00100", "2014-06-30": "200.43000", "2014-03-31": "191.70200", "2013-12-31": "209.80800", "2013-09-30": "196.76700", "2013-06-30": "195.03300", "2013-03-31": "189.07300", "2012-12-31": "195.63100", "2012-09-30": "183.71300", "2012-06-30": "189.33200", "2012-03-31": "194.98400", "2011-12-31": "202.87100", "2011-09-30": "200.09600", "2011-06-30": "195.16800", "2011-03-31": "173.10900", "2010-12-31": "-274.28400", "2010-09-30": "314.70600", "2010-06-30": "310.24100", "2010-03-31": "304.71200", "2009-12-31": "-292.58500", "2009-09-30": "312.04200", "2009-06-30": "304.85400", "2009-03-31": "301.21300", "2008-12-31": "287.90600", "2008-09-30": "344.89700", "2008-06-30": "354.04300", "2008-03-31": "358.37000", "2007-12-31": "300.94100", "2007-09-30": "348.40500", "2007-06-30": "344.70200", "2007-03-31": "354.16400", "2006-12-31": "361.67990", "2006-09-30": "354.22100", "2006-06-30": "343.97700", "2006-03-31": "337.51300", "2005-12-31": "333.59000", "2005-09-30": "314.63900", "2005-06-30": "306.37200", "2005-03-31": "307.55900"}, "Other Operating Income Or Expenses": {"2020-09-30": "", "2020-06-30": "-29.84900", "2020-03-31": "", "2019-12-31": "-92.31700", "2019-09-30": "", "2019-06-30": "-29.66300", "2019-03-31": "", "2018-12-31": "-63.25700", "2018-09-30": "-30.02000", "2018-06-30": "-30.68700", "2018-03-31": "", "2017-12-31": "-27.89700", "2017-09-30": "-28.44500", "2017-06-30": "-27.40600", "2017-03-31": "-31.27100", "2016-12-31": "-27.51700", "2016-09-30": "-27.99700", "2016-06-30": "-27.79600", "2016-03-31": "-30.15100", "2015-12-31": "-60.54300", "2015-09-30": "-26.95700", "2015-06-30": "-29.58200", "2015-03-31": "", "2014-12-31": "-79.16300", "2014-09-30": "", "2014-06-30": "", "2014-03-31": "-36.64500", "2013-12-31": "-31.40200", "2013-09-30": "-29.78200", "2013-06-30": "-32.87600", "2013-03-31": "-37.59900", "2012-12-31": "-33.13900", "2012-09-30": "-32.96600", "2012-06-30": "-33.66400", "2012-03-31": "-34.24900", "2011-12-31": "-34.10900", "2011-09-30": "-30.26800", "2011-06-30": "-30.17400", "2011-03-31": "-34.62900", "2010-12-31": "", "2010-09-30": "", "2010-06-30": "", "2010-03-31": "", "2009-12-31": "", "2009-09-30": "", "2009-06-30": "", "2009-03-31": "", "2008-12-31": "", "2008-09-30": "", "2008-06-30": "", "2008-03-31": "", "2007-12-31": "", "2007-09-30": "", "2007-06-30": "", "2007-03-31": "", "2006-12-31": "", "2006-09-30": "", "2006-06-30": "", "2006-03-31": "", "2005-12-31": "", "2005-09-30": "", "2005-06-30": "", "2005-03-31": ""}, "Operating Expenses": {"2020-09-30": "2032.18300", "2020-06-30": "1886.03200", "2020-03-31": "2152.07500", "2019-12-31": "2301.34500", "2019-09-30": "2217.94700", "2019-06-30": "2075.10000", "2019-03-31": "2050.66700", "2018-12-31": "2076.56400", "2018-09-30": "1994.79900", "2018-06-30": "1940.56600", "2018-03-31": "1793.30400", "2017-12-31": "1824.83900", "2017-09-30": "1714.67800", "2017-06-30": "1665.02800", "2017-03-31": "1647.20800", "2016-12-31": "1559.98300", "2016-09-30": "1560.40000", "2016-06-30": "1567.15300", "2016-03-31": "1524.46900", "2015-12-31": "1530.22600", "2015-09-30": "1516.51700", "2015-06-30": "1521.42200", "2015-03-31": "1476.01900", "2014-12-31": "1624.73600", "2014-09-30": "1555.54800", "2014-06-30": "1567.94600", "2014-03-31": "1534.82400", "2013-12-31": "1513.27700", "2013-09-30": "1515.40800", "2013-06-30": "1499.50800", "2013-03-31": "1493.63100", "2012-12-31": "1492.32200", "2012-09-30": "1463.10300", "2012-06-30": "1471.21400", "2012-03-31": "1479.41900", "2011-12-31": "1451.30500", "2011-09-30": "1470.31200", "2011-06-30": "1421.61300", "2011-03-31": "1363.07000", "2010-12-31": "1243.51600", "2010-09-30": "1232.64200", "2010-06-30": "1209.69600", "2010-03-31": "1170.12300", "2009-12-31": "1184.92800", "2009-09-30": "1175.89700", "2009-06-30": "1134.00700", "2009-03-31": "1113.85400", "2008-12-31": "1074.73000", "2008-09-30": "1432.20300", "2008-06-30": "1520.39400", "2008-03-31": "1424.95400", "2007-12-31": "1330.97900", "2007-09-30": "1509.64700", "2007-06-30": "1527.62800", "2007-03-31": "1485.30600", "2006-12-31": "1468.38500", "2006-09-30": "1488.10800", "2006-06-30": "1471.52900", "2006-03-31": "1404.02200", "2005-12-31": "1426.14400", "2005-09-30": "1368.60900", "2005-06-30": "1282.66600", "2005-03-31": "1238.53200"}, "Operating Income": {"2020-09-30": "118.39200", "2020-06-30": "9.25000", "2020-03-31": "9.23100", "2019-12-31": "-24.79610", "2019-09-30": "5.98490", "2019-06-30": "169.89280", "2019-03-31": "129.65990", "2018-12-31": "183.59080", "2018-09-30": "164.88280", "2018-06-30": "149.33800", "2018-03-31": "110.90090", "2017-12-31": "89.32720", "2017-09-30": "126.21900", "2017-06-30": "122.99990", "2017-03-31": "89.77520", "2016-12-31": "140.32120", "2016-09-30": "164.01790", "2016-06-30": "136.59090", "2016-03-31": "105.20300", "2015-12-31": "142.51660", "2015-09-30": "152.54900", "2015-06-30": "141.50890", "2015-03-31": "91.13400", "2014-12-31": "31.57960", "2014-09-30": "131.60210", "2014-06-30": "116.62500", "2014-03-31": "75.91310", "2013-12-31": "104.45190", "2013-09-30": "119.13210", "2013-06-30": "104.49110", "2013-03-31": "69.38600", "2012-12-31": "91.21410", "2012-09-30": "110.19210", "2012-06-30": "92.64590", "2012-03-31": "56.85690", "2011-12-31": "89.78910", "2011-09-30": "100.40810", "2011-06-30": "91.73110", "2011-03-31": "62.30590", "2010-12-31": "69.91000", "2010-09-30": "84.30600", "2010-06-30": "76.42700", "2010-03-31": "49.81510", "2009-12-31": "62.03980", "2009-09-30": "77.95700", "2009-06-30": "78.02890", "2009-03-31": "60.54200", "2008-12-31": "143.65100", "2008-09-30": "144.63320", "2008-06-30": "139.84800", "2008-03-31": "118.62810", "2007-12-31": "132.35550", "2007-09-30": "138.07690", "2007-06-30": "130.34110", "2007-03-31": "108.79610", "2006-12-31": "125.69250", "2006-09-30": "132.44090", "2006-06-30": "124.19700", "2006-03-31": "92.26890", "2005-12-31": "118.64890", "2005-09-30": "122.01400", "2005-06-30": "107.15000", "2005-03-31": "77.08300"}, "Total Non-Operating Income/Expense": {"2020-09-30": "-63.62700", "2020-06-30": "-104.02700", "2020-03-31": "-122.86500", "2019-12-31": "-97.43500", "2019-09-30": "-97.24500", "2019-06-30": "-66.82400", "2019-03-31": "-61.50900", "2018-12-31": "-67.57700", "2018-09-30": "-46.02000", "2018-06-30": "-47.44400", "2018-03-31": "-58.20200", "2017-12-31": "-28.85900", "2017-09-30": "-31.72700", "2017-06-30": "-42.14600", "2017-03-31": "-29.15300", "2016-12-31": "-70.25000", "2016-09-30": "-32.32000", "2016-06-30": "-19.81200", "2016-03-31": "-16.49500", "2015-12-31": "-30.82500", "2015-09-30": "-12.64900", "2015-06-30": "-8.06200", "2015-03-31": "-6.95700", "2014-12-31": "-18.01400", "2014-09-30": "-1.99400", "2014-06-30": "3.46400", "2014-03-31": "-0.90900", "2013-12-31": "-6.70500", "2013-09-30": "-7.73400", "2013-06-30": "-7.12900", "2013-03-31": "-6.87800", "2012-12-31": "-9.37400", "2012-09-30": "-10.38200", "2012-06-30": "-18.87700", "2012-03-31": "-9.15900", "2011-12-31": "-16.67700", "2011-09-30": "-12.75300", "2011-06-30": "-16.72100", "2011-03-31": "-18.69600", "2010-12-31": "-20.30200", "2010-09-30": "-22.30800", "2010-06-30": "-24.22000", "2010-03-31": "-27.32300", "2009-12-31": "-30.24100", "2009-09-30": "-33.75000", "2009-06-30": "-32.69700", "2009-03-31": "-38.11100", "2008-12-31": "-54.24200", "2008-09-30": "-29.51600", "2008-06-30": "-27.17300", "2008-03-31": "-26.54100", "2007-12-31": "-23.81900", "2007-09-30": "-33.58400", "2007-06-30": "-26.00500", "2007-03-31": "-23.95800", "2006-12-31": "-23.89100", "2006-09-30": "-25.02800", "2006-06-30": "-19.64300", "2006-03-31": "-13.06500", "2005-12-31": "-24.81200", "2005-09-30": "-16.51400", "2005-06-30": "-16.62100", "2005-03-31": "-9.86100"}, "Pre-Tax Income": {"2020-09-30": "54.76500", "2020-06-30": "-94.77700", "2020-03-31": "-113.63400", "2019-12-31": "-122.23100", "2019-09-30": "-91.26000", "2019-06-30": "103.06900", "2019-03-31": "68.15100", "2018-12-31": "116.01300", "2018-09-30": "118.86300", "2018-06-30": "101.89400", "2018-03-31": "52.69900", "2017-12-31": "60.46800", "2017-09-30": "94.49200", "2017-06-30": "80.85400", "2017-03-31": "60.62200", "2016-12-31": "70.07100", "2016-09-30": "131.69800", "2016-06-30": "116.77900", "2016-03-31": "88.70800", "2015-12-31": "111.69100", "2015-09-30": "139.90000", "2015-06-30": "133.44700", "2015-03-31": "84.17700", "2014-12-31": "13.56600", "2014-09-30": "129.60800", "2014-06-30": "120.08900", "2014-03-31": "75.00400", "2013-12-31": "97.74700", "2013-09-30": "111.39800", "2013-06-30": "97.36200", "2013-03-31": "62.50800", "2012-12-31": "81.84000", "2012-09-30": "99.81000", "2012-06-30": "73.76900", "2012-03-31": "47.69800", "2011-12-31": "73.11200", "2011-09-30": "87.65500", "2011-06-30": "75.01000", "2011-03-31": "43.61000", "2010-12-31": "49.60800", "2010-09-30": "61.99800", "2010-06-30": "52.20700", "2010-03-31": "22.49200", "2009-12-31": "31.79900", "2009-09-30": "44.20700", "2009-06-30": "45.33200", "2009-03-31": "22.43100", "2008-12-31": "89.40900", "2008-09-30": "115.11700", "2008-06-30": "112.67500", "2008-03-31": "92.08700", "2007-12-31": "108.53700", "2007-09-30": "104.49300", "2007-06-30": "104.33600", "2007-03-31": "84.83800", "2006-12-31": "101.80200", "2006-09-30": "107.41300", "2006-06-30": "104.55400", "2006-03-31": "79.20400", "2005-12-31": "93.83700", "2005-09-30": "105.50000", "2005-06-30": "90.52900", "2005-03-31": "67.22200"}, "Income Taxes": {"2020-09-30": "9.68000", "2020-06-30": "-21.07200", "2020-03-31": "-4.50500", "2019-12-31": "-69.15500", "2019-09-30": "0.27800", "2019-06-30": "27.61700", "2019-03-31": "22.26100", "2018-12-31": "4.17500", "2018-09-30": "27.26100", "2018-06-30": "55.72500", "2018-03-31": "15.38600", "2017-12-31": "-510.66200", "2017-09-30": "35.45200", "2017-06-30": "29.45900", "2017-03-31": "22.08600", "2016-12-31": "20.20400", "2016-09-30": "46.56000", "2016-06-30": "42.73700", "2016-03-31": "32.52300", "2015-12-31": "35.75600", "2015-09-30": "49.08900", "2015-06-30": "47.53000", "2015-03-31": "30.85100", "2014-12-31": "2.05500", "2014-09-30": "45.71300", "2014-06-30": "44.36800", "2014-03-31": "25.90600", "2013-12-31": "31.72400", "2013-09-30": "37.52300", "2013-06-30": "34.78700", "2013-03-31": "21.70600", "2012-12-31": "26.89500", "2012-09-30": "35.49900", "2012-06-30": "27.00200", "2012-03-31": "12.82200", "2011-12-31": "25.44800", "2011-09-30": "30.72200", "2011-06-30": "34.09600", "2011-03-31": "17.75300", "2010-12-31": "8.14600", "2010-09-30": "22.32400", "2010-06-30": "21.60700", "2010-03-31": "9.62000", "2009-12-31": "8.12900", "2009-09-30": "15.76800", "2009-06-30": "18.26400", "2009-03-31": "11.49100", "2008-12-31": "23.63500", "2008-09-30": "42.34000", "2008-06-30": "49.72900", "2008-03-31": "36.00500", "2007-12-31": "38.67300", "2007-09-30": "38.96000", "2007-06-30": "39.21300", "2007-03-31": "33.57900", "2006-12-31": "35.98100", "2006-09-30": "42.13600", "2006-06-30": "34.27500", "2006-03-31": "31.62200", "2005-12-31": "34.33700", "2005-09-30": "42.15900", "2005-06-30": "27.23100", "2005-03-31": "25.73300"}, "Income After Taxes": {"2020-09-30": "45.08500", "2020-06-30": "-73.70500", "2020-03-31": "-109.12900", "2019-12-31": "-53.07600", "2019-09-30": "-91.53800", "2019-06-30": "75.45200", "2019-03-31": "45.89000", "2018-12-31": "111.83800", "2018-09-30": "91.60200", "2018-06-30": "46.16900", "2018-03-31": "37.31300", "2017-12-31": "571.13000", "2017-09-30": "59.04000", "2017-06-30": "51.39500", "2017-03-31": "38.53600", "2016-12-31": "49.86700", "2016-09-30": "85.13800", "2016-06-30": "74.04200", "2016-03-31": "56.18500", "2015-12-31": "75.93500", "2015-09-30": "90.81100", "2015-06-30": "85.91700", "2015-03-31": "53.32600", "2014-12-31": "11.51100", "2014-09-30": "83.89500", "2014-06-30": "75.72100", "2014-03-31": "49.09800", "2013-12-31": "66.02300", "2013-09-30": "73.87500", "2013-06-30": "62.57500", "2013-03-31": "40.80200", "2012-12-31": "54.94500", "2012-09-30": "64.31100", "2012-06-30": "46.76700", "2012-03-31": "34.87600", "2011-12-31": "47.66400", "2011-09-30": "56.93300", "2011-06-30": "40.91400", "2011-03-31": "25.85700", "2010-12-31": "41.46200", "2010-09-30": "39.67400", "2010-06-30": "30.60000", "2010-03-31": "12.87200", "2009-12-31": "23.67000", "2009-09-30": "28.43900", "2009-06-30": "27.06800", "2009-03-31": "10.94000", "2008-12-31": "65.77400", "2008-09-30": "72.77700", "2008-06-30": "62.94600", "2008-03-31": "56.08200", "2007-12-31": "69.86400", "2007-09-30": "65.53300", "2007-06-30": "65.12300", "2007-03-31": "51.25900", "2006-12-31": "65.82100", "2006-09-30": "65.27700", "2006-06-30": "70.27900", "2006-03-31": "47.58200", "2005-12-31": "59.50000", "2005-09-30": "63.34100", "2005-06-30": "63.29800", "2005-03-31": "41.48900"}, "Other Income": {"2020-09-30": "", "2020-06-30": "", "2020-03-31": "", "2019-12-31": "", "2019-09-30": "", "2019-06-30": "", "2019-03-31": "", "2018-12-31": "", "2018-09-30": "", "2018-06-30": "", "2018-03-31": "", "2017-12-31": "", "2017-09-30": "", "2017-06-30": "", "2017-03-31": "", "2016-12-31": "", "2016-09-30": "", "2016-06-30": "", "2016-03-31": "", "2015-12-31": "", "2015-09-30": "", "2015-06-30": "", "2015-03-31": "", "2014-12-31": "", "2014-09-30": "", "2014-06-30": "", "2014-03-31": "", "2013-12-31": "", "2013-09-30": "", "2013-06-30": "", "2013-03-31": "", "2012-12-31": "", "2012-09-30": "", "2012-06-30": "", "2012-03-31": "", "2011-12-31": "", "2011-09-30": "", "2011-06-30": "", "2011-03-31": "", "2010-12-31": "", "2010-09-30": "", "2010-06-30": "", "2010-03-31": "", "2009-12-31": "", "2009-09-30": "", "2009-06-30": "", "2009-03-31": "", "2008-12-31": "", "2008-09-30": "", "2008-06-30": "", "2008-03-31": "", "2007-12-31": "", "2007-09-30": "", "2007-06-30": "", "2007-03-31": "", "2006-12-31": "", "2006-09-30": "", "2006-06-30": "", "2006-03-31": "", "2005-12-31": "", "2005-09-30": "", "2005-06-30": "", "2005-03-31": ""}, "Income From Continuous Operations": {"2020-09-30": "45.08500", "2020-06-30": "-73.70500", "2020-03-31": "-109.12900", "2019-12-31": "-53.07600", "2019-09-30": "-91.53800", "2019-06-30": "75.45200", "2019-03-31": "45.89000", "2018-12-31": "111.83800", "2018-09-30": "91.60200", "2018-06-30": "46.16900", "2018-03-31": "37.31300", "2017-12-31": "571.13000", "2017-09-30": "59.04000", "2017-06-30": "51.39500", "2017-03-31": "38.53600", "2016-12-31": "49.86700", "2016-09-30": "85.13800", "2016-06-30": "74.04200", "2016-03-31": "56.18500", "2015-12-31": "75.93500", "2015-09-30": "90.81100", "2015-06-30": "85.91700", "2015-03-31": "53.32600", "2014-12-31": "11.51100", "2014-09-30": "83.89500", "2014-06-30": "75.72100", "2014-03-31": "49.09800", "2013-12-31": "66.02300", "2013-09-30": "73.87500", "2013-06-30": "62.57500", "2013-03-31": "40.80200", "2012-12-31": "54.94500", "2012-09-30": "64.31100", "2012-06-30": "46.76700", "2012-03-31": "34.87600", "2011-12-31": "47.66400", "2011-09-30": "56.93300", "2011-06-30": "40.91400", "2011-03-31": "25.85700", "2010-12-31": "41.46200", "2010-09-30": "39.67400", "2010-06-30": "30.60000", "2010-03-31": "12.87200", "2009-12-31": "23.67000", "2009-09-30": "28.43900", "2009-06-30": "27.06800", "2009-03-31": "10.94000", "2008-12-31": "65.77400", "2008-09-30": "72.77700", "2008-06-30": "62.94600", "2008-03-31": "56.08200", "2007-12-31": "69.86400", "2007-09-30": "65.53300", "2007-06-30": "65.12300", "2007-03-31": "51.25900", "2006-12-31": "65.82100", "2006-09-30": "65.27700", "2006-06-30": "70.27900", "2006-03-31": "47.58200", "2005-12-31": "59.50000", "2005-09-30": "63.34100", "2005-06-30": "63.29800", "2005-03-31": "41.48900"}, "Income From Discontinued Operations": {"2020-09-30": "-9.25100", "2020-06-30": "-0.39400", "2020-03-31": "-0.48400", "2019-12-31": "-0.41000", "2019-09-30": "0.08300", "2019-06-30": "-0.23700", "2019-03-31": "-0.57400", "2018-12-31": "0.13900", "2018-09-30": "-0.76000", "2018-06-30": "-1.26100", "2018-03-31": "-0.42700", "2017-12-31": "0.49000", "2017-09-30": "-0.29000", "2017-06-30": "-0.52700", "2017-03-31": "-0.13000", "2016-12-31": "-1.09400", "2016-09-30": "-0.38600", "2016-06-30": "-0.29200", "2016-03-31": "-0.39100", "2015-12-31": "0.26600", "2015-09-30": "-0.19200", "2015-06-30": "-0.75800", "2015-03-31": "-0.53700", "2014-12-31": "-0.40400", "2014-09-30": "-0.27800", "2014-06-30": "-0.33600", "2014-03-31": "-0.86600", "2013-12-31": "-1.33700", "2013-09-30": "-2.80800", "2013-06-30": "-0.38100", "2013-03-31": "-0.87800", "2012-12-31": "-1.10100", "2012-09-30": "10.78000", "2012-06-30": "-0.04400", "2012-03-31": "-0.55500", "2011-12-31": "0.43100", "2011-09-30": "-0.40900", "2011-06-30": "-0.88100", "2011-03-31": "-0.73200", "2010-12-31": "-4.34100", "2010-09-30": "-0.83900", "2010-06-30": "-0.75900", "2010-03-31": "-0.49900", "2009-12-31": "-15.42200", "2009-09-30": "-4.46800", "2009-06-30": "-4.18000", "2009-03-31": "-4.10200", "2008-12-31": "-55.12900", "2008-09-30": "-2.56900", "2008-06-30": "", "2008-03-31": "", "2007-12-31": "", "2007-09-30": "", "2007-06-30": "", "2007-03-31": "", "2006-12-31": "", "2006-09-30": "", "2006-06-30": "", "2006-03-31": "", "2005-12-31": "", "2005-09-30": "", "2005-06-30": "", "2005-03-31": ""}, "Net Income": {"2020-09-30": "35.83400", "2020-06-30": "-74.09900", "2020-03-31": "-109.61300", "2019-12-31": "-53.48600", "2019-09-30": "-91.45500", "2019-06-30": "75.21500", "2019-03-31": "45.31600", "2018-12-31": "111.97700", "2018-09-30": "90.84200", "2018-06-30": "44.90800", "2018-03-31": "36.88600", "2017-12-31": "571.62000", "2017-09-30": "58.75000", "2017-06-30": "50.86800", "2017-03-31": "38.40600", "2016-12-31": "48.77300", "2016-09-30": "84.75200", "2016-06-30": "73.75000", "2016-03-31": "55.79400", "2015-12-31": "76.20100", "2015-09-30": "90.61900", "2015-06-30": "85.15900", "2015-03-31": "52.78900", "2014-12-31": "11.10700", "2014-09-30": "83.61700", "2014-06-30": "75.38500", "2014-03-31": "48.23200", "2013-12-31": "64.68600", "2013-09-30": "71.06700", "2013-06-30": "62.19400", "2013-03-31": "39.92400", "2012-12-31": "53.84400", "2012-09-30": "75.09100", "2012-06-30": "46.72300", "2012-03-31": "34.32100", "2011-12-31": "48.09500", "2011-09-30": "56.52400", "2011-06-30": "40.03300", "2011-03-31": "25.12500", "2010-12-31": "37.12100", "2010-09-30": "38.83500", "2010-06-30": "29.84100", "2010-03-31": "12.37300", "2009-12-31": "8.24800", "2009-09-30": "23.97100", "2009-06-30": "22.88800", "2009-03-31": "6.83800", "2008-12-31": "10.64500", "2008-09-30": "70.20800", "2008-06-30": "62.94600", "2008-03-31": "56.08200", "2007-12-31": "71.94600", "2007-09-30": "65.53300", "2007-06-30": "65.12300", "2007-03-31": "51.25900", "2006-12-31": "65.82100", "2006-09-30": "65.27700", "2006-06-30": "70.27900", "2006-03-31": "47.58200", "2005-12-31": "58.80100", "2005-09-30": "63.34100", "2005-06-30": "63.29800", "2005-03-31": "41.48900"}, "EBITDA": {"2020-09-30": "614.53890", "2020-06-30": "499.50000", "2020-03-31": "575.15200", "2019-12-31": "612.67590", "2019-09-30": "580.70080", "2019-06-30": "533.43480", "2019-03-31": "534.14790", "2018-12-31": "513.24170", "2018-09-30": "547.15890", "2018-06-30": "529.08800", "2018-03-31": "491.24290", "2017-12-31": "430.12320", "2017-09-30": "446.06490", "2017-06-30": "441.02990", "2017-03-31": "409.82320", "2016-12-31": "467.85930", "2016-09-30": "472.16690", "2016-06-30": "433.39300", "2016-03-31": "398.62100", "2015-12-31": "443.02750", "2015-09-30": "457.56400", "2015-06-30": "431.31890", "2015-03-31": "370.72900", "2014-12-31": "308.67460", "2014-09-30": "410.98300", "2014-06-30": "391.54900", "2014-03-31": "338.82510", "2013-12-31": "393.57990", "2013-09-30": "376.73510", "2013-06-30": "352.78610", "2013-03-31": "314.35900", "2012-12-31": "344.55910", "2012-09-30": "360.77920", "2012-06-30": "341.89090", "2012-03-31": "292.56590", "2011-12-31": "328.74710", "2011-09-30": "334.07910", "2011-06-30": "317.63110", "2011-03-31": "275.96690", "2010-12-31": "289.39200", "2010-09-30": "302.23210", "2010-06-30": "292.48900", "2010-03-31": "271.08610", "2009-12-31": "288.55380", "2009-09-30": "310.12610", "2009-06-30": "311.28090", "2009-03-31": "291.12400", "2008-12-31": "370.29000", "2008-09-30": "355.35620", "2008-06-30": "352.74100", "2008-03-31": "329.78510", "2007-12-31": "342.98140", "2007-09-30": "351.67790", "2007-06-30": "328.81510", "2007-03-31": "311.63420", "2006-12-31": "321.68650", "2006-09-30": "328.98590", "2006-06-30": "310.49800", "2006-03-31": "270.82290", "2005-12-31": "310.16190", "2005-09-30": "310.64510", "2005-06-30": "295.83400", "2005-03-31": "259.90200"}, "EBIT": {"2020-09-30": "118.39200", "2020-06-30": "9.25000", "2020-03-31": "9.23100", "2019-12-31": "-24.79640", "2019-09-30": "5.98490", "2019-06-30": "169.89280", "2019-03-31": "129.65990", "2018-12-31": "183.59070", "2018-09-30": "164.88280", "2018-06-30": "149.33800", "2018-03-31": "110.90090", "2017-12-31": "89.32680", "2017-09-30": "126.21900", "2017-06-30": "122.99990", "2017-03-31": "89.77520", "2016-12-31": "140.32140", "2016-09-30": "164.01790", "2016-06-30": "136.59090", "2016-03-31": "105.20300", "2015-12-31": "142.51660", "2015-09-30": "152.54900", "2015-06-30": "141.50890", "2015-03-31": "91.13400", "2014-12-31": "31.57960", "2014-09-30": "131.60210", "2014-06-30": "116.62500", "2014-03-31": "75.91310", "2013-12-31": "104.45180", "2013-09-30": "119.13210", "2013-06-30": "104.49110", "2013-03-31": "69.38600", "2012-12-31": "91.21380", "2012-09-30": "110.19210", "2012-06-30": "92.64590", "2012-03-31": "56.85690", "2011-12-31": "89.78880", "2011-09-30": "100.40810", "2011-06-30": "91.73110", "2011-03-31": "62.30590", "2010-12-31": "69.90990", "2010-09-30": "84.30600", "2010-06-30": "76.42700", "2010-03-31": "49.81510", "2009-12-31": "62.03990", "2009-09-30": "77.95700", "2009-06-30": "78.02890", "2009-03-31": "60.54200", "2008-12-31": "143.65100", "2008-09-30": "144.63320", "2008-06-30": "139.84800", "2008-03-31": "118.62810", "2007-12-31": "132.35570", "2007-09-30": "138.07690", "2007-06-30": "130.34110", "2007-03-31": "108.79610", "2006-12-31": "125.69270", "2006-09-30": "132.44090", "2006-06-30": "124.19700", "2006-03-31": "92.26890", "2005-12-31": "118.64890", "2005-09-30": "122.01400", "2005-06-30": "107.15000", "2005-03-31": "77.08300"}, "Basic Shares Outstanding": {"2020-09-30": "52.45100", "2020-06-30": "52.35500", "2020-03-31": "52.28400", "2019-12-31": "52.34800", "2019-09-30": "52.31900", "2019-06-30": "52.33700", "2019-03-31": "52.41800", "2018-12-31": "52.39000", "2018-09-30": "52.39700", "2018-06-30": "52.37000", "2018-03-31": "52.40500", "2017-12-31": "52.61300", "2017-09-30": "52.40500", "2017-06-30": "52.66300", "2017-03-31": "52.94500", "2016-12-31": "53.01500", "2016-09-30": "52.95300", "2016-06-30": "53.05700", "2016-03-31": "53.07600", "2015-12-31": "52.81400", "2015-09-30": "52.88800", "2015-06-30": "52.82700", "2015-03-31": "52.59600", "2014-12-31": "52.53600", "2014-09-30": "52.45900", "2014-06-30": "52.56400", "2014-03-31": "52.66000", "2013-12-31": "51.61700", "2013-09-30": "51.78800", "2013-06-30": "51.44500", "2013-03-31": "50.95800", "2012-12-31": "50.44900", "2012-09-30": "50.38100", "2012-06-30": "50.43300", "2012-03-31": "50.48500", "2011-12-31": "50.50000", "2011-09-30": "50.42600", "2011-06-30": "50.54600", "2011-03-31": "50.62600", "2010-12-31": "51.71700", "2010-09-30": "51.40900", "2010-06-30": "52.04400", "2010-03-31": "52.67900", "2009-12-31": "55.03500", "2009-09-30": "55.43500", "2009-06-30": "55.34400", "2009-03-31": "55.23800", "2008-12-31": "56.20400", "2008-09-30": "55.55000", "2008-06-30": "56.51200", "2008-03-31": "57.59500", "2007-12-31": "59.32400", "2007-09-30": "58.48700", "2007-06-30": "60.51300", "2007-03-31": "60.56900", "2006-12-31": "60.87300", "2006-09-30": "61.05100", "2006-06-30": "61.24100", "2006-03-31": "60.72200", "2005-12-31": "63.75800", "2005-09-30": "63.90300", "2005-06-30": "63.93800", "2005-03-31": "64.02100"}, "Shares Outstanding": {"2020-09-30": "52.72900", "2020-06-30": "52.35500", "2020-03-31": "52.28400", "2019-12-31": "52.34800", "2019-09-30": "52.31900", "2019-06-30": "52.54900", "2019-03-31": "52.64100", "2018-12-31": "52.69700", "2018-09-30": "52.77000", "2018-06-30": "52.62400", "2018-03-31": "53.01300", "2017-12-31": "52.98600", "2017-09-30": "52.77600", "2017-06-30": "52.90700", "2017-03-31": "53.39600", "2016-12-31": "53.36100", "2016-09-30": "53.29100", "2016-06-30": "53.37700", "2016-03-31": "53.36300", "2015-12-31": "53.26000", "2015-09-30": "53.33300", "2015-06-30": "53.29500", "2015-03-31": "53.10600", "2014-12-31": "53.03600", "2014-09-30": "52.97400", "2014-06-30": "53.04600", "2014-03-31": "53.12300", "2013-12-31": "52.07100", "2013-09-30": "52.22800", "2013-06-30": "51.92300", "2013-03-31": "51.39300", "2012-12-31": "50.74000", "2012-09-30": "50.55300", "2012-06-30": "50.69700", "2012-03-31": "50.92100", "2011-12-31": "50.87800", "2011-09-30": "50.75300", "2011-06-30": "51.00300", "2011-03-31": "51.01100", "2010-12-31": "51.88400", "2010-09-30": "51.53500", "2010-06-30": "52.26100", "2010-03-31": "52.70200", "2009-12-31": "55.09400", "2009-09-30": "55.48100", "2009-06-30": "55.38100", "2009-03-31": "55.28100", "2008-12-31": "56.53900", "2008-09-30": "55.94900", "2008-06-30": "57.00200", "2008-03-31": "57.59500", "2007-12-31": "59.72800", "2007-09-30": "59.02600", "2007-06-30": "61.09000", "2007-03-31": "61.16500", "2006-12-31": "61.57800", "2006-09-30": "61.69500", "2006-06-30": "62.02300", "2006-03-31": "61.43300", "2005-12-31": "64.56000", "2005-09-30": "64.52600", "2005-06-30": "64.66200", "2005-03-31": "65.12900"}, "Basic EPS": {"2020-09-30": "0.68000", "2020-06-30": "-1.42000", "2020-03-31": "-2.10000", "2019-12-31": "-1.01000", "2019-09-30": "-1.75000", "2019-06-30": "1.43000", "2019-03-31": "0.86000", "2018-12-31": "2.13000", "2018-09-30": "1.73000", "2018-06-30": "0.85000", "2018-03-31": "0.70000", "2017-12-31": "10.83000", "2017-09-30": "1.12000", "2017-06-30": "0.96000", "2017-03-31": "0.72000", "2016-12-31": "0.91000", "2016-09-30": "1.60000", "2016-06-30": "1.39000", "2016-03-31": "1.05000", "2015-12-31": "1.43000", "2015-09-30": "1.71000", "2015-06-30": "1.61000", "2015-03-31": "1.00000", "2014-12-31": "0.21000", "2014-09-30": "1.59000", "2014-06-30": "1.43000", "2014-03-31": "0.91000", "2013-12-31": "1.24000", "2013-09-30": "1.36000", "2013-06-30": "1.20000", "2013-03-31": "0.77000", "2012-12-31": "1.05000", "2012-09-30": "1.47000", "2012-06-30": "0.92000", "2012-03-31": "0.67000", "2011-12-31": "0.94000", "2011-09-30": "1.10000", "2011-06-30": "0.78000", "2011-03-31": "0.49000", "2010-12-31": "0.71000", "2010-09-30": "0.74000", "2010-06-30": "0.57000", "2010-03-31": "0.23000", "2009-12-31": "0.15000", "2009-09-30": "0.43000", "2009-06-30": "0.41000", "2009-03-31": "0.12000", "2008-12-31": "0.20000", "2008-09-30": "1.25000", "2008-06-30": "1.10000", "2008-03-31": "0.97000", "2007-12-31": "1.20000", "2007-09-30": "1.12000", "2007-06-30": "1.08000", "2007-03-31": "0.85000", "2006-12-31": "1.09000", "2006-09-30": "1.07000", "2006-06-30": "1.15000", "2006-03-31": "0.78000", "2005-12-31": "0.93000", "2005-09-30": "0.99000", "2005-06-30": "0.99000", "2005-03-31": "0.65000"}, "EPS - Earnings Per Share": {"2020-09-30": "0.68000", "2020-06-30": "-1.42000", "2020-03-31": "-2.10000", "2019-12-31": "-1.01000", "2019-09-30": "-1.75000", "2019-06-30": "1.43000", "2019-03-31": "0.86000", "2018-12-31": "2.11000", "2018-09-30": "1.72000", "2018-06-30": "0.85000", "2018-03-31": "0.70000", "2017-12-31": "10.74000", "2017-09-30": "1.11000", "2017-06-30": "0.96000", "2017-03-31": "0.72000", "2016-12-31": "0.90000", "2016-09-30": "1.59000", "2016-06-30": "1.38000", "2016-03-31": "1.04000", "2015-12-31": "1.44000", "2015-09-30": "1.69000", "2015-06-30": "1.59000", "2015-03-31": "0.99000", "2014-12-31": "0.23000", "2014-09-30": "1.57000", "2014-06-30": "1.41000", "2014-03-31": "0.90000", "2013-12-31": "1.22000", "2013-09-30": "1.35000", "2013-06-30": "1.19000", "2013-03-31": "0.77000", "2012-12-31": "1.04000", "2012-09-30": "1.47000", "2012-06-30": "0.91000", "2012-03-31": "0.67000", "2011-12-31": "0.93000", "2011-09-30": "1.10000", "2011-06-30": "0.77000", "2011-03-31": "0.48000", "2010-12-31": "0.72000", "2010-09-30": "0.74000", "2010-06-30": "0.56000", "2010-03-31": "0.23000", "2009-12-31": "0.15000", "2009-09-30": "0.43000", "2009-06-30": "0.41000", "2009-03-31": "0.12000", "2008-12-31": "0.21000", "2008-09-30": "1.24000", "2008-06-30": "1.09000", "2008-03-31": "0.96000", "2007-12-31": "1.20000", "2007-09-30": "1.11000", "2007-06-30": "1.07000", "2007-03-31": "0.84000", "2006-12-31": "1.08000", "2006-09-30": "1.06000", "2006-06-30": "1.13000", "2006-03-31": "0.77000", "2005-12-31": "0.92000", "2005-09-30": "0.98000", "2005-06-30": "0.98000", "2005-03-31": "0.64000"}}, "balance sheet": {"Cash On Hand": {"2019-12-31": "73.58400", "2018-12-31": "68.11100", "2017-12-31": "78.34800", "2016-12-31": "58.80100", "2015-12-31": "60.94500", "2014-12-31": "50.09200", "2013-12-31": "61.56200", "2012-12-31": "66.39200", "2011-12-31": "104.57200", "2010-12-31": "213.05300", "2009-12-31": "98.52500", "2008-12-31": "120.30500", "2007-12-31": "116.45900", "2006-12-31": "128.63900", "2005-12-31": "128.72700"}, "Receivables": {"2019-12-31": "1228.49000", "2018-12-31": "1242.05800", "2017-12-31": "1010.90800", "2016-12-31": "831.94700", "2015-12-31": "835.48900", "2014-12-31": "794.86400", "2013-12-31": "777.37000", "2012-12-31": "775.76500", "2011-12-31": "754.64400", "2010-12-31": "615.00300", "2009-12-31": "598.66100", "2008-12-31": "635.37600", "2007-12-31": "843.66200", "2006-12-31": "883.47800", "2005-12-31": "820.82500"}, "Inventory": {"2019-12-31": "80.82200", "2018-12-31": "79.22800", "2017-12-31": "73.54300", "2016-12-31": "69.52900", "2015-12-31": "63.72500", "2014-12-31": "66.00700", "2013-12-31": "64.29800", "2012-12-31": "64.14600", "2011-12-31": "65.91200", "2010-12-31": "58.70100", "2009-12-31": "50.14600", "2008-12-31": "48.32400", "2007-12-31": "58.81000", "2006-12-31": "59.31800", "2005-12-31": "59.57900"}, "Pre-Paid Expenses": {"2019-12-31": "179.15500", "2018-12-31": "178.31300", "2017-12-31": "160.09400", "2016-12-31": "141.28000", "2015-12-31": "138.14300", "2014-12-31": "132.68100", "2013-12-31": "159.26300", "2012-12-31": "133.93400", "2011-12-31": "163.04500", "2010-12-31": "136.54400", "2009-12-31": "133.04100", "2008-12-31": "153.57600", "2007-12-31": "203.13100", "2006-12-31": "190.38100", "2005-12-31": "154.62400"}, "Other Current Assets": {"2019-12-31": "", "2018-12-31": "", "2017-12-31": "", "2016-12-31": "", "2015-12-31": "", "2014-12-31": "", "2013-12-31": "", "2012-12-31": "", "2011-12-31": "", "2010-12-31": "", "2009-12-31": "", "2008-12-31": "", "2007-12-31": "", "2006-12-31": "", "2005-12-31": ""}, "Total Current Assets": {"2019-12-31": "1562.05100", "2018-12-31": "1567.71000", "2017-12-31": "1322.89300", "2016-12-31": "1101.55700", "2015-12-31": "1098.30200", "2014-12-31": "1043.64400", "2013-12-31": "1062.49300", "2012-12-31": "1040.23700", "2011-12-31": "1088.17300", "2010-12-31": "1023.30100", "2009-12-31": "880.37300", "2008-12-31": "957.58100", "2007-12-31": "1222.06200", "2006-12-31": "1261.81600", "2005-12-31": "1163.75500"}, "Property, Plant, And Equipment": {"2019-12-31": "11345.46000", "2018-12-31": "10278.01000", "2017-12-31": "9131.96600", "2016-12-31": "8893.59200", "2015-12-31": "8899.70500", "2014-12-31": "7901.48000", "2013-12-31": "7124.66300", "2012-12-31": "6379.46100", "2011-12-31": "5673.85100", "2010-12-31": "4808.06100", "2009-12-31": "4722.56900", "2008-12-31": "5112.04000", "2007-12-31": "5020.12500", "2006-12-31": "5008.30000", "2005-12-31": "4281.21200"}, "Long-Term Investments": {"2019-12-31": "", "2018-12-31": "", "2017-12-31": "", "2016-12-31": "", "2015-12-31": "", "2014-12-31": "", "2013-12-31": "", "2012-12-31": "", "2011-12-31": "", "2010-12-31": "", "2009-12-31": "", "2008-12-31": "", "2007-12-31": "", "2006-12-31": "", "2005-12-31": ""}, "Goodwill And Intangible Assets": {"2019-12-31": "525.93000", "2018-12-31": "534.28100", "2017-12-31": "438.43400", "2016-12-31": "435.02100", "2015-12-31": "444.32700", "2014-12-31": "459.64800", "2013-12-31": "456.12500", "2012-12-31": "464.69100", "2011-12-31": "462.12600", "2010-12-31": "428.11100", "2009-12-31": "255.56400", "2008-12-31": "234.95800", "2007-12-31": "185.80100", "2006-12-31": "173.63100", "2005-12-31": "178.24700"}, "Other Long-Term Assets": {"2019-12-31": "1041.89000", "2018-12-31": "967.80200", "2017-12-31": "570.70600", "2016-12-31": "472.28400", "2015-12-31": "510.24600", "2014-12-31": "446.09900", "2013-12-31": "460.50100", "2012-12-31": "434.59000", "2011-12-31": "393.68500", "2010-12-31": "392.90100", "2009-12-31": "401.32400", "2008-12-31": "384.92900", "2007-12-31": "426.66100", "2006-12-31": "385.17600", "2005-12-31": "410.05000"}, "Total Long-Term Assets": {"2019-12-31": "12913.28000", "2018-12-31": "11780.10000", "2017-12-31": "10141.11000", "2016-12-31": "9800.89700", "2015-12-31": "9854.27800", "2014-12-31": "8807.22800", "2013-12-31": "8041.28900", "2012-12-31": "7278.74200", "2011-12-31": "6529.66200", "2010-12-31": "5629.07200", "2009-12-31": "5379.45800", "2008-12-31": "5731.92700", "2007-12-31": "5632.58700", "2006-12-31": "5567.10600", "2005-12-31": "4869.50900"}, "Total Assets": {"2019-12-31": "14475.33000", "2018-12-31": "13347.81000", "2017-12-31": "11464.00000", "2016-12-31": "10902.45000", "2015-12-31": "10952.58000", "2014-12-31": "9850.87100", "2013-12-31": "9103.78200", "2012-12-31": "8318.97900", "2011-12-31": "7617.83500", "2010-12-31": "6652.37400", "2009-12-31": "6259.83000", "2008-12-31": "6689.50800", "2007-12-31": "6854.64900", "2006-12-31": "6828.92300", "2005-12-31": "6033.26400"}, "Total Current Liabilities": {"2019-12-31": "2625.35300", "2018-12-31": "2516.74600", "2017-12-31": "2014.97500", "2016-12-31": "1744.06900", "2015-12-31": "1680.25500", "2014-12-31": "1110.81500", "2013-12-31": "1231.13900", "2012-12-31": "1272.66500", "2011-12-31": "1173.82300", "2010-12-31": "1131.51900", "2009-12-31": "850.27400", "2008-12-31": "1111.16500", "2007-12-31": "1019.36100", "2006-12-31": "1267.62200", "2005-12-31": "1253.49500"}, "Long Term Debt": {"2019-12-31": "6770.22400", "2018-12-31": "5712.14600", "2017-12-31": "4583.58200", "2016-12-31": "4599.86400", "2015-12-31": "4868.09700", "2014-12-31": "4694.33500", "2013-12-31": "3929.98700", "2012-12-31": "3452.82100", "2011-12-31": "3107.77900", "2010-12-31": "2326.87800", "2009-12-31": "2265.07400", "2008-12-31": "2478.53700", "2007-12-31": "2553.43100", "2006-12-31": "2484.19800", "2005-12-31": "1915.92800"}, "Other Non-Current Liabilities": {"2019-12-31": "1442.00300", "2018-12-31": "1402.62500", "2017-12-31": "812.64200", "2016-12-31": "817.56500", "2015-12-31": "829.59500", "2014-12-31": "783.34200", "2013-12-31": "616.30500", "2012-12-31": "948.93200", "2011-12-31": "896.58700", "2010-12-31": "680.80800", "2009-12-31": "681.61300", "2008-12-31": "837.28000", "2007-12-31": "409.90700", "2006-12-31": "461.77700", "2005-12-31": "487.26800"}, "Total Long Term Liabilities": {"2019-12-31": "9373.67100", "2018-12-31": "8294.49400", "2017-12-31": "6607.35300", "2016-12-31": "7106.11000", "2015-12-31": "7285.21400", "2014-12-31": "6920.96900", "2013-12-31": "5975.92900", "2012-12-31": "5578.82700", "2011-12-31": "5125.85900", "2010-12-31": "4116.54200", "2009-12-31": "3982.56100", "2008-12-31": "4233.18200", "2007-12-31": "3947.69900", "2006-12-31": "3840.52200", "2005-12-31": "3252.31300"}, "Total Liabilities": {"2019-12-31": "11999.02000", "2018-12-31": "10811.24000", "2017-12-31": "8622.32800", "2016-12-31": "8850.17900", "2015-12-31": "8965.46900", "2014-12-31": "8031.78400", "2013-12-31": "7207.06800", "2012-12-31": "6851.49200", "2011-12-31": "6299.68200", "2010-12-31": "5248.06100", "2009-12-31": "4832.83500", "2008-12-31": "5344.34700", "2007-12-31": "4967.06000", "2006-12-31": "5108.14400", "2005-12-31": "4505.80800"}, "Common Stock Net": {"2019-12-31": "26.63900", "2018-12-31": "26.55900", "2017-12-31": "26.47800", "2016-12-31": "26.73200", "2015-12-31": "26.74500", "2014-12-31": "26.52000", "2013-12-31": "26.66700", "2012-12-31": "25.68600", "2011-12-31": "25.57200", "2010-12-31": "25.58700", "2009-12-31": "26.71000", "2008-12-31": "27.82900", "2007-12-31": "28.88300", "2006-12-31": "30.22000", "2005-12-31": "30.93500"}, "Retained Earnings (Accumulated Deficit)": {"2019-12-31": "2177.51300", "2018-12-31": "2337.25200", "2017-12-31": "2471.67700", "2016-12-31": "1827.02600", "2015-12-31": "1667.08000", "2014-12-31": "1450.50900", "2013-12-31": "1390.75600", "2012-12-31": "1221.19000", "2011-12-31": "1090.36300", "2010-12-31": "1019.78500", "2009-12-31": "1036.17800", "2008-12-31": "1105.36900", "2007-12-31": "1160.13200", "2006-12-31": "1123.78900", "2005-12-31": "1038.36400"}, "Comprehensive Income": {"2019-12-31": "-836.49100", "2018-12-31": "-911.63400", "2017-12-31": "-707.50100", "2016-12-31": "-834.03200", "2015-12-31": "-712.73500", "2014-12-31": "-620.27000", "2013-12-31": "-438.24800", "2012-12-31": "-587.61900", "2011-12-31": "-567.16500", "2010-12-31": "-376.59900", "2009-12-31": "-378.91900", "2008-12-31": "-544.22700", "2007-12-31": "-30.87700", "2006-12-31": "-146.49400", "2005-12-31": "-202.91900"}, "Other Share Holders Equity": {"2019-12-31": "", "2018-12-31": "", "2017-12-31": "", "2016-12-31": "", "2015-12-31": "", "2014-12-31": "", "2013-12-31": "", "2012-12-31": "", "2011-12-31": "", "2010-12-31": "", "2009-12-31": "", "2008-12-31": "", "2007-12-31": "", "2006-12-31": "", "2005-12-31": ""}, "Share Holder Equity": {"2019-12-31": "2476.31000", "2018-12-31": "2536.56800", "2017-12-31": "2841.67100", "2016-12-31": "2052.27500", "2015-12-31": "1987.11100", "2014-12-31": "1819.08700", "2013-12-31": "1896.71400", "2012-12-31": "1467.48700", "2011-12-31": "1318.15300", "2010-12-31": "1404.31300", "2009-12-31": "1426.99500", "2008-12-31": "1345.16100", "2007-12-31": "1887.58900", "2006-12-31": "1720.77900", "2005-12-31": "1527.45600"}, "Total Liabilities And Share Holders Equity": {"2019-12-31": "14475.33000", "2018-12-31": "13347.81000", "2017-12-31": "11464.00000", "2016-12-31": "10902.45000", "2015-12-31": "10952.58000", "2014-12-31": "9850.87100", "2013-12-31": "9103.78200", "2012-12-31": "8318.97900", "2011-12-31": "7617.83500", "2010-12-31": "6652.37400", "2009-12-31": "6259.83000", "2008-12-31": "6689.50800", "2007-12-31": "6854.64900", "2006-12-31": "6828.92300", "2005-12-31": "6033.26400"}}, "balance sheet, quarterly": {"Cash On Hand": {"2020-09-30": "684.24800", "2020-06-30": "831.46900", "2020-03-31": "397.23500", "2019-12-31": "73.58400", "2019-09-30": "75.86700", "2019-06-30": "92.50200", "2019-03-31": "62.78700", "2018-12-31": "68.11100", "2018-09-30": "60.68800", "2018-06-30": "73.58200", "2018-03-31": "73.85700", "2017-12-31": "78.34800", "2017-09-30": "65.25600", "2017-06-30": "55.36300", "2017-03-31": "37.95100", "2016-12-31": "58.80100", "2016-09-30": "74.99400", "2016-06-30": "65.96400", "2016-03-31": "56.80600", "2015-12-31": "60.94500", "2015-09-30": "75.38700", "2015-06-30": "73.35300", "2015-03-31": "72.19900", "2014-12-31": "50.09200", "2014-09-30": "75.00200", "2014-06-30": "86.88800", "2014-03-31": "72.78600", "2013-12-31": "61.56200", "2013-09-30": "74.93600", "2013-06-30": "73.42900", "2013-03-31": "76.48900", "2012-12-31": "66.39200", "2012-09-30": "95.68700", "2012-06-30": "72.55900", "2012-03-31": "113.62100", "2011-12-31": "104.57200", "2011-09-30": "115.78600", "2011-06-30": "130.15600", "2011-03-31": "155.64000", "2010-12-31": "213.05300", "2010-09-30": "134.69600", "2010-06-30": "108.41400", "2010-03-31": "115.12700", "2009-12-31": "98.52500", "2009-09-30": "111.01400", "2009-06-30": "104.52500", "2009-03-31": "91.57400", "2008-12-31": "120.30500", "2008-09-30": "110.40400", "2008-06-30": "107.42900", "2008-03-31": "114.62100", "2007-12-31": "116.45900", "2007-09-30": "106.23100", "2007-06-30": "109.96900", "2007-03-31": "93.60300", "2006-12-31": "128.63900", "2006-09-30": "128.09100", "2006-06-30": "82.64500", "2006-03-31": "75.62100", "2005-12-31": "128.72700", "2005-09-30": "140.53700", "2005-06-30": "87.31000", "2005-03-31": "84.22700"}, "Receivables": {"2020-09-30": "1156.23600", "2020-06-30": "1087.63900", "2020-03-31": "1202.81900", "2019-12-31": "1228.49000", "2019-09-30": "1274.49200", "2019-06-30": "1248.96700", "2019-03-31": "1221.76900", "2018-12-31": "1242.05800", "2018-09-30": "1156.67400", "2018-06-30": "1054.46900", "2018-03-31": "986.10200", "2017-12-31": "1010.90800", "2017-09-30": "981.70200", "2017-06-30": "916.63100", "2017-03-31": "862.86200", "2016-12-31": "831.94700", "2016-09-30": "856.76300", "2016-06-30": "850.50400", "2016-03-31": "822.55600", "2015-12-31": "835.48900", "2015-09-30": "814.16000", "2015-06-30": "831.44100", "2015-03-31": "778.28000", "2014-12-31": "794.86400", "2014-09-30": "821.44600", "2014-06-30": "827.27400", "2014-03-31": "822.01000", "2013-12-31": "777.37000", "2013-09-30": "798.06600", "2013-06-30": "772.26200", "2013-03-31": "774.44100", "2012-12-31": "775.76500", "2012-09-30": "784.12100", "2012-06-30": "793.59900", "2012-03-31": "789.25600", "2011-12-31": "754.64400", "2011-09-30": "758.69300", "2011-06-30": "752.86300", "2011-03-31": "679.33600", "2010-12-31": "615.00300", "2010-09-30": "623.95100", "2010-06-30": "622.77300", "2010-03-31": "594.76400", "2009-12-31": "598.66100", "2009-09-30": "633.58700", "2009-06-30": "591.20300", "2009-03-31": "567.01400", "2008-12-31": "635.37600", "2008-09-30": "770.85400", "2008-06-30": "815.72100", "2008-03-31": "764.63400", "2007-12-31": "843.66200", "2007-09-30": "905.65100", "2007-06-30": "917.42700", "2007-03-31": "915.93100", "2006-12-31": "883.47800", "2006-09-30": "919.19800", "2006-06-30": "867.60100", "2006-03-31": "800.38200", "2005-12-31": "820.82500", "2005-09-30": "808.51600", "2005-06-30": "723.41800", "2005-03-31": "697.89400"}, "Inventory": {"2020-09-30": "60.58700", "2020-06-30": "62.28200", "2020-03-31": "65.42200", "2019-12-31": "80.82200", "2019-09-30": "83.22600", "2019-06-30": "80.95400", "2019-03-31": "80.08200", "2018-12-31": "79.22800", "2018-09-30": "78.11900", "2018-06-30": "74.07900", "2018-03-31": "73.70400", "2017-12-31": "73.54300", "2017-09-30": "71.32800", "2017-06-30": "67.23900", "2017-03-31": "67.73200", "2016-12-31": "69.52900", "2016-09-30": "67.33500", "2016-06-30": "66.55300", "2016-03-31": "65.54200", "2015-12-31": "63.72500", "2015-09-30": "64.08700", "2015-06-30": "64.68400", "2015-03-31": "63.02100", "2014-12-31": "66.00700", "2014-09-30": "64.80500", "2014-06-30": "65.49000", "2014-03-31": "64.75800", "2013-12-31": "64.29800", "2013-09-30": "64.03500", "2013-06-30": "61.67200", "2013-03-31": "63.02800", "2012-12-31": "64.14600", "2012-09-30": "67.11300", "2012-06-30": "63.82600", "2012-03-31": "67.28300", "2011-12-31": "65.91200", "2011-09-30": "64.46200", "2011-06-30": "64.88400", "2011-03-31": "62.91400", "2010-12-31": "58.70100", "2010-09-30": "53.37800", "2010-06-30": "51.21400", "2010-03-31": "50.70000", "2009-12-31": "50.14600", "2009-09-30": "48.08800", "2009-06-30": "47.83900", "2009-03-31": "47.92500", "2008-12-31": "48.32400", "2008-09-30": "57.65800", "2008-06-30": "62.30500", "2008-03-31": "59.26800", "2007-12-31": "58.81000", "2007-09-30": "58.07700", "2007-06-30": "56.84200", "2007-03-31": "57.72500", "2006-12-31": "59.31800", "2006-09-30": "62.16900", "2006-06-30": "63.63100", "2006-03-31": "61.24700", "2005-12-31": "59.57900", "2005-09-30": "60.50200", "2005-06-30": "60.87900", "2005-03-31": "62.69200"}, "Pre-Paid Expenses": {"2020-09-30": "131.78300", "2020-06-30": "151.31900", "2020-03-31": "191.09000", "2019-12-31": "179.15500", "2019-09-30": "138.55300", "2019-06-30": "149.02500", "2019-03-31": "193.14700", "2018-12-31": "178.31300", "2018-09-30": "169.17500", "2018-06-30": "165.62600", "2018-03-31": "177.85800", "2017-12-31": "160.09400", "2017-09-30": "134.29400", "2017-06-30": "137.45500", "2017-03-31": "144.79500", "2016-12-31": "141.28000", "2016-09-30": "138.46700", "2016-06-30": "143.22700", "2016-03-31": "149.64200", "2015-12-31": "138.14300", "2015-09-30": "163.89300", "2015-06-30": "166.43800", "2015-03-31": "164.51900", "2014-12-31": "132.68100", "2014-09-30": "161.10900", "2014-06-30": "157.81800", "2014-03-31": "157.56200", "2013-12-31": "159.26300", "2013-09-30": "162.45400", "2013-06-30": "154.97200", "2013-03-31": "156.89700", "2012-12-31": "133.93400", "2012-09-30": "132.08500", "2012-06-30": "129.30200", "2012-03-31": "152.18100", "2011-12-31": "163.04500", "2011-09-30": "159.46500", "2011-06-30": "157.55800", "2011-03-31": "147.22200", "2010-12-31": "136.54400", "2010-09-30": "137.80700", "2010-06-30": "125.14500", "2010-03-31": "126.51200", "2009-12-31": "133.04100", "2009-09-30": "130.99600", "2009-06-30": "125.66100", "2009-03-31": "127.03700", "2008-12-31": "153.57600", "2008-09-30": "151.10600", "2008-06-30": "159.85900", "2008-03-31": "189.40300", "2007-12-31": "203.13100", "2007-09-30": "202.06600", "2007-06-30": "165.71100", "2007-03-31": "165.75000", "2006-12-31": "190.38100", "2006-09-30": "268.42300", "2006-06-30": "216.54100", "2006-03-31": "219.20200", "2005-12-31": "154.62400", "2005-09-30": "141.40900", "2005-06-30": "140.86700", "2005-03-31": "131.72800"}, "Other Current Assets": {"2020-09-30": "", "2020-06-30": "", "2020-03-31": "", "2019-12-31": "", "2019-09-30": "", "2019-06-30": "", "2019-03-31": "", "2018-12-31": "", "2018-09-30": "", "2018-06-30": "", "2018-03-31": "", "2017-12-31": "", "2017-09-30": "", "2017-06-30": "", "2017-03-31": "", "2016-12-31": "", "2016-09-30": "", "2016-06-30": "", "2016-03-31": "", "2015-12-31": "", "2015-09-30": "", "2015-06-30": "", "2015-03-31": "", "2014-12-31": "", "2014-09-30": "", "2014-06-30": "", "2014-03-31": "", "2013-12-31": "", "2013-09-30": "", "2013-06-30": "", "2013-03-31": "", "2012-12-31": "", "2012-09-30": "", "2012-06-30": "", "2012-03-31": "", "2011-12-31": "", "2011-09-30": "", "2011-06-30": "", "2011-03-31": "", "2010-12-31": "", "2010-09-30": "", "2010-06-30": "", "2010-03-31": "", "2009-12-31": "", "2009-09-30": "", "2009-06-30": "", "2009-03-31": "", "2008-12-31": "", "2008-09-30": "", "2008-06-30": "", "2008-03-31": "", "2007-12-31": "", "2007-09-30": "", "2007-06-30": "", "2007-03-31": "", "2006-12-31": "", "2006-09-30": "", "2006-06-30": "", "2006-03-31": "", "2005-12-31": "", "2005-09-30": "191.21800", "2005-06-30": "187.83900", "2005-03-31": "186.37900"}, "Total Current Assets": {"2020-09-30": "2032.85400", "2020-06-30": "2132.70900", "2020-03-31": "1856.56600", "2019-12-31": "1562.05100", "2019-09-30": "1572.13800", "2019-06-30": "1571.44800", "2019-03-31": "1557.78500", "2018-12-31": "1567.71000", "2018-09-30": "1464.65600", "2018-06-30": "1367.75600", "2018-03-31": "1311.52100", "2017-12-31": "1322.89300", "2017-09-30": "1252.58000", "2017-06-30": "1176.68800", "2017-03-31": "1113.34000", "2016-12-31": "1101.55700", "2016-09-30": "1137.55900", "2016-06-30": "1126.24800", "2016-03-31": "1094.54600", "2015-12-31": "1098.30200", "2015-09-30": "1117.52700", "2015-06-30": "1135.91600", "2015-03-31": "1078.01900", "2014-12-31": "1043.64400", "2014-09-30": "1122.36200", "2014-06-30": "1137.47000", "2014-03-31": "1117.11600", "2013-12-31": "1062.49300", "2013-09-30": "1099.49100", "2013-06-30": "1062.33500", "2013-03-31": "1070.85500", "2012-12-31": "1040.23700", "2012-09-30": "1079.00600", "2012-06-30": "1059.28600", "2012-03-31": "1122.34100", "2011-12-31": "1088.17300", "2011-09-30": "1098.40600", "2011-06-30": "1105.46100", "2011-03-31": "1045.11200", "2010-12-31": "1023.30100", "2010-09-30": "949.83200", "2010-06-30": "907.54600", "2010-03-31": "887.10300", "2009-12-31": "880.37300", "2009-09-30": "923.68500", "2009-06-30": "869.22800", "2009-03-31": "833.55000", "2008-12-31": "957.58100", "2008-09-30": "1090.02200", "2008-06-30": "1145.31400", "2008-03-31": "1127.92600", "2007-12-31": "1222.06200", "2007-09-30": "1272.02500", "2007-06-30": "1249.94900", "2007-03-31": "1233.00900", "2006-12-31": "1261.81600", "2006-09-30": "1377.88100", "2006-06-30": "1230.41800", "2006-03-31": "1156.45200", "2005-12-31": "1163.75500", "2005-09-30": "1342.18200", "2005-06-30": "1200.31300", "2005-03-31": "1162.92000"}, "Property, Plant, And Equipment": {"2020-09-30": "9995.96700", "2020-06-30": "10482.92000", "2020-03-31": "10940.33000", "2019-12-31": "11345.46000", "2019-09-30": "11320.14000", "2019-06-30": "11427.92000", "2019-03-31": "10880.69000", "2018-12-31": "10278.01000", "2018-09-30": "10013.01000", "2018-06-30": "9670.68800", "2018-03-31": "9386.05900", "2017-12-31": "9131.96600", "2017-09-30": "9028.19600", "2017-06-30": "8969.24500", "2017-03-31": "8925.48200", "2016-12-31": "8893.59200", "2016-09-30": "9015.20700", "2016-06-30": "9041.13100", "2016-03-31": "8992.53700", "2015-12-31": "8899.70500", "2015-09-30": "8748.87900", "2015-06-30": "8561.92300", "2015-03-31": "7908.46300", "2014-12-31": "7901.48000", "2014-09-30": "7544.88100", "2014-06-30": "7618.17900", "2014-03-31": "7324.60800", "2013-12-31": "7124.66300", "2013-09-30": "6799.00700", "2013-06-30": "6614.73500", "2013-03-31": "6434.71000", "2012-12-31": "6379.46100", "2012-09-30": "6290.36600", "2012-06-30": "6183.10500", "2012-03-31": "6155.29700", "2011-12-31": "5673.85100", "2011-09-30": "5455.26000", "2011-06-30": "5450.47600", "2011-03-31": "5073.47600", "2010-12-31": "4808.06100", "2010-09-30": "4812.02400", "2010-06-30": "4788.86600", "2010-03-31": "4726.14800", "2009-12-31": "4722.56900", "2009-09-30": "4868.86400", "2009-06-30": "4999.34300", "2009-03-31": "5099.22500", "2008-12-31": "5112.04000", "2008-09-30": "5202.99200", "2008-06-30": "5233.33700", "2008-03-31": "5118.06500", "2007-12-31": "5020.12500", "2007-09-30": "5048.41100", "2007-06-30": "5116.97400", "2007-03-31": "5202.16000", "2006-12-31": "5008.30000", "2006-09-30": "4801.40700", "2006-06-30": "4611.55600", "2006-03-31": "4396.19400", "2005-12-31": "4281.21200", "2005-09-30": "4118.80000", "2005-06-30": "4054.38100", "2005-03-31": "4036.94100"}, "Long-Term Investments": {"2020-09-30": "", "2020-06-30": "", "2020-03-31": "", "2019-12-31": "", "2019-09-30": "", "2019-06-30": "", "2019-03-31": "", "2018-12-31": "", "2018-09-30": "", "2018-06-30": "", "2018-03-31": "", "2017-12-31": "", "2017-09-30": "", "2017-06-30": "", "2017-03-31": "", "2016-12-31": "", "2016-09-30": "", "2016-06-30": "", "2016-03-31": "", "2015-12-31": "", "2015-09-30": "", "2015-06-30": "", "2015-03-31": "", "2014-12-31": "", "2014-09-30": "", "2014-06-30": "", "2014-03-31": "", "2013-12-31": "", "2013-09-30": "", "2013-06-30": "", "2013-03-31": "", "2012-12-31": "", "2012-09-30": "", "2012-06-30": "", "2012-03-31": "", "2011-12-31": "", "2011-09-30": "", "2011-06-30": "", "2011-03-31": "", "2010-12-31": "", "2010-09-30": "", "2010-06-30": "", "2010-03-31": "", "2009-12-31": "", "2009-09-30": "", "2009-06-30": "", "2009-03-31": "", "2008-12-31": "", "2008-09-30": "", "2008-06-30": "", "2008-03-31": "", "2007-12-31": "", "2007-09-30": "", "2007-06-30": "", "2007-03-31": "", "2006-12-31": "", "2006-09-30": "", "2006-06-30": "", "2006-03-31": "", "2005-12-31": "", "2005-09-30": "", "2005-06-30": "", "2005-03-31": ""}, "Goodwill And Intangible Assets": {"2020-09-30": "519.69300", "2020-06-30": "521.17400", "2020-03-31": "522.85200", "2019-12-31": "525.93000", "2019-09-30": "527.55600", "2019-06-30": "529.84100", "2019-03-31": "531.81000", "2018-12-31": "534.28100", "2018-09-30": "554.39000", "2018-06-30": "559.96400", "2018-03-31": "421.86800", "2017-12-31": "438.43400", "2017-09-30": "439.50100", "2017-06-30": "433.59800", "2017-03-31": "434.00100", "2016-12-31": "435.02100", "2016-09-30": "437.72400", "2016-06-30": "439.89600", "2016-03-31": "442.97000", "2015-12-31": "444.32700", "2015-09-30": "451.40400", "2015-06-30": "455.13400", "2015-03-31": "455.05900", "2014-12-31": "459.64800", "2014-09-30": "462.46700", "2014-06-30": "453.10300", "2014-03-31": "453.61100", "2013-12-31": "456.12500", "2013-09-30": "458.34500", "2013-06-30": "458.89100", "2013-03-31": "461.22600", "2012-12-31": "464.69100", "2012-09-30": "466.90900", "2012-06-30": "458.24500", "2012-03-31": "460.95500", "2011-12-31": "462.12600", "2011-09-30": "465.26000", "2011-06-30": "467.47400", "2011-03-31": "460.75200", "2010-12-31": "428.11100", "2010-09-30": "254.56000", "2010-06-30": "253.70200", "2010-03-31": "255.70800", "2009-12-31": "255.56400", "2009-09-30": "255.49000", "2009-06-30": "256.26600", "2009-03-31": "256.80900", "2008-12-31": "234.95800", "2008-09-30": "250.84800", "2008-06-30": "248.17600", "2008-03-31": "222.97700", "2007-12-31": "185.80100", "2007-09-30": "174.35700", "2007-06-30": "173.98400", "2007-03-31": "173.57900", "2006-12-31": "173.63100", "2006-09-30": "173.35700", "2006-06-30": "179.82000", "2006-03-31": "178.28700", "2005-12-31": "178.24700", "2005-09-30": "180.52900", "2005-06-30": "180.70500", "2005-03-31": "181.94800"}, "Other Long-Term Assets": {"2020-09-30": "1093.52200", "2020-06-30": "1071.94900", "2020-03-31": "1044.47800", "2019-12-31": "1041.89000", "2019-09-30": "1063.01000", "2019-06-30": "992.84600", "2019-03-31": "978.70500", "2018-12-31": "967.80200", "2018-09-30": "652.24900", "2018-06-30": "630.45700", "2018-03-31": "616.70900", "2017-12-31": "570.70600", "2017-09-30": "538.69700", "2017-06-30": "545.25300", "2017-03-31": "500.98300", "2016-12-31": "472.28400", "2016-09-30": "518.28300", "2016-06-30": "528.85300", "2016-03-31": "524.47700", "2015-12-31": "510.24600", "2015-09-30": "502.37600", "2015-06-30": "485.29100", "2015-03-31": "465.25000", "2014-12-31": "446.09900", "2014-09-30": "474.65200", "2014-06-30": "478.91500", "2014-03-31": "472.14800", "2013-12-31": "460.50100", "2013-09-30": "450.95900", "2013-06-30": "424.38600", "2013-03-31": "425.31100", "2012-12-31": "434.59000", "2012-09-30": "423.33900", "2012-06-30": "416.32200", "2012-03-31": "410.04900", "2011-12-31": "393.68500", "2011-09-30": "426.84900", "2011-06-30": "420.87800", "2011-03-31": "402.84300", "2010-12-31": "392.90100", "2010-09-30": "393.33900", "2010-06-30": "387.93900", "2010-03-31": "393.71900", "2009-12-31": "401.32400", "2009-09-30": "405.53400", "2009-06-30": "405.19000", "2009-03-31": "380.83600", "2008-12-31": "384.92900", "2008-09-30": "412.45600", "2008-06-30": "441.58000", "2008-03-31": "431.59800", "2007-12-31": "426.66100", "2007-09-30": "390.83400", "2007-06-30": "389.08100", "2007-03-31": "390.09300", "2006-12-31": "385.17600", "2006-09-30": "375.60000", "2006-06-30": "399.78400", "2006-03-31": "394.33400", "2005-12-31": "410.05000", "2005-09-30": "402.52400", "2005-06-30": "408.52000", "2005-03-31": "415.29200"}, "Total Long-Term Assets": {"2020-09-30": "11609.18000", "2020-06-30": "12076.04000", "2020-03-31": "12507.66000", "2019-12-31": "12913.28000", "2019-09-30": "12910.71000", "2019-06-30": "12950.61000", "2019-03-31": "12391.20000", "2018-12-31": "11780.10000", "2018-09-30": "11219.65000", "2018-06-30": "10861.11000", "2018-03-31": "10424.64000", "2017-12-31": "10141.11000", "2017-09-30": "10006.39000", "2017-06-30": "9948.09600", "2017-03-31": "9860.46700", "2016-12-31": "9800.89700", "2016-09-30": "9971.21400", "2016-06-30": "10009.88000", "2016-03-31": "9959.98300", "2015-12-31": "9854.27800", "2015-09-30": "9702.65900", "2015-06-30": "9502.34800", "2015-03-31": "8828.77200", "2014-12-31": "8807.22800", "2014-09-30": "8482.00000", "2014-06-30": "8550.19700", "2014-03-31": "8250.36700", "2013-12-31": "8041.28900", "2013-09-30": "7708.31100", "2013-06-30": "7498.01300", "2013-03-31": "7321.24700", "2012-12-31": "7278.74200", "2012-09-30": "7180.61400", "2012-06-30": "7057.67200", "2012-03-31": "7026.30100", "2011-12-31": "6529.66200", "2011-09-30": "6347.36900", "2011-06-30": "6338.82800", "2011-03-31": "5937.07100", "2010-12-31": "5629.07200", "2010-09-30": "5459.92300", "2010-06-30": "5430.50700", "2010-03-31": "5375.57500", "2009-12-31": "5379.45800", "2009-09-30": "5529.88800", "2009-06-30": "5660.79900", "2009-03-31": "5736.87000", "2008-12-31": "5731.92700", "2008-09-30": "5866.29600", "2008-06-30": "5923.09300", "2008-03-31": "5772.64000", "2007-12-31": "5632.58700", "2007-09-30": "5613.60200", "2007-06-30": "5680.03900", "2007-03-31": "5765.83200", "2006-12-31": "5567.10600", "2006-09-30": "5350.36400", "2006-06-30": "5191.16000", "2006-03-31": "4968.81500", "2005-12-31": "4869.50900", "2005-09-30": "4701.85300", "2005-06-30": "4643.60600", "2005-03-31": "4634.18100"}, "Total Assets": {"2020-09-30": "13642.04000", "2020-06-30": "14208.75000", "2020-03-31": "14364.22000", "2019-12-31": "14475.33000", "2019-09-30": "14482.84000", "2019-06-30": "14522.05000", "2019-03-31": "13948.99000", "2018-12-31": "13347.81000", "2018-09-30": "12684.30000", "2018-06-30": "12228.87000", "2018-03-31": "11736.16000", "2017-12-31": "11464.00000", "2017-09-30": "11258.97000", "2017-06-30": "11124.78000", "2017-03-31": "10973.81000", "2016-12-31": "10902.45000", "2016-09-30": "11108.77000", "2016-06-30": "11136.13000", "2016-03-31": "11054.53000", "2015-12-31": "10952.58000", "2015-09-30": "10820.19000", "2015-06-30": "10638.26000", "2015-03-31": "9906.79100", "2014-12-31": "9850.87100", "2014-09-30": "9604.36200", "2014-06-30": "9687.66700", "2014-03-31": "9367.48300", "2013-12-31": "9103.78200", "2013-09-30": "8807.80200", "2013-06-30": "8560.34700", "2013-03-31": "8392.10200", "2012-12-31": "8318.97900", "2012-09-30": "8259.62000", "2012-06-30": "8116.95800", "2012-03-31": "8148.64200", "2011-12-31": "7617.83500", "2011-09-30": "7445.77500", "2011-06-30": "7444.28900", "2011-03-31": "6982.18300", "2010-12-31": "6652.37400", "2010-09-30": "6409.75500", "2010-06-30": "6338.05300", "2010-03-31": "6262.67800", "2009-12-31": "6259.83000", "2009-09-30": "6453.57300", "2009-06-30": "6530.02700", "2009-03-31": "6570.42000", "2008-12-31": "6689.50800", "2008-09-30": "6956.31800", "2008-06-30": "7068.40700", "2008-03-31": "6900.56600", "2007-12-31": "6854.64900", "2007-09-30": "6885.62700", "2007-06-30": "6929.98800", "2007-03-31": "6998.84100", "2006-12-31": "6828.92300", "2006-09-30": "6728.24500", "2006-06-30": "6421.57800", "2006-03-31": "6125.26700", "2005-12-31": "6033.26400", "2005-09-30": "6044.03500", "2005-06-30": "5843.91900", "2005-03-31": "5797.10100"}, "Total Current Liabilities": {"2020-09-30": "2518.63500", "2020-06-30": "2755.60500", "2020-03-31": "2196.39600", "2019-12-31": "2625.35300", "2019-09-30": "2532.85200", "2019-06-30": "2641.14900", "2019-03-31": "2754.57900", "2018-12-31": "2516.74600", "2018-09-30": "2182.81800", "2018-06-30": "2018.56400", "2018-03-31": "1809.28000", "2017-12-31": "2014.97500", "2017-09-30": "1230.32900", "2017-06-30": "1617.36400", "2017-03-31": "1977.79900", "2016-12-31": "1744.06900", "2016-09-30": "2029.85100", "2016-06-30": "2018.06000", "2016-03-31": "1593.54000", "2015-12-31": "1680.25500", "2015-09-30": "1367.26200", "2015-06-30": "1523.73200", "2015-03-31": "1126.53700", "2014-12-31": "1110.81500", "2014-09-30": "1475.57300", "2014-06-30": "1516.68000", "2014-03-31": "1372.62200", "2013-12-31": "1231.13900", "2013-09-30": "1274.26700", "2013-06-30": "1196.62600", "2013-03-31": "1178.87000", "2012-12-31": "1272.66500", "2012-09-30": "1333.83300", "2012-06-30": "1361.55600", "2012-03-31": "1761.74800", "2011-12-31": "1173.82300", "2011-09-30": "1162.89900", "2011-06-30": "1185.18000", "2011-03-31": "1380.39900", "2010-12-31": "1131.51900", "2010-09-30": "1178.16800", "2010-06-30": "1170.37900", "2010-03-31": "929.61600", "2009-12-31": "850.27400", "2009-09-30": "892.02000", "2009-06-30": "935.15500", "2009-03-31": "740.58100", "2008-12-31": "1111.16500", "2008-09-30": "1068.86800", "2008-06-30": "1023.48300", "2008-03-31": "1114.05700", "2007-12-31": "1019.36100", "2007-09-30": "1298.12400", "2007-06-30": "1005.76800", "2007-03-31": "1283.84000", "2006-12-31": "1267.62200", "2006-09-30": "1433.92900", "2006-06-30": "1241.29500", "2006-03-31": "1214.35700", "2005-12-31": "1253.49500", "2005-09-30": "1278.33200", "2005-06-30": "1095.35600", "2005-03-31": "1265.88200"}, "Long Term Debt": {"2020-09-30": "6303.17600", "2020-06-30": "6687.09600", "2020-03-31": "7320.84300", "2019-12-31": "6770.22400", "2019-09-30": "6805.88600", "2019-06-30": "6619.06000", "2019-03-31": "6025.67900", "2018-12-31": "5712.14600", "2018-09-30": "5423.58000", "2018-06-30": "5237.37700", "2018-03-31": "4999.77000", "2017-12-31": "4583.58200", "2017-09-30": "5205.28400", "2017-06-30": "4795.99200", "2017-03-31": "4353.11000", "2016-12-31": "4599.86400", "2016-09-30": "4464.49500", "2016-06-30": "4586.80600", "2016-03-31": "4987.21700", "2015-12-31": "4868.09700", "2015-09-30": "5144.93800", "2015-06-30": "4869.20800", "2015-03-31": "4692.50300", "2014-12-31": "4694.33500", "2014-09-30": "4045.24500", "2014-06-30": "4159.47200", "2014-03-31": "4045.75100", "2013-12-31": "3929.98700", "2013-09-30": "3686.03800", "2013-06-30": "3655.71000", "2013-03-31": "3585.89000", "2012-12-31": "3452.82100", "2012-09-30": "3444.46100", "2012-06-30": "3364.08700", "2012-03-31": "3006.30200", "2011-12-31": "3107.77900", "2011-09-30": "2943.23500", "2011-06-30": "2947.89900", "2011-03-31": "2341.14200", "2010-12-31": "2326.87800", "2010-09-30": "2066.31900", "2010-06-30": "2091.16700", "2010-03-31": "2216.90400", "2009-12-31": "2265.07400", "2009-09-30": "2269.79500", "2009-06-30": "2375.05100", "2009-03-31": "2740.31200", "2008-12-31": "2478.53700", "2008-09-30": "2635.72800", "2008-06-30": "2721.14200", "2008-03-31": "2494.10600", "2007-12-31": "2553.43100", "2007-09-30": "2430.20600", "2007-06-30": "2748.34600", "2007-03-31": "2565.08400", "2006-12-31": "2484.19800", "2006-09-30": "2242.87800", "2006-06-30": "2130.91300", "2006-03-31": "2035.77100", "2005-12-31": "1915.92800", "2005-09-30": "1888.62500", "2005-06-30": "1896.54900", "2005-03-31": "1742.99100"}, "Other Non-Current Liabilities": {"2020-09-30": "1569.96100", "2020-06-30": "1496.47100", "2020-03-31": "1472.28400", "2019-12-31": "1442.00300", "2019-09-30": "1451.41500", "2019-06-30": "1431.29000", "2019-03-31": "1399.27300", "2018-12-31": "1402.62500", "2018-09-30": "828.14900", "2018-06-30": "822.07700", "2018-03-31": "824.25700", "2017-12-31": "812.64200", "2017-09-30": "872.07100", "2017-06-30": "866.00300", "2017-03-31": "852.83500", "2016-12-31": "817.56500", "2016-09-30": "817.23200", "2016-06-30": "828.18100", "2016-03-31": "806.56100", "2015-12-31": "829.59500", "2015-09-30": "780.41500", "2015-06-30": "799.41500", "2015-03-31": "788.09400", "2014-12-31": "783.34200", "2014-09-30": "575.04300", "2014-06-30": "566.24200", "2014-03-31": "617.28100", "2013-12-31": "616.30500", "2013-09-30": "931.54400", "2013-06-30": "939.68200", "2013-03-31": "948.51300", "2012-12-31": "948.93200", "2012-09-30": "822.00200", "2012-06-30": "862.83900", "2012-03-31": "891.28300", "2011-12-31": "896.58700", "2011-09-30": "697.40100", "2011-06-30": "692.56600", "2011-03-31": "684.90500", "2010-12-31": "680.80800", "2010-09-30": "693.01800", "2010-06-30": "689.66900", "2010-03-31": "681.00200", "2009-12-31": "681.61300", "2009-09-30": "886.91700", "2009-06-30": "867.40500", "2009-03-31": "850.68200", "2008-12-31": "837.28000", "2008-09-30": "408.26100", "2008-06-30": "418.15800", "2008-03-31": "404.08800", "2007-12-31": "409.90700", "2007-09-30": "402.25300", "2007-06-30": "425.12000", "2007-03-31": "464.57600", "2006-12-31": "461.77700", "2006-09-30": "504.28000", "2006-06-30": "524.38900", "2006-03-31": "496.76800", "2005-12-31": "487.26800", "2005-09-30": "404.53700", "2005-06-30": "461.83000", "2005-03-31": "422.13000"}, "Total Long Term Liabilities": {"2020-09-30": "8972.84300", "2020-06-30": "9294.05400", "2020-03-31": "9925.09200", "2019-12-31": "9373.67100", "2019-09-30": "9473.00600", "2019-06-30": "9273.19900", "2019-03-31": "8627.60200", "2018-12-31": "8294.49400", "2018-09-30": "7583.08900", "2018-06-30": "7368.89900", "2018-03-31": "7068.06200", "2017-12-31": "6607.35300", "2017-09-30": "7853.58100", "2017-06-30": "7401.32100", "2017-03-31": "6916.21200", "2016-12-31": "7106.11000", "2016-09-30": "6981.88100", "2016-06-30": "7070.96900", "2016-03-31": "7415.67200", "2015-12-31": "7285.21400", "2015-09-30": "7500.86000", "2015-06-30": "7201.09300", "2015-03-31": "6968.70800", "2014-12-31": "6920.96900", "2014-09-30": "6146.29000", "2014-06-30": "6206.02700", "2014-03-31": "6096.32000", "2013-12-31": "5975.92900", "2013-09-30": "5878.07900", "2013-06-30": "5816.36200", "2013-03-31": "5722.08700", "2012-12-31": "5578.82700", "2012-09-30": "5447.88800", "2012-06-30": "5370.99400", "2012-03-31": "5015.51400", "2011-12-31": "5125.85900", "2011-09-30": "4831.44800", "2011-06-30": "4799.83000", "2011-03-31": "4161.50800", "2010-12-31": "4116.54200", "2010-09-30": "3823.28800", "2010-06-30": "3792.99500", "2010-03-31": "3924.83100", "2009-12-31": "3982.56100", "2009-09-30": "4109.90500", "2009-06-30": "4178.25400", "2009-03-31": "4501.66200", "2008-12-31": "4233.18200", "2008-09-30": "4114.62900", "2008-06-30": "4194.03300", "2008-03-31": "3912.64400", "2007-12-31": "3947.69900", "2007-09-30": "3801.23800", "2007-06-30": "4125.16700", "2007-03-31": "3941.24900", "2006-12-31": "3840.52200", "2006-09-30": "3648.93100", "2006-06-30": "3532.12100", "2006-03-31": "3387.26300", "2005-12-31": "3252.31300", "2005-09-30": "3148.81900", "2005-06-30": "3191.55700", "2005-03-31": "3005.05900"}, "Total Liabilities": {"2020-09-30": "11491.48000", "2020-06-30": "12049.66000", "2020-03-31": "12121.49000", "2019-12-31": "11999.02000", "2019-09-30": "12005.86000", "2019-06-30": "11914.35000", "2019-03-31": "11382.18000", "2018-12-31": "10811.24000", "2018-09-30": "9765.90700", "2018-06-30": "9387.46300", "2018-03-31": "8877.34200", "2017-12-31": "8622.32800", "2017-09-30": "9083.91000", "2017-06-30": "9018.68500", "2017-03-31": "8894.01100", "2016-12-31": "8850.17900", "2016-09-30": "9011.73200", "2016-06-30": "9089.02900", "2016-03-31": "9009.21200", "2015-12-31": "8965.46900", "2015-09-30": "8868.12200", "2015-06-30": "8724.82500", "2015-03-31": "8095.24500", "2014-12-31": "8031.78400", "2014-09-30": "7621.86300", "2014-06-30": "7722.70700", "2014-03-31": "7468.94200", "2013-12-31": "7207.06800", "2013-09-30": "7152.34600", "2013-06-30": "7012.98800", "2013-03-31": "6900.95700", "2012-12-31": "6851.49200", "2012-09-30": "6781.72100", "2012-06-30": "6732.55000", "2012-03-31": "6777.26200", "2011-12-31": "6299.68200", "2011-09-30": "5994.34700", "2011-06-30": "5985.01000", "2011-03-31": "5541.90700", "2010-12-31": "5248.06100", "2010-09-30": "5001.45600", "2010-06-30": "4963.37400", "2010-03-31": "4854.44700", "2009-12-31": "4832.83500", "2009-09-30": "5001.92500", "2009-06-30": "5113.40900", "2009-03-31": "5242.24300", "2008-12-31": "5344.34700", "2008-09-30": "5183.49700", "2008-06-30": "5217.51600", "2008-03-31": "5026.70100", "2007-12-31": "4967.06000", "2007-09-30": "5099.36200", "2007-06-30": "5130.93500", "2007-03-31": "5225.08900", "2006-12-31": "5108.14400", "2006-09-30": "5082.86000", "2006-06-30": "4773.41600", "2006-03-31": "4601.62000", "2005-12-31": "4505.80800", "2005-09-30": "4427.15100", "2005-06-30": "4286.91300", "2005-03-31": "4270.94100"}, "Common Stock Net": {"2020-09-30": "26.94400", "2020-06-30": "26.90900", "2020-03-31": "26.86700", "2019-12-31": "26.63900", "2019-09-30": "26.66500", "2019-06-30": "26.66700", "2019-03-31": "26.65100", "2018-12-31": "26.55900", "2018-09-30": "26.54400", "2018-06-30": "26.54700", "2018-03-31": "26.54700", "2017-12-31": "26.47800", "2017-09-30": "26.47400", "2017-06-30": "26.49200", "2017-03-31": "26.78100", "2016-12-31": "26.73200", "2016-09-30": "26.73400", "2016-06-30": "26.73900", "2016-03-31": "26.85000", "2015-12-31": "26.74500", "2015-09-30": "26.71200", "2015-06-30": "26.68700", "2015-03-31": "26.65500", "2014-12-31": "26.52000", "2014-09-30": "26.52000", "2014-06-30": "26.53300", "2014-03-31": "26.59100", "2013-12-31": "26.66700", "2013-09-30": "26.29700", "2013-06-30": "26.16300", "2013-03-31": "25.96100", "2012-12-31": "25.68600", "2012-09-30": "25.55600", "2012-06-30": "25.56200", "2012-03-31": "25.63700", "2011-12-31": "25.57200", "2011-09-30": "25.56300", "2011-06-30": "25.56600", "2011-03-31": "25.67200", "2010-12-31": "25.58700", "2010-09-30": "25.86900", "2010-06-30": "26.20900", "2010-03-31": "26.49500", "2009-12-31": "26.71000", "2009-09-30": "28.02500", "2009-06-30": "27.97700", "2009-03-31": "27.94500", "2008-12-31": "27.82900", "2008-09-30": "27.57400", "2008-06-30": "27.98600", "2008-03-31": "28.51200", "2007-12-31": "28.88300", "2007-09-30": "28.85400", "2007-06-30": "29.75000", "2007-03-31": "30.41000", "2006-12-31": "30.22000", "2006-09-30": "30.24600", "2006-06-30": "30.88500", "2006-03-31": "30.33100", "2005-12-31": "30.93500", "2005-09-30": "32.08700", "2005-06-30": "32.10700", "2005-03-31": "32.16700"}, "Retained Earnings (Accumulated Deficit)": {"2020-09-30": "1928.37300", "2020-06-30": "1922.94000", "2020-03-31": "2026.88600", "2019-12-31": "2177.51300", "2019-09-30": "2262.35600", "2019-06-30": "2385.62000", "2019-03-31": "2343.85700", "2018-12-31": "2337.25200", "2018-09-30": "2632.58900", "2018-06-30": "2580.26200", "2018-03-31": "2468.00500", "2017-12-31": "2471.67700", "2017-09-30": "1855.80600", "2017-06-30": "1827.13900", "2017-03-31": "1829.11400", "2016-12-31": "1827.02600", "2016-09-30": "1795.44500", "2016-06-30": "1736.83900", "2016-03-31": "1700.81600", "2015-12-31": "1667.08000", "2015-09-30": "1612.74400", "2015-06-30": "1544.04700", "2015-03-31": "1479.17500", "2014-12-31": "1450.50900", "2014-09-30": "1470.49900", "2014-06-30": "1416.85800", "2014-03-31": "1390.31000", "2013-12-31": "1390.75600", "2013-09-30": "1344.17500", "2013-06-30": "1291.00500", "2013-03-31": "1244.95600", "2012-12-31": "1221.19000", "2012-09-30": "1183.06600", "2012-06-30": "1125.86800", "2012-03-31": "1101.30900", "2011-12-31": "1090.36300", "2011-09-30": "1062.46000", "2011-06-30": "1027.28100", "2011-03-31": "1022.56900", "2010-12-31": "1019.78500", "2010-09-30": "1017.53600", "2010-06-30": "1014.99400", "2010-03-31": "1020.48200", "2009-12-31": "1036.17800", "2009-09-30": "1119.31400", "2009-06-30": "1109.36200", "2009-03-31": "1099.34900", "2008-12-31": "1105.36900", "2008-09-30": "1107.52200", "2008-06-30": "1100.43600", "2008-03-31": "1130.09200", "2007-12-31": "1160.13200", "2007-09-30": "1100.37100", "2007-06-30": "1137.35700", "2007-03-31": "1147.86000", "2006-12-31": "1123.78900", "2006-09-30": "1082.41100", "2006-06-30": "1085.92700", "2006-03-31": "1026.76300", "2005-12-31": "1038.36400", "2005-09-30": "1071.04900", "2005-06-30": "1023.52900", "2005-03-31": "978.42800"}, "Comprehensive Income": {"2020-09-30": "-929.71800", "2020-06-30": "-904.64000", "2020-03-31": "-914.94500", "2019-12-31": "-836.49100", "2019-09-30": "-915.15400", "2019-06-30": "-899.38800", "2019-03-31": "-890.41800", "2018-12-31": "-911.63400", "2018-09-30": "-816.14700", "2018-06-30": "-827.96700", "2018-03-31": "-690.00300", "2017-12-31": "-707.50100", "2017-09-30": "-746.81400", "2017-06-30": "-780.22000", "2017-03-31": "-813.22600", "2016-12-31": "-834.03200", "2016-09-30": "-747.44500", "2016-06-30": "-732.65300", "2016-03-31": "-694.33600", "2015-12-31": "-712.73500", "2015-09-30": "-685.14500", "2015-06-30": "-646.85800", "2015-03-31": "-673.03200", "2014-12-31": "-620.27000", "2014-09-30": "-466.42300", "2014-06-30": "-422.49500", "2014-03-31": "-449.71300", "2013-12-31": "-438.24800", "2013-09-30": "-593.55600", "2013-06-30": "-630.45900", "2013-03-31": "-615.90400", "2012-12-31": "-587.61900", "2012-09-30": "-524.58800", "2012-06-30": "-554.55600", "2012-03-31": "-539.67400", "2011-12-31": "-567.16500", "2011-09-30": "-396.89700", "2011-06-30": "-346.47900", "2011-03-31": "-349.30000", "2010-12-31": "-376.59900", "2010-09-30": "-370.32100", "2010-06-30": "-404.85100", "2010-03-31": "-377.89800", "2009-12-31": "-378.91900", "2009-09-30": "-469.98400", "2009-06-30": "-488.10100", "2009-03-31": "-561.36200", "2008-12-31": "-544.22700", "2008-09-30": "-113.45800", "2008-06-30": "-31.21700", "2008-03-31": "-35.31800", "2007-12-31": "-30.87700", "2007-09-30": "-67.46800", "2007-06-30": "-98.93400", "2007-03-31": "-140.69100", "2006-12-31": "-146.49400", "2006-09-30": "-171.40900", "2006-06-30": "-177.97100", "2006-03-31": "-201.79300", "2005-12-31": "-202.91900", "2005-09-30": "-165.81800", "2005-06-30": "-174.80400", "2005-03-31": "-158.31500"}, "Other Share Holders Equity": {"2020-09-30": "", "2020-06-30": "", "2020-03-31": "", "2019-12-31": "", "2019-09-30": "", "2019-06-30": "", "2019-03-31": "", "2018-12-31": "", "2018-09-30": "", "2018-06-30": "", "2018-03-31": "", "2017-12-31": "", "2017-09-30": "", "2017-06-30": "", "2017-03-31": "", "2016-12-31": "", "2016-09-30": "", "2016-06-30": "", "2016-03-31": "", "2015-12-31": "", "2015-09-30": "", "2015-06-30": "", "2015-03-31": "", "2014-12-31": "", "2014-09-30": "", "2014-06-30": "", "2014-03-31": "", "2013-12-31": "", "2013-09-30": "", "2013-06-30": "", "2013-03-31": "", "2012-12-31": "", "2012-09-30": "", "2012-06-30": "", "2012-03-31": "", "2011-12-31": "", "2011-09-30": "", "2011-06-30": "", "2011-03-31": "", "2010-12-31": "", "2010-09-30": "", "2010-06-30": "", "2010-03-31": "", "2009-12-31": "", "2009-09-30": "", "2009-06-30": "", "2009-03-31": "", "2008-12-31": "", "2008-09-30": "", "2008-06-30": "", "2008-03-31": "", "2007-12-31": "", "2007-09-30": "", "2007-06-30": "", "2007-03-31": "", "2006-12-31": "", "2006-09-30": "", "2006-06-30": "", "2006-03-31": "", "2005-12-31": "", "2005-09-30": "", "2005-06-30": "", "2005-03-31": ""}, "Share Holder Equity": {"2020-09-30": "2150.55800", "2020-06-30": "2159.09200", "2020-03-31": "2242.73600", "2019-12-31": "2476.31000", "2019-09-30": "2476.98700", "2019-06-30": "2607.70600", "2019-03-31": "2566.80400", "2018-12-31": "2536.56800", "2018-09-30": "2918.39800", "2018-06-30": "2841.40300", "2018-03-31": "2858.81500", "2017-12-31": "2841.67100", "2017-09-30": "2175.06400", "2017-06-30": "2106.09900", "2017-03-31": "2079.79600", "2016-12-31": "2052.27500", "2016-09-30": "2097.04100", "2016-06-30": "2047.09800", "2016-03-31": "2045.31800", "2015-12-31": "1987.11100", "2015-09-30": "1952.06400", "2015-06-30": "1913.43900", "2015-03-31": "1811.54600", "2014-12-31": "1819.08700", "2014-09-30": "1982.49900", "2014-06-30": "1964.96000", "2014-03-31": "1898.54100", "2013-12-31": "1896.71400", "2013-09-30": "1655.45600", "2013-06-30": "1547.35900", "2013-03-31": "1491.14500", "2012-12-31": "1467.48700", "2012-09-30": "1477.89900", "2012-06-30": "1384.40800", "2012-03-31": "1371.38000", "2011-12-31": "1318.15300", "2011-09-30": "1451.42800", "2011-06-30": "1459.27900", "2011-03-31": "1440.27600", "2010-12-31": "1404.31300", "2010-09-30": "1408.29900", "2010-06-30": "1374.67900", "2010-03-31": "1408.23100", "2009-12-31": "1426.99500", "2009-09-30": "1451.64800", "2009-06-30": "1416.61800", "2009-03-31": "1328.17700", "2008-12-31": "1345.16100", "2008-09-30": "1772.82100", "2008-06-30": "1850.89100", "2008-03-31": "1873.86500", "2007-12-31": "1887.58900", "2007-09-30": "1786.26500", "2007-06-30": "1799.05300", "2007-03-31": "1773.75200", "2006-12-31": "1720.77900", "2006-09-30": "1645.38500", "2006-06-30": "1648.16200", "2006-03-31": "1523.64700", "2005-12-31": "1527.45600", "2005-09-30": "1616.88400", "2005-06-30": "1557.00600", "2005-03-31": "1526.16000"}, "Total Liabilities And Share Holders Equity": {"2020-09-30": "13642.04000", "2020-06-30": "14208.75000", "2020-03-31": "14364.22000", "2019-12-31": "14475.33000", "2019-09-30": "14482.84000", "2019-06-30": "14522.05000", "2019-03-31": "13948.99000", "2018-12-31": "13347.81000", "2018-09-30": "12684.30000", "2018-06-30": "12228.87000", "2018-03-31": "11736.16000", "2017-12-31": "11464.00000", "2017-09-30": "11258.97000", "2017-06-30": "11124.78000", "2017-03-31": "10973.81000", "2016-12-31": "10902.45000", "2016-09-30": "11108.77000", "2016-06-30": "11136.13000", "2016-03-31": "11054.53000", "2015-12-31": "10952.58000", "2015-09-30": "10820.19000", "2015-06-30": "10638.26000", "2015-03-31": "9906.79100", "2014-12-31": "9850.87100", "2014-09-30": "9604.36200", "2014-06-30": "9687.66700", "2014-03-31": "9367.48300", "2013-12-31": "9103.78200", "2013-09-30": "8807.80200", "2013-06-30": "8560.34700", "2013-03-31": "8392.10200", "2012-12-31": "8318.97900", "2012-09-30": "8259.62000", "2012-06-30": "8116.95800", "2012-03-31": "8148.64200", "2011-12-31": "7617.83500", "2011-09-30": "7445.77500", "2011-06-30": "7444.28900", "2011-03-31": "6982.18300", "2010-12-31": "6652.37400", "2010-09-30": "6409.75500", "2010-06-30": "6338.05300", "2010-03-31": "6262.67800", "2009-12-31": "6259.83000", "2009-09-30": "6453.57300", "2009-06-30": "6530.02700", "2009-03-31": "6570.42000", "2008-12-31": "6689.50800", "2008-09-30": "6956.31800", "2008-06-30": "7068.40700", "2008-03-31": "6900.56600", "2007-12-31": "6854.64900", "2007-09-30": "6885.62700", "2007-06-30": "6929.98800", "2007-03-31": "6998.84100", "2006-12-31": "6828.92300", "2006-09-30": "6728.24500", "2006-06-30": "6421.57800", "2006-03-31": "6125.26700", "2005-12-31": "6033.26400", "2005-09-30": "6044.03500", "2005-06-30": "5843.91900", "2005-03-31": "5797.10100"}}, "cash flow statement": {"Net Income/Loss": {"2019-12-31": "-24.41000", "2018-12-31": "284.61300", "2017-12-31": "719.64400", "2016-12-31": "263.06900", "2015-12-31": "304.76800", "2014-12-31": "218.34100", "2013-12-31": "237.87100", "2012-12-31": "209.97900", "2011-12-31": "169.77700", "2010-12-31": "118.17000", "2009-12-31": "61.94500", "2008-12-31": "199.88100", "2007-12-31": "253.86100", "2006-12-31": "248.95900", "2005-12-31": "226.92900"}, "Total Depreciation And Amortization - Cash Flow": {"2019-12-31": "1980.21800", "2018-12-31": "1472.01900", "2017-12-31": "1298.72000", "2016-12-31": "1225.90700", "2015-12-31": "1174.93100", "2014-12-31": "1094.31200", "2013-12-31": "1039.99900", "2012-12-31": "988.88600", "2011-12-31": "912.19000", "2010-12-31": "874.74100", "2009-12-31": "922.51700", "2008-12-31": "861.41200", "2007-12-31": "825.53900", "2006-12-31": "757.39400", "2005-12-31": "751.64700"}, "Other Non-Cash Items": {"2019-12-31": "199.58200", "2018-12-31": "247.09200", "2017-12-31": "-314.28200", "2016-12-31": "182.61700", "2015-12-31": "94.38800", "2014-12-31": "108.67300", "2013-12-31": "42.16000", "2012-12-31": "7.77800", "2011-12-31": "46.15100", "2010-12-31": "35.35100", "2009-12-31": "124.96700", "2008-12-31": "164.55400", "2007-12-31": "36.23800", "2006-12-31": "44.51700", "2005-12-31": "-60.77400"}, "Total Non-Cash Items": {"2019-12-31": "2179.80000", "2018-12-31": "1719.11100", "2017-12-31": "984.43800", "2016-12-31": "1408.52400", "2015-12-31": "1269.31900", "2014-12-31": "1202.98500", "2013-12-31": "1082.15900", "2012-12-31": "996.66410", "2011-12-31": "958.34090", "2010-12-31": "910.09200", "2009-12-31": "1047.48400", "2008-12-31": "1025.96600", "2007-12-31": "861.77700", "2006-12-31": "801.91110", "2005-12-31": "690.87300"}, "Change In Accounts Receivable": {"2019-12-31": "27.14900", "2018-12-31": "-193.14400", "2017-12-31": "-178.86100", "2016-12-31": "-51.75400", "2015-12-31": "-40.32300", "2014-12-31": "-20.68700", "2013-12-31": "-14.27200", "2012-12-31": "7.10700", "2011-12-31": "-92.02000", "2010-12-31": "-18.02000", "2009-12-31": "19.47800", "2008-12-31": "173.87200", "2007-12-31": "63.49400", "2006-12-31": "-58.30600", "2005-12-31": "-81.97100"}, "Change In Inventories": {"2019-12-31": "-1.33400", "2018-12-31": "-5.78200", "2017-12-31": "-3.29600", "2016-12-31": "-5.90600", "2015-12-31": "1.44800", "2014-12-31": "-2.15300", "2013-12-31": "-0.84100", "2012-12-31": "0.72900", "2011-12-31": "-6.15400", "2010-12-31": "-7.50800", "2009-12-31": "-1.08700", "2008-12-31": "10.49700", "2007-12-31": "1.40900", "2006-12-31": "0.51300", "2005-12-31": "-0.56400"}, "Change In Accounts Payable": {"2019-12-31": "-26.59600", "2018-12-31": "16.86900", "2017-12-31": "66.14900", "2016-12-31": "94.32000", "2015-12-31": "-74.38100", "2014-12-31": "53.48100", "2013-12-31": "34.43100", "2012-12-31": "-22.80300", "2011-12-31": "24.65700", "2010-12-31": "6.90600", "2009-12-31": "15.57000", "2008-12-31": "-109.14300", "2007-12-31": "-19.04300", "2006-12-31": "32.64000", "2005-12-31": "51.08400"}, "Change In Assets/Liabilities": {"2019-12-31": "-65.18500", "2018-12-31": "-84.72700", "2017-12-31": "-95.80900", "2016-12-31": "-14.21100", "2015-12-31": "-0.29200", "2014-12-31": "-16.04000", "2013-12-31": "-23.11400", "2012-12-31": "10.71500", "2011-12-31": "-25.04000", "2010-12-31": "-4.89600", "2009-12-31": "-11.58300", "2008-12-31": "-33.36000", "2007-12-31": "5.31900", "2006-12-31": "-16.68300", "2005-12-31": "10.72400"}, "Total Change In Assets/Liabilities": {"2019-12-31": "-136.05200", "2018-12-31": "-368.53400", "2017-12-31": "-156.99900", "2016-12-31": "-70.57100", "2015-12-31": "-132.29900", "2014-12-31": "-38.50800", "2013-12-31": "-68.21900", "2012-12-31": "-72.51900", "2011-12-31": "-86.16200", "2010-12-31": "-0.22800", "2009-12-31": "-124.47300", "2008-12-31": "22.32200", "2007-12-31": "-19.07900", "2006-12-31": "-197.28300", "2005-12-31": "-138.74000"}, "Cash Flow From Operating Activities": {"2019-12-31": "2140.53900", "2018-12-31": "1717.99300", "2017-12-31": "1628.09800", "2016-12-31": "1601.02200", "2015-12-31": "1441.78800", "2014-12-31": "1382.81800", "2013-12-31": "1251.81100", "2012-12-31": "1134.12400", "2011-12-31": "1041.95600", "2010-12-31": "1028.03400", "2009-12-31": "984.95600", "2008-12-31": "1248.16900", "2007-12-31": "1096.55900", "2006-12-31": "853.58700", "2005-12-31": "779.06200"}, "Net Change In Property, Plant, And Equipment": {"2019-12-31": "-3217.19300", "2018-12-31": "-2654.08700", "2017-12-31": "-1431.43600", "2016-12-31": "-1483.85700", "2015-12-31": "-2240.48200", "2014-12-31": "-1762.20100", "2013-12-31": "-1670.25700", "2012-12-31": "-1590.26100", "2011-12-31": "-1360.95300", "2010-12-31": "-835.40500", "2009-12-31": "-436.31700", "2008-12-31": "-968.99500", "2007-12-31": "-780.22390", "2006-12-31": "-1362.41000", "2005-12-31": "-1065.66400"}, "Net Change In Intangible Assets": {"2019-12-31": "", "2018-12-31": "", "2017-12-31": "", "2016-12-31": "", "2015-12-31": "", "2014-12-31": "", "2013-12-31": "", "2012-12-31": "", "2011-12-31": "", "2010-12-31": "", "2009-12-31": "", "2008-12-31": "", "2007-12-31": "", "2006-12-31": "", "2005-12-31": ""}, "Net Acquisitions/Divestitures": {"2019-12-31": "", "2018-12-31": "-167.37200", "2017-12-31": "-7.24000", "2016-12-31": "", "2015-12-31": "", "2014-12-31": "-9.97200", "2013-12-31": "-1.85800", "2012-12-31": "-5.11300", "2011-12-31": "-361.92100", "2010-12-31": "-211.89700", "2009-12-31": "-88.87300", "2008-12-31": "-246.99300", "2007-12-31": "-75.22600", "2006-12-31": "-4.11300", "2005-12-31": "-15.11000"}, "Net Change In Short-term Investments": {"2019-12-31": "", "2018-12-31": "", "2017-12-31": "", "2016-12-31": "", "2015-12-31": "", "2014-12-31": "", "2013-12-31": "", "2012-12-31": "", "2011-12-31": "", "2010-12-31": "", "2009-12-31": "", "2008-12-31": "", "2007-12-31": "", "2006-12-31": "", "2005-12-31": ""}, "Net Change In Long-Term Investments": {"2019-12-31": "", "2018-12-31": "", "2017-12-31": "", "2016-12-31": "", "2015-12-31": "", "2014-12-31": "", "2013-12-31": "", "2012-12-31": "", "2011-12-31": "", "2010-12-31": "", "2009-12-31": "", "2008-12-31": "", "2007-12-31": "", "2006-12-31": "", "2005-12-31": ""}, "Net Change In Investments - Total": {"2019-12-31": "", "2018-12-31": "", "2017-12-31": "", "2016-12-31": "", "2015-12-31": "", "2014-12-31": "", "2013-12-31": "", "2012-12-31": "", "2011-12-31": "", "2010-12-31": "", "2009-12-31": "", "2008-12-31": "", "2007-12-31": "", "2006-12-31": "", "2005-12-31": ""}, "Investing Activities - Other": {"2019-12-31": "", "2018-12-31": "", "2017-12-31": "", "2016-12-31": "76.51000", "2015-12-31": "79.12700", "2014-12-31": "67.66300", "2013-12-31": "68.29700", "2012-12-31": "91.10100", "2011-12-31": "65.70200", "2010-12-31": "64.83800", "2009-12-31": "76.58000", "2008-12-31": "112.52000", "2007-12-31": "44.24800", "2006-12-31": "26.97300", "2005-12-31": "91.91900"}, "Cash Flow From Investing Activities": {"2019-12-31": "-3217.19300", "2018-12-31": "-2821.45900", "2017-12-31": "-1438.67600", "2016-12-31": "-1407.34700", "2015-12-31": "-2161.35500", "2014-12-31": "-1704.51000", "2013-12-31": "-1603.81800", "2012-12-31": "-1504.27300", "2011-12-31": "-1657.17200", "2010-12-31": "-982.46400", "2009-12-31": "-448.61000", "2008-12-31": "-1103.46800", "2007-12-31": "-811.20200", "2006-12-31": "-1339.55000", "2005-12-31": "-988.85500"}, "Net Long-Term Debt": {"2019-12-31": "1243.20400", "2018-12-31": "1164.88100", "2017-12-31": "-96.21500", "2016-12-31": "5.88100", "2015-12-31": "484.91200", "2014-12-31": "672.04500", "2013-12-31": "177.80000", "2012-12-31": "461.84000", "2011-12-31": "547.11500", "2010-12-31": "65.50100", "2009-12-31": "-517.69600", "2008-12-31": "625.36300", "2007-12-31": "70.70600", "2006-12-31": "292.04900", "2005-12-31": "218.19100"}, "Net Current Debt": {"2019-12-31": "-18.03300", "2018-12-31": "51.88800", "2017-12-31": "89.51900", "2016-12-31": "-77.79800", "2015-12-31": "323.35900", "2014-12-31": "-221.08200", "2013-12-31": "146.38200", "2012-12-31": "-64.75100", "2011-12-31": "46.74900", "2010-12-31": "174.93900", "2009-12-31": "148.25600", "2008-12-31": "-522.31200", "2007-12-31": "-159.77100", "2006-12-31": "328.64100", "2005-12-31": "188.27100"}, "Debt Issuance/Retirement Net - Total": {"2019-12-31": "1225.17100", "2018-12-31": "1216.76900", "2017-12-31": "-6.69600", "2016-12-31": "-71.91700", "2015-12-31": "808.27110", "2014-12-31": "450.96300", "2013-12-31": "324.18200", "2012-12-31": "397.08900", "2011-12-31": "593.86400", "2010-12-31": "240.44000", "2009-12-31": "-369.44010", "2008-12-31": "103.05100", "2007-12-31": "-89.06500", "2006-12-31": "620.68990", "2005-12-31": "406.46200"}, "Net Common Equity Issued/Repurchased": {"2019-12-31": "-19.47000", "2018-12-31": "-13.79000", "2017-12-31": "-57.80800", "2016-12-31": "-19.18700", "2015-12-31": "17.49400", "2014-12-31": "-59.71800", "2013-12-31": "90.64600", "2012-12-31": "1.50800", "2011-12-31": "-26.33000", "2010-12-31": "-106.27200", "2009-12-31": "-108.83900", "2008-12-31": "-201.41900", "2007-12-31": "-166.67800", "2006-12-31": "-97.45700", "2005-12-31": "-124.02800"}, "Net Total Equity Issued/Repurchased": {"2019-12-31": "-19.47000", "2018-12-31": "-13.79000", "2017-12-31": "-57.80800", "2016-12-31": "-19.18700", "2015-12-31": "17.49400", "2014-12-31": "-59.71800", "2013-12-31": "90.64600", "2012-12-31": "1.50800", "2011-12-31": "-26.33000", "2010-12-31": "-106.27200", "2009-12-31": "-108.83900", "2008-12-31": "-201.41900", "2007-12-31": "-166.67800", "2006-12-31": "-97.45700", "2005-12-31": "-124.02800"}, "Total Common And Preferred Stock Dividends Paid": {"2019-12-31": "-116.46900", "2018-12-31": "-111.86400", "2017-12-31": "-95.81300", "2016-12-31": "-91.04300", "2015-12-31": "-83.20100", "2014-12-31": "-74.87100", "2013-12-31": "-67.72000", "2012-12-31": "-61.26600", "2011-12-31": "-57.50400", "2010-12-31": "-54.47400", "2009-12-31": "-53.33400", "2008-12-31": "-52.23800", "2007-12-31": "-50.15200", "2006-12-31": "-43.95700", "2005-12-31": "-40.92900"}, "Financial Activities - Other": {"2019-12-31": "-5.09300", "2018-12-31": "-5.60000", "2017-12-31": "-1.73800", "2016-12-31": "-3.77500", "2015-12-31": "-11.07900", "2014-12-31": "-4.72400", "2013-12-31": "-0.03800", "2012-12-31": "-3.52600", "2011-12-31": "-5.82800", "2010-12-31": "-1.52800", "2009-12-31": "-10.40300", "2008-12-31": "2.45400", "2007-12-31": "1.29500", "2006-12-31": "8.92600", "2005-12-31": ""}, "Cash Flow From Financial Activities": {"2019-12-31": "1084.13900", "2018-12-31": "1085.51500", "2017-12-31": "-162.05500", "2016-12-31": "-185.92200", "2015-12-31": "731.48500", "2014-12-31": "311.65000", "2013-12-31": "347.07000", "2012-12-31": "333.80500", "2011-12-31": "504.20200", "2010-12-31": "78.16600", "2009-12-31": "-542.01600", "2008-12-31": "-148.15200", "2007-12-31": "-304.60000", "2006-12-31": "488.20200", "2005-12-31": "241.50500"}, "Net Cash Flow": {"2019-12-31": "5.47300", "2018-12-31": "-14.91100", "2017-12-31": "20.38300", "2016-12-31": "-3.65800", "2015-12-31": "10.85300", "2014-12-31": "-11.47000", "2013-12-31": "-4.83000", "2012-12-31": "-38.18000", "2011-12-31": "-108.48100", "2010-12-31": "114.52800", "2009-12-31": "-21.78000", "2008-12-31": "3.84600", "2007-12-31": "-12.18000", "2006-12-31": "-0.08800", "2005-12-31": "27.75600"}, "Stock-Based Compensation": {"2019-12-31": "", "2018-12-31": "", "2017-12-31": "", "2016-12-31": "", "2015-12-31": "38.97800", "2014-12-31": "20.90500", "2013-12-31": "19.31000", "2012-12-31": "18.86400", "2011-12-31": "17.42300", "2010-12-31": "16.54300", "2009-12-31": "16.40400", "2008-12-31": "17.07600", "2007-12-31": "16.75400", "2006-12-31": "13.64300", "2005-12-31": "3.12400"}, "Common Stock Dividends Paid": {"2019-12-31": "-116.46900", "2018-12-31": "-111.86400", "2017-12-31": "-95.81300", "2016-12-31": "-91.04300", "2015-12-31": "-83.20100", "2014-12-31": "-74.87100", "2013-12-31": "-67.72000", "2012-12-31": "-61.26600", "2011-12-31": "-57.50400", "2010-12-31": "-54.47400", "2009-12-31": "-53.33400", "2008-12-31": "-52.23800", "2007-12-31": "-50.15200", "2006-12-31": "-43.95700", "2005-12-31": "-40.92900"}}, "cash flow statement, quarterly": {"Net Income/Loss": {"2020-09-30": 35.834, "2020-06-30": -74.099, "2020-03-31": "-109.61300", "2019-12-31": -53.486, "2019-09-30": -91.455, "2019-06-30": 75.215, "2019-03-31": "45.31600", "2018-12-31": 111.977, "2018-09-30": 90.842, "2018-06-30": 44.908, "2018-03-31": "36.88600", "2017-12-31": 571.62, "2017-09-30": 58.75, "2017-06-30": 50.868, "2017-03-31": "38.40600", "2016-12-31": 48.773, "2016-09-30": 84.752, "2016-06-30": 73.75, "2016-03-31": "55.79400", "2015-12-31": 76.201, "2015-09-30": 90.619, "2015-06-30": 85.159, "2015-03-31": "52.78900", "2014-12-31": 11.079, "2014-09-30": 83.617, "2014-06-30": 75.413, "2014-03-31": "48.23200", "2013-12-31": 64.686, "2013-09-30": 71.067, "2013-06-30": 62.194, "2013-03-31": "39.92400", "2012-12-31": 53.844, "2012-09-30": 75.091, "2012-06-30": 46.723, "2012-03-31": "34.32100", "2011-12-31": 48.095, "2011-09-30": 56.524, "2011-06-30": 40.033, "2011-03-31": "25.12500", "2010-12-31": 37.121, "2010-09-30": 38.835, "2010-06-30": 29.841, "2010-03-31": "12.37300", "2009-12-31": 8.248, "2009-09-30": 23.971, "2009-06-30": 22.888, "2009-03-31": "6.83800", "2008-12-31": 10.646, "2008-09-30": 70.208, "2008-06-30": 62.945, "2008-03-31": "56.08200", "2007-12-31": 71.946, "2007-09-30": 65.533, "2007-06-30": 65.123, "2007-03-31": "51.25900", "2006-12-31": 65.821, "2006-09-30": 65.277, "2006-06-30": 70.279, "2006-03-31": "47.58200", "2005-12-31": 58.801, "2005-09-30": 63.341, "2005-06-30": 63.298, "2005-03-31": "41.48900"}, "Total Depreciation And Amortization - Cash Flow": {"2020-09-30": 496.147, "2020-06-30": 490.25, "2020-03-31": "565.92100", "2019-12-31": 637.472, "2019-09-30": 574.716, "2019-06-30": 363.542, "2019-03-31": "404.48800", "2018-12-31": 329.651, "2018-09-30": 382.276, "2018-06-30": 379.75, "2018-03-31": "380.34200", "2017-12-31": 340.796, "2017-09-30": 319.846, "2017-06-30": 318.03, "2017-03-31": "320.04800", "2016-12-31": 327.538, "2016-09-30": 308.149, "2016-06-30": 296.802, "2016-03-31": "293.41800", "2015-12-31": 300.511, "2015-09-30": 305.015, "2015-06-30": 289.81, "2015-03-31": "279.59500", "2014-12-31": 277.095, "2014-09-30": 279.381, "2014-06-30": 274.924, "2014-03-31": "262.91200", "2013-12-31": 289.128, "2013-09-30": 257.603, "2013-06-30": 248.295, "2013-03-31": "244.97300", "2012-12-31": 253.345, "2012-09-30": 250.587, "2012-06-30": 249.245, "2012-03-31": "235.70900", "2011-12-31": 238.958, "2011-09-30": 233.671, "2011-06-30": 225.9, "2011-03-31": "213.66100", "2010-12-31": 219.482, "2010-09-30": 217.926, "2010-06-30": 216.062, "2010-03-31": "221.27100", "2009-12-31": 226.5139, "2009-09-30": 232.1691, "2009-06-30": 233.252, "2009-03-31": "230.58200", "2008-12-31": 226.639, "2008-09-30": 210.723, "2008-06-30": 212.893, "2008-03-31": "211.15700", "2007-12-31": 210.626, "2007-09-30": 213.601, "2007-06-30": 198.474, "2007-03-31": "202.83800", "2006-12-31": 195.994, "2006-09-30": 196.545, "2006-06-30": 186.301, "2006-03-31": "178.55400", "2005-12-31": 191.513, "2005-09-30": 188.631, "2005-06-30": 188.684, "2005-03-31": "182.81900"}, "Other Non-Cash Items": {"2020-09-30": 59.747, "2020-06-30": 93.256, "2020-03-31": "34.34200", "2019-12-31": -55.355, "2019-09-30": 71.571, "2019-06-30": 117.767, "2019-03-31": "65.59900", "2018-12-31": 100.486, "2018-09-30": 36.073, "2018-06-30": 63.036, "2018-03-31": "47.49700", "2017-12-31": -438.373, "2017-09-30": 42.423, "2017-06-30": 50.737, "2017-03-31": "30.93100", "2016-12-31": 61.791, "2016-09-30": 52.01, "2016-06-30": 46.537, "2016-03-31": "22.27900", "2015-12-31": 47.338, "2015-09-30": 24.187, "2015-06-30": 17.223, "2015-03-31": "5.64000", "2014-12-31": 89.203, "2014-09-30": 11.475, "2014-06-30": 9.436, "2014-03-31": "-1.44100", "2013-12-31": 10.571, "2013-09-30": 18.755, "2013-06-30": 11.76, "2013-03-31": "1.07400", "2012-12-31": 4.266, "2012-09-30": 0.923, "2012-06-30": 5.232, "2012-03-31": "-2.64300", "2011-12-31": 9.615, "2011-09-30": 14.467, "2011-06-30": 16.8, "2011-03-31": "5.26900", "2010-12-31": 17.492, "2010-09-30": 42.683, "2010-06-30": -13.676, "2010-03-31": "-11.14800", "2009-12-31": 70.893, "2009-09-30": 27.659, "2009-06-30": 15.866, "2009-03-31": "10.54900", "2008-12-31": 63.457, "2008-09-30": 48.206, "2008-06-30": 32.958, "2008-03-31": "19.93300", "2007-12-31": 4.492, "2007-09-30": 6.525, "2007-06-30": 16.586, "2007-03-31": "8.63500", "2006-12-31": -0.529, "2006-09-30": 19.224, "2006-06-30": 19.318, "2006-03-31": "6.50400", "2005-12-31": -35.694, "2005-09-30": 0.074, "2005-06-30": -16.565, "2005-03-31": "-8.58900"}, "Total Non-Cash Items": {"2020-09-30": 555.894, "2020-06-30": 583.506, "2020-03-31": "600.26300", "2019-12-31": 582.117, "2019-09-30": 646.287, "2019-06-30": 481.309, "2019-03-31": "470.08700", "2018-12-31": 430.137, "2018-09-30": 418.3491, "2018-06-30": 442.7859, "2018-03-31": "427.83900", "2017-12-31": -97.577, "2017-09-30": 362.269, "2017-06-30": 368.767, "2017-03-31": "350.97900", "2016-12-31": 389.329, "2016-09-30": 360.159, "2016-06-30": 343.339, "2016-03-31": "315.69700", "2015-12-31": 347.849, "2015-09-30": 329.2021, "2015-06-30": 307.0329, "2015-03-31": "285.23500", "2014-12-31": 366.2981, "2014-09-30": 290.8558, "2014-06-30": 284.3601, "2014-03-31": "261.47100", "2013-12-31": 299.699, "2013-09-30": 276.358, "2013-06-30": 260.055, "2013-03-31": "246.04700", "2012-12-31": 257.6112, "2012-09-30": 251.5099, "2012-06-30": 254.477, "2012-03-31": "233.06600", "2011-12-31": 248.5729, "2011-09-30": 248.138, "2011-06-30": 242.7, "2011-03-31": "218.93000", "2010-12-31": 236.974, "2010-09-30": 260.609, "2010-06-30": 202.386, "2010-03-31": "210.12300", "2009-12-31": 297.4069, "2009-09-30": 259.8281, "2009-06-30": 249.118, "2009-03-31": "241.13100", "2008-12-31": 290.096, "2008-09-30": 258.929, "2008-06-30": 245.851, "2008-03-31": "231.09000", "2007-12-31": 215.1179, "2007-09-30": 220.1261, "2007-06-30": 215.06, "2007-03-31": "211.47300", "2006-12-31": 195.4651, "2006-09-30": 215.769, "2006-06-30": 205.619, "2006-03-31": "185.05800", "2005-12-31": 155.819, "2005-09-30": 188.705, "2005-06-30": 172.119, "2005-03-31": "174.23000"}, "Change In Accounts Receivable": {"2020-09-30": -62.566, "2020-06-30": 83.846, "2020-03-31": "-14.63400", "2019-12-31": 44.933, "2019-09-30": -25.98, "2019-06-30": -17.985, "2019-03-31": "26.18100", "2018-12-31": -66.296, "2018-09-30": -100.205, "2018-06-30": -48.908, "2018-03-31": "22.26500", "2017-12-31": -33.771, "2017-09-30": -69.997, "2017-06-30": -47.745, "2017-03-31": "-27.34800", "2016-12-31": 17.415, "2016-09-30": -30.098, "2016-06-30": -42.78, "2016-03-31": "3.70900", "2015-12-31": -16.572, "2015-09-30": 9.784, "2015-06-30": -44.31, "2015-03-31": "10.77500", "2014-12-31": 16.721, "2014-09-30": 3.171, "2014-06-30": 0.947, "2014-03-31": "-41.52600", "2013-12-31": 20.595, "2013-09-30": -18.276, "2013-06-30": -7.914, "2013-03-31": "-8.67700", "2012-12-31": 19.418, "2012-09-30": 16.808, "2012-06-30": -2.599, "2012-03-31": "-26.52000", "2011-12-31": 12.5, "2011-09-30": -20.112, "2011-06-30": -33.318, "2011-03-31": "-51.09000", "2010-12-31": 11.347, "2010-09-30": 1.373, "2010-06-30": -30.33, "2010-03-31": "-0.41000", "2009-12-31": 31.16, "2009-09-30": -54.445, "2009-06-30": -16.636, "2009-03-31": "59.39900", "2008-12-31": 105.724, "2008-09-30": 39.677, "2008-06-30": -45.712, "2008-03-31": "74.18300", "2007-12-31": 66.282, "2007-09-30": 19.985, "2007-06-30": 8.796, "2007-03-31": "-31.56900", "2006-12-31": 36.995, "2006-09-30": -49.42, "2006-06-30": -61.4, "2006-03-31": "15.51900", "2005-12-31": -5.058, "2005-09-30": -80.452, "2005-06-30": -28.337, "2005-03-31": "31.87600"}, "Change In Inventories": {"2020-09-30": 1.819, "2020-06-30": 3.271, "2020-03-31": "15.40900", "2019-12-31": 2.535, "2019-09-30": -2.345, "2019-06-30": -0.768, "2019-03-31": "-0.75600", "2018-12-31": -1.393, "2018-09-30": -4.827, "2018-06-30": 0.691, "2018-03-31": "-0.25300", "2017-12-31": -2.311, "2017-09-30": -3.509, "2017-06-30": 0.648, "2017-03-31": "1.87600", "2016-12-31": -2.382, "2016-09-30": -0.891, "2016-06-30": -1.075, "2016-03-31": "-1.55800", "2015-12-31": 0.173, "2015-09-30": 0.269, "2015-06-30": -1.557, "2015-03-31": "2.56300", "2014-12-31": -1.422, "2014-09-30": 0.447, "2014-06-30": -0.549, "2014-03-31": "-0.62900", "2013-12-31": -0.38, "2013-09-30": -2.55, "2013-06-30": 1.187, "2013-03-31": "0.90200", "2012-12-31": 1.565, "2012-09-30": -2.978, "2012-06-30": 3.308, "2012-03-31": "-1.16600", "2011-12-31": -1.285, "2011-09-30": -0.152, "2011-06-30": -0.967, "2011-03-31": "-3.75000", "2010-12-31": -4.376, "2010-09-30": -1.963, "2010-06-30": -0.746, "2010-03-31": "-0.42300", "2009-12-31": -1.975, "2009-09-30": 0.036, "2009-06-30": 0.351, "2009-03-31": "0.50100", "2008-12-31": 8.882, "2008-09-30": 4.424, "2008-06-30": -2.679, "2008-03-31": "-0.13000", "2007-12-31": -0.415, "2007-09-30": -0.962, "2007-06-30": 1.147, "2007-03-31": "1.63900", "2006-12-31": 2.7, "2006-09-30": 1.535, "2006-06-30": -2.033, "2006-03-31": "-1.68900", "2005-12-31": 0.778, "2005-09-30": 0.616, "2005-06-30": 1.476, "2005-03-31": "-3.43400"}, "Change In Accounts Payable": {"2020-09-30": 39.701, "2020-06-30": -28.727, "2020-03-31": "-25.70700", "2019-12-31": 3.645, "2019-09-30": -26.276, "2019-06-30": -22.551, "2019-03-31": "18.58600", "2018-12-31": 13.115, "2018-09-30": -23.675, "2018-06-30": 58.28, "2018-03-31": "-30.85100", "2017-12-31": 25.415, "2017-09-30": 33.068, "2017-06-30": -6.3, "2017-03-31": "13.96600", "2016-12-31": 25.721, "2016-09-30": 0.015, "2016-06-30": 19.378, "2016-03-31": "49.20600", "2015-12-31": -54.875, "2015-09-30": 10.933, "2015-06-30": -1.592, "2015-03-31": "-28.84700", "2014-12-31": 8.505, "2014-09-30": 43.205, "2014-06-30": -12.652, "2014-03-31": "14.42300", "2013-12-31": -8.233, "2013-09-30": 18.956, "2013-06-30": -12.697, "2013-03-31": "36.40500", "2012-12-31": -20.976, "2012-09-30": 9.334, "2012-06-30": -20.609, "2012-03-31": "9.44800", "2011-12-31": 4.37, "2011-09-30": -1.234, "2011-06-30": -9.887, "2011-03-31": "31.40800", "2010-12-31": -2.428, "2010-09-30": -8.607, "2010-06-30": 17.63, "2010-03-31": "0.31100", "2009-12-31": 29.892, "2009-09-30": 10.493, "2009-06-30": -18.012, "2009-03-31": "-6.80300", "2008-12-31": -19.254, "2008-09-30": -21.883, "2008-06-30": -26.18, "2008-03-31": "-41.82600", "2007-12-31": -44.001, "2007-09-30": 5.024, "2007-06-30": -26.388, "2007-03-31": "46.32200", "2006-12-31": -46.963, "2006-09-30": 49.811, "2006-06-30": 13.88, "2006-03-31": "15.91200", "2005-12-31": 15.788, "2005-09-30": 48.168, "2005-06-30": 16.196, "2005-03-31": "-29.06800"}, "Change In Assets/Liabilities": {"2020-09-30": -4.484, "2020-06-30": 29.144, "2020-03-31": "-36.48200", "2019-12-31": -45.746, "2019-09-30": -13.264, "2019-06-30": 21.47, "2019-03-31": "-27.64500", "2018-12-31": 19.746, "2018-09-30": -43.009, "2018-06-30": -15.411, "2018-03-31": "-46.05300", "2017-12-31": -96.064, "2017-09-30": 1.37, "2017-06-30": 6.462, "2017-03-31": "-7.57700", "2016-12-31": 10.03, "2016-09-30": -5.507, "2016-06-30": 2.5, "2016-03-31": "-21.23400", "2015-12-31": 33.042, "2015-09-30": -7.779, "2015-06-30": -8.462, "2015-03-31": "-17.09300", "2014-12-31": 7.345, "2014-09-30": -4.222, "2014-06-30": -4.753, "2014-03-31": "-14.41000", "2013-12-31": 0.623, "2013-09-30": -6.345, "2013-06-30": -0.039, "2013-03-31": "-17.35300", "2012-12-31": 8.258, "2012-09-30": -3.266, "2012-06-30": 11.367, "2012-03-31": "-5.64400", "2011-12-31": -6.315, "2011-09-30": -6.696, "2011-06-30": -3.855, "2011-03-31": "-8.17400", "2010-12-31": -4.379, "2010-09-30": -5.463, "2010-06-30": -1.775, "2010-03-31": "6.72100", "2009-12-31": -5.887, "2009-09-30": -6.117, "2009-06-30": 7.189, "2009-03-31": "-6.76800", "2008-12-31": -7.484, "2008-09-30": -4.844, "2008-06-30": -5.117, "2008-03-31": "-15.91500", "2007-12-31": -0.895, "2007-09-30": 4.568, "2007-06-30": 18.769, "2007-03-31": "-17.12300", "2006-12-31": 31.651, "2006-09-30": -7.398, "2006-06-30": 16.216, "2006-03-31": "-57.15200", "2005-12-31": 21.119, "2005-09-30": 10.045, "2005-06-30": -12.11, "2005-03-31": "-8.33000"}, "Total Change In Assets/Liabilities": {"2020-09-30": -24.862, "2020-06-30": 122.665, "2020-03-31": "-78.66100", "2019-12-31": -8.484, "2019-09-30": -37.653, "2019-06-30": -25.825, "2019-03-31": "-64.09000", "2018-12-31": -119.149, "2018-09-30": -118.621, "2018-06-30": 18.691, "2018-03-31": "-149.45500", "2017-12-31": -93.151, "2017-09-30": 13.477, "2017-06-30": -19.289, "2017-03-31": "-58.03600", "2016-12-31": -22.142, "2016-09-30": -22.873, "2016-06-30": -22.067, "2016-03-31": "-3.48900", "2015-12-31": -53.598, "2015-09-30": -7.183, "2015-06-30": -17.339, "2015-03-31": "-54.17900", "2014-12-31": 24.397, "2014-09-30": 63.683, "2014-06-30": -54.545, "2014-03-31": "-72.04300", "2013-12-31": -2.609, "2013-09-30": -21.167, "2013-06-30": -7.4, "2013-03-31": "-37.04300", "2012-12-31": 55.144, "2012-09-30": -31.097, "2012-06-30": -15.455, "2012-03-31": "-81.11100", "2011-12-31": -37.015, "2011-09-30": 4.848, "2011-06-30": -27.504, "2011-03-31": "-26.49100", "2010-12-31": -50.223, "2010-09-30": -26.477, "2010-06-30": 27.473, "2010-03-31": "48.99900", "2009-12-31": -89.435, "2009-09-30": -27.371, "2009-06-30": -28.023, "2009-03-31": "20.35600", "2008-12-31": 52.328, "2008-09-30": 43.492, "2008-06-30": -86.578, "2008-03-31": "13.08000", "2007-12-31": -27.831, "2007-09-30": 46.452, "2007-06-30": -28.161, "2007-03-31": "-9.53900", "2006-12-31": -19.303, "2006-09-30": 32.214, "2006-06-30": -94.793, "2006-03-31": "-115.40100", "2005-12-31": 93.599, "2005-09-30": 53.956, "2005-06-30": -47.973, "2005-03-31": "-238.32200"}, "Cash Flow From Operating Activities": {"2020-09-30": 597.804, "2020-06-30": 660.199, "2020-03-31": "438.58600", "2019-12-31": 551.353, "2019-09-30": 544.127, "2019-06-30": 559.729, "2019-03-31": "485.33000", "2018-12-31": 442.433, "2018-09-30": 410.735, "2018-06-30": 527.975, "2018-03-31": "336.85000", "2017-12-31": 461.907, "2017-09-30": 434.496, "2017-06-30": 400.346, "2017-03-31": "331.34900", "2016-12-31": 415.96, "2016-09-30": 422.038, "2016-06-30": 395.022, "2016-03-31": "368.00200", "2015-12-31": 370.452, "2015-09-30": 412.638, "2015-06-30": 374.853, "2015-03-31": "283.84500", "2014-12-31": 401.774, "2014-09-30": 438.156, "2014-06-30": 305.228, "2014-03-31": "237.66000", "2013-12-31": 361.776, "2013-09-30": 326.258, "2013-06-30": 314.849, "2013-03-31": "248.92800", "2012-12-31": 366.599, "2012-09-30": 295.504, "2012-06-30": 285.745, "2012-03-31": "186.27600", "2011-12-31": 259.653, "2011-09-30": 309.51, "2011-06-30": 255.229, "2011-03-31": "217.56400", "2010-12-31": 223.872, "2010-09-30": 272.967, "2010-06-30": 259.7, "2010-03-31": "271.49500", "2009-12-31": 216.22, "2009-09-30": 256.428, "2009-06-30": 243.983, "2009-03-31": "268.32500", "2008-12-31": 353.07, "2008-09-30": 372.629, "2008-06-30": 222.218, "2008-03-31": "300.25200", "2007-12-31": 259.233, "2007-09-30": 332.111, "2007-06-30": 252.022, "2007-03-31": "253.19300", "2006-12-31": 241.983, "2006-09-30": 313.26, "2006-06-30": 181.105, "2006-03-31": "117.23900", "2005-12-31": 308.219, "2005-09-30": 306.002, "2005-06-30": 187.444, "2005-03-31": "-22.60300"}, "Net Change In Property, Plant, And Equipment": {"2020-09-30": 7.795, "2020-06-30": -158.532, "2020-03-31": "-327.97800", "2019-12-31": -663.43, "2019-09-30": -599.272, "2019-06-30": -1031.2469, "2019-03-31": "-923.24410", "2018-12-31": -745.701, "2018-09-30": -689.219, "2018-06-30": -646.379, "2018-03-31": "-572.78800", "2017-12-31": -420.564, "2017-09-30": -361.613, "2017-06-30": -384.429, "2017-03-31": "-264.83000", "2016-12-31": -310.841, "2016-09-30": -304.837, "2016-06-30": -413.746, "2016-03-31": "-454.43300", "2015-12-31": -474.157, "2015-09-30": -648.901, "2015-06-30": -661.276, "2015-03-31": "-456.14800", "2014-12-31": -416.691, "2014-09-30": -367.462, "2014-06-30": -527.003, "2014-03-31": "-451.04500", "2013-12-31": -511.046, "2013-09-30": -440.142, "2013-06-30": -412.356, "2013-03-31": "-306.71300", "2012-12-31": -335.568, "2012-09-30": -380.18, "2012-06-30": -497.783, "2012-03-31": "-376.73000", "2011-12-31": -419.742, "2011-09-30": -266.592, "2011-06-30": -432.581, "2011-03-31": "-242.03800", "2010-12-31": -136.336, "2010-09-30": -258.121, "2010-06-30": -289.806, "2010-03-31": "-151.14200", "2009-12-31": -78.501, "2009-09-30": -65.95, "2009-06-30": -85.81, "2009-03-31": "-206.05600", "2008-12-31": -292.887, "2008-09-30": -209.947, "2008-06-30": -267.331, "2008-03-31": "-198.83000", "2007-12-31": -133.5958, "2007-09-30": -106.8041, "2007-06-30": -146.766, "2007-03-31": "-393.05800", "2006-12-31": -447.718, "2006-09-30": -318.219, "2006-06-30": -375.467, "2006-03-31": "-221.00600", "2005-12-31": -212.414, "2005-09-30": -244.435, "2005-06-30": -244.797, "2005-03-31": "-364.01800"}, "Net Change In Intangible Assets": {"2020-09-30": 0, "2020-06-30": 0, "2020-03-31": "", "2019-12-31": 0, "2019-09-30": 0, "2019-06-30": 0, "2019-03-31": "", "2018-12-31": 0, "2018-09-30": 0, "2018-06-30": 0, "2018-03-31": "", "2017-12-31": 0, "2017-09-30": 0, "2017-06-30": 0, "2017-03-31": "", "2016-12-31": 0, "2016-09-30": 0, "2016-06-30": 0, "2016-03-31": "", "2015-12-31": 0, "2015-09-30": 0, "2015-06-30": 0, "2015-03-31": "", "2014-12-31": 0, "2014-09-30": 0, "2014-06-30": 0, "2014-03-31": "", "2013-12-31": 0, "2013-09-30": 0, "2013-06-30": 0, "2013-03-31": "", "2012-12-31": 0, "2012-09-30": 0, "2012-06-30": 0, "2012-03-31": "", "2011-12-31": 0, "2011-09-30": 0, "2011-06-30": 0, "2011-03-31": "", "2010-12-31": 0, "2010-09-30": 0, "2010-06-30": 0, "2010-03-31": "", "2009-12-31": 0, "2009-09-30": 0, "2009-06-30": 0, "2009-03-31": "", "2008-12-31": 0, "2008-09-30": 0, "2008-06-30": 0, "2008-03-31": "", "2007-12-31": 0, "2007-09-30": 0, "2007-06-30": 0, "2007-03-31": "", "2006-12-31": 0, "2006-09-30": 0, "2006-06-30": 0, "2006-03-31": "", "2005-12-31": 0, "2005-09-30": 0, "2005-06-30": 0, "2005-03-31": ""}, "Net Acquisitions/Divestitures": {"2020-09-30": 0, "2020-06-30": 0, "2020-03-31": "", "2019-12-31": 0, "2019-09-30": 0, "2019-06-30": 0, "2019-03-31": "", "2018-12-31": 0, "2018-09-30": 1.756, "2018-06-30": -169.128, "2018-03-31": "", "2017-12-31": 0, "2017-09-30": -7.24, "2017-06-30": 0, "2017-03-31": "", "2016-12-31": 0, "2016-09-30": 0, "2016-06-30": 0, "2016-03-31": "", "2015-12-31": 0, "2015-09-30": 0, "2015-06-30": 0, "2015-03-31": "", "2014-12-31": -0.187, "2014-09-30": -8.136, "2014-06-30": 0, "2014-03-31": "-1.64900", "2013-12-31": 0, "2013-09-30": -0.438, "2013-06-30": 0, "2013-03-31": "-1.42000", "2012-12-31": -1.333, "2012-09-30": -1.354, "2012-06-30": -0.35, "2012-03-31": "-2.07600", "2011-12-31": 0.263, "2011-09-30": -13.6, "2011-06-30": -264.808, "2011-03-31": "-83.77600", "2010-12-31": -205.108, "2010-09-30": -4.38, "2010-06-30": 0, "2010-03-31": "-2.40900", "2009-12-31": -3.175, "2009-09-30": -0.199, "2009-06-30": -0.045, "2009-03-31": "-85.45400", "2008-12-31": -14.826, "2008-09-30": -25.08, "2008-06-30": -114.257, "2008-03-31": "-92.83000", "2007-12-31": -75.226, "2007-09-30": 0, "2007-06-30": 0, "2007-03-31": "", "2006-12-31": 0, "2006-09-30": 0, "2006-06-30": 0, "2006-03-31": "-4.11300", "2005-12-31": 0, "2005-09-30": -0.393, "2005-06-30": -0.212, "2005-03-31": "-14.50500"}, "Net Change In Short-term Investments": {"2020-09-30": 0, "2020-06-30": 0, "2020-03-31": "", "2019-12-31": 0, "2019-09-30": 0, "2019-06-30": 0, "2019-03-31": "", "2018-12-31": 0, "2018-09-30": 0, "2018-06-30": 0, "2018-03-31": "", "2017-12-31": 0, "2017-09-30": 0, "2017-06-30": 0, "2017-03-31": "", "2016-12-31": 0, "2016-09-30": 0, "2016-06-30": 0, "2016-03-31": "", "2015-12-31": 0, "2015-09-30": 0, "2015-06-30": 0, "2015-03-31": "", "2014-12-31": 0, "2014-09-30": 0, "2014-06-30": 0, "2014-03-31": "", "2013-12-31": 0, "2013-09-30": 0, "2013-06-30": 0, "2013-03-31": "", "2012-12-31": 0, "2012-09-30": 0, "2012-06-30": 0, "2012-03-31": "", "2011-12-31": 0, "2011-09-30": 0, "2011-06-30": 0, "2011-03-31": "", "2010-12-31": 0, "2010-09-30": 0, "2010-06-30": 0, "2010-03-31": "", "2009-12-31": 0, "2009-09-30": 0, "2009-06-30": 0, "2009-03-31": "", "2008-12-31": 0, "2008-09-30": 0, "2008-06-30": 0, "2008-03-31": "", "2007-12-31": 0, "2007-09-30": 0, "2007-06-30": 0, "2007-03-31": "", "2006-12-31": 0, "2006-09-30": 0, "2006-06-30": 0, "2006-03-31": "", "2005-12-31": 0, "2005-09-30": 0, "2005-06-30": 0, "2005-03-31": ""}, "Net Change In Long-Term Investments": {"2020-09-30": 0, "2020-06-30": 0, "2020-03-31": "", "2019-12-31": 0, "2019-09-30": 0, "2019-06-30": 0, "2019-03-31": "", "2018-12-31": 0, "2018-09-30": 0, "2018-06-30": 0, "2018-03-31": "", "2017-12-31": 0, "2017-09-30": 0, "2017-06-30": 0, "2017-03-31": "", "2016-12-31": 0, "2016-09-30": 0, "2016-06-30": 0, "2016-03-31": "", "2015-12-31": 0, "2015-09-30": 0, "2015-06-30": 0, "2015-03-31": "", "2014-12-31": 0, "2014-09-30": 0, "2014-06-30": 0, "2014-03-31": "", "2013-12-31": 0, "2013-09-30": 0, "2013-06-30": 0, "2013-03-31": "", "2012-12-31": 0, "2012-09-30": 0, "2012-06-30": 0, "2012-03-31": "", "2011-12-31": 0, "2011-09-30": 0, "2011-06-30": 0, "2011-03-31": "", "2010-12-31": 0, "2010-09-30": 0, "2010-06-30": 0, "2010-03-31": "", "2009-12-31": 0, "2009-09-30": 0, "2009-06-30": 0, "2009-03-31": "", "2008-12-31": 0, "2008-09-30": 0, "2008-06-30": 0, "2008-03-31": "", "2007-12-31": 0, "2007-09-30": 0, "2007-06-30": 0, "2007-03-31": "", "2006-12-31": 0, "2006-09-30": 0, "2006-06-30": 0, "2006-03-31": "", "2005-12-31": 0, "2005-09-30": 0, "2005-06-30": 0, "2005-03-31": ""}, "Net Change In Investments - Total": {"2020-09-30": 0, "2020-06-30": 0, "2020-03-31": "", "2019-12-31": 0, "2019-09-30": 0, "2019-06-30": 0, "2019-03-31": "", "2018-12-31": 0, "2018-09-30": 0, "2018-06-30": 0, "2018-03-31": "", "2017-12-31": 0, "2017-09-30": 0, "2017-06-30": 0, "2017-03-31": "", "2016-12-31": 0, "2016-09-30": 0, "2016-06-30": 0, "2016-03-31": "", "2015-12-31": 0, "2015-09-30": 0, "2015-06-30": 0, "2015-03-31": "", "2014-12-31": 0, "2014-09-30": 0, "2014-06-30": 0, "2014-03-31": "", "2013-12-31": 0, "2013-09-30": 0, "2013-06-30": 0, "2013-03-31": "", "2012-12-31": 0, "2012-09-30": 0, "2012-06-30": 0, "2012-03-31": "", "2011-12-31": 0, "2011-09-30": 0, "2011-06-30": 0, "2011-03-31": "", "2010-12-31": 0, "2010-09-30": 0, "2010-06-30": 0, "2010-03-31": "", "2009-12-31": 0, "2009-09-30": 0, "2009-06-30": 0, "2009-03-31": "", "2008-12-31": 0, "2008-09-30": 0, "2008-06-30": 0, "2008-03-31": "", "2007-12-31": 0, "2007-09-30": 0, "2007-06-30": 0, "2007-03-31": "", "2006-12-31": 0, "2006-09-30": 0, "2006-06-30": 0, "2006-03-31": "", "2005-12-31": 0, "2005-09-30": 0, "2005-06-30": 0, "2005-03-31": ""}, "Investing Activities - Other": {"2020-09-30": 0.052, "2020-06-30": -0.756, "2020-03-31": "-5.00000", "2019-12-31": 0, "2019-09-30": 0, "2019-06-30": 0, "2019-03-31": "", "2018-12-31": 0, "2018-09-30": 0, "2018-06-30": 0, "2018-03-31": "", "2017-12-31": -54.227, "2017-09-30": 21.398, "2017-06-30": 16.564, "2017-03-31": "16.26500", "2016-12-31": 12.078, "2016-09-30": 19.589, "2016-06-30": 19.454, "2016-03-31": "25.38900", "2015-12-31": 20.18, "2015-09-30": 20.186, "2015-06-30": 23.43, "2015-03-31": "15.33100", "2014-12-31": 9.649, "2014-09-30": 18.135, "2014-06-30": 29.032, "2014-03-31": "10.84700", "2013-12-31": 20.039, "2013-09-30": 15.373, "2013-06-30": 20.686, "2013-03-31": "12.19900", "2012-12-31": 20.704, "2012-09-30": 18.505, "2012-06-30": 38.855, "2012-03-31": "13.03700", "2011-12-31": 16.745, "2011-09-30": 16.249, "2011-06-30": 18.161, "2011-03-31": "14.54700", "2010-12-31": 23.377, "2010-09-30": 6.662, "2010-06-30": 16.432, "2010-03-31": "18.36700", "2009-12-31": 10.861, "2009-09-30": 16.048, "2009-06-30": 16.995, "2009-03-31": "32.67600", "2008-12-31": 7.262, "2008-09-30": 17.978, "2008-06-30": 45.323, "2008-03-31": "41.95700", "2007-12-31": 13.983, "2007-09-30": -20.247, "2007-06-30": -4.066, "2007-03-31": "54.57800", "2006-12-31": 45.311, "2006-09-30": -12.596, "2006-06-30": -5.798, "2006-03-31": "0.05600", "2005-12-31": 37.643, "2005-09-30": 16.321, "2005-06-30": 18.651, "2005-03-31": "19.30400"}, "Cash Flow From Investing Activities": {"2020-09-30": 7.847, "2020-06-30": -159.288, "2020-03-31": "-332.97800", "2019-12-31": -663.43, "2019-09-30": -599.272, "2019-06-30": -1031.247, "2019-03-31": "-923.24400", "2018-12-31": -745.701, "2018-09-30": -687.463, "2018-06-30": -815.507, "2018-03-31": "-572.78800", "2017-12-31": -474.791, "2017-09-30": -347.455, "2017-06-30": -367.865, "2017-03-31": "-248.56500", "2016-12-31": -298.763, "2016-09-30": -285.248, "2016-06-30": -394.292, "2016-03-31": "-429.04400", "2015-12-31": -453.977, "2015-09-30": -628.715, "2015-06-30": -637.846, "2015-03-31": "-440.81700", "2014-12-31": -407.229, "2014-09-30": -357.463, "2014-06-30": -497.971, "2014-03-31": "-441.84700", "2013-12-31": -491.007, "2013-09-30": -425.207, "2013-06-30": -391.67, "2013-03-31": "-295.93400", "2012-12-31": -316.197, "2012-09-30": -363.029, "2012-06-30": -459.278, "2012-03-31": "-365.76900", "2011-12-31": -402.734, "2011-09-30": -263.943, "2011-06-30": -679.228, "2011-03-31": "-311.26700", "2010-12-31": -318.067, "2010-09-30": -255.839, "2010-06-30": -273.374, "2010-03-31": "-135.18400", "2009-12-31": -70.815, "2009-09-30": -50.101, "2009-06-30": -68.86, "2009-03-31": "-258.83400", "2008-12-31": -300.451, "2008-09-30": -217.049, "2008-06-30": -336.265, "2008-03-31": "-249.70300", "2007-12-31": -194.839, "2007-09-30": -127.051, "2007-06-30": -150.832, "2007-03-31": "-338.48000", "2006-12-31": -402.407, "2006-09-30": -330.815, "2006-06-30": -381.265, "2006-03-31": "-225.06300", "2005-12-31": -174.771, "2005-09-30": -228.507, "2005-06-30": -226.358, "2005-03-31": "-359.21900"}, "Net Long-Term Debt": {"2020-09-30": -684.025, "2020-06-30": 763.253, "2020-03-31": "-70.85200", "2019-12-31": 338.6259, "2019-09-30": 115.4861, "2019-06-30": 468.203, "2019-03-31": "320.88900", "2018-12-31": 169.0531, "2018-09-30": 404.1919, "2018-06-30": 559.435, "2018-03-31": "32.20100", "2017-12-31": -31.357, "2017-09-30": 285.613, "2017-06-30": -272.35, "2017-03-31": "-78.12100", "2016-12-31": 48.334, "2016-09-30": -12.291, "2016-06-30": -16.016, "2016-03-31": "-14.14600", "2015-12-31": -49.0611, "2015-09-30": 89.9861, "2015-06-30": 452.412, "2015-03-31": "-8.42500", "2014-12-31": 61.123, "2014-09-30": 122.845, "2014-06-30": 374.31, "2014-03-31": "113.76700", "2013-12-31": 243.423, "2013-09-30": 0.868, "2013-06-30": 1.13, "2013-03-31": "-67.62100", "2012-12-31": -54.873, "2012-09-30": 344.037, "2012-06-30": -194.46, "2012-03-31": "367.13600", "2011-12-31": -1.329, "2011-09-30": 223.352, "2011-06-30": -23.955, "2011-03-31": "349.04700", "2010-12-31": -9.45, "2010-09-30": 287.774, "2010-06-30": -186.152, "2010-03-31": "-26.67100", "2009-12-31": -22.714, "2009-09-30": -129.36, "2009-06-30": -90.321, "2009-03-31": "-275.30100", "2008-12-31": 107.791, "2008-09-30": 302.967, "2008-06-30": -37.293, "2008-03-31": "251.89800", "2007-12-31": -196.8, "2007-09-30": 170.226, "2007-06-30": -160.321, "2007-03-31": "257.60100", "2006-12-31": 122.266, "2006-09-30": 34.593, "2006-06-30": 223.623, "2006-03-31": "-88.43300", "2005-12-31": -201.115, "2005-09-30": -11.769, "2005-06-30": 249.779, "2005-03-31": "181.29600"}, "Net Current Debt": {"2020-09-30": -47.556, "2020-06-30": -790.235, "2020-03-31": "332.68200", "2019-12-31": -200.741, "2019-09-30": -44.315, "2019-06-30": 68.765, "2019-03-31": "158.25800", "2018-12-31": 165.554, "2018-09-30": -105.617, "2018-06-30": -246.009, "2018-03-31": "237.96000", "2017-12-31": 87.366, "2017-09-30": -327.115, "2017-06-30": 319.755, "2017-03-31": "9.51300", "2016-12-31": -151.395, "2016-09-30": -88.508, "2016-06-30": 63.525, "2016-03-31": "98.58000", "2015-12-31": 138.609, "2015-09-30": 150, "2015-06-30": -170, "2015-03-31": "204.75000", "2014-12-31": -56.138, "2014-09-30": -186.321, "2014-06-30": -121.457, "2014-03-31": "142.83400", "2013-12-31": -138.099, "2013-09-30": 103.704, "2013-06-30": 67.839, "2013-03-31": "112.93800", "2012-12-31": -18.266, "2012-09-30": -234.42, "2012-06-30": 352.233, "2012-03-31": "-164.29800", "2011-12-31": 148.713, "2011-09-30": -265.359, "2011-06-30": 453.527, "2011-03-31": "-290.13200", "2010-12-31": 222.939, "2010-09-30": -235.7, "2010-06-30": 239.7, "2010-03-31": "-52.00000", "2009-12-31": -4.194, "2009-09-30": -63.552, "2009-06-30": -50.087, "2009-03-31": "266.08900", "2008-12-31": -152.433, "2008-09-30": -372.471, "2008-06-30": 240.943, "2008-03-31": "-238.35100", "2007-12-31": 154.062, "2007-09-30": -268.19, "2007-06-30": 160.806, "2007-03-31": "-206.44900", "2006-12-31": 63.477, "2006-09-30": 106.659, "2006-06-30": -42.229, "2006-03-31": "200.73400", "2005-12-31": 168.831, "2005-09-30": 4.908, "2005-06-30": -189.725, "2005-03-31": "204.25700"}, "Debt Issuance/Retirement Net - Total": {"2020-09-30": -731.581, "2020-06-30": -26.982, "2020-03-31": "261.83000", "2019-12-31": 137.885, "2019-09-30": 71.171, "2019-06-30": 536.968, "2019-03-31": "479.14700", "2018-12-31": 334.6071, "2018-09-30": 298.5749, "2018-06-30": 313.426, "2018-03-31": "270.16100", "2017-12-31": 56.009, "2017-09-30": -41.502, "2017-06-30": 47.405, "2017-03-31": "-68.60800", "2016-12-31": -103.061, "2016-09-30": -100.799, "2016-06-30": 47.509, "2016-03-31": "84.43400", "2015-12-31": 89.548, "2015-09-30": 239.9861, "2015-06-30": 282.412, "2015-03-31": "196.32500", "2014-12-31": 4.985, "2014-09-30": -63.476, "2014-06-30": 252.853, "2014-03-31": "256.60100", "2013-12-31": 105.324, "2013-09-30": 104.572, "2013-06-30": 68.969, "2013-03-31": "45.31700", "2012-12-31": -73.139, "2012-09-30": 109.617, "2012-06-30": 157.773, "2012-03-31": "202.83800", "2011-12-31": 147.384, "2011-09-30": -42.007, "2011-06-30": 429.572, "2011-03-31": "58.91500", "2010-12-31": 213.489, "2010-09-30": 52.074, "2010-06-30": 53.548, "2010-03-31": "-78.67100", "2009-12-31": -26.9081, "2009-09-30": -192.912, "2009-06-30": -140.408, "2009-03-31": "-9.21200", "2008-12-31": -44.642, "2008-09-30": -69.504, "2008-06-30": 203.65, "2008-03-31": "13.54700", "2007-12-31": -42.738, "2007-09-30": -97.964, "2007-06-30": 0.485, "2007-03-31": "51.15200", "2006-12-31": 185.7429, "2006-09-30": 141.252, "2006-06-30": 181.394, "2006-03-31": "112.30100", "2005-12-31": -32.284, "2005-09-30": -6.861, "2005-06-30": 60.054, "2005-03-31": "385.55300"}, "Net Common Equity Issued/Repurchased": {"2020-09-30": 2.76, "2020-06-30": 2.747, "2020-03-31": "-9.12900", "2019-12-31": -4.127, "2019-09-30": -0.367, "2019-06-30": -3.928, "2019-03-31": "-11.04800", "2018-12-31": 0.867, "2018-09-30": -2.099, "2018-06-30": -1.054, "2018-03-31": "-11.50400", "2017-12-31": -2.339, "2017-09-30": -3.248, "2017-06-30": -39.367, "2017-03-31": "-12.85400", "2016-12-31": -3.155, "2016-09-30": -0.392, "2016-06-30": -17.132, "2016-03-31": "1.49200", "2015-12-31": 3.238, "2015-09-30": 3.268, "2015-06-30": 5.283, "2015-03-31": "5.70500", "2014-12-31": -6.365, "2014-09-30": -7.994, "2014-06-30": -23.448, "2014-03-31": "-21.91100", "2013-12-31": 36.029, "2013-09-30": 13.189, "2013-06-30": 19.003, "2013-03-31": "22.42500", "2012-12-31": 9.925, "2012-09-30": -0.898, "2012-06-30": -8.755, "2012-03-31": "1.23600", "2011-12-31": -1.118, "2011-09-30": -3.422, "2011-06-30": -14.976, "2011-03-31": "-6.81400", "2010-12-31": -25.47, "2010-09-30": -30.078, "2010-06-30": -27.641, "2010-03-31": "-23.08300", "2009-12-31": -114.314, "2009-09-30": 2.459, "2009-06-30": 1.807, "2009-03-31": "1.20900", "2008-12-31": 0.919, "2008-09-30": -58.981, "2008-06-30": -84.847, "2008-03-31": "-58.51000", "2007-12-31": 1.542, "2007-09-30": -102.618, "2007-06-30": -76.122, "2007-03-31": "10.52000", "2006-12-31": -9.903, "2006-09-30": -68.811, "2006-06-30": 31.336, "2006-03-31": "-50.07900", "2005-12-31": -104.064, "2005-09-30": -3.675, "2005-06-30": -7.014, "2005-03-31": "-9.27500"}, "Net Total Equity Issued/Repurchased": {"2020-09-30": 2.76, "2020-06-30": 2.747, "2020-03-31": "-9.12900", "2019-12-31": -4.127, "2019-09-30": -0.367, "2019-06-30": -3.928, "2019-03-31": "-11.04800", "2018-12-31": 0.867, "2018-09-30": -2.099, "2018-06-30": -1.054, "2018-03-31": "-11.50400", "2017-12-31": -2.339, "2017-09-30": -3.248, "2017-06-30": -39.367, "2017-03-31": "-12.85400", "2016-12-31": -3.155, "2016-09-30": -0.392, "2016-06-30": -17.132, "2016-03-31": "1.49200", "2015-12-31": 3.238, "2015-09-30": 3.268, "2015-06-30": 5.283, "2015-03-31": "5.70500", "2014-12-31": -6.365, "2014-09-30": -7.994, "2014-06-30": -23.448, "2014-03-31": "-21.91100", "2013-12-31": 36.029, "2013-09-30": 13.189, "2013-06-30": 19.003, "2013-03-31": "22.42500", "2012-12-31": 9.925, "2012-09-30": -0.898, "2012-06-30": -8.755, "2012-03-31": "1.23600", "2011-12-31": -1.118, "2011-09-30": -3.422, "2011-06-30": -14.976, "2011-03-31": "-6.81400", "2010-12-31": -25.47, "2010-09-30": -30.078, "2010-06-30": -27.641, "2010-03-31": "-23.08300", "2009-12-31": -114.314, "2009-09-30": 2.459, "2009-06-30": 1.807, "2009-03-31": "1.20900", "2008-12-31": 0.919, "2008-09-30": -58.981, "2008-06-30": -84.847, "2008-03-31": "-58.51000", "2007-12-31": 1.542, "2007-09-30": -102.618, "2007-06-30": -76.122, "2007-03-31": "10.52000", "2006-12-31": -9.903, "2006-09-30": -68.811, "2006-06-30": 31.336, "2006-03-31": "-50.07900", "2005-12-31": -104.064, "2005-09-30": -3.675, "2005-06-30": -7.014, "2005-03-31": "-9.27500"}, "Total Common And Preferred Stock Dividends Paid": {"2020-09-30": -29.517, "2020-06-30": -29.561, "2020-03-31": "-30.59400", "2019-12-31": -29.43, "2019-09-30": -29.388, "2019-06-30": -28.35, "2019-03-31": "-29.30100", "2018-12-31": -28.358, "2018-09-30": -28.411, "2018-06-30": -27.3, "2018-03-31": "-27.79500", "2017-12-31": -24.249, "2017-09-30": -24.314, "2017-06-30": -23.343, "2017-03-31": "-23.90700", "2016-12-31": -23.392, "2016-09-30": -23.39, "2016-06-30": -21.779, "2016-03-31": "-22.48200", "2015-12-31": -21.765, "2015-09-30": -21.746, "2015-06-30": -19.606, "2015-03-31": "-20.08400", "2014-12-31": -19.463, "2014-09-30": -19.493, "2014-06-30": -17.91, "2014-03-31": "-18.00500", "2013-12-31": -17.865, "2013-09-30": -17.8, "2013-06-30": -16.075, "2013-03-31": "-15.98000", "2012-12-31": -15.808, "2012-09-30": -15.802, "2012-06-30": -14.803, "2012-03-31": "-14.85300", "2011-12-31": -14.815, "2011-09-30": -14.864, "2011-06-30": -13.88, "2011-03-31": "-13.94500", "2010-12-31": -13.871, "2010-09-30": -14.049, "2010-06-30": -13.17, "2010-03-31": "-13.38400", "2009-12-31": -13.582, "2009-09-30": -14.019, "2009-06-30": -12.875, "2009-03-31": "-12.85800", "2008-12-31": -12.799, "2008-09-30": -12.901, "2008-06-30": -13.124, "2008-03-31": "-13.41400", "2007-12-31": -12.185, "2007-09-30": -12.347, "2007-06-30": -12.837, "2007-03-31": "-12.78300", "2006-12-31": -10.877, "2006-09-30": -10.992, "2006-06-30": -11.115, "2006-03-31": "-10.97300", "2005-12-31": -10.115, "2005-09-30": -10.263, "2005-06-30": -10.265, "2005-03-31": "-10.28600"}, "Financial Activities - Other": {"2020-09-30": -0.109, "2020-06-30": -9.092, "2020-03-31": "-4.48700", "2019-12-31": 3.251, "2019-09-30": -1.895, "2019-06-30": -1.939, "2019-03-31": "-4.51000", "2018-12-31": -0.837, "2018-09-30": -2.879, "2018-06-30": -0.625, "2018-03-31": "-1.25900", "2017-12-31": -0.221, "2017-09-30": -0.232, "2017-06-30": -0.439, "2017-03-31": "-0.84600", "2016-12-31": -0.76, "2016-09-30": -0.02, "2016-06-30": -0.063, "2016-03-31": "-2.93200", "2015-12-31": -4.319, "2015-09-30": -2.245, "2015-06-30": -1.439, "2015-03-31": "-3.07600", "2014-12-31": -0.008, "2014-09-30": -0.101, "2014-06-30": -3.099, "2014-03-31": "-1.51600", "2013-12-31": -2.809, "2013-09-30": 1.49, "2013-06-30": 1.473, "2013-03-31": "-0.19200", "2012-12-31": 0.001, "2012-09-30": -2.137, "2012-06-30": 0.032, "2012-03-31": "-1.42200", "2011-12-31": 0.613, "2011-09-30": -1.058, "2011-06-30": -4.199, "2011-03-31": "-1.18400", "2010-12-31": 0.026, "2010-09-30": -1.931, "2010-06-30": 0.134, "2010-03-31": "0.24300", "2009-12-31": -0.329, "2009-09-30": 0.201, "2009-06-30": -10.465, "2009-03-31": "0.19000", "2008-12-31": 0.049, "2008-09-30": -0.965, "2008-06-30": 1.038, "2008-03-31": "2.33200", "2007-12-31": -1.995, "2007-09-30": 1.034, "2007-06-30": 1.064, "2007-03-31": "1.19200", "2006-12-31": 1.128, "2006-09-30": 0.929, "2006-06-30": 4.193, "2006-03-31": "2.67600", "2005-12-31": 0, "2005-09-30": 0, "2005-06-30": 0, "2005-03-31": ""}, "Cash Flow From Financial Activities": {"2020-09-30": -758.447, "2020-06-30": -62.888, "2020-03-31": "217.62000", "2019-12-31": 107.579, "2019-09-30": 39.521, "2019-06-30": 502.751, "2019-03-31": "434.28800", "2018-12-31": 306.279, "2018-09-30": 265.186, "2018-06-30": 284.447, "2018-03-31": "229.60300", "2017-12-31": 29.2, "2017-09-30": -69.296, "2017-06-30": -15.744, "2017-03-31": "-106.21500", "2016-12-31": -130.368, "2016-09-30": -124.601, "2016-06-30": 8.535, "2016-03-31": "60.51200", "2015-12-31": 66.702, "2015-09-30": 219.263, "2015-06-30": 266.65, "2015-03-31": "178.87000", "2014-12-31": -20.851, "2014-09-30": -91.064, "2014-06-30": 208.396, "2014-03-31": "215.16900", "2013-12-31": 120.679, "2013-09-30": 101.451, "2013-06-30": 73.37, "2013-03-31": "51.57000", "2012-12-31": -79.021, "2012-09-30": 90.78, "2012-06-30": 134.247, "2012-03-31": "187.79900", "2011-12-31": 132.064, "2011-09-30": -61.351, "2011-06-30": 396.517, "2011-03-31": "36.97200", "2010-12-31": 174.174, "2010-09-30": 6.016, "2010-06-30": 12.871, "2010-03-31": "-114.89500", "2009-12-31": -155.133, "2009-09-30": -204.271, "2009-06-30": -161.941, "2009-03-31": "-20.67100", "2008-12-31": -56.473, "2008-09-30": -142.351, "2008-06-30": 106.717, "2008-03-31": "-56.04500", "2007-12-31": -55.376, "2007-09-30": -211.895, "2007-06-30": -87.41, "2007-03-31": "50.08100", "2006-12-31": 166.091, "2006-09-30": 62.378, "2006-06-30": 205.808, "2006-03-31": "53.92500", "2005-12-31": -146.463, "2005-09-30": -20.799, "2005-06-30": 42.775, "2005-03-31": "365.99200"}, "Net Cash Flow": {"2020-09-30": -147.221, "2020-06-30": 434.234, "2020-03-31": "323.65100", "2019-12-31": -2.283, "2019-09-30": -16.635, "2019-06-30": 29.715, "2019-03-31": "-5.32400", "2018-12-31": 4.859, "2018-09-30": -13.053, "2018-06-30": -3.553, "2018-03-31": "-3.16400", "2017-12-31": 15.622, "2017-09-30": 8.458, "2017-06-30": 18.588, "2017-03-31": "-22.28500", "2016-12-31": -17.707, "2016-09-30": 9.03, "2016-06-30": 9.158, "2016-03-31": "-4.13900", "2015-12-31": -14.442, "2015-09-30": 2.034, "2015-06-30": 1.154, "2015-03-31": "22.10700", "2014-12-31": -24.91, "2014-09-30": -11.886, "2014-06-30": 14.102, "2014-03-31": "11.22400", "2013-12-31": -13.374, "2013-09-30": 1.507, "2013-06-30": -3.06, "2013-03-31": "10.09700", "2012-12-31": -29.295, "2012-09-30": 23.128, "2012-06-30": -41.062, "2012-03-31": "9.04900", "2011-12-31": -11.214, "2011-09-30": -14.37, "2011-06-30": -25.484, "2011-03-31": "-57.41300", "2010-12-31": 78.357, "2010-09-30": 26.282, "2010-06-30": -6.713, "2010-03-31": "16.60200", "2009-12-31": -12.489, "2009-09-30": 6.489, "2009-06-30": 12.951, "2009-03-31": "-28.73100", "2008-12-31": 9.901, "2008-09-30": 2.975, "2008-06-30": -7.192, "2008-03-31": "-1.83800", "2007-12-31": 10.228, "2007-09-30": -3.738, "2007-06-30": 16.366, "2007-03-31": "-35.03600", "2006-12-31": 0.548, "2006-09-30": 45.446, "2006-06-30": 7.024, "2006-03-31": "-53.10600", "2005-12-31": -11.81, "2005-09-30": 53.227, "2005-06-30": 3.083, "2005-03-31": "-16.74400"}, "Stock-Based Compensation": {"2020-09-30": -12.787, "2020-06-30": 12.787, "2020-03-31": "", "2019-12-31": 0, "2019-09-30": -28.097, "2019-06-30": 28.097, "2019-03-31": "", "2018-12-31": 0, "2018-09-30": 0, "2018-06-30": -6.563, "2018-03-31": "6.56300", "2017-12-31": -35.509, "2017-09-30": 11.53, "2017-06-30": 11.694, "2017-03-31": "12.28500", "2016-12-31": 0, "2016-09-30": -32.231, "2016-06-30": 27.343, "2016-03-31": "4.88800", "2015-12-31": 22.866, "2015-09-30": 4.943, "2015-06-30": 5.504, "2015-03-31": "5.66500", "2014-12-31": 5.459, "2014-09-30": 5.457, "2014-06-30": 5.131, "2014-03-31": "4.85800", "2013-12-31": 5.046, "2013-09-30": 4.662, "2013-06-30": 4.993, "2013-03-31": "4.60900", "2012-12-31": 4.678, "2012-09-30": 5.101, "2012-06-30": 4.648, "2012-03-31": "4.43700", "2011-12-31": 4.786, "2011-09-30": 4.297, "2011-06-30": 4.235, "2011-03-31": "4.10500", "2010-12-31": 4.34, "2010-09-30": 4.186, "2010-06-30": 4.076, "2010-03-31": "3.94100", "2009-12-31": 3.873, "2009-09-30": 4.463, "2009-06-30": 3.297, "2009-03-31": "4.77100", "2008-12-31": 4.244, "2008-09-30": 4.583, "2008-06-30": 4.614, "2008-03-31": "3.63500", "2007-12-31": 3.335, "2007-09-30": 3.908, "2007-06-30": 5.86, "2007-03-31": "3.65100", "2006-12-31": 3.547, "2006-09-30": 3.708, "2006-06-30": 3.205, "2006-03-31": "3.18300", "2005-12-31": 0.894, "2005-09-30": 0.639, "2005-06-30": 0.833, "2005-03-31": "0.75800"}, "Common Stock Dividends Paid": {"2020-09-30": -29.517, "2020-06-30": -29.561, "2020-03-31": "-30.59400", "2019-12-31": -29.43, "2019-09-30": -29.388, "2019-06-30": -28.35, "2019-03-31": "-29.30100", "2018-12-31": -28.358, "2018-09-30": -28.411, "2018-06-30": -27.3, "2018-03-31": "-27.79500", "2017-12-31": -24.249, "2017-09-30": -24.314, "2017-06-30": -23.343, "2017-03-31": "-23.90700", "2016-12-31": -23.392, "2016-09-30": -23.39, "2016-06-30": -21.779, "2016-03-31": "-22.48200", "2015-12-31": -21.765, "2015-09-30": -21.746, "2015-06-30": -19.606, "2015-03-31": "-20.08400", "2014-12-31": -19.463, "2014-09-30": -19.493, "2014-06-30": -17.91, "2014-03-31": "-18.00500", "2013-12-31": -17.865, "2013-09-30": -17.8, "2013-06-30": -16.075, "2013-03-31": "-15.98000", "2012-12-31": -15.808, "2012-09-30": -15.802, "2012-06-30": -14.803, "2012-03-31": "-14.85300", "2011-12-31": -14.815, "2011-09-30": -14.864, "2011-06-30": -13.88, "2011-03-31": "-13.94500", "2010-12-31": -13.871, "2010-09-30": -14.049, "2010-06-30": -13.17, "2010-03-31": "-13.38400", "2009-12-31": -13.582, "2009-09-30": -14.019, "2009-06-30": -12.875, "2009-03-31": "-12.85800", "2008-12-31": -12.799, "2008-09-30": -12.901, "2008-06-30": -13.124, "2008-03-31": "-13.41400", "2007-12-31": -12.185, "2007-09-30": -12.347, "2007-06-30": -12.837, "2007-03-31": "-12.78300", "2006-12-31": -10.877, "2006-09-30": -10.992, "2006-06-30": -11.115, "2006-03-31": "-10.97300", "2005-12-31": -10.115, "2005-09-30": -10.263, "2005-06-30": -10.265, "2005-03-31": "-10.28600"}}, "financial ratios": {"Current Ratio": {"2019-12-31": "0.59500", "2018-12-31": "0.62290", "2017-12-31": "0.65650", "2016-12-31": "0.63160", "2015-12-31": "0.65370", "2014-12-31": "0.93950", "2013-12-31": "0.86300", "2012-12-31": "0.81740", "2011-12-31": "0.92700", "2010-12-31": "0.90440", "2009-12-31": "1.03540", "2008-12-31": "0.86180", "2007-12-31": "1.19890", "2006-12-31": "0.99540", "2005-12-31": "0.92840"}, "Long-term Debt / Capital": {"2019-12-31": "0.73220", "2018-12-31": "0.69250", "2017-12-31": "0.61730", "2016-12-31": "0.69150", "2015-12-31": "0.71010", "2014-12-31": "0.72070", "2013-12-31": "0.67450", "2012-12-31": "0.70170", "2011-12-31": "0.70220", "2010-12-31": "0.62360", "2009-12-31": "0.61350", "2008-12-31": "0.64820", "2007-12-31": "0.57500", "2006-12-31": "0.59080", "2005-12-31": "0.55640"}, "Debt/Equity Ratio": {"2019-12-31": "3.20020", "2018-12-31": "2.62140", "2017-12-31": "1.90370", "2016-12-31": "2.62700", "2015-12-31": "2.76920", "2014-12-31": "2.60050", "2013-12-31": "2.20880", "2012-12-31": "2.60360", "2011-12-31": "2.56580", "2010-12-31": "1.95610", "2009-12-31": "1.75030", "2008-12-31": "2.12820", "2007-12-31": "1.47070", "2006-12-31": "1.63700", "2005-12-31": "1.43070"}, "Gross Margin": {"2019-12-31": "15.35520", "2018-12-31": "18.89280", "2017-12-31": "19.80750", "2016-12-31": "22.21640", "2015-12-31": "22.60300", "2014-12-31": "20.87330", "2013-12-31": "20.55990", "2012-12-31": "19.95520", "2011-12-31": "20.57110", "2010-12-31": "20.83270", "2009-12-31": "18.49900", "2008-12-31": "46.78110", "2007-12-31": "43.29220", "2006-12-31": "42.89790", "2005-12-31": "43.80530"}, "Operating Margin": {"2019-12-31": "3.14530", "2018-12-31": "7.23460", "2017-12-31": "5.88350", "2016-12-31": "8.08110", "2015-12-31": "8.02980", "2014-12-31": "5.35820", "2013-12-31": "6.19170", "2012-12-31": "5.60830", "2011-12-31": "5.68930", "2010-12-31": "5.46020", "2009-12-31": "5.69990", "2008-12-31": "9.11410", "2007-12-31": "8.00820", "2006-12-31": "7.52540", "2005-12-31": "7.40130"}, "EBIT Margin": {"2019-12-31": "3.14530", "2018-12-31": "7.23460", "2017-12-31": "5.88350", "2016-12-31": "8.08110", "2015-12-31": "8.02980", "2014-12-31": "5.35820", "2013-12-31": "6.19170", "2012-12-31": "5.60830", "2011-12-31": "5.68930", "2010-12-31": "5.46020", "2009-12-31": "5.69990", "2008-12-31": "9.11410", "2007-12-31": "8.00820", "2006-12-31": "7.52540", "2005-12-31": "7.40130"}, "EBITDA Margin": {"2019-12-31": "25.33060", "2018-12-31": "24.72960", "2017-12-31": "23.72290", "2016-12-31": "26.22080", "2015-12-31": "25.90790", "2014-12-31": "21.84190", "2013-12-31": "22.39280", "2012-12-31": "21.41290", "2011-12-31": "20.76550", "2010-12-31": "22.49030", "2009-12-31": "24.57590", "2008-12-31": "23.47330", "2007-12-31": "20.98200", "2006-12-31": "19.53490", "2005-12-31": "20.49420"}, "Pre-Tax Profit Margin": {"2019-12-31": "-0.47360", "2018-12-31": "4.62890", "2017-12-31": "4.07190", "2016-12-31": "6.02620", "2015-12-31": "7.13970", "2014-12-31": "5.09530", "2013-12-31": "5.74850", "2012-12-31": "4.84450", "2011-12-31": "4.61760", "2010-12-31": "3.62710", "2009-12-31": "2.94170", "2008-12-31": "6.82260", "2007-12-31": "6.32090", "2006-12-31": "6.23110", "2005-12-31": "6.22010"}, "Net Profit Margin": {"2019-12-31": "-0.27350", "2018-12-31": "3.38260", "2017-12-31": "9.88510", "2016-12-31": "3.89260", "2015-12-31": "4.63740", "2014-12-31": "3.28890", "2013-12-31": "3.70560", "2012-12-31": "3.35590", "2011-12-31": "2.80600", "2010-12-31": "2.30060", "2009-12-31": "1.26750", "2008-12-31": "3.33190", "2007-12-31": "3.98960", "2006-12-31": "3.94760", "2005-12-31": "3.95290"}, "Asset Turnover": {"2019-12-31": "0.61660", "2018-12-31": "0.63040", "2017-12-31": "0.63500", "2016-12-31": "0.61990", "2015-12-31": "0.60000", "2014-12-31": "0.67390", "2013-12-31": "0.70510", "2012-12-31": "0.75210", "2011-12-31": "0.79430", "2010-12-31": "0.77210", "2009-12-31": "0.78070", "2008-12-31": "0.89680", "2007-12-31": "0.92830", "2006-12-31": "0.92350", "2005-12-31": "0.95150"}, "Inventory Turnover Ratio": {"2019-12-31": "93.47980", "2018-12-31": "86.13520", "2017-12-31": "79.38320", "2016-12-31": "75.60470", "2015-12-31": "79.81870", "2014-12-31": "79.58310", "2013-12-31": "79.31020", "2012-12-31": "78.07780", "2011-12-31": "72.91350", "2010-12-31": "69.27270", "2009-12-31": "79.43130", "2008-12-31": "66.06710", "2007-12-31": "61.35670", "2006-12-31": "60.71050", "2005-12-31": "54.14750"}, "Receiveable Turnover": {"2019-12-31": "7.26570", "2018-12-31": "6.77420", "2017-12-31": "7.20150", "2016-12-31": "8.12330", "2015-12-31": "7.86590", "2014-12-31": "8.35210", "2013-12-31": "8.25770", "2012-12-31": "8.06550", "2011-12-31": "8.01770", "2010-12-31": "8.35190", "2009-12-31": "8.16360", "2008-12-31": "9.44170", "2007-12-31": "7.54230", "2006-12-31": "7.13840", "2005-12-31": "6.99400"}, "Days Sales In Receivables": {"2019-12-31": "50.23630", "2018-12-31": "53.88090", "2017-12-31": "50.68380", "2016-12-31": "44.93260", "2015-12-31": "46.40270", "2014-12-31": "43.70170", "2013-12-31": "44.20120", "2012-12-31": "45.25420", "2011-12-31": "45.52410", "2010-12-31": "43.70270", "2009-12-31": "44.71040", "2008-12-31": "38.65820", "2007-12-31": "48.39390", "2006-12-31": "51.13170", "2005-12-31": "52.18760"}, "ROE - Return On Equity": {"2019-12-31": "-0.93980", "2018-12-31": "11.31140", "2017-12-31": "25.34080", "2016-12-31": "12.92380", "2015-12-31": "15.39870", "2014-12-31": "12.10640", "2013-12-31": "12.82610", "2012-12-31": "13.69000", "2011-12-31": "13.00060", "2010-12-31": "8.87320", "2009-12-31": "6.31520", "2008-12-31": "19.14860", "2007-12-31": "13.33870", "2006-12-31": "14.46780", "2005-12-31": "14.90240"}, "Return On Tangible Equity": {"2019-12-31": "-1.19320", "2018-12-31": "14.32970", "2017-12-31": "29.96380", "2016-12-31": "16.40010", "2015-12-31": "19.83360", "2014-12-31": "16.19970", "2013-12-31": "16.88720", "2012-12-31": "20.03390", "2011-12-31": "20.01900", "2010-12-31": "12.76460", "2009-12-31": "7.69290", "2008-12-31": "23.20110", "2007-12-31": "14.79500", "2006-12-31": "16.09150", "2005-12-31": "16.87120"}, "ROA - Return On Assets": {"2019-12-31": "-0.16080", "2018-12-31": "2.14960", "2017-12-31": "6.28140", "2016-12-31": "2.43280", "2015-12-31": "2.79380", "2014-12-31": "2.23560", "2013-12-31": "2.67220", "2012-12-31": "2.41490", "2011-12-31": "2.24960", "2010-12-31": "1.87310", "2009-12-31": "1.43960", "2008-12-31": "3.85050", "2007-12-31": "3.67310", "2006-12-31": "3.64570", "2005-12-31": "3.77290"}, "ROI - Return On Investment": {"2019-12-31": "-0.25170", "2018-12-31": "3.47840", "2017-12-31": "9.69800", "2016-12-31": "3.98720", "2015-12-31": "4.46360", "2014-12-31": "3.38110", "2013-12-31": "4.17520", "2012-12-31": "4.08310", "2011-12-31": "3.87190", "2010-12-31": "3.33960", "2009-12-31": "2.44080", "2008-12-31": "6.73640", "2007-12-31": "5.66940", "2006-12-31": "5.92060", "2005-12-31": "6.61060"}, "Book Value Per Share": {"2019-12-31": "46.47900", "2018-12-31": "47.75530", "2017-12-31": "53.66200", "2016-12-31": "38.38680", "2015-12-31": "37.14850", "2014-12-31": "34.29650", "2013-12-31": "35.56230", "2012-12-31": "28.56590", "2011-12-31": "25.77340", "2010-12-31": "27.44140", "2009-12-31": "26.71280", "2008-12-31": "24.16830", "2007-12-31": "32.52110", "2006-12-31": "28.33860", "2005-12-31": "24.68860"}, "Operating Cash Flow Per Share": {"2019-12-31": 8.2892, "2018-12-31": 1.8744, "2017-12-31": 0.7234, "2016-12-31": 2.9328, "2015-12-31": 0.9976, "2014-12-31": 2.0327, "2013-12-31": 1.6888, "2012-12-31": 1.8722, "2011-12-31": 0.6654, "2010-12-31": 1.9364, "2009-12-31": -4.1986, "2008-12-31": 3.7171, "2007-12-31": 4.4973, "2006-12-31": 1.7946, "2005-12-31": 12.0673}, "Free Cash Flow Per Share": {"2019-12-31": -2.8035, "2018-12-31": -21.4753, "2017-12-31": 1.5159, "2016-12-31": 17.1918, "2015-12-31": -7.8428, "2014-12-31": 0.8828, "2013-12-31": 0.9536, "2012-12-31": -2.7199, "2011-12-31": -9.9825, "2010-12-31": -6.2455, "2009-12-31": 5.0205, "2008-12-31": -0.3586, "2007-12-31": 13.5594, "2006-12-31": -3.8238, "2005-12-31": -4.4393}}, "financial ratios, quarterly": {"Current Ratio": {"2020-09-30": "0.80710", "2020-06-30": "0.77400", "2020-03-31": "0.84530", "2019-12-31": "0.59500", "2019-09-30": "0.62070", "2019-06-30": "0.59500", "2019-03-31": "0.56550", "2018-12-31": "0.62290", "2018-09-30": "0.67100", "2018-06-30": "0.67760", "2018-03-31": "0.72490", "2017-12-31": "0.65650", "2017-09-30": "1.01810", "2017-06-30": "0.72750", "2017-03-31": "0.56290", "2016-12-31": "0.63160", "2016-09-30": "0.56040", "2016-06-30": "0.55810", "2016-03-31": "0.68690", "2015-12-31": "0.65370", "2015-09-30": "0.81730", "2015-06-30": "0.74550", "2015-03-31": "0.95690", "2014-12-31": "0.93950", "2014-09-30": "0.76060", "2014-06-30": "0.75000", "2014-03-31": "0.81390", "2013-12-31": "0.86300", "2013-09-30": "0.86280", "2013-06-30": "0.88780", "2013-03-31": "0.90840", "2012-12-31": "0.81740", "2012-09-30": "0.80900", "2012-06-30": "0.77800", "2012-03-31": "0.63710", "2011-12-31": "0.92700", "2011-09-30": "0.94450", "2011-06-30": "0.93270", "2011-03-31": "0.75710", "2010-12-31": "0.90440", "2010-09-30": "0.80620", "2010-06-30": "0.77540", "2010-03-31": "0.95430", "2009-12-31": "1.03540", "2009-09-30": "1.03550", "2009-06-30": "0.92950", "2009-03-31": "1.12550", "2008-12-31": "0.86180", "2008-09-30": "1.01980", "2008-06-30": "1.11900", "2008-03-31": "1.01240", "2007-12-31": "1.19890", "2007-09-30": "0.97990", "2007-06-30": "1.24280", "2007-03-31": "0.96040", "2006-12-31": "0.99540", "2006-09-30": "0.96090", "2006-06-30": "0.99120", "2006-03-31": "0.95230", "2005-12-31": "0.92840", "2005-09-30": "1.04990", "2005-06-30": "1.09580", "2005-03-31": "0.91870"}, "Long-term Debt / Capital": {"2020-09-30": "0.74560", "2020-06-30": "0.75590", "2020-03-31": "0.76550", "2019-12-31": "0.73220", "2019-09-30": "0.73320", "2019-06-30": "0.71740", "2019-03-31": "0.70130", "2018-12-31": "0.69250", "2018-09-30": "0.65020", "2018-06-30": "0.64830", "2018-03-31": "0.63620", "2017-12-31": "0.61730", "2017-09-30": "0.70530", "2017-06-30": "0.69490", "2017-03-31": "0.67670", "2016-12-31": "0.69150", "2016-09-30": "0.68040", "2016-06-30": "0.69140", "2016-03-31": "0.70920", "2015-12-31": "0.71010", "2015-09-30": "0.72490", "2015-06-30": "0.71790", "2015-03-31": "0.72150", "2014-12-31": "0.72070", "2014-09-30": "0.67110", "2014-06-30": "0.67920", "2014-03-31": "0.68060", "2013-12-31": "0.67450", "2013-09-30": "0.69010", "2013-06-30": "0.70260", "2013-03-31": "0.70630", "2012-12-31": "0.70170", "2012-09-30": "0.69980", "2012-06-30": "0.70850", "2012-03-31": "0.68670", "2011-12-31": "0.70220", "2011-09-30": "0.66970", "2011-06-30": "0.66890", "2011-03-31": "0.61910", "2010-12-31": "0.62360", "2010-09-30": "0.59470", "2010-06-30": "0.60340", "2010-03-31": "0.61150", "2009-12-31": "0.61350", "2009-09-30": "0.60990", "2009-06-30": "0.62640", "2009-03-31": "0.67350", "2008-12-31": "0.64820", "2008-09-30": "0.59790", "2008-06-30": "0.59520", "2008-03-31": "0.57100", "2007-12-31": "0.57500", "2007-09-30": "0.57640", "2007-06-30": "0.60440", "2007-03-31": "0.59120", "2006-12-31": "0.59080", "2006-09-30": "0.57680", "2006-06-30": "0.56390", "2006-03-31": "0.57190", "2005-12-31": "0.55640", "2005-09-30": "0.53880", "2005-06-30": "0.54920", "2005-03-31": "0.53320"}, "Debt/Equity Ratio": {"2020-09-30": "3.45800", "2020-06-30": "3.77370", "2020-03-31": "3.64480", "2019-12-31": "3.20020", "2019-09-30": "3.12740", "2019-06-30": "2.94220", "2019-03-31": "2.78290", "2018-12-31": "2.62140", "2018-09-30": "2.15290", "2018-06-30": "2.10390", "2018-03-31": "1.98600", "2017-12-31": "1.90370", "2017-09-30": "2.45930", "2017-06-30": "2.55680", "2017-03-31": "2.56090", "2016-12-31": "2.62700", "2016-09-30": "2.63210", "2016-06-30": "2.75220", "2016-03-31": "2.73770", "2015-12-31": "2.76920", "2015-09-30": "2.79230", "2015-06-30": "2.72650", "2015-03-31": "2.59660", "2014-12-31": "2.60050", "2014-09-30": "2.27370", "2014-06-30": "2.40060", "2014-03-31": "2.34210", "2013-12-31": "2.20880", "2013-09-30": "2.43860", "2013-06-30": "2.52970", "2013-03-31": "2.57900", "2012-12-31": "2.60360", "2012-09-30": "2.63080", "2012-06-30": "2.70560", "2012-03-31": "2.62010", "2011-12-31": "2.56580", "2011-09-30": "2.20380", "2011-06-30": "2.22150", "2011-03-31": "1.95040", "2010-12-31": "1.95610", "2010-09-30": "1.79630", "2010-06-30": "1.79830", "2010-03-31": "1.72120", "2009-12-31": "1.75030", "2009-09-30": "1.74030", "2009-06-30": "1.91460", "2009-03-31": "2.14380", "2008-12-31": "2.12820", "2008-09-30": "1.64800", "2008-06-30": "1.61550", "2008-03-31": "1.49240", "2007-12-31": "1.47070", "2007-09-30": "1.57650", "2007-06-30": "1.61190", "2007-03-31": "1.62260", "2006-12-31": "1.63700", "2006-09-30": "1.59970", "2006-06-30": "1.51020", "2006-03-31": "1.50870", "2005-12-31": "1.43070", "2005-09-30": "1.37200", "2005-06-30": "1.42800", "2005-03-31": "1.41880"}, "Gross Margin": {"2020-09-30": "15.65980", "2020-06-30": "13.11670", "2020-03-31": "10.85320", "2019-12-31": "15.00240", "2019-09-30": "10.29290", "2019-06-30": "19.27330", "2019-03-31": "16.85280", "2018-12-31": "20.55250", "2018-09-30": "19.06130", "2018-06-30": "18.82840", "2018-03-31": "16.80230", "2017-12-31": "19.86240", "2017-09-30": "20.30920", "2017-06-30": "20.04760", "2017-03-31": "18.96800", "2016-12-31": "22.18390", "2016-09-30": "22.66390", "2016-06-30": "22.70500", "2016-03-31": "21.26610", "2015-12-31": "25.05750", "2015-09-30": "22.92290", "2015-06-30": "23.20960", "2015-03-31": "18.99870", "2014-12-31": "26.01050", "2014-09-30": "19.77320", "2014-06-30": "18.82110", "2014-03-31": "18.88950", "2013-12-31": "21.36710", "2013-09-30": "21.14850", "2013-06-30": "20.72320", "2013-03-31": "18.94140", "2012-12-31": "20.20690", "2012-09-30": "20.77620", "2012-06-30": "20.18350", "2012-03-31": "18.62230", "2011-12-31": "21.20370", "2011-09-30": "21.05860", "2011-06-30": "20.95180", "2011-03-31": "18.94550", "2010-12-31": "-56.90290", "2010-09-30": "47.48890", "2010-06-30": "47.43270", "2010-03-31": "47.70630", "2009-12-31": "-75.74300", "2009-09-30": "49.98350", "2009-06-30": "51.41620", "2009-03-31": "50.97760", "2008-12-31": "53.92020", "2008-09-30": "45.75890", "2008-06-30": "43.57410", "2008-03-31": "45.63960", "2007-12-31": "44.83320", "2007-09-30": "43.65930", "2007-06-30": "42.19810", "2007-03-31": "42.63620", "2006-12-31": "43.58950", "2006-09-30": "43.19850", "2006-06-30": "42.42510", "2006-03-31": "42.33970", "2005-12-31": "41.84340", "2005-09-30": "43.60190", "2005-06-30": "44.97800", "2005-03-31": "45.10050"}, "Operating Margin": {"2020-09-30": "5.50510", "2020-06-30": "0.48810", "2020-03-31": "0.42710", "2019-12-31": "-1.08920", "2019-09-30": "0.26910", "2019-06-30": "7.56760", "2019-03-31": "5.94680", "2018-12-31": "8.12290", "2018-09-30": "7.63460", "2018-06-30": "7.14570", "2018-03-31": "5.82400", "2017-12-31": "4.66660", "2017-09-30": "6.85640", "2017-06-30": "6.87910", "2017-03-31": "5.16850", "2016-12-31": "8.25270", "2016-09-30": "9.51150", "2016-06-30": "8.01710", "2016-03-31": "6.45550", "2015-12-31": "8.51990", "2015-09-30": "9.13980", "2015-06-30": "8.50960", "2015-03-31": "5.81530", "2014-12-31": "1.90660", "2014-09-30": "7.80030", "2014-06-30": "6.92310", "2014-03-31": "4.71290", "2013-12-31": "6.45670", "2013-09-30": "7.28840", "2013-06-30": "6.51440", "2013-03-31": "4.43920", "2012-12-31": "5.76020", "2012-09-30": "7.00390", "2012-06-30": "5.92420", "2012-03-31": "3.70100", "2011-12-31": "5.82630", "2011-09-30": "6.39250", "2011-06-30": "6.06150", "2011-03-31": "4.37120", "2010-12-31": "5.32270", "2010-09-30": "6.40160", "2010-06-30": "5.94240", "2010-03-31": "4.08340", "2009-12-31": "4.97530", "2009-09-30": "6.21740", "2009-06-30": "6.43780", "2009-03-31": "5.15520", "2008-12-31": "11.79030", "2008-09-30": "9.17240", "2008-06-30": "8.42340", "2008-03-31": "7.68520", "2007-12-31": "9.04480", "2007-09-30": "8.37990", "2007-06-30": "7.86150", "2007-03-31": "6.82490", "2006-12-31": "7.88500", "2006-09-30": "8.17260", "2006-06-30": "7.78310", "2006-03-31": "6.16650", "2005-12-31": "7.68060", "2005-09-30": "8.18540", "2005-06-30": "7.70970", "2005-03-31": "5.85910"}, "EBIT Margin": {"2020-09-30": "5.50510", "2020-06-30": "0.48810", "2020-03-31": "0.42710", "2019-12-31": "-1.08920", "2019-09-30": "0.26910", "2019-06-30": "7.56760", "2019-03-31": "5.94680", "2018-12-31": "8.12290", "2018-09-30": "7.63460", "2018-06-30": "7.14570", "2018-03-31": "5.82400", "2017-12-31": "4.66660", "2017-09-30": "6.85640", "2017-06-30": "6.87910", "2017-03-31": "5.16850", "2016-12-31": "8.25270", "2016-09-30": "9.51150", "2016-06-30": "8.01710", "2016-03-31": "6.45550", "2015-12-31": "8.51990", "2015-09-30": "9.13980", "2015-06-30": "8.50960", "2015-03-31": "5.81530", "2014-12-31": "1.90660", "2014-09-30": "7.80030", "2014-06-30": "6.92310", "2014-03-31": "4.71290", "2013-12-31": "6.45670", "2013-09-30": "7.28840", "2013-06-30": "6.51440", "2013-03-31": "4.43920", "2012-12-31": "5.76010", "2012-09-30": "7.00390", "2012-06-30": "5.92420", "2012-03-31": "3.70100", "2011-12-31": "5.82630", "2011-09-30": "6.39250", "2011-06-30": "6.06150", "2011-03-31": "4.37120", "2010-12-31": "5.32270", "2010-09-30": "6.40160", "2010-06-30": "5.94240", "2010-03-31": "4.08340", "2009-12-31": "4.97530", "2009-09-30": "6.21740", "2009-06-30": "6.43780", "2009-03-31": "5.15520", "2008-12-31": "11.79030", "2008-09-30": "9.17240", "2008-06-30": "8.42340", "2008-03-31": "7.68520", "2007-12-31": "9.04480", "2007-09-30": "8.37990", "2007-06-30": "7.86150", "2007-03-31": "6.82490", "2006-12-31": "7.88500", "2006-09-30": "8.17260", "2006-06-30": "7.78310", "2006-03-31": "6.16650", "2005-12-31": "7.68060", "2005-09-30": "8.18540", "2005-06-30": "7.70970", "2005-03-31": "5.85910"}, "EBITDA Margin": {"2020-09-30": "", "2020-06-30": "", "2020-03-31": "", "2019-12-31": "", "2019-09-30": "", "2019-06-30": "", "2019-03-31": "", "2018-12-31": "", "2018-09-30": "", "2018-06-30": "", "2018-03-31": "", "2017-12-31": "", "2017-09-30": "", "2017-06-30": "", "2017-03-31": "", "2016-12-31": "", "2016-09-30": "", "2016-06-30": "", "2016-03-31": "", "2015-12-31": "", "2015-09-30": "", "2015-06-30": "", "2015-03-31": "", "2014-12-31": "", "2014-09-30": "", "2014-06-30": "", "2014-03-31": "", "2013-12-31": "", "2013-09-30": "", "2013-06-30": "", "2013-03-31": "", "2012-12-31": "", "2012-09-30": "", "2012-06-30": "", "2012-03-31": "", "2011-12-31": "", "2011-09-30": "", "2011-06-30": "", "2011-03-31": "", "2010-12-31": "", "2010-09-30": "", "2010-06-30": "", "2010-03-31": "", "2009-12-31": "", "2009-09-30": "", "2009-06-30": "", "2009-03-31": "", "2008-12-31": "", "2008-09-30": "", "2008-06-30": "", "2008-03-31": "", "2007-12-31": "", "2007-09-30": "", "2007-06-30": "", "2007-03-31": "", "2006-12-31": "", "2006-09-30": "", "2006-06-30": "", "2006-03-31": "", "2005-12-31": "", "2005-09-30": "", "2005-06-30": "", "2005-03-31": ""}, "Pre-Tax Profit Margin": {"2020-09-30": "2.54650", "2020-06-30": "-5.00070", "2020-03-31": "-5.25770", "2019-12-31": "-5.36910", "2019-09-30": "-4.10350", "2019-06-30": "4.59110", "2019-03-31": "3.12570", "2018-12-31": "5.13300", "2018-09-30": "5.50370", "2018-06-30": "4.87550", "2018-03-31": "2.76750", "2017-12-31": "3.15900", "2017-09-30": "5.13290", "2017-06-30": "4.52200", "2017-03-31": "3.49010", "2016-12-31": "4.12110", "2016-09-30": "7.63720", "2016-06-30": "6.85430", "2016-03-31": "5.44330", "2015-12-31": "6.67710", "2015-09-30": "8.38190", "2015-06-30": "8.02480", "2015-03-31": "5.37130", "2014-12-31": "0.81900", "2014-09-30": "7.68210", "2014-06-30": "7.12880", "2014-03-31": "4.65650", "2013-12-31": "6.04220", "2013-09-30": "6.81530", "2013-06-30": "6.07000", "2013-03-31": "3.99920", "2012-12-31": "5.16820", "2012-09-30": "6.34400", "2012-06-30": "4.71710", "2012-03-31": "3.10480", "2011-12-31": "4.74420", "2011-09-30": "5.58060", "2011-06-30": "4.95660", "2011-03-31": "3.05950", "2010-12-31": "3.77700", "2010-09-30": "4.70770", "2010-06-30": "4.05930", "2010-03-31": "1.84370", "2009-12-31": "2.55010", "2009-09-30": "3.52570", "2009-06-30": "3.74020", "2009-03-31": "1.91000", "2008-12-31": "7.33830", "2008-09-30": "7.30050", "2008-06-30": "6.78670", "2008-03-31": "5.96580", "2007-12-31": "7.41710", "2007-09-30": "6.34170", "2007-06-30": "6.29300", "2007-03-31": "5.32200", "2006-12-31": "6.38630", "2006-09-30": "6.62820", "2006-06-30": "6.55210", "2006-03-31": "5.29340", "2005-12-31": "6.07440", "2005-09-30": "7.07760", "2005-06-30": "6.51370", "2005-03-31": "5.10960"}, "Net Profit Margin": {"2020-09-30": "1.66630", "2020-06-30": "-3.90970", "2020-03-31": "-5.07160", "2019-12-31": "-2.34940", "2019-09-30": "-4.11230", "2019-06-30": "3.35030", "2019-03-31": "2.07840", "2018-12-31": "4.95440", "2018-09-30": "4.20630", "2018-06-30": "2.14880", "2018-03-31": "1.93710", "2017-12-31": "29.86260", "2017-09-30": "3.19140", "2017-06-30": "2.84490", "2017-03-31": "2.21110", "2016-12-31": "2.86850", "2016-09-30": "4.91480", "2016-06-30": "4.32870", "2016-03-31": "3.42360", "2015-12-31": "4.55550", "2015-09-30": "5.42930", "2015-06-30": "5.12100", "2015-03-31": "3.36850", "2014-12-31": "0.67060", "2014-09-30": "4.95610", "2014-06-30": "4.47500", "2014-03-31": "2.99440", "2013-12-31": "3.99860", "2013-09-30": "4.34780", "2013-06-30": "3.87740", "2013-03-31": "2.55430", "2012-12-31": "3.40020", "2012-09-30": "4.77290", "2012-06-30": "2.98770", "2012-03-31": "2.23400", "2011-12-31": "3.12080", "2011-09-30": "3.59860", "2011-06-30": "2.64530", "2011-03-31": "1.76270", "2010-12-31": "2.82630", "2010-09-30": "2.94890", "2010-06-30": "2.32020", "2010-03-31": "1.01420", "2009-12-31": "0.66140", "2009-09-30": "1.91180", "2009-06-30": "1.88840", "2009-03-31": "0.58230", "2008-12-31": "0.87370", "2008-09-30": "4.45250", "2008-06-30": "3.79140", "2008-03-31": "3.63320", "2007-12-31": "4.91660", "2007-09-30": "3.97720", "2007-06-30": "3.92790", "2007-03-31": "3.21550", "2006-12-31": "4.12910", "2006-09-30": "4.02810", "2006-06-30": "4.40420", "2006-03-31": "3.18000", "2005-12-31": "3.80640", "2005-09-30": "4.24930", "2005-06-30": "4.55440", "2005-03-31": "3.15360"}, "Asset Turnover": {"2020-09-30": "0.15760", "2020-06-30": "0.13340", "2020-03-31": "0.15050", "2019-12-31": "0.15730", "2019-09-30": "0.15360", "2019-06-30": "0.15460", "2019-03-31": "0.15630", "2018-12-31": "0.16930", "2018-09-30": "0.17030", "2018-06-30": "0.17090", "2018-03-31": "0.16230", "2017-12-31": "0.16700", "2017-09-30": "0.16350", "2017-06-30": "0.16070", "2017-03-31": "0.15830", "2016-12-31": "0.15600", "2016-09-30": "0.15520", "2016-06-30": "0.15300", "2016-03-31": "0.14740", "2015-12-31": "0.15270", "2015-09-30": "0.15430", "2015-06-30": "0.15630", "2015-03-31": "0.15820", "2014-12-31": "0.16810", "2014-09-30": "0.17570", "2014-06-30": "0.17390", "2014-03-31": "0.17190", "2013-12-31": "0.17770", "2013-09-30": "0.18560", "2013-06-30": "0.18740", "2013-03-31": "0.18620", "2012-12-31": "0.19040", "2012-09-30": "0.19050", "2012-06-30": "0.19270", "2012-03-31": "0.18850", "2011-12-31": "0.20230", "2011-09-30": "0.21100", "2011-06-30": "0.20330", "2011-03-31": "0.20410", "2010-12-31": "0.19740", "2010-09-30": "0.20550", "2010-06-30": "0.20290", "2010-03-31": "0.19480", "2009-12-31": "0.19920", "2009-09-30": "0.19430", "2009-06-30": "0.18560", "2009-03-31": "0.17870", "2008-12-31": "0.18210", "2008-09-30": "0.22670", "2008-06-30": "0.23490", "2008-03-31": "0.22370", "2007-12-31": "0.21350", "2007-09-30": "0.23930", "2007-06-30": "0.23920", "2007-03-31": "0.22780", "2006-12-31": "0.23340", "2006-09-30": "0.24090", "2006-06-30": "0.24850", "2006-03-31": "0.24430", "2005-12-31": "0.25600", "2005-09-30": "0.24660", "2005-06-30": "0.23780", "2005-03-31": "0.22690"}, "Inventory Turnover Ratio": {"2020-09-30": "29.93710", "2020-06-30": "26.43920", "2020-03-31": "29.45090", "2019-12-31": "23.94160", "2019-09-30": "23.97120", "2019-06-30": "22.38690", "2019-03-31": "22.63780", "2018-12-31": "22.66420", "2018-09-30": "22.37640", "2018-06-30": "22.90000", "2018-03-31": "21.49480", "2017-12-31": "20.85810", "2017-09-30": "20.56730", "2017-06-30": "21.26100", "2017-03-31": "20.78060", "2016-12-31": "19.02960", "2016-09-30": "19.80540", "2016-06-30": "19.78740", "2016-03-31": "19.57680", "2015-12-31": "19.67200", "2015-09-30": "20.07380", "2015-06-30": "19.74170", "2015-03-31": "20.14270", "2014-12-31": "18.56620", "2014-09-30": "20.88650", "2014-06-30": "20.88130", "2014-03-31": "20.17480", "2013-12-31": "19.78390", "2013-09-30": "20.12740", "2013-06-30": "20.61870", "2013-03-31": "20.10150", "2012-12-31": "19.69810", "2012-09-30": "18.57200", "2012-06-30": "19.55660", "2012-03-31": "18.58100", "2011-12-31": "18.42340", "2011-09-30": "19.23530", "2011-06-30": "18.43710", "2011-03-31": "18.36370", "2010-12-31": "35.10680", "2010-09-30": "12.95560", "2010-06-30": "13.20110", "2010-03-31": "12.58290", "2009-12-31": "43.70160", "2009-09-30": "13.04140", "2009-06-30": "12.30910", "2009-03-31": "12.01290", "2008-12-31": "11.61800", "2008-09-30": "14.83390", "2008-06-30": "15.03580", "2008-03-31": "14.15770", "2007-12-31": "13.72680", "2007-09-30": "15.98460", "2007-06-30": "16.85970", "2007-03-31": "15.84130", "2006-12-31": "15.15940", "2006-09-30": "14.80640", "2006-06-30": "14.43850", "2006-03-31": "14.08670", "2005-12-31": "15.07910", "2005-09-30": "13.89510", "2005-06-30": "12.56110", "2005-03-31": "11.52090"}, "Receiveable Turnover": {"2020-09-30": "1.86000", "2020-06-30": "1.74260", "2020-03-31": "1.79690", "2019-12-31": "1.85310", "2019-09-30": "1.74500", "2019-06-30": "1.79750", "2019-03-31": "1.78460", "2018-12-31": "1.81970", "2018-09-30": "1.86710", "2018-06-30": "1.98190", "2018-03-31": "1.93100", "2017-12-31": "1.89350", "2017-09-30": "1.87520", "2017-06-30": "1.95070", "2017-03-31": "2.01300", "2016-12-31": "2.04380", "2016-09-30": "2.01270", "2016-06-30": "2.00320", "2016-03-31": "1.98120", "2015-12-31": "2.00210", "2015-09-30": "2.05000", "2015-06-30": "2.00010", "2015-03-31": "2.01360", "2014-12-31": "2.08380", "2014-09-30": "2.05390", "2014-06-30": "2.03630", "2014-03-31": "1.95950", "2013-12-31": "2.08100", "2013-09-30": "2.04810", "2013-06-30": "2.07700", "2013-03-31": "2.01830", "2012-12-31": "2.04130", "2012-09-30": "2.00640", "2012-06-30": "1.97060", "2012-03-31": "1.94650", "2011-12-31": "2.04210", "2011-09-30": "2.07030", "2011-06-30": "2.01010", "2011-03-31": "2.09820", "2010-12-31": "2.13560", "2010-09-30": "2.11070", "2010-06-30": "2.06520", "2010-03-31": "2.05110", "2009-12-31": "2.08290", "2009-09-30": "1.97900", "2009-06-30": "2.05010", "2009-03-31": "2.07120", "2008-12-31": "1.91760", "2008-09-30": "2.04560", "2008-06-30": "2.03530", "2008-03-31": "2.01870", "2007-12-31": "1.73450", "2007-09-30": "1.81940", "2007-06-30": "1.80720", "2007-03-31": "1.74040", "2006-12-31": "1.80430", "2006-09-30": "1.76300", "2006-06-30": "1.83920", "2006-03-31": "1.86950", "2005-12-31": "1.88200", "2005-09-30": "1.84370", "2005-06-30": "1.92120", "2005-03-31": "1.88510"}, "Days Sales In Receivables": {"2020-09-30": "48.38760", "2020-06-30": "51.64800", "2020-03-31": "50.08720", "2019-12-31": "48.56650", "2019-09-30": "51.57720", "2019-06-30": "50.07010", "2019-03-31": "50.43240", "2018-12-31": "49.45910", "2018-09-30": "48.20190", "2018-06-30": "45.40980", "2018-03-31": "46.60700", "2017-12-31": "47.53070", "2017-09-30": "47.99460", "2017-06-30": "46.13840", "2017-03-31": "44.70830", "2016-12-31": "44.03640", "2016-09-30": "44.71580", "2016-06-30": "44.92770", "2016-03-31": "45.42640", "2015-12-31": "44.95250", "2015-09-30": "43.90140", "2015-06-30": "44.99870", "2015-03-31": "44.69580", "2014-12-31": "43.19090", "2014-09-30": "43.81950", "2014-06-30": "44.19800", "2014-03-31": "45.92980", "2013-12-31": "43.24790", "2013-09-30": "43.94260", "2013-06-30": "43.33140", "2013-03-31": "44.59300", "2012-12-31": "44.09050", "2012-09-30": "44.85550", "2012-06-30": "45.67160", "2012-03-31": "46.23720", "2011-12-31": "44.07130", "2011-09-30": "43.47200", "2011-06-30": "44.77350", "2011-03-31": "42.89410", "2010-12-31": "42.14190", "2010-09-30": "42.64070", "2010-06-30": "43.58030", "2010-03-31": "43.87830", "2009-12-31": "43.20840", "2009-09-30": "45.47800", "2009-06-30": "43.89990", "2009-03-31": "43.45320", "2008-12-31": "46.93430", "2008-09-30": "43.99750", "2008-06-30": "44.21940", "2008-03-31": "44.58270", "2007-12-31": "51.88810", "2007-09-30": "49.46740", "2007-06-30": "49.80100", "2007-03-31": "51.71170", "2006-12-31": "49.88030", "2006-09-30": "51.04930", "2006-06-30": "48.93330", "2006-03-31": "48.14200", "2005-12-31": "47.82150", "2005-09-30": "48.81610", "2005-06-30": "46.84620", "2005-03-31": "47.74230"}, "ROE - Return On Equity": {"2020-09-30": "2.09640", "2020-06-30": "-3.41370", "2020-03-31": "-4.86590", "2019-12-31": "-2.14340", "2019-09-30": "-3.69550", "2019-06-30": "2.89340", "2019-03-31": "1.78780", "2018-12-31": "4.40900", "2018-09-30": "3.13880", "2018-06-30": "1.62490", "2018-03-31": "1.30520", "2017-12-31": "20.09840", "2017-09-30": "2.71440", "2017-06-30": "2.44030", "2017-03-31": "1.85290", "2016-12-31": "2.42980", "2016-09-30": "4.05990", "2016-06-30": "3.61690", "2016-03-31": "2.74700", "2015-12-31": "3.82140", "2015-09-30": "4.65210", "2015-06-30": "4.49020", "2015-03-31": "2.94370", "2014-12-31": "0.63280", "2014-09-30": "4.23180", "2014-06-30": "3.85360", "2014-03-31": "2.58610", "2013-12-31": "3.48090", "2013-09-30": "4.46250", "2013-06-30": "4.04400", "2013-03-31": "2.73630", "2012-12-31": "3.74420", "2012-09-30": "4.35150", "2012-06-30": "3.37810", "2012-03-31": "2.54310", "2011-12-31": "3.61600", "2011-09-30": "3.92260", "2011-06-30": "2.80370", "2011-03-31": "1.79530", "2010-12-31": "2.95250", "2010-09-30": "2.81720", "2010-06-30": "2.22600", "2010-03-31": "0.91410", "2009-12-31": "1.65870", "2009-09-30": "1.95910", "2009-06-30": "1.91070", "2009-03-31": "0.82370", "2008-12-31": "4.88970", "2008-09-30": "4.10520", "2008-06-30": "3.40080", "2008-03-31": "2.99290", "2007-12-31": "3.70120", "2007-09-30": "3.66870", "2007-06-30": "3.61980", "2007-03-31": "2.88990", "2006-12-31": "3.82510", "2006-09-30": "3.96730", "2006-06-30": "4.26410", "2006-03-31": "3.12290", "2005-12-31": "3.89540", "2005-09-30": "3.91750", "2005-06-30": "4.06540", "2005-03-31": "2.71850"}, "Return On Tangible Equity": {"2020-09-30": "2.76450", "2020-06-30": "-4.49990", "2020-03-31": "-6.34510", "2019-12-31": "-2.72130", "2019-09-30": "-4.69560", "2019-06-30": "3.63120", "2019-03-31": "2.25500", "2018-12-31": "5.58550", "2018-09-30": "3.87490", "2018-06-30": "2.02370", "2018-03-31": "1.53110", "2017-12-31": "23.76500", "2017-09-30": "3.40180", "2017-06-30": "3.07290", "2017-03-31": "2.34150", "2016-12-31": "3.08340", "2016-09-30": "5.13090", "2016-06-30": "4.60690", "2016-03-31": "3.50640", "2015-12-31": "4.92190", "2015-09-30": "6.05140", "2015-06-30": "5.89160", "2015-03-31": "3.93120", "2014-12-31": "0.84670", "2014-09-30": "5.51930", "2014-06-30": "5.00850", "2014-03-31": "3.39790", "2013-12-31": "4.58310", "2013-09-30": "6.17110", "2013-06-30": "5.74890", "2013-03-31": "3.96170", "2012-12-31": "5.47920", "2012-09-30": "6.36120", "2012-06-30": "5.04950", "2012-03-31": "3.83070", "2011-12-31": "5.56800", "2011-09-30": "5.77320", "2011-06-30": "4.12520", "2011-03-31": "2.63980", "2010-12-31": "4.24730", "2010-09-30": "3.43870", "2010-06-30": "2.72980", "2010-03-31": "1.11690", "2009-12-31": "2.02060", "2009-09-30": "2.37750", "2009-06-30": "2.33270", "2009-03-31": "1.02110", "2008-12-31": "5.92450", "2008-09-30": "4.78180", "2008-06-30": "3.92750", "2008-03-31": "3.39710", "2007-12-31": "4.10530", "2007-09-30": "4.06560", "2007-06-30": "4.00740", "2007-03-31": "3.20330", "2006-12-31": "4.25430", "2006-09-30": "4.43450", "2006-06-30": "4.78630", "2006-03-31": "3.53670", "2005-12-31": "4.41000", "2005-09-30": "4.40980", "2005-06-30": "4.59910", "2005-03-31": "3.08650"}, "ROA - Return On Assets": {"2020-09-30": "0.33050", "2020-06-30": "-0.51870", "2020-03-31": "-0.75970", "2019-12-31": "-0.36670", "2019-09-30": "-0.63200", "2019-06-30": "0.51960", "2019-03-31": "0.32900", "2018-12-31": "0.83790", "2018-09-30": "0.72220", "2018-06-30": "0.37750", "2018-03-31": "0.31790", "2017-12-31": "4.98190", "2017-09-30": "0.52440", "2017-06-30": "0.46200", "2017-03-31": "0.35120", "2016-12-31": "0.45740", "2016-09-30": "0.76640", "2016-06-30": "0.66490", "2016-03-31": "0.50830", "2015-12-31": "0.69330", "2015-09-30": "0.83930", "2015-06-30": "0.80760", "2015-03-31": "0.53830", "2014-12-31": "0.11690", "2014-09-30": "0.87350", "2014-06-30": "0.78160", "2014-03-31": "0.52410", "2013-12-31": "0.72520", "2013-09-30": "0.83870", "2013-06-30": "0.73100", "2013-03-31": "0.48620", "2012-12-31": "0.66050", "2012-09-30": "0.77860", "2012-06-30": "0.57620", "2012-03-31": "0.42800", "2011-12-31": "0.62570", "2011-09-30": "0.76460", "2011-06-30": "0.54960", "2011-03-31": "0.37030", "2010-12-31": "0.62330", "2010-09-30": "0.61900", "2010-06-30": "0.48280", "2010-03-31": "0.20550", "2009-12-31": "0.37810", "2009-09-30": "0.44070", "2009-06-30": "0.41450", "2009-03-31": "0.16650", "2008-12-31": "0.98320", "2008-09-30": "1.04620", "2008-06-30": "0.89050", "2008-03-31": "0.81270", "2007-12-31": "1.01920", "2007-09-30": "0.95170", "2007-06-30": "0.93970", "2007-03-31": "0.73240", "2006-12-31": "0.96390", "2006-09-30": "0.97020", "2006-06-30": "1.09440", "2006-03-31": "0.77680", "2005-12-31": "0.98620", "2005-09-30": "1.04800", "2005-06-30": "1.08310", "2005-03-31": "0.71570"}, "ROI - Return On Investment": {"2020-09-30": "0.53330", "2020-06-30": "-0.83320", "2020-03-31": "-1.14110", "2019-12-31": "-0.57400", "2019-09-30": "-0.98610", "2019-06-30": "0.81780", "2019-03-31": "0.53410", "2018-12-31": "1.35580", "2018-09-30": "1.09810", "2018-06-30": "0.57150", "2018-03-31": "0.47480", "2017-12-31": "7.69170", "2017-09-30": "0.80000", "2017-06-30": "0.74460", "2017-03-31": "0.59900", "2016-12-31": "0.74960", "2016-09-30": "1.29750", "2016-06-30": "1.11610", "2016-03-31": "0.79890", "2015-12-31": "1.10770", "2015-09-30": "1.27960", "2015-06-30": "1.26670", "2015-03-31": "0.81990", "2014-12-31": "0.17670", "2014-09-30": "1.39180", "2014-06-30": "1.23640", "2014-03-31": "0.82600", "2013-12-31": "1.13310", "2013-09-30": "1.38300", "2013-06-30": "1.20270", "2013-03-31": "0.80370", "2012-12-31": "1.11670", "2012-09-30": "1.30650", "2012-06-30": "0.98490", "2012-03-31": "0.79670", "2011-12-31": "1.07690", "2011-09-30": "1.29550", "2011-06-30": "0.92830", "2011-03-31": "0.68380", "2010-12-31": "1.11120", "2010-09-30": "1.14180", "2010-06-30": "0.88290", "2010-03-31": "0.35510", "2009-12-31": "0.64110", "2009-09-30": "0.76420", "2009-06-30": "0.71390", "2009-03-31": "0.26890", "2008-12-31": "1.72020", "2008-09-30": "1.65080", "2008-06-30": "1.37680", "2008-03-31": "1.28390", "2007-12-31": "1.57320", "2007-09-30": "1.55420", "2007-06-30": "1.43210", "2007-03-31": "1.18140", "2006-12-31": "1.56530", "2006-09-30": "1.67880", "2006-06-30": "1.85970", "2006-03-31": "1.33680", "2005-12-31": "1.72800", "2005-09-30": "1.80690", "2005-06-30": "1.83280", "2005-03-31": "1.26910"}, "Book Value Per Share": {"2020-09-30": "39.90720", "2020-06-30": "40.11770", "2020-03-31": "41.73620", "2019-12-31": "46.47900", "2019-09-30": "46.47950", "2019-06-30": "48.89390", "2019-03-31": "48.15770", "2018-12-31": "47.75530", "2018-09-30": "54.97280", "2018-06-30": "53.51550", "2018-03-31": "53.84440", "2017-12-31": "53.66200", "2017-09-30": "41.07930", "2017-06-30": "39.75050", "2017-03-31": "38.83110", "2016-12-31": "38.38680", "2016-09-30": "39.22050", "2016-06-30": "38.27930", "2016-03-31": "38.08570", "2015-12-31": "37.14850", "2015-09-30": "36.53840", "2015-06-30": "35.84960", "2015-03-31": "33.98200", "2014-12-31": "34.29650", "2014-09-30": "37.37740", "2014-06-30": "37.02720", "2014-03-31": "35.69760", "2013-12-31": "35.56230", "2013-09-30": "31.47670", "2013-06-30": "29.57100", "2013-03-31": "28.71890", "2012-12-31": "28.56590", "2012-09-30": "28.91490", "2012-06-30": "27.07990", "2012-03-31": "26.74610", "2011-12-31": "25.77340", "2011-09-30": "28.38980", "2011-06-30": "28.53950", "2011-03-31": "28.05200", "2010-12-31": "27.44140", "2010-09-30": "27.21980", "2010-06-30": "26.22580", "2010-03-31": "26.57540", "2009-12-31": "26.71280", "2009-09-30": "25.89870", "2009-06-30": "25.31800", "2009-03-31": "23.76410", "2008-12-31": "24.16830", "2008-09-30": "31.87610", "2008-06-30": "32.78580", "2008-03-31": "32.59010", "2007-12-31": "32.52110", "2007-09-30": "30.78280", "2007-06-30": "30.07140", "2007-03-31": "29.00710", "2006-12-31": "28.33860", "2006-09-30": "27.09430", "2006-06-30": "26.59140", "2006-03-31": "24.97860", "2005-12-31": "24.68860", "2005-09-30": "25.19570", "2005-06-30": "24.24710", "2005-03-31": "23.72280"}, "Operating Cash Flow Per Share": {"2020-09-30": 11.1884, "2020-06-30": 12.5987, "2020-03-31": "8.38850", "2019-12-31": 10.5157, "2019-09-30": 10.4876, "2019-06-30": 10.6677, "2019-03-31": "9.21960", "2018-12-31": 8.4293, "2018-09-30": 7.7381, "2018-06-30": 10.0799, "2018-03-31": "6.35410", "2017-12-31": 8.63, "2017-09-30": 8.2672, "2017-06-30": 7.6243, "2017-03-31": "6.20550", "2016-12-31": 7.766, "2016-09-30": 7.9426, "2016-06-30": 7.3988, "2016-03-31": "6.89620", "2015-12-31": 6.9831, "2015-09-30": 7.7282, "2015-06-30": 7.0146, "2015-03-31": "5.34490", "2014-12-31": 7.5538, "2014-09-30": 8.2851, "2014-06-30": 5.7605, "2014-03-31": "4.47380", "2013-12-31": 6.9992, "2013-09-30": 6.1834, "2013-06-30": 6.0143, "2013-03-31": "4.84360", "2012-12-31": 7.1691, "2012-09-30": 5.872, "2012-06-30": 5.6525, "2012-03-31": "3.65810", "2011-12-31": 5.0656, "2011-09-30": 6.144, "2011-06-30": 5.0049, "2011-03-31": "4.26500", "2010-12-31": 4.2099, "2010-09-30": 5.4399, "2010-06-30": 5.0128, "2010-03-31": "5.15150", "2009-12-31": 4.0219, "2009-09-30": 4.6052, "2009-06-30": 4.3968, "2009-03-31": "4.85380", "2008-12-31": 6.0778, "2008-09-30": 6.8327, "2008-06-30": 3.9526, "2008-03-31": "5.21320", "2007-12-31": 4.1735, "2007-09-30": 5.9157, "2007-06-30": 4.1305, "2007-03-31": "4.13950", "2006-12-31": 3.9486, "2006-09-30": 5.1031, "2006-06-30": 2.9018, "2006-03-31": "1.90840", "2005-12-31": 4.7703, "2005-09-30": 4.7477, "2005-06-30": 2.8963, "2005-03-31": "-0.34700"}, "Free Cash Flow Per Share": {"2020-09-30": 11.4022, "2020-06-30": 9.5792, "2020-03-31": "2.11550", "2019-12-31": -2.1307, "2019-09-30": -1.1301, "2019-06-30": -8.9875, "2019-03-31": "-8.31890", "2018-12-31": -5.7715, "2018-09-30": -5.2587, "2018-06-30": -2.2829, "2018-03-31": "-4.45060", "2017-12-31": 0.7686, "2017-09-30": 1.3849, "2017-06-30": 0.3123, "2017-03-31": "1.24580", "2016-12-31": 1.9697, "2016-09-30": 2.196, "2016-06-30": -0.3503, "2016-03-31": "-1.61970", "2015-12-31": -1.965, "2015-09-30": -4.4238, "2015-06-30": -5.3628, "2015-03-31": "-3.24450", "2014-12-31": -0.2732, "2014-09-30": 1.3233, "2014-06-30": -4.1866, "2014-03-31": "-4.01680", "2013-12-31": -2.8822, "2013-09-30": -2.1631, "2013-06-30": -1.8664, "2013-03-31": "-1.12440", "2012-12-31": 0.6471, "2012-09-30": -1.6976, "2012-06-30": -4.199, "2012-03-31": "-3.74020", "2011-12-31": -3.1388, "2011-09-30": 0.8261, "2011-06-30": -3.4773, "2011-03-31": "-0.47980", "2010-12-31": 1.6734, "2010-09-30": 0.3124, "2010-06-30": -0.5568, "2010-03-31": "2.28370", "2009-12-31": 2.5517, "2009-09-30": 3.426, "2009-06-30": 2.8541, "2009-03-31": "1.12640", "2008-12-31": 1.0236, "2008-09-30": 2.9263, "2008-06-30": -0.7732, "2008-03-31": "1.76100", "2007-12-31": 2.0656, "2007-09-30": 3.7972, "2007-06-30": 1.7202, "2007-03-31": "-2.28670", "2006-12-31": -3.3504, "2006-09-30": -0.1059, "2006-06-30": -3.1177, "2006-03-31": "-1.68910", "2005-12-31": 1.4871, "2005-09-30": 0.9397, "2005-06-30": -0.9299, "2005-03-31": "-5.93620"}}, "revenue": {"Ryder System Annual Revenue (Millions of US $)": {"2019": "$8,926", "2018": "$8,414", "2017": "$7,280", "2016": "$6,758", "2015": "$6,572", "2014": "$6,639", "2013": "$6,419", "2012": "$6,257", "2011": "$6,051", "2010": "$5,136", "2009": "$4,887", "2008": "$5,999", "2007": "$6,363", "2006": "$6,307", "2005": "$5,741"}, "Ryder System Quarterly Revenue (Millions of US $)": {"2020-09-30": "$2,151", "2020-06-30": "$1,895", "2020-03-31": "$2,161", "2019-12-31": "$2,277", "2019-09-30": "$2,224", "2019-06-30": "$2,245", "2019-03-31": "$2,180", "2018-12-31": "$2,260", "2018-09-30": "$2,160", "2018-06-30": "$2,090", "2018-03-31": "$1,904", "2017-12-31": "$1,914", "2017-09-30": "$1,841", "2017-06-30": "$1,788", "2017-03-31": "$1,737", "2016-12-31": "$1,700", "2016-09-30": "$1,724", "2016-06-30": "$1,704", "2016-03-31": "$1,630", "2015-12-31": "$1,673", "2015-09-30": "$1,669", "2015-06-30": "$1,663", "2015-03-31": "$1,567", "2014-12-31": "$1,656", "2014-09-30": "$1,687", "2014-06-30": "$1,685", "2014-03-31": "$1,611", "2013-12-31": "$1,618", "2013-09-30": "$1,635", "2013-06-30": "$1,604", "2013-03-31": "$1,563", "2012-12-31": "$1,584", "2012-09-30": "$1,573", "2012-06-30": "$1,564", "2012-03-31": "$1,536", "2011-12-31": "$1,541", "2011-09-30": "$1,571", "2011-06-30": "$1,513", "2011-03-31": "$1,425", "2010-12-31": "$1,313", "2010-09-30": "$1,317", "2010-06-30": "$1,286", "2010-03-31": "$1,220", "2009-12-31": "$1,247", "2009-09-30": "$1,254", "2009-06-30": "$1,212", "2009-03-31": "$1,174", "2008-12-31": "$1,218", "2008-09-30": "$1,577", "2008-06-30": "$1,660", "2008-03-31": "$1,544", "2007-12-31": "$1,463", "2007-09-30": "$1,648", "2007-06-30": "$1,658", "2007-03-31": "$1,594", "2006-12-31": "$1,594", "2006-09-30": "$1,621", "2006-06-30": "$1,596", "2006-03-31": "$1,496", "2005-12-31": "$1,545", "2005-09-30": "$1,491", "2005-06-30": "$1,390", "2005-03-31": "$1,316"}}, "gross-profit": {"Ryder System Annual Gross Profit (Millions of US $)": {"2019": "$1,371", "2018": "$1,590", "2017": "$1,442", "2016": "$1,501", "2015": "$1,485", "2014": "$1,386", "2013": "$1,320", "2012": "$1,249", "2011": "$1,245", "2010": "$1,070", "2009": "$904", "2008": "$2,806", "2007": "$2,755", "2006": "$2,705", "2005": "$2,515"}, "Ryder System Quarterly Gross Profit (Millions of US $)": {"2020-09-30": "$337", "2020-06-30": "$249", "2020-03-31": "$235", "2019-12-31": "$342", "2019-09-30": "$229", "2019-06-30": "$433", "2019-03-31": "$367", "2018-12-31": "$465", "2018-09-30": "$412", "2018-06-30": "$393", "2018-03-31": "$320", "2017-12-31": "$380", "2017-09-30": "$374", "2017-06-30": "$358", "2017-03-31": "$329", "2016-12-31": "$377", "2016-09-30": "$391", "2016-06-30": "$387", "2016-03-31": "$347", "2015-12-31": "$419", "2015-09-30": "$383", "2015-06-30": "$386", "2015-03-31": "$298", "2014-12-31": "$431", "2014-09-30": "$334", "2014-06-30": "$317", "2014-03-31": "$304", "2013-12-31": "$346", "2013-09-30": "$346", "2013-06-30": "$332", "2013-03-31": "$296", "2012-12-31": "$320", "2012-09-30": "$327", "2012-06-30": "$316", "2012-03-31": "$286", "2011-12-31": "$327", "2011-09-30": "$331", "2011-06-30": "$317", "2011-03-31": "$270", "2010-12-31": "$-747", "2010-09-30": "$625", "2010-06-30": "$610", "2010-03-31": "$582", "2009-12-31": "$-944", "2009-09-30": "$627", "2009-06-30": "$623", "2009-03-31": "$599", "2008-12-31": "$657", "2008-09-30": "$722", "2008-06-30": "$723", "2008-03-31": "$704", "2007-12-31": "$656", "2007-09-30": "$719", "2007-06-30": "$700", "2007-03-31": "$680", "2006-12-31": "$695", "2006-09-30": "$700", "2006-06-30": "$677", "2006-03-31": "$634", "2005-12-31": "$646", "2005-09-30": "$650", "2005-06-30": "$625", "2005-03-31": "$593"}}, "operating-income": {"Ryder System Annual Operating Income (Millions of US $)": {"2019": "$281", "2018": "$609", "2017": "$428", "2016": "$546", "2015": "$528", "2014": "$356", "2013": "$397", "2012": "$351", "2011": "$344", "2010": "$280", "2009": "$279", "2008": "$547", "2007": "$510", "2006": "$475", "2005": "$425"}, "Ryder System Quarterly Operating Income (Millions of US $)": {"2020-09-30": "$118", "2020-06-30": "$9", "2020-03-31": "$9", "2019-12-31": "$-25", "2019-09-30": "$6", "2019-06-30": "$170", "2019-03-31": "$130", "2018-12-31": "$184", "2018-09-30": "$165", "2018-06-30": "$149", "2018-03-31": "$111", "2017-12-31": "$89", "2017-09-30": "$126", "2017-06-30": "$123", "2017-03-31": "$90", "2016-12-31": "$140", "2016-09-30": "$164", "2016-06-30": "$137", "2016-03-31": "$105", "2015-12-31": "$143", "2015-09-30": "$153", "2015-06-30": "$142", "2015-03-31": "$91", "2014-12-31": "$32", "2014-09-30": "$132", "2014-06-30": "$117", "2014-03-31": "$76", "2013-12-31": "$104", "2013-09-30": "$119", "2013-06-30": "$104", "2013-03-31": "$69", "2012-12-31": "$91", "2012-09-30": "$110", "2012-06-30": "$93", "2012-03-31": "$57", "2011-12-31": "$90", "2011-09-30": "$100", "2011-06-30": "$92", "2011-03-31": "$62", "2010-12-31": "$70", "2010-09-30": "$84", "2010-06-30": "$76", "2010-03-31": "$50", "2009-12-31": "$62", "2009-09-30": "$78", "2009-06-30": "$78", "2009-03-31": "$61", "2008-12-31": "$144", "2008-09-30": "$145", "2008-06-30": "$140", "2008-03-31": "$119", "2007-12-31": "$132", "2007-09-30": "$138", "2007-06-30": "$130", "2007-03-31": "$109", "2006-12-31": "$126", "2006-09-30": "$132", "2006-06-30": "$124", "2006-03-31": "$92", "2005-12-31": "$119", "2005-09-30": "$122", "2005-06-30": "$107", "2005-03-31": "$77"}}, "ebitda": {"Ryder System Annual EBITDA (Millions of US $)": {"2019": "$2,261", "2018": "$2,081", "2017": "$1,727", "2016": "$1,772", "2015": "$1,703", "2014": "$1,450", "2013": "$1,437", "2012": "$1,340", "2011": "$1,256", "2010": "$1,155", "2009": "$1,201", "2008": "$1,408", "2007": "$1,335", "2006": "$1,232", "2005": "$1,177"}, "Ryder System Quarterly EBITDA (Millions of US $)": {"2020-09-30": "$615", "2020-06-30": "$500", "2020-03-31": "$575", "2019-12-31": "$613", "2019-09-30": "$581", "2019-06-30": "$533", "2019-03-31": "$534", "2018-12-31": "$513", "2018-09-30": "$547", "2018-06-30": "$529", "2018-03-31": "$491", "2017-12-31": "$430", "2017-09-30": "$446", "2017-06-30": "$441", "2017-03-31": "$410", "2016-12-31": "$468", "2016-09-30": "$472", "2016-06-30": "$433", "2016-03-31": "$399", "2015-12-31": "$443", "2015-09-30": "$458", "2015-06-30": "$431", "2015-03-31": "$371", "2014-12-31": "$309", "2014-09-30": "$411", "2014-06-30": "$392", "2014-03-31": "$339", "2013-12-31": "$394", "2013-09-30": "$377", "2013-06-30": "$353", "2013-03-31": "$314", "2012-12-31": "$345", "2012-09-30": "$361", "2012-06-30": "$342", "2012-03-31": "$293", "2011-12-31": "$329", "2011-09-30": "$334", "2011-06-30": "$318", "2011-03-31": "$276", "2010-12-31": "$289", "2010-09-30": "$302", "2010-06-30": "$292", "2010-03-31": "$271", "2009-12-31": "$289", "2009-09-30": "$310", "2009-06-30": "$311", "2009-03-31": "$291", "2008-12-31": "$370", "2008-09-30": "$355", "2008-06-30": "$353", "2008-03-31": "$330", "2007-12-31": "$343", "2007-09-30": "$352", "2007-06-30": "$329", "2007-03-31": "$312", "2006-12-31": "$322", "2006-09-30": "$329", "2006-06-30": "$310", "2006-03-31": "$271", "2005-12-31": "$310", "2005-09-30": "$311", "2005-06-30": "$296", "2005-03-31": "$260"}}, "net-income": {"Ryder System Annual Net Income (Millions of US $)": {"2019": "$-24", "2018": "$285", "2017": "$720", "2016": "$263", "2015": "$305", "2014": "$218", "2013": "$238", "2012": "$210", "2011": "$170", "2010": "$118", "2009": "$62", "2008": "$200", "2007": "$254", "2006": "$249", "2005": "$227"}, "Ryder System Quarterly Net Income (Millions of US $)": {"2020-09-30": "$36", "2020-06-30": "$-74", "2020-03-31": "$-110", "2019-12-31": "$-53", "2019-09-30": "$-91", "2019-06-30": "$75", "2019-03-31": "$45", "2018-12-31": "$112", "2018-09-30": "$91", "2018-06-30": "$45", "2018-03-31": "$37", "2017-12-31": "$572", "2017-09-30": "$59", "2017-06-30": "$51", "2017-03-31": "$38", "2016-12-31": "$49", "2016-09-30": "$85", "2016-06-30": "$74", "2016-03-31": "$56", "2015-12-31": "$76", "2015-09-30": "$91", "2015-06-30": "$85", "2015-03-31": "$53", "2014-12-31": "$11", "2014-09-30": "$84", "2014-06-30": "$75", "2014-03-31": "$48", "2013-12-31": "$65", "2013-09-30": "$71", "2013-06-30": "$62", "2013-03-31": "$40", "2012-12-31": "$54", "2012-09-30": "$75", "2012-06-30": "$47", "2012-03-31": "$34", "2011-12-31": "$48", "2011-09-30": "$57", "2011-06-30": "$40", "2011-03-31": "$25", "2010-12-31": "$37", "2010-09-30": "$39", "2010-06-30": "$30", "2010-03-31": "$12", "2009-12-31": "$8", "2009-09-30": "$24", "2009-06-30": "$23", "2009-03-31": "$7", "2008-12-31": "$11", "2008-09-30": "$70", "2008-06-30": "$63", "2008-03-31": "$56", "2007-12-31": "$72", "2007-09-30": "$66", "2007-06-30": "$65", "2007-03-31": "$51", "2006-12-31": "$66", "2006-09-30": "$65", "2006-06-30": "$70", "2006-03-31": "$48", "2005-12-31": "$59", "2005-09-30": "$63", "2005-06-30": "$63", "2005-03-31": "$41"}}, "eps-earnings-per-share-diluted": {"Ryder System Annual EPS": {"2019": "$-0.47", "2018": "$5.38", "2017": "$13.53", "2016": "$4.91", "2015": "$5.71", "2014": "$4.11", "2013": "$4.53", "2012": "$4.09", "2011": "$3.28", "2010": "$2.25", "2009": "$1.11", "2008": "$3.50", "2007": "$4.22", "2006": "$4.04", "2005": "$3.52"}, "Ryder System Quarterly EPS": {"2020-09-30": "$0.68", "2020-06-30": "$-1.42", "2020-03-31": "$-2.10", "2019-12-31": "$-1.01", "2019-09-30": "$-1.75", "2019-06-30": "$1.43", "2019-03-31": "$0.86", "2018-12-31": "$2.11", "2018-09-30": "$1.72", "2018-06-30": "$0.85", "2018-03-31": "$0.70", "2017-12-31": "$10.74", "2017-09-30": "$1.11", "2017-06-30": "$0.96", "2017-03-31": "$0.72", "2016-12-31": "$0.90", "2016-09-30": "$1.59", "2016-06-30": "$1.38", "2016-03-31": "$1.04", "2015-12-31": "$1.44", "2015-09-30": "$1.69", "2015-06-30": "$1.59", "2015-03-31": "$0.99", "2014-12-31": "$0.23", "2014-09-30": "$1.57", "2014-06-30": "$1.41", "2014-03-31": "$0.90", "2013-12-31": "$1.22", "2013-09-30": "$1.35", "2013-06-30": "$1.19", "2013-03-31": "$0.77", "2012-12-31": "$1.04", "2012-09-30": "$1.47", "2012-06-30": "$0.91", "2012-03-31": "$0.67", "2011-12-31": "$0.93", "2011-09-30": "$1.10", "2011-06-30": "$0.77", "2011-03-31": "$0.48", "2010-12-31": "$0.72", "2010-09-30": "$0.74", "2010-06-30": "$0.56", "2010-03-31": "$0.23", "2009-12-31": "$0.15", "2009-09-30": "$0.43", "2009-06-30": "$0.41", "2009-03-31": "$0.12", "2008-12-31": "$0.21", "2008-09-30": "$1.24", "2008-06-30": "$1.09", "2008-03-31": "$0.96", "2007-12-31": "$1.20", "2007-09-30": "$1.11", "2007-06-30": "$1.07", "2007-03-31": "$0.84", "2006-12-31": "$1.08", "2006-09-30": "$1.06", "2006-06-30": "$1.13", "2006-03-31": "$0.77", "2005-12-31": "$0.92", "2005-09-30": "$0.98", "2005-06-30": "$0.98", "2005-03-31": "$0.64"}}, "shares-outstanding": {"Ryder System Annual Shares Outstanding (Millions of Shares)": {"2019": "52", "2018": "53", "2017": "53", "2016": "53", "2015": "53", "2014": "53", "2013": "52", "2012": "51", "2011": "51", "2010": "52", "2009": "55", "2008": "57", "2007": "60", "2006": "62", "2005": "65"}, "Ryder System Quarterly Shares Outstanding (Millions of Shares)": {"2020-09-30": "53", "2020-06-30": "52", "2020-03-31": "52", "2019-12-31": "52", "2019-09-30": "52", "2019-06-30": "53", "2019-03-31": "53", "2018-12-31": "53", "2018-09-30": "53", "2018-06-30": "53", "2018-03-31": "53", "2017-12-31": "53", "2017-09-30": "53", "2017-06-30": "53", "2017-03-31": "53", "2016-12-31": "53", "2016-09-30": "53", "2016-06-30": "53", "2016-03-31": "53", "2015-12-31": "53", "2015-09-30": "53", "2015-06-30": "53", "2015-03-31": "53", "2014-12-31": "53", "2014-09-30": "53", "2014-06-30": "53", "2014-03-31": "53", "2013-12-31": "52", "2013-09-30": "52", "2013-06-30": "52", "2013-03-31": "51", "2012-12-31": "51", "2012-09-30": "51", "2012-06-30": "51", "2012-03-31": "51", "2011-12-31": "51", "2011-09-30": "51", "2011-06-30": "51", "2011-03-31": "51", "2010-12-31": "52", "2010-09-30": "52", "2010-06-30": "52", "2010-03-31": "53", "2009-12-31": "55", "2009-09-30": "55", "2009-06-30": "55", "2009-03-31": "55", "2008-12-31": "57", "2008-09-30": "56", "2008-06-30": "57", "2008-03-31": "58", "2007-12-31": "60", "2007-09-30": "59", "2007-06-30": "61", "2007-03-31": "61", "2006-12-31": "62", "2006-09-30": "62", "2006-06-30": "62", "2006-03-31": "61", "2005-12-31": "65", "2005-09-30": "65", "2005-06-30": "65", "2005-03-31": "65"}}, "total-assets": {"Ryder System Annual Total Assets (Millions of US $)": {"2019": "$14,475", "2018": "$13,348", "2017": "$11,464", "2016": "$10,902", "2015": "$10,953", "2014": "$9,851", "2013": "$9,104", "2012": "$8,319", "2011": "$7,618", "2010": "$6,652", "2009": "$6,260", "2008": "$6,690", "2007": "$6,855", "2006": "$6,829", "2005": "$6,033"}, "Ryder System Quarterly Total Assets (Millions of US $)": {"2020-09-30": "$13,642", "2020-06-30": "$14,209", "2020-03-31": "$14,364", "2019-12-31": "$14,475", "2019-09-30": "$14,483", "2019-06-30": "$14,522", "2019-03-31": "$13,949", "2018-12-31": "$13,348", "2018-09-30": "$12,684", "2018-06-30": "$12,229", "2018-03-31": "$11,736", "2017-12-31": "$11,464", "2017-09-30": "$11,259", "2017-06-30": "$11,125", "2017-03-31": "$10,974", "2016-12-31": "$10,902", "2016-09-30": "$11,109", "2016-06-30": "$11,136", "2016-03-31": "$11,055", "2015-12-31": "$10,953", "2015-09-30": "$10,820", "2015-06-30": "$10,638", "2015-03-31": "$9,907", "2014-12-31": "$9,851", "2014-09-30": "$9,604", "2014-06-30": "$9,688", "2014-03-31": "$9,367", "2013-12-31": "$9,104", "2013-09-30": "$8,808", "2013-06-30": "$8,560", "2013-03-31": "$8,392", "2012-12-31": "$8,319", "2012-09-30": "$8,260", "2012-06-30": "$8,117", "2012-03-31": "$8,149", "2011-12-31": "$7,618", "2011-09-30": "$7,446", "2011-06-30": "$7,444", "2011-03-31": "$6,982", "2010-12-31": "$6,652", "2010-09-30": "$6,410", "2010-06-30": "$6,338", "2010-03-31": "$6,263", "2009-12-31": "$6,260", "2009-09-30": "$6,454", "2009-06-30": "$6,530", "2009-03-31": "$6,570", "2008-12-31": "$6,690", "2008-09-30": "$6,956", "2008-06-30": "$7,068", "2008-03-31": "$6,901", "2007-12-31": "$6,855", "2007-09-30": "$6,886", "2007-06-30": "$6,930", "2007-03-31": "$6,999", "2006-12-31": "$6,829", "2006-09-30": "$6,728", "2006-06-30": "$6,422", "2006-03-31": "$6,125", "2005-12-31": "$6,033", "2005-09-30": "$6,044", "2005-06-30": "$5,844", "2005-03-31": "$5,797"}}, "cash-on-hand": {"Ryder System Annual Cash on Hand (Millions of US $)": {"2019": "$74", "2018": "$68", "2017": "$78", "2016": "$59", "2015": "$61", "2014": "$50", "2013": "$62", "2012": "$66", "2011": "$105", "2010": "$213", "2009": "$99", "2008": "$120", "2007": "$116", "2006": "$129", "2005": "$129"}, "Ryder System Quarterly Cash on Hand (Millions of US $)": {"2020-09-30": "$684", "2020-06-30": "$831", "2020-03-31": "$397", "2019-12-31": "$74", "2019-09-30": "$76", "2019-06-30": "$93", "2019-03-31": "$63", "2018-12-31": "$68", "2018-09-30": "$61", "2018-06-30": "$74", "2018-03-31": "$74", "2017-12-31": "$78", "2017-09-30": "$65", "2017-06-30": "$55", "2017-03-31": "$38", "2016-12-31": "$59", "2016-09-30": "$75", "2016-06-30": "$66", "2016-03-31": "$57", "2015-12-31": "$61", "2015-09-30": "$75", "2015-06-30": "$73", "2015-03-31": "$72", "2014-12-31": "$50", "2014-09-30": "$75", "2014-06-30": "$87", "2014-03-31": "$73", "2013-12-31": "$62", "2013-09-30": "$75", "2013-06-30": "$73", "2013-03-31": "$76", "2012-12-31": "$66", "2012-09-30": "$96", "2012-06-30": "$73", "2012-03-31": "$114", "2011-12-31": "$105", "2011-09-30": "$116", "2011-06-30": "$130", "2011-03-31": "$156", "2010-12-31": "$213", "2010-09-30": "$135", "2010-06-30": "$108", "2010-03-31": "$115", "2009-12-31": "$99", "2009-09-30": "$111", "2009-06-30": "$105", "2009-03-31": "$92", "2008-12-31": "$120", "2008-09-30": "$110", "2008-06-30": "$107", "2008-03-31": "$115", "2007-12-31": "$116", "2007-09-30": "$106", "2007-06-30": "$110", "2007-03-31": "$94", "2006-12-31": "$129", "2006-09-30": "$128", "2006-06-30": "$83", "2006-03-31": "$76", "2005-12-31": "$129", "2005-09-30": "$141", "2005-06-30": "$87", "2005-03-31": "$84"}}, "long-term-debt": {"Ryder System Annual Long Term Debt (Millions of US $)": {"2019": "$6,770", "2018": "$5,712", "2017": "$4,584", "2016": "$4,600", "2015": "$4,868", "2014": "$4,694", "2013": "$3,930", "2012": "$3,453", "2011": "$3,108", "2010": "$2,327", "2009": "$2,265", "2008": "$2,479", "2007": "$2,553", "2006": "$2,484", "2005": "$1,916"}, "Ryder System Quarterly Long Term Debt (Millions of US $)": {"2020-09-30": "$6,303", "2020-06-30": "$6,687", "2020-03-31": "$7,321", "2019-12-31": "$6,770", "2019-09-30": "$6,806", "2019-06-30": "$6,619", "2019-03-31": "$6,026", "2018-12-31": "$5,712", "2018-09-30": "$5,424", "2018-06-30": "$5,237", "2018-03-31": "$5,000", "2017-12-31": "$4,584", "2017-09-30": "$5,205", "2017-06-30": "$4,796", "2017-03-31": "$4,353", "2016-12-31": "$4,600", "2016-09-30": "$4,464", "2016-06-30": "$4,587", "2016-03-31": "$4,987", "2015-12-31": "$4,868", "2015-09-30": "$5,145", "2015-06-30": "$4,869", "2015-03-31": "$4,693", "2014-12-31": "$4,694", "2014-09-30": "$4,045", "2014-06-30": "$4,159", "2014-03-31": "$4,046", "2013-12-31": "$3,930", "2013-09-30": "$3,686", "2013-06-30": "$3,656", "2013-03-31": "$3,586", "2012-12-31": "$3,453", "2012-09-30": "$3,444", "2012-06-30": "$3,364", "2012-03-31": "$3,006", "2011-12-31": "$3,108", "2011-09-30": "$2,943", "2011-06-30": "$2,948", "2011-03-31": "$2,341", "2010-12-31": "$2,327", "2010-09-30": "$2,066", "2010-06-30": "$2,091", "2010-03-31": "$2,217", "2009-12-31": "$2,265", "2009-09-30": "$2,270", "2009-06-30": "$2,375", "2009-03-31": "$2,740", "2008-12-31": "$2,479", "2008-09-30": "$2,636", "2008-06-30": "$2,721", "2008-03-31": "$2,494", "2007-12-31": "$2,553", "2007-09-30": "$2,430", "2007-06-30": "$2,748", "2007-03-31": "$2,565", "2006-12-31": "$2,484", "2006-09-30": "$2,243", "2006-06-30": "$2,131", "2006-03-31": "$2,036", "2005-12-31": "$1,916", "2005-09-30": "$1,889", "2005-06-30": "$1,897", "2005-03-31": "$1,743"}}, "total-liabilities": {"Ryder System Annual Total Liabilities (Millions of US $)": {"2019": "$11,999", "2018": "$10,811", "2017": "$8,622", "2016": "$8,850", "2015": "$8,965", "2014": "$8,032", "2013": "$7,207", "2012": "$6,851", "2011": "$6,300", "2010": "$5,248", "2009": "$4,833", "2008": "$5,344", "2007": "$4,967", "2006": "$5,108", "2005": "$4,506"}, "Ryder System Quarterly Total Liabilities (Millions of US $)": {"2020-09-30": "$11,491", "2020-06-30": "$12,050", "2020-03-31": "$12,121", "2019-12-31": "$11,999", "2019-09-30": "$12,006", "2019-06-30": "$11,914", "2019-03-31": "$11,382", "2018-12-31": "$10,811", "2018-09-30": "$9,766", "2018-06-30": "$9,387", "2018-03-31": "$8,877", "2017-12-31": "$8,622", "2017-09-30": "$9,084", "2017-06-30": "$9,019", "2017-03-31": "$8,894", "2016-12-31": "$8,850", "2016-09-30": "$9,012", "2016-06-30": "$9,089", "2016-03-31": "$9,009", "2015-12-31": "$8,965", "2015-09-30": "$8,868", "2015-06-30": "$8,725", "2015-03-31": "$8,095", "2014-12-31": "$8,032", "2014-09-30": "$7,622", "2014-06-30": "$7,723", "2014-03-31": "$7,469", "2013-12-31": "$7,207", "2013-09-30": "$7,152", "2013-06-30": "$7,013", "2013-03-31": "$6,901", "2012-12-31": "$6,851", "2012-09-30": "$6,782", "2012-06-30": "$6,733", "2012-03-31": "$6,777", "2011-12-31": "$6,300", "2011-09-30": "$5,994", "2011-06-30": "$5,985", "2011-03-31": "$5,542", "2010-12-31": "$5,248", "2010-09-30": "$5,001", "2010-06-30": "$4,963", "2010-03-31": "$4,854", "2009-12-31": "$4,833", "2009-09-30": "$5,002", "2009-06-30": "$5,113", "2009-03-31": "$5,242", "2008-12-31": "$5,344", "2008-09-30": "$5,183", "2008-06-30": "$5,218", "2008-03-31": "$5,027", "2007-12-31": "$4,967", "2007-09-30": "$5,099", "2007-06-30": "$5,131", "2007-03-31": "$5,225", "2006-12-31": "$5,108", "2006-09-30": "$5,083", "2006-06-30": "$4,773", "2006-03-31": "$4,602", "2005-12-31": "$4,506", "2005-09-30": "$4,427", "2005-06-30": "$4,287", "2005-03-31": "$4,271"}}, "total-share-holder-equity": {"Ryder System Annual Share Holder Equity (Millions of US $)": {"2019": "$2,476", "2018": "$2,537", "2017": "$2,842", "2016": "$2,052", "2015": "$1,987", "2014": "$1,819", "2013": "$1,897", "2012": "$1,467", "2011": "$1,318", "2010": "$1,404", "2009": "$1,427", "2008": "$1,345", "2007": "$1,888", "2006": "$1,721", "2005": "$1,527"}, "Ryder System Quarterly Share Holder Equity (Millions of US $)": {"2020-09-30": "$2,151", "2020-06-30": "$2,159", "2020-03-31": "$2,243", "2019-12-31": "$2,476", "2019-09-30": "$2,477", "2019-06-30": "$2,608", "2019-03-31": "$2,567", "2018-12-31": "$2,537", "2018-09-30": "$2,918", "2018-06-30": "$2,841", "2018-03-31": "$2,859", "2017-12-31": "$2,842", "2017-09-30": "$2,175", "2017-06-30": "$2,106", "2017-03-31": "$2,080", "2016-12-31": "$2,052", "2016-09-30": "$2,097", "2016-06-30": "$2,047", "2016-03-31": "$2,045", "2015-12-31": "$1,987", "2015-09-30": "$1,952", "2015-06-30": "$1,913", "2015-03-31": "$1,812", "2014-12-31": "$1,819", "2014-09-30": "$1,982", "2014-06-30": "$1,965", "2014-03-31": "$1,899", "2013-12-31": "$1,897", "2013-09-30": "$1,655", "2013-06-30": "$1,547", "2013-03-31": "$1,491", "2012-12-31": "$1,467", "2012-09-30": "$1,478", "2012-06-30": "$1,384", "2012-03-31": "$1,371", "2011-12-31": "$1,318", "2011-09-30": "$1,451", "2011-06-30": "$1,459", "2011-03-31": "$1,440", "2010-12-31": "$1,404", "2010-09-30": "$1,408", "2010-06-30": "$1,375", "2010-03-31": "$1,408", "2009-12-31": "$1,427", "2009-09-30": "$1,452", "2009-06-30": "$1,417", "2009-03-31": "$1,328", "2008-12-31": "$1,345", "2008-09-30": "$1,773", "2008-06-30": "$1,851", "2008-03-31": "$1,874", "2007-12-31": "$1,888", "2007-09-30": "$1,786", "2007-06-30": "$1,799", "2007-03-31": "$1,774", "2006-12-31": "$1,721", "2006-09-30": "$1,645", "2006-06-30": "$1,648", "2006-03-31": "$1,524", "2005-12-31": "$1,527", "2005-09-30": "$1,617", "2005-06-30": "$1,557", "2005-03-31": "$1,526"}}, "profit-margins": {"current": "-2.37%"}, "gross margin": {"2020-09-30": "13.71%", "2020-06-30": "12.33%", "2020-03-31": "13.91%", "2019-12-31": "15.36%", "2019-09-30": "16.77%", "2019-06-30": "18.96%", "2019-03-31": "18.84%", "2018-12-31": "18.90%", "2018-09-30": "18.65%", "2018-06-30": "18.93%", "2018-03-31": "19.23%", "2017-12-31": "19.79%", "2017-09-30": "20.35%", "2017-06-30": "20.94%", "2017-03-31": "21.62%", "2016-12-31": "22.23%", "2016-09-30": "22.94%", "2016-06-30": "23.01%", "2016-03-31": "23.13%", "2015-12-31": "22.61%", "2015-09-30": "22.85%", "2015-06-30": "22.04%", "2015-03-31": "20.92%", "2014-12-31": "20.88%", "2014-09-30": "19.71%", "2014-06-30": "20.05%", "2014-03-31": "20.53%", "2013-12-31": "20.56%", "2013-09-30": "20.26%", "2013-06-30": "20.16%", "2013-03-31": "20.04%", "2012-12-31": "19.96%", "2012-09-30": "20.21%", "2012-06-30": "20.28%", "2012-03-31": "20.47%", "2011-12-31": "20.58%", "2011-09-30": "2.94%", "2011-06-30": "8.35%", "2011-03-31": "14.19%", "2010-12-31": "20.83%", "2010-09-30": "17.22%", "2010-06-30": "17.48%", "2010-03-31": "18.00%", "2009-12-31": "18.52%", "2009-09-30": "51.59%", "2009-06-30": "50.20%", "2009-03-31": "47.98%", "2008-12-31": "46.77%", "2008-09-30": "44.92%", "2008-06-30": "44.37%", "2008-03-31": "44.02%", "2007-12-31": "43.30%", "2007-09-30": "43.02%", "2007-06-30": "42.91%", "2007-03-31": "42.97%", "2006-12-31": "42.90%", "2006-09-30": "42.46%", "2006-06-30": "42.54%", "2006-03-31": "43.14%", "2005-12-31": "43.78%"}, "operating margin": {"2020-09-30": "1.31%", "2020-06-30": "-0.01%", "2020-03-31": "1.80%", "2019-12-31": "3.15%", "2019-09-30": "5.50%", "2019-06-30": "7.34%", "2019-03-31": "7.23%", "2018-12-31": "7.24%", "2018-09-30": "6.37%", "2018-06-30": "6.13%", "2018-03-31": "6.03%", "2017-12-31": "5.88%", "2017-09-30": "6.78%", "2017-06-30": "7.44%", "2017-03-31": "7.73%", "2016-12-31": "8.08%", "2016-09-30": "8.16%", "2016-06-30": "8.06%", "2016-03-31": "8.18%", "2015-12-31": "8.05%", "2015-09-30": "6.38%", "2015-06-30": "6.04%", "2015-03-31": "5.64%", "2014-12-31": "5.38%", "2014-09-30": "6.50%", "2014-06-30": "6.35%", "2014-03-31": "6.23%", "2013-12-31": "6.17%", "2013-09-30": "6.00%", "2013-06-30": "5.91%", "2013-03-31": "5.78%", "2012-12-31": "5.61%", "2012-09-30": "5.63%", "2012-06-30": "5.47%", "2012-03-31": "5.50%", "2011-12-31": "5.69%", "2011-09-30": "5.57%", "2011-06-30": "5.53%", "2011-03-31": "5.47%", "2010-12-31": "5.45%", "2010-09-30": "5.36%", "2010-06-30": "5.31%", "2010-03-31": "5.43%", "2009-12-31": "5.71%", "2009-09-30": "7.43%", "2009-06-30": "8.26%", "2009-03-31": "8.70%", "2008-12-31": "9.13%", "2008-09-30": "8.58%", "2008-06-30": "8.38%", "2008-03-31": "8.22%", "2007-12-31": "8.00%", "2007-09-30": "7.75%", "2007-06-30": "7.69%", "2007-03-31": "7.67%", "2006-12-31": "7.52%", "2006-09-30": "7.46%", "2006-06-30": "7.46%", "2006-03-31": "7.43%", "2005-12-31": "7.40%"}, "ebitda margin": {"2020-09-30": "27.15%", "2020-06-30": "26.52%", "2020-03-31": "25.84%", "2019-12-31": "25.33%", "2019-09-30": "24.26%", "2019-06-30": "24.05%", "2019-03-31": "24.43%", "2018-12-31": "24.72%", "2018-09-30": "24.75%", "2018-06-30": "24.47%", "2018-03-31": "24.28%", "2017-12-31": "23.72%", "2017-09-30": "24.98%", "2017-06-30": "25.77%", "2017-03-31": "25.97%", "2016-12-31": "26.22%", "2016-09-30": "25.95%", "2016-06-30": "25.96%", "2016-03-31": "26.09%", "2015-12-31": "25.91%", "2015-09-30": "23.94%", "2015-06-30": "23.16%", "2015-03-31": "22.49%", "2014-12-31": "21.86%", "2014-09-30": "23.27%", "2014-06-30": "22.93%", "2014-03-31": "22.62%", "2013-12-31": "22.40%", "2013-09-30": "21.75%", "2013-06-30": "21.71%", "2013-03-31": "21.67%", "2012-12-31": "21.43%", "2012-09-30": "21.32%", "2012-06-30": "20.90%", "2012-03-31": "20.68%", "2011-12-31": "20.78%", "2011-09-30": "20.90%", "2011-06-30": "21.28%", "2011-03-31": "21.70%", "2010-12-31": "22.47%", "2010-09-30": "22.76%", "2010-06-30": "23.21%", "2010-03-31": "23.94%", "2009-12-31": "24.58%", "2009-09-30": "26.39%", "2009-06-30": "25.61%", "2009-03-31": "24.32%", "2008-12-31": "23.47%", "2008-09-30": "22.12%", "2008-06-30": "21.82%", "2008-03-31": "21.45%", "2007-12-31": "21.00%", "2007-09-30": "20.25%", "2007-06-30": "19.98%", "2007-03-31": "19.88%", "2006-12-31": "19.53%", "2006-09-30": "19.50%", "2006-06-30": "19.61%", "2006-03-31": "20.06%", "2005-12-31": "20.50%"}, "pre tax profit margin": {"2020-09-30": "-3.25%", "2020-06-30": "-4.93%", "2020-03-31": "-2.51%", "2019-12-31": "-0.47%", "2019-09-30": "2.20%", "2019-06-30": "4.59%", "2019-03-31": "4.66%", "2018-12-31": "4.64%", "2018-09-30": "4.14%", "2018-06-30": "3.99%", "2018-03-31": "3.87%", "2017-12-31": "4.07%", "2017-09-30": "4.33%", "2017-06-30": "4.95%", "2017-03-31": "5.54%", "2016-12-31": "6.04%", "2016-09-30": "6.69%", "2016-06-30": "6.86%", "2016-03-31": "7.14%", "2015-12-31": "7.14%", "2015-09-30": "5.66%", "2015-06-30": "5.49%", "2015-03-31": "5.28%", "2014-12-31": "5.11%", "2014-09-30": "6.41%", "2014-06-30": "6.17%", "2014-03-31": "5.89%", "2013-12-31": "5.75%", "2013-09-30": "5.53%", "2013-06-30": "5.41%", "2013-03-31": "5.08%", "2012-12-31": "4.86%", "2012-09-30": "4.75%", "2012-06-30": "4.56%", "2012-03-31": "4.61%", "2011-12-31": "4.63%", "2011-09-30": "4.41%", "2011-06-30": "4.15%", "2011-03-31": "3.89%", "2010-12-31": "3.62%", "2010-09-30": "3.31%", "2010-06-30": "3.00%", "2010-03-31": "2.90%", "2009-12-31": "2.93%", "2009-09-30": "4.12%", "2009-06-30": "5.23%", "2009-03-31": "6.02%", "2008-12-31": "6.82%", "2008-09-30": "6.87%", "2008-06-30": "6.62%", "2008-03-31": "6.48%", "2007-12-31": "6.32%", "2007-09-30": "6.08%", "2007-06-30": "6.15%", "2007-03-31": "6.23%", "2006-12-31": "6.23%", "2006-09-30": "6.15%", "2006-06-30": "6.27%", "2006-03-31": "6.25%", "2005-12-31": "6.23%"}, "net profit margin": {"2020-09-30": "-2.37%", "2020-06-30": "-3.83%", "2020-03-31": "-2.01%", "2019-12-31": "-0.27%", "2019-09-30": "1.58%", "2019-06-30": "3.65%", "2019-03-31": "3.37%", "2018-12-31": "3.39%", "2018-09-30": "9.23%", "2018-06-30": "9.20%", "2018-03-31": "9.65%", "2017-12-31": "9.89%", "2017-09-30": "2.79%", "2017-06-30": "3.21%", "2017-03-31": "3.58%", "2016-12-31": "3.91%", "2016-09-30": "4.32%", "2016-06-30": "4.45%", "2016-03-31": "4.64%", "2015-12-31": "4.64%", "2015-09-30": "3.66%", "2015-06-30": "3.54%", "2015-03-31": "3.38%", "2014-12-31": "3.28%", "2014-09-30": "4.12%", "2014-06-30": "3.95%", "2014-03-31": "3.80%", "2013-12-31": "3.71%", "2013-09-30": "3.55%", "2013-06-30": "3.65%", "2013-03-31": "3.44%", "2012-12-31": "3.36%", "2012-09-30": "3.28%", "2012-06-30": "2.99%", "2012-03-31": "2.91%", "2011-12-31": "2.81%", "2011-09-30": "2.73%", "2011-06-30": "2.53%", "2011-03-31": "2.45%", "2010-12-31": "2.30%", "2010-09-30": "1.76%", "2010-06-30": "1.48%", "2010-03-31": "1.36%", "2009-12-31": "1.27%", "2009-09-30": "1.34%", "2009-06-30": "2.14%", "2009-03-31": "2.68%", "2008-12-31": "3.33%", "2008-09-30": "4.18%", "2008-06-30": "4.07%", "2008-03-31": "4.10%", "2007-12-31": "3.99%", "2007-09-30": "3.82%", "2007-06-30": "3.82%", "2007-03-31": "3.93%", "2006-12-31": "3.95%", "2006-09-30": "3.87%", "2006-06-30": "3.92%", "2006-03-31": "3.93%", "2005-12-31": "3.94%"}, "pe ratio": {"current": "0.00", "2021-02-05": "0.00", "2020-09-30": "0.00", "2020-06-30": "0.00", "2020-03-31": "0.00", "2019-12-31": "0.00", "2019-09-30": "18.62", "2019-06-30": "8.94", "2019-03-31": "10.51", "2018-12-31": "8.46", "2018-09-30": "4.32", "2018-06-30": "4.38", "2018-03-31": "4.36", "2017-12-31": "4.98", "2017-09-30": "20.05", "2017-06-30": "15.01", "2017-03-31": "14.19", "2016-12-31": "12.99", "2016-09-30": "10.35", "2016-06-30": "9.34", "2016-03-31": "9.46", "2015-12-31": "9.85", "2015-09-30": "17.06", "2015-06-30": "20.78", "2015-03-31": "23.78", "2014-12-31": "18.65", "2014-09-30": "14.43", "2014-06-30": "14.70", "2014-03-31": "13.91", "2013-12-31": "13.15", "2013-09-30": "11.00", "2013-06-30": "10.84", "2013-03-31": "11.30", "2012-12-31": "9.63", "2012-09-30": "7.70", "2012-06-30": "7.77", "2012-03-31": "11.77", "2011-12-31": "12.47", "2011-09-30": "9.35", "2011-06-30": "15.94", "2011-03-31": "15.31", "2010-12-31": "17.60", "2010-09-30": "19.03", "2010-06-30": "21.80", "2010-03-31": "23.46", "2009-12-31": "27.19", "2009-09-30": "24.75", "2009-06-30": "10.26", "2009-03-31": "7.64", "2008-12-31": "7.90", "2008-09-30": "9.65", "2008-06-30": "11.03", "2008-03-31": "9.79", "2007-12-31": "7.74", "2007-09-30": "8.34", "2007-06-30": "9.24", "2007-03-31": "8.31", "2006-12-31": "8.72"}, "price sales": {"2021-02-05": "0.42", "2020-09-30": "0.26", "2020-06-30": "0.22", "2020-03-31": "0.15", "2019-12-31": "0.30", "2019-09-30": "0.29", "2019-06-30": "0.32", "2019-03-31": "0.34", "2018-12-31": "0.27", "2018-09-30": "0.43", "2018-06-30": "0.44", "2018-03-31": "0.46", "2017-12-31": "0.54", "2017-09-30": "0.56", "2017-06-30": "0.48", "2017-03-31": "0.51", "2016-12-31": "0.50", "2016-09-30": "0.45", "2016-06-30": "0.41", "2016-03-31": "0.44", "2015-12-31": "0.39", "2015-09-30": "0.50", "2015-06-30": "0.58", "2015-03-31": "0.63", "2014-12-31": "0.61", "2014-09-30": "0.59", "2014-06-30": "0.58", "2014-03-31": "0.52", "2013-12-31": "0.48", "2013-09-30": "0.39", "2013-06-30": "0.39", "2013-03-31": "0.38", "2012-12-31": "0.32", "2012-09-30": "0.25", "2012-06-30": "0.23", "2012-03-31": "0.34", "2011-12-31": "0.34", "2011-09-30": "0.25", "2011-06-30": "0.40", "2011-03-31": "0.37", "2010-12-31": "0.40", "2010-09-30": "0.33", "2010-06-30": "0.32", "2010-03-31": "0.32", "2009-12-31": "0.34", "2009-09-30": "0.33", "2009-06-30": "0.22", "2009-03-31": "0.20", "2008-12-31": "0.26", "2008-09-30": "0.40", "2008-06-30": "0.45", "2008-03-31": "0.40", "2007-12-31": "0.31", "2007-09-30": "0.32", "2007-06-30": "0.36", "2007-03-31": "0.33", "2006-12-31": "0.34"}, "price book": {"current": "1.69", "2021-02-05": "1.69", "2020-09-30": "1.05", "2020-06-30": "0.91", "2020-03-31": "0.61", "2019-12-31": "1.10", "2019-09-30": "1.04", "2019-06-30": "1.10", "2019-03-31": "1.18", "2018-12-31": "0.92", "2018-09-30": "1.20", "2018-06-30": "1.20", "2018-03-31": "1.20", "2017-12-31": "1.38", "2017-09-30": "1.80", "2017-06-30": "1.57", "2017-03-31": "1.68", "2016-12-31": "1.66", "2016-09-30": "1.44", "2016-06-30": "1.35", "2016-03-31": "1.43", "2015-12-31": "1.28", "2015-09-30": "1.69", "2015-06-30": "2.02", "2015-03-31": "2.30", "2014-12-31": "2.22", "2014-09-30": "1.97", "2014-06-30": "1.94", "2014-03-31": "1.82", "2013-12-31": "1.68", "2013-09-30": "1.52", "2013-06-30": "1.64", "2013-03-31": "1.65", "2012-12-31": "1.38", "2012-09-30": "1.06", "2012-06-30": "1.04", "2012-03-31": "1.53", "2011-12-31": "1.59", "2011-09-30": "1.01", "2011-06-30": "1.51", "2011-03-31": "1.36", "2010-12-31": "1.44", "2010-09-30": "1.17", "2010-06-30": "1.14", "2010-03-31": "1.08", "2009-12-31": "1.13", "2009-09-30": "1.10", "2009-06-30": "0.80", "2009-03-31": "0.86", "2008-12-31": "1.14", "2008-09-30": "1.38", "2008-06-30": "1.48", "2008-03-31": "1.32", "2007-12-31": "1.01", "2007-09-30": "1.11", "2007-06-30": "1.24", "2007-03-31": "1.18", "2006-12-31": "1.24", "2006-09-30": "1.31", "2006-06-30": "1.51", "2006-03-31": "1.22"}, "price fcf": {"2021-02-05": "", "2020-09-30": "$20.97", "2020-06-30": "$8.43", "2020-03-31": "$-10.13", "2019-12-31": "$-20.57", "2019-09-30": "$-24.21", "2019-06-30": "$-28.34", "2019-03-31": "$-21.63", "2018-12-31": "$-17.76", "2018-09-30": "$-11.22", "2018-06-30": "$-4.58", "2018-03-31": "$-1.98", "2017-12-31": "$3.71", "2017-09-30": "$4.91", "2017-06-30": "$5.72", "2017-03-31": "$5.06", "2016-12-31": "$2.20", "2016-09-30": "$-1.74", "2016-06-30": "$-8.36", "2016-03-31": "$-13.37", "2015-12-31": "$-15.00", "2015-09-30": "$-13.30", "2015-06-30": "$-7.56", "2015-03-31": "$-6.38", "2014-12-31": "$-7.15", "2014-09-30": "$-9.76", "2014-06-30": "$-13.25", "2014-03-31": "$-10.93", "2013-12-31": "$-8.04", "2013-09-30": "$-4.51", "2013-06-30": "$-4.04", "2013-03-31": "$-6.37", "2012-12-31": "$-8.99", "2012-09-30": "$-12.78", "2012-06-30": "$-10.25", "2012-03-31": "$-9.53", "2011-12-31": "$-6.27", "2011-09-30": "$-1.46", "2011-06-30": "$-1.97", "2011-03-31": "$0.95", "2010-12-31": "$3.71", "2010-09-30": "$4.59", "2010-06-30": "$7.70", "2010-03-31": "$11.12", "2009-12-31": "$9.96", "2009-09-30": "$8.43", "2009-06-30": "$7.93", "2009-03-31": "$4.30", "2008-12-31": "$4.94", "2008-09-30": "$5.98", "2008-06-30": "$6.85", "2008-03-31": "$9.34", "2007-12-31": "$5.30", "2007-09-30": "$-0.12", "2007-06-30": "$-4.02", "2007-03-31": "$-8.86", "2006-12-31": "$-8.26"}, "net worth": {"value": "$3.62B"}, "current ratio": {"2020-09-30": "0.81", "2020-06-30": "0.77", "2020-03-31": "0.85", "2019-12-31": "0.60", "2019-09-30": "0.62", "2019-06-30": "0.60", "2019-03-31": "0.57", "2018-12-31": "0.62", "2018-09-30": "0.67", "2018-06-30": "0.68", "2018-03-31": "0.73", "2017-12-31": "0.66", "2017-09-30": "1.02", "2017-06-30": "0.73", "2017-03-31": "0.56", "2016-12-31": "0.63", "2016-09-30": "0.56", "2016-06-30": "0.56", "2016-03-31": "0.69", "2015-12-31": "0.65", "2015-09-30": "0.82", "2015-06-30": "0.75", "2015-03-31": "0.96", "2014-12-31": "0.94", "2014-09-30": "0.76", "2014-06-30": "0.75", "2014-03-31": "0.81", "2013-12-31": "0.86", "2013-09-30": "0.86", "2013-06-30": "0.89", "2013-03-31": "0.91", "2012-12-31": "0.82", "2012-09-30": "0.81", "2012-06-30": "0.78", "2012-03-31": "0.64", "2011-12-31": "0.93", "2011-09-30": "0.95", "2011-06-30": "0.93", "2011-03-31": "0.76", "2010-12-31": "0.90", "2010-09-30": "0.81", "2010-06-30": "0.78", "2010-03-31": "0.95", "2009-12-31": "1.04", "2009-09-30": "1.04", "2009-06-30": "0.93", "2009-03-31": "1.13", "2008-12-31": "0.86", "2008-09-30": "1.02", "2008-06-30": "1.12", "2008-03-31": "1.01", "2007-12-31": "1.20", "2007-09-30": "0.98", "2007-06-30": "1.24", "2007-03-31": "0.96", "2006-12-31": "1.00", "2006-09-30": "0.96", "2006-06-30": "0.99", "2006-03-31": "0.95", "2005-12-31": "0.93", "2005-09-30": "1.05", "2005-06-30": "1.10", "2005-03-31": "0.92"}, "quick ratio": {"2020-09-30": "0.78", "2020-06-30": "0.75", "2020-03-31": "0.82", "2019-12-31": "0.56", "2019-09-30": "0.59", "2019-06-30": "0.56", "2019-03-31": "0.54", "2018-12-31": "0.59", "2018-09-30": "0.64", "2018-06-30": "0.64", "2018-03-31": "0.68", "2017-12-31": "0.62", "2017-09-30": "0.96", "2017-06-30": "0.69", "2017-03-31": "0.53", "2016-12-31": "0.59", "2016-09-30": "0.53", "2016-06-30": "0.53", "2016-03-31": "0.65", "2015-12-31": "0.62", "2015-09-30": "0.77", "2015-06-30": "0.70", "2015-03-31": "0.90", "2014-12-31": "0.88", "2014-09-30": "0.72", "2014-06-30": "0.71", "2014-03-31": "0.77", "2013-12-31": "0.81", "2013-09-30": "0.81", "2013-06-30": "0.84", "2013-03-31": "0.86", "2012-12-31": "0.77", "2012-09-30": "0.76", "2012-06-30": "0.73", "2012-03-31": "0.60", "2011-12-31": "0.87", "2011-09-30": "0.89", "2011-06-30": "0.88", "2011-03-31": "0.71", "2010-12-31": "0.85", "2010-09-30": "0.76", "2010-06-30": "0.73", "2010-03-31": "0.90", "2009-12-31": "0.98", "2009-09-30": "0.98", "2009-06-30": "0.88", "2009-03-31": "1.06", "2008-12-31": "0.82", "2008-09-30": "0.97", "2008-06-30": "1.06", "2008-03-31": "0.96", "2007-12-31": "1.14", "2007-09-30": "0.94", "2007-06-30": "1.19", "2007-03-31": "0.92", "2006-12-31": "0.95", "2006-09-30": "0.92", "2006-06-30": "0.94", "2006-03-31": "0.90", "2005-12-31": "0.88", "2005-09-30": "1.00", "2005-06-30": "1.04", "2005-03-31": "0.87"}, "debt equity ratio": {"current": "2.93", "2020-09-30": "5.34", "2020-06-30": "5.58", "2020-03-31": "5.41", "2019-12-31": "4.85", "2019-09-30": "4.85", "2019-06-30": "4.57", "2019-03-31": "4.43", "2018-12-31": "4.26", "2018-09-30": "3.35", "2018-06-30": "3.30", "2018-03-31": "3.11", "2017-12-31": "3.03", "2017-09-30": "4.18", "2017-06-30": "4.28", "2017-03-31": "4.28", "2016-12-31": "4.31", "2016-09-30": "4.30", "2016-06-30": "4.44", "2016-03-31": "4.41", "2015-12-31": "4.51", "2015-09-30": "4.54", "2015-06-30": "4.56", "2015-03-31": "4.47", "2014-12-31": "4.42", "2014-09-30": "3.85", "2014-06-30": "3.93", "2014-03-31": "3.93", "2013-12-31": "3.80", "2013-09-30": "4.32", "2013-06-30": "4.53", "2013-03-31": "4.63", "2012-12-31": "4.67", "2012-09-30": "4.59", "2012-06-30": "4.86", "2012-03-31": "4.94", "2011-12-31": "4.78", "2011-09-30": "4.13", "2011-06-30": "4.10", "2011-03-31": "3.85", "2010-12-31": "3.74", "2010-09-30": "3.55", "2010-06-30": "3.61", "2010-03-31": "3.45", "2009-12-31": "3.39", "2009-09-30": "3.45", "2009-06-30": "3.61", "2009-03-31": "3.95", "2008-12-31": "3.97", "2008-09-30": "2.92", "2008-06-30": "2.82", "2008-03-31": "2.68", "2007-12-31": "2.63", "2007-09-30": "2.86", "2007-06-30": "2.85", "2007-03-31": "2.95", "2006-12-31": "2.97", "2006-09-30": "3.09", "2006-06-30": "2.90", "2006-03-31": "3.02", "2005-12-31": "2.95", "2005-09-30": "2.74", "2005-06-30": "2.75", "2005-03-31": "2.80"}, "return on equity": {"2020-09-30": "-8.90%", "2020-06-30": "-14.02%", "2020-03-31": "-7.30%", "2019-12-31": "-0.95%", "2019-09-30": "5.54%", "2019-06-30": "12.15%", "2019-03-31": "10.79%", "2018-12-31": "10.22%", "2018-09-30": "26.00%", "2018-06-30": "26.61%", "2018-03-31": "28.81%", "2017-12-31": "31.29%", "2017-09-30": "9.37%", "2017-06-30": "10.70%", "2017-03-31": "11.89%", "2016-12-31": "12.81%", "2016-09-30": "14.24%", "2016-06-30": "14.79%", "2016-03-31": "15.60%", "2015-12-31": "15.92%", "2015-09-30": "12.81%", "2015-06-30": "12.38%", "2015-03-31": "11.77%", "2014-12-31": "11.38%", "2014-09-30": "14.05%", "2014-06-30": "13.97%", "2014-03-31": "14.06%", "2013-12-31": "14.45%", "2013-09-30": "14.74%", "2013-06-30": "15.44%", "2013-03-31": "14.85%", "2012-12-31": "14.74%", "2012-09-30": "14.70%", "2012-06-30": "13.47%", "2012-03-31": "12.79%", "2011-12-31": "12.00%", "2011-09-30": "11.05%", "2011-06-30": "9.88%", "2011-03-31": "9.31%", "2010-12-31": "8.44%", "2010-09-30": "6.34%", "2010-06-30": "5.23%", "2010-03-31": "4.70%", "2009-12-31": "4.41%", "2009-09-30": "4.69%", "2009-06-30": "7.57%", "2009-03-31": "9.59%", "2008-12-31": "11.69%", "2008-09-30": "14.13%", "2008-06-30": "13.89%", "2008-03-31": "14.10%", "2007-12-31": "14.02%", "2007-09-30": "14.01%", "2007-06-30": "14.24%", "2007-03-31": "14.85%", "2006-12-31": "15.23%", "2006-09-30": "15.26%", "2006-06-30": "15.20%", "2006-03-31": "14.97%", "2005-12-31": "14.52%"}, "return on assets": {"2020-09-30": "-1.42%", "2020-06-30": "-2.28%", "2020-03-31": "-1.24%", "2019-12-31": "-0.17%", "2019-09-30": "1.00%", "2019-06-30": "2.37%", "2019-03-31": "2.24%", "2018-12-31": "2.28%", "2018-09-30": "6.19%", "2018-06-30": "6.11%", "2018-03-31": "6.31%", "2017-12-31": "6.43%", "2017-09-30": "1.78%", "2017-06-30": "2.02%", "2017-03-31": "2.23%", "2016-12-31": "2.39%", "2016-09-30": "2.63%", "2016-06-30": "2.70%", "2016-03-31": "2.83%", "2015-12-31": "2.88%", "2015-09-30": "2.33%", "2015-06-30": "2.33%", "2015-03-31": "2.28%", "2014-12-31": "2.26%", "2014-09-30": "2.88%", "2014-06-30": "2.80%", "2014-03-31": "2.75%", "2013-12-31": "2.73%", "2013-09-30": "2.66%", "2013-06-30": "2.76%", "2013-03-31": "2.61%", "2012-12-31": "2.56%", "2012-09-30": "2.54%", "2012-06-30": "2.37%", "2012-03-31": "2.34%", "2011-12-31": "2.31%", "2011-09-30": "2.23%", "2011-06-30": "2.05%", "2011-03-31": "1.99%", "2010-12-31": "1.84%", "2010-09-30": "1.41%", "2010-06-30": "1.17%", "2010-03-31": "1.05%", "2009-12-31": "0.96%", "2009-09-30": "0.99%", "2009-06-30": "1.66%", "2009-03-31": "2.21%", "2008-12-31": "2.90%", "2008-09-30": "3.76%", "2008-06-30": "3.71%", "2008-03-31": "3.76%", "2007-12-31": "3.67%", "2007-09-30": "3.59%", "2007-06-30": "3.59%", "2007-03-31": "3.74%", "2006-12-31": "3.82%", "2006-09-30": "3.82%", "2006-06-30": "3.90%", "2006-03-31": "3.88%", "2005-12-31": "3.81%"}, "return on investments": {"2020-09-30": "1.23%", "2020-06-30": "-0.01%", "2020-03-31": "1.71%", "2019-12-31": "3.09%", "2019-09-30": "5.54%", "2019-06-30": "7.54%", "2019-03-31": "7.55%", "2018-12-31": "7.49%", "2018-09-30": "6.48%", "2018-06-30": "6.18%", "2018-03-31": "6.07%", "2017-12-31": "6.08%", "2017-09-30": "7.00%", "2017-06-30": "7.79%", "2017-03-31": "8.08%", "2016-12-31": "8.12%", "2016-09-30": "8.11%", "2016-06-30": "7.79%", "2016-03-31": "7.82%", "2015-12-31": "7.77%", "2015-09-30": "6.22%", "2015-06-30": "6.15%", "2015-03-31": "5.91%", "2014-12-31": "5.80%", "2014-09-30": "7.17%", "2014-06-30": "7.16%", "2014-03-31": "7.22%", "2013-12-31": "7.39%", "2013-09-30": "7.46%", "2013-06-30": "7.43%", "2013-03-31": "7.38%", "2012-12-31": "7.40%", "2012-09-30": "7.58%", "2012-06-30": "7.58%", "2012-03-31": "7.70%", "2011-12-31": "8.09%", "2011-09-30": "7.94%", "2011-06-30": "8.00%", "2011-03-31": "8.08%", "2010-12-31": "7.83%", "2010-09-30": "7.63%", "2010-06-30": "7.34%", "2010-03-31": "7.23%", "2009-12-31": "7.31%", "2009-09-30": "9.37%", "2009-06-30": "10.64%", "2009-03-31": "11.62%", "2008-12-31": "12.76%", "2008-09-30": "12.05%", "2008-06-30": "12.02%", "2008-03-31": "11.81%", "2007-12-31": "11.61%", "2007-09-30": "11.63%", "2007-06-30": "11.71%", "2007-03-31": "12.12%", "2006-12-31": "12.29%", "2006-09-30": "12.73%", "2006-06-30": "12.79%", "2006-03-31": "12.61%", "2005-12-31": "12.43%"}, "return on tangible equity": {"2020-09-30": "-11.59%", "2020-06-30": "-18.08%", "2020-03-31": "-9.30%", "2019-12-31": "-1.20%", "2019-09-30": "6.99%", "2019-06-30": "15.24%", "2019-03-31": "13.50%", "2018-12-31": "12.55%", "2018-09-30": "31.42%", "2018-06-30": "32.20%", "2018-03-31": "34.86%", "2017-12-31": "38.62%", "2017-09-30": "11.81%", "2017-06-30": "13.53%", "2017-03-31": "15.07%", "2016-12-31": "16.28%", "2016-09-30": "18.16%", "2016-06-30": "19.00%", "2016-03-31": "20.18%", "2015-12-31": "20.83%", "2015-09-30": "16.92%", "2015-06-30": "16.37%", "2015-03-31": "15.52%", "2014-12-31": "14.94%", "2014-09-30": "18.38%", "2014-06-30": "18.52%", "2014-03-31": "19.03%", "2013-12-31": "20.02%", "2013-09-30": "21.03%", "2013-06-30": "22.36%", "2013-03-31": "21.76%", "2012-12-31": "21.82%", "2012-09-30": "22.04%", "2012-06-30": "20.23%", "2012-03-31": "19.12%", "2011-12-31": "17.83%", "2011-09-30": "16.17%", "2011-06-30": "13.75%", "2011-03-31": "12.38%", "2010-12-31": "10.72%", "2010-09-30": "7.74%", "2010-06-30": "6.38%", "2010-03-31": "5.73%", "2009-12-31": "5.39%", "2009-09-30": "5.73%", "2009-06-30": "9.13%", "2009-03-31": "11.38%", "2008-12-31": "13.59%", "2008-09-30": "16.12%", "2008-06-30": "15.65%", "2008-03-31": "15.72%", "2007-12-31": "15.54%", "2007-09-30": "15.54%", "2007-06-30": "15.82%", "2007-03-31": "16.56%", "2006-12-31": "17.08%", "2006-09-30": "17.18%", "2006-06-30": "17.15%", "2006-03-31": "16.93%", "2005-12-31": "16.42%"}, "dividend yield history": {"last payout": "$2.24", "last yield": "3.33%"}}