{"ticker": "SABR", "price": {"title": "Sabre Historical Annual Stock Price Data", "value": 12.53, "historical": {"2020": {"Average Stock Price": "10.0769", "Year Open": "22.7500", "Year High": "23.1200", "Year Low": "3.3100", "Year Close": "12.0200", "Annual % Change": "-46.43%"}, "2019": {"Average Stock Price": "22.3375", "Year Open": "21.3500", "Year High": "25.1300", "Year Low": "19.4600", "Year Close": "22.4400", "Annual % Change": "3.70%"}, "2018": {"Average Stock Price": "23.6346", "Year Open": "20.6500", "Year High": "26.6800", "Year Low": "18.4200", "Year Close": "21.6400", "Annual % Change": "5.56%"}, "2017": {"Average Stock Price": "21.0511", "Year Open": "24.7900", "Year High": "25.1400", "Year Low": "17.4000", "Year Close": "20.5000", "Annual % Change": "-17.84%"}, "2016": {"Average Stock Price": "27.0892", "Year Open": "27.4400", "Year High": "29.3500", "Year Low": "23.1800", "Year Close": "24.9500", "Annual % Change": "-10.80%"}, "2015": {"Average Stock Price": "25.7048", "Year Open": "20.0900", "Year High": "30.2300", "Year Low": "19.4000", "Year Close": "27.9700", "Annual % Change": "37.99%"}, "2014": {"Average Stock Price": "18.2753", "Year Open": "16.5000", "Year High": "20.5000", "Year Low": "15.3500", "Year Close": "20.2700", "Annual % Change": "0.00%"}}}, "market cap": {"value": "$3.98B"}, "income statement": {"Revenue": {"2019-12-31": "3974.98800", "2018-12-31": "3866.95600", "2017-12-31": "3598.48400", "2016-12-31": "3373.38700", "2015-12-31": "2960.89600", "2014-12-31": "2631.41700", "2013-12-31": "2523.54600", "2012-12-31": "2382.14800", "2011-12-31": "2855.96100"}, "Cost Of Goods Sold": {"2019-12-31": "3035.00300", "2018-12-31": "2791.41400", "2017-12-31": "2513.85700", "2016-12-31": "2287.66200", "2015-12-31": "1944.05000", "2014-12-31": "1742.47800", "2013-12-31": "1705.16300", "2012-12-31": "1575.18600", "2011-12-31": "1736.04100"}, "Gross Profit": {"2019-12-31": "939.98510", "2018-12-31": "1075.54200", "2017-12-31": "1084.62700", "2016-12-31": "1085.72500", "2015-12-31": "1016.84600", "2014-12-31": "888.93900", "2013-12-31": "818.38290", "2012-12-31": "806.96190", "2011-12-31": "1119.92000"}, "Research And Development Expenses": {"2019-12-31": "", "2018-12-31": "", "2017-12-31": "", "2016-12-31": "", "2015-12-31": "", "2014-12-31": "", "2013-12-31": "", "2012-12-31": "", "2011-12-31": ""}, "SG&A Expenses": {"2019-12-31": "576.56800", "2018-12-31": "513.52600", "2017-12-31": "510.07500", "2016-12-31": "626.15300", "2015-12-31": "557.07700", "2014-12-31": "467.59400", "2013-12-31": "437.45300", "2012-12-31": "793.29400", "2011-12-31": "806.43500"}, "Other Operating Income Or Expenses": {"2019-12-31": "", "2018-12-31": "", "2017-12-31": "-81.11200", "2016-12-31": "", "2015-12-31": "", "2014-12-31": "", "2013-12-31": "", "2012-12-31": "-20.25400", "2011-12-31": "-185.24000"}, "Operating Expenses": {"2019-12-31": "3611.57100", "2018-12-31": "3304.94000", "2017-12-31": "3105.04400", "2016-12-31": "2913.81500", "2015-12-31": "2501.12700", "2014-12-31": "2210.07200", "2013-12-31": "2142.61600", "2012-12-31": "2388.73400", "2011-12-31": "2727.71600"}, "Operating Income": {"2019-12-31": "363.41720", "2018-12-31": "562.01610", "2017-12-31": "493.43990", "2016-12-31": "459.57180", "2015-12-31": "459.76900", "2014-12-31": "421.34500", "2013-12-31": "380.92990", "2012-12-31": "-6.58590", "2011-12-31": "128.24490"}, "Total Non-Operating Income/Expense": {"2019-12-31": "-163.77900", "2018-12-31": "-163.60300", "2017-12-31": "-115.82700", "2016-12-31": "-131.53700", "2015-12-31": "-105.86200", "2014-12-31": "-304.19300", "2013-12-31": "-274.82500", "2012-12-31": "-215.74800", "2011-12-31": "-149.73300"}, "Pre-Tax Income": {"2019-12-31": "199.63800", "2018-12-31": "398.41300", "2017-12-31": "377.61300", "2016-12-31": "328.03500", "2015-12-31": "353.90700", "2014-12-31": "117.15200", "2013-12-31": "106.10500", "2012-12-31": "-222.33400", "2011-12-31": "-21.48800"}, "Income Taxes": {"2019-12-31": "35.32600", "2018-12-31": "57.49200", "2017-12-31": "128.03700", "2016-12-31": "86.64500", "2015-12-31": "119.35200", "2014-12-31": "6.27900", "2013-12-31": "54.03900", "2012-12-31": "-6.90700", "2011-12-31": "57.80600"}, "Income After Taxes": {"2019-12-31": "164.31200", "2018-12-31": "340.92100", "2017-12-31": "249.57600", "2016-12-31": "241.39000", "2015-12-31": "234.55500", "2014-12-31": "110.87300", "2013-12-31": "52.06600", "2012-12-31": "-215.42700", "2011-12-31": "-79.29400"}, "Other Income": {"2019-12-31": "", "2018-12-31": "", "2017-12-31": "", "2016-12-31": "", "2015-12-31": "", "2014-12-31": "", "2013-12-31": "", "2012-12-31": "", "2011-12-31": ""}, "Income From Continuous Operations": {"2019-12-31": "164.31200", "2018-12-31": "340.92100", "2017-12-31": "249.57600", "2016-12-31": "241.39000", "2015-12-31": "234.55500", "2014-12-31": "110.87300", "2013-12-31": "52.06600", "2012-12-31": "-215.42700", "2011-12-31": "-79.29400"}, "Income From Discontinued Operations": {"2019-12-31": "-1.76600", "2018-12-31": "1.73900", "2017-12-31": "-1.93200", "2016-12-31": "5.54900", "2015-12-31": "314.40800", "2014-12-31": "-38.91800", "2013-12-31": "-149.69700", "2012-12-31": "-394.41000", "2011-12-31": "-23.46100"}, "Net Income": {"2019-12-31": "158.59200", "2018-12-31": "337.53100", "2017-12-31": "242.53100", "2016-12-31": "242.56200", "2015-12-31": "545.48200", "2014-12-31": "57.84200", "2013-12-31": "-137.19800", "2012-12-31": "-645.93900", "2011-12-31": "-98.65300"}, "EBITDA": {"2019-12-31": "864.94530", "2018-12-31": "1056.96300", "2017-12-31": "967.64500", "2016-12-31": "938.89280", "2015-12-31": "861.52910", "2014-12-31": "762.64900", "2013-12-31": "711.72090", "2012-12-31": "295.98210", "2011-12-31": "433.90090"}, "EBIT": {"2019-12-31": "363.41720", "2018-12-31": "562.01610", "2017-12-31": "493.43990", "2016-12-31": "459.57180", "2015-12-31": "459.76900", "2014-12-31": "421.34500", "2013-12-31": "380.92990", "2012-12-31": "-6.58590", "2011-12-31": "128.24490"}, "Basic Shares Outstanding": {"2019-12-31": "274.16800", "2018-12-31": "275.23500", "2017-12-31": "276.89300", "2016-12-31": "277.54600", "2015-12-31": "273.13900", "2014-12-31": "238.63300", "2013-12-31": "178.12500", "2012-12-31": "177.20600", "2011-12-31": "176.70300"}, "Shares Outstanding": {"2019-12-31": "276.21700", "2018-12-31": "277.51800", "2017-12-31": "278.32000", "2016-12-31": "282.75200", "2015-12-31": "280.06700", "2014-12-31": "246.74700", "2013-12-31": "184.97800", "2012-12-31": "177.20600", "2011-12-31": "176.70300"}, "Basic EPS": {"2019-12-31": "0.57000", "2018-12-31": "1.23000", "2017-12-31": "0.87000", "2016-12-31": "0.87000", "2015-12-31": "2.00000", "2014-12-31": "0.24000", "2013-12-31": "-0.77000", "2012-12-31": "-3.65000", "2011-12-31": "-0.56000"}, "EPS - Earnings Per Share": {"2019-12-31": "0.57000", "2018-12-31": "1.22000", "2017-12-31": "0.87000", "2016-12-31": "0.86000", "2015-12-31": "1.95000", "2014-12-31": "0.23000", "2013-12-31": "-0.74000", "2012-12-31": "-3.65000", "2011-12-31": "-0.56000"}}, "income statement, quarterly": {"Revenue": {"2020-09-30": "278.36500", "2020-06-30": "83.04400", "2020-03-31": "658.97700", "2019-12-31": "941.42210", "2019-09-30": "984.19900", "2019-06-30": "1000.00600", "2019-03-31": "1049.36100", "2018-12-31": "923.92810", "2018-09-30": "970.28300", "2018-06-30": "984.37600", "2018-03-31": "988.36900", "2017-12-31": "881.86180", "2017-09-30": "900.60600", "2017-06-30": "900.66300", "2017-03-31": "915.35300", "2016-12-31": "829.62010", "2016-09-30": "838.98200", "2016-06-30": "845.24200", "2016-03-31": "859.54300", "2015-12-31": "758.45500", "2015-09-30": "785.00200", "2015-06-30": "707.09100", "2015-03-31": "710.34800", "2014-12-31": "646.14200", "2014-09-30": "672.48000", "2014-06-30": "646.38000", "2014-03-31": "666.41500", "2013-12-31": "626.92100", "2013-09-30": "775.82300", "2013-06-30": "768.23200", "2013-03-31": "759.34400", "2012-12-31": "", "2011-12-31": ""}, "Cost Of Goods Sold": {"2020-09-30": "391.78800", "2020-06-30": "350.55100", "2020-03-31": "611.51500", "2019-12-31": "742.10400", "2019-09-30": "741.94800", "2019-06-30": "763.38800", "2019-03-31": "787.56300", "2018-12-31": "673.43010", "2018-09-30": "703.36800", "2018-06-30": "721.75900", "2018-03-31": "692.85700", "2017-12-31": "631.23390", "2017-09-30": "631.97000", "2017-06-30": "643.06700", "2017-03-31": "607.58600", "2016-12-31": "583.43010", "2016-09-30": "593.65000", "2016-06-30": "556.31700", "2016-03-31": "554.26500", "2015-12-31": "504.02010", "2015-09-30": "509.90600", "2015-06-30": "461.12600", "2015-03-31": "468.99800", "2014-12-31": "426.80910", "2014-09-30": "441.05200", "2014-06-30": "422.64700", "2014-03-31": "451.97000", "2013-12-31": "281.93000", "2013-09-30": "474.09000", "2013-06-30": "467.36500", "2013-03-31": "481.78700", "2012-12-31": "", "2011-12-31": ""}, "Gross Profit": {"2020-09-30": "-113.42300", "2020-06-30": "-267.50700", "2020-03-31": "47.46200", "2019-12-31": "199.31810", "2019-09-30": "242.25100", "2019-06-30": "236.61800", "2019-03-31": "261.79800", "2018-12-31": "250.49800", "2018-09-30": "266.91500", "2018-06-30": "262.61700", "2018-03-31": "295.51200", "2017-12-31": "250.62790", "2017-09-30": "268.63600", "2017-06-30": "257.59600", "2017-03-31": "307.76700", "2016-12-31": "246.19000", "2016-09-30": "245.33200", "2016-06-30": "288.92500", "2016-03-31": "305.27800", "2015-12-31": "254.43490", "2015-09-30": "275.09600", "2015-06-30": "245.96500", "2015-03-31": "241.35000", "2014-12-31": "219.33300", "2014-09-30": "231.42800", "2014-06-30": "223.73300", "2014-03-31": "214.44500", "2013-12-31": "344.99100", "2013-09-30": "301.73300", "2013-06-30": "300.86700", "2013-03-31": "277.55700", "2012-12-31": "", "2011-12-31": ""}, "Research And Development Expenses": {"2020-09-30": "", "2020-06-30": "", "2020-03-31": "", "2019-12-31": "", "2019-09-30": "", "2019-06-30": "", "2019-03-31": "", "2018-12-31": "", "2018-09-30": "", "2018-06-30": "", "2018-03-31": "", "2017-12-31": "", "2017-09-30": "", "2017-06-30": "", "2017-03-31": "", "2016-12-31": "", "2016-09-30": "", "2016-06-30": "", "2016-03-31": "", "2015-12-31": "", "2015-09-30": "", "2015-06-30": "", "2015-03-31": "", "2014-12-31": "", "2014-09-30": "", "2014-06-30": "", "2014-03-31": "", "2013-12-31": "0.00000", "2013-09-30": "", "2013-06-30": "", "2013-03-31": "", "2012-12-31": "", "2011-12-31": ""}, "SG&A Expenses": {"2020-09-30": "119.62600", "2020-06-30": "116.56300", "2020-03-31": "198.87300", "2019-12-31": "141.68100", "2019-09-30": "128.79100", "2019-06-30": "154.70500", "2019-03-31": "151.39100", "2018-12-31": "129.47900", "2018-09-30": "130.15200", "2018-06-30": "123.78400", "2018-03-31": "130.11100", "2017-12-31": "126.93800", "2017-09-30": "91.84000", "2017-06-30": "146.85600", "2017-03-31": "144.44100", "2016-12-31": "190.22900", "2016-09-30": "155.18200", "2016-06-30": "146.88600", "2016-03-31": "133.85600", "2015-12-31": "145.03500", "2015-09-30": "166.32400", "2015-06-30": "123.36000", "2015-03-31": "122.35800", "2014-12-31": "115.62400", "2014-09-30": "113.58100", "2014-06-30": "127.65100", "2014-03-31": "110.73800", "2013-12-31": "-337.08000", "2013-09-30": "208.03300", "2013-06-30": "212.36400", "2013-03-31": "199.82900", "2012-12-31": "", "2011-12-31": ""}, "Other Operating Income Or Expenses": {"2020-09-30": "", "2020-06-30": "", "2020-03-31": "", "2019-12-31": "", "2019-09-30": "", "2019-06-30": "", "2019-03-31": "", "2018-12-31": "", "2018-09-30": "", "2018-06-30": "", "2018-03-31": "", "2017-12-31": "10.91000", "2017-09-30": "", "2017-06-30": "-92.02200", "2017-03-31": "", "2016-12-31": "", "2016-09-30": "", "2016-06-30": "", "2016-03-31": "", "2015-12-31": "", "2015-09-30": "", "2015-06-30": "", "2015-03-31": "", "2014-12-31": "", "2014-09-30": "", "2014-06-30": "", "2014-03-31": "", "2013-12-31": "", "2013-09-30": "-2.83700", "2013-06-30": "-135.59800", "2013-03-31": "", "2012-12-31": "", "2011-12-31": ""}, "Operating Expenses": {"2020-09-30": "511.41400", "2020-06-30": "467.11400", "2020-03-31": "810.38800", "2019-12-31": "883.78480", "2019-09-30": "870.73900", "2019-06-30": "918.09300", "2019-03-31": "938.95400", "2018-12-31": "802.90890", "2018-09-30": "833.52000", "2018-06-30": "845.54300", "2018-03-31": "822.96800", "2017-12-31": "747.26180", "2017-09-30": "723.80990", "2017-06-30": "881.94510", "2017-03-31": "752.02700", "2016-12-31": "773.65910", "2016-09-30": "748.83200", "2016-06-30": "703.20300", "2016-03-31": "688.12100", "2015-12-31": "649.05490", "2015-09-30": "676.23000", "2015-06-30": "584.48600", "2015-03-31": "591.35600", "2014-12-31": "542.43300", "2014-09-30": "554.63300", "2014-06-30": "550.29800", "2014-03-31": "562.70800", "2013-12-31": "-55.15000", "2013-09-30": "700.84890", "2013-06-30": "815.32700", "2013-03-31": "681.61600", "2012-12-31": "", "2011-12-31": ""}, "Operating Income": {"2020-09-30": "-233.04900", "2020-06-30": "-384.07000", "2020-03-31": "-151.41100", "2019-12-31": "57.63730", "2019-09-30": "113.46000", "2019-06-30": "81.91300", "2019-03-31": "110.40700", "2018-12-31": "121.01920", "2018-09-30": "136.76310", "2018-06-30": "138.83300", "2018-03-31": "165.40100", "2017-12-31": "134.60000", "2017-09-30": "176.79610", "2017-06-30": "18.71800", "2017-03-31": "163.32600", "2016-12-31": "55.96090", "2016-09-30": "90.15000", "2016-06-30": "142.03900", "2016-03-31": "171.42200", "2015-12-31": "109.40000", "2015-09-30": "108.77200", "2015-06-30": "122.60500", "2015-03-31": "118.99210", "2014-12-31": "103.70900", "2014-09-30": "117.84700", "2014-06-30": "96.08200", "2014-03-31": "103.70700", "2013-12-31": "682.07100", "2013-09-30": "74.97410", "2013-06-30": "-47.09500", "2013-03-31": "77.72800", "2012-12-31": "", "2011-12-31": ""}, "Total Non-Operating Income/Expense": {"2020-09-30": "-96.87500", "2020-06-30": "-65.17800", "2020-03-31": "-85.61400", "2019-12-31": "-42.27000", "2019-09-30": "-40.48500", "2019-06-30": "-41.67400", "2019-03-31": "-39.35000", "2018-12-31": "-37.87000", "2018-09-30": "-40.86300", "2018-06-30": "-46.19300", "2018-03-31": "-38.67700", "2017-12-31": "19.78200", "2017-09-30": "-43.37600", "2017-06-30": "-38.33600", "2017-03-31": "-53.89700", "2016-12-31": "-18.20100", "2016-09-30": "-40.68600", "2016-06-30": "-35.57100", "2016-03-31": "-37.07900", "2015-12-31": "-45.50200", "2015-09-30": "52.35900", "2015-06-30": "-70.34000", "2015-03-31": "-42.37900", "2014-12-31": "-111.85100", "2014-09-30": "-46.16200", "2014-06-30": "-79.34300", "2014-03-31": "-66.83700", "2013-12-31": "-59.78000", "2013-09-30": "-64.04200", "2013-06-30": "-64.17900", "2013-03-31": "-86.83900", "2012-12-31": "", "2011-12-31": ""}, "Pre-Tax Income": {"2020-09-30": "-329.92400", "2020-06-30": "-449.24800", "2020-03-31": "-237.02500", "2019-12-31": "15.36700", "2019-09-30": "72.97500", "2019-06-30": "40.23900", "2019-03-31": "71.05700", "2018-12-31": "83.14900", "2018-09-30": "95.90000", "2018-06-30": "92.64000", "2018-03-31": "126.72400", "2017-12-31": "154.38200", "2017-09-30": "133.42000", "2017-06-30": "-19.61800", "2017-03-31": "109.42900", "2016-12-31": "37.76000", "2016-09-30": "49.46400", "2016-06-30": "106.46800", "2016-03-31": "134.34300", "2015-12-31": "63.89800", "2015-09-30": "161.13100", "2015-06-30": "52.26500", "2015-03-31": "76.61300", "2014-12-31": "-8.14200", "2014-09-30": "71.68500", "2014-06-30": "16.73900", "2014-03-31": "36.87000", "2013-12-31": "215.55000", "2013-09-30": "10.93200", "2013-06-30": "-111.27400", "2013-03-31": "-9.11100", "2012-12-31": "", "2011-12-31": ""}, "Income Taxes": {"2020-09-30": "-20.36400", "2020-06-30": "-5.71800", "2020-03-31": "-27.25400", "2019-12-31": "3.54300", "2019-09-30": "7.79500", "2019-06-30": "12.14500", "2019-03-31": "11.84300", "2018-12-31": "-3.87900", "2018-09-30": "25.02100", "2018-06-30": "0.07500", "2018-03-31": "36.27500", "2017-12-31": "71.20100", "2017-09-30": "40.59500", "2017-06-30": "-15.46600", "2017-03-31": "31.70700", "2016-12-31": "6.74000", "2016-09-30": "7.20800", "2016-06-30": "31.27300", "2016-03-31": "41.42400", "2015-12-31": "34.38600", "2015-09-30": "38.00700", "2015-06-30": "19.67600", "2015-03-31": "27.28300", "2014-12-31": "-49.37200", "2014-09-30": "30.45600", "2014-06-30": "10.28400", "2014-03-31": "14.91100", "2013-12-31": "59.25000", "2013-09-30": "7.86100", "2013-06-30": "-8.14200", "2013-03-31": "-4.94800", "2012-12-31": "", "2011-12-31": ""}, "Income After Taxes": {"2020-09-30": "-309.56000", "2020-06-30": "-443.53000", "2020-03-31": "-209.77100", "2019-12-31": "11.82400", "2019-09-30": "65.18000", "2019-06-30": "28.09400", "2019-03-31": "59.21400", "2018-12-31": "87.02800", "2018-09-30": "70.87900", "2018-06-30": "92.56500", "2018-03-31": "90.44900", "2017-12-31": "83.18100", "2017-09-30": "92.82500", "2017-06-30": "-4.15200", "2017-03-31": "77.72200", "2016-12-31": "31.02000", "2016-09-30": "42.25600", "2016-06-30": "75.19500", "2016-03-31": "92.91900", "2015-12-31": "29.51200", "2015-09-30": "123.12400", "2015-06-30": "32.58900", "2015-03-31": "49.33000", "2014-12-31": "41.23000", "2014-09-30": "41.22900", "2014-06-30": "6.45500", "2014-03-31": "21.95900", "2013-12-31": "156.30000", "2013-09-30": "3.07100", "2013-06-30": "-103.13200", "2013-03-31": "-4.16300", "2012-12-31": "", "2011-12-31": ""}, "Other Income": {"2020-09-30": "", "2020-06-30": "", "2020-03-31": "", "2019-12-31": "", "2019-09-30": "", "2019-06-30": "", "2019-03-31": "", "2018-12-31": "", "2018-09-30": "", "2018-06-30": "", "2018-03-31": "", "2017-12-31": "", "2017-09-30": "", "2017-06-30": "", "2017-03-31": "", "2016-12-31": "", "2016-09-30": "", "2016-06-30": "", "2016-03-31": "", "2015-12-31": "", "2015-09-30": "", "2015-06-30": "", "2015-03-31": "", "2014-12-31": "", "2014-09-30": "", "2014-06-30": "", "2014-03-31": "", "2013-12-31": "0.00000", "2013-09-30": "", "2013-06-30": "", "2013-03-31": "", "2012-12-31": "", "2011-12-31": ""}, "Income From Continuous Operations": {"2020-09-30": "-309.56000", "2020-06-30": "-443.53000", "2020-03-31": "-209.77100", "2019-12-31": "11.82400", "2019-09-30": "65.18000", "2019-06-30": "28.09400", "2019-03-31": "59.21400", "2018-12-31": "87.02800", "2018-09-30": "70.87900", "2018-06-30": "92.56500", "2018-03-31": "90.44900", "2017-12-31": "83.18100", "2017-09-30": "92.82500", "2017-06-30": "-4.15200", "2017-03-31": "77.72200", "2016-12-31": "31.02000", "2016-09-30": "42.25600", "2016-06-30": "75.19500", "2016-03-31": "92.91900", "2015-12-31": "29.51200", "2015-09-30": "123.12400", "2015-06-30": "32.58900", "2015-03-31": "49.33000", "2014-12-31": "41.23000", "2014-09-30": "41.22900", "2014-06-30": "6.45500", "2014-03-31": "21.95900", "2013-12-31": "-9.27800", "2013-09-30": "3.07100", "2013-06-30": "-103.13200", "2013-03-31": "-4.16300", "2012-12-31": "", "2011-12-31": ""}, "Income From Discontinued Operations": {"2020-09-30": "-0.53300", "2020-06-30": "-0.67200", "2020-03-31": "-2.12600", "2019-12-31": "-1.06800", "2019-09-30": "-0.59600", "2019-06-30": "1.35000", "2019-03-31": "-1.45200", "2018-12-31": "-1.47800", "2018-09-30": "3.66400", "2018-06-30": "0.76000", "2018-03-31": "-1.20700", "2017-12-31": "0.29600", "2017-09-30": "-0.52900", "2017-06-30": "-1.22200", "2017-03-31": "-0.47700", "2016-12-31": "-5.30900", "2016-09-30": "-0.39400", "2016-06-30": "-2.09800", "2016-03-31": "13.35000", "2015-12-31": "100.90900", "2015-09-30": "53.89200", "2015-06-30": "0.69600", "2015-03-31": "158.91100", "2014-12-31": "5.73400", "2014-09-30": "-3.94600", "2014-06-30": "-16.65000", "2014-03-31": "-24.05600", "2013-12-31": "36.03800", "2013-09-30": "3.01500", "2013-06-30": "-12.89300", "2013-03-31": "-11.01700", "2012-12-31": "", "2011-12-31": ""}, "Net Income": {"2020-09-30": "-312.44900", "2020-06-30": "-444.13100", "2020-03-31": "-212.68000", "2019-12-31": "10.09100", "2019-09-30": "63.81300", "2019-06-30": "27.83800", "2019-03-31": "56.85000", "2018-12-31": "84.40000", "2018-09-30": "73.00500", "2018-06-30": "92.24600", "2018-03-31": "87.88000", "2017-12-31": "82.09000", "2017-09-30": "90.98900", "2017-06-30": "-6.48700", "2017-03-31": "75.93900", "2016-12-31": "24.56100", "2016-09-30": "40.81500", "2016-06-30": "72.01900", "2016-03-31": "105.16700", "2015-12-31": "129.44100", "2015-09-30": "176.34000", "2015-06-30": "32.20700", "2015-03-31": "207.49400", "2014-12-31": "46.40000", "2014-09-30": "36.56300", "2014-06-30": "-13.13200", "2014-03-31": "-11.98900", "2013-12-31": "26.76000", "2013-09-30": "-3.87000", "2013-06-30": "-125.86700", "2013-03-31": "-24.73600", "2012-12-31": "", "2011-12-31": ""}, "EBITDA": {"2020-09-30": "-118.04500", "2020-06-30": "-265.58800", "2020-03-31": "-36.34400", "2019-12-31": "184.45640", "2019-09-30": "238.91890", "2019-06-30": "207.59900", "2019-03-31": "233.97100", "2018-12-31": "248.10310", "2018-09-30": "258.69510", "2018-06-30": "262.42900", "2018-03-31": "287.73600", "2017-12-31": "257.86200", "2017-09-30": "293.11910", "2017-06-30": "129.06090", "2017-03-31": "287.60310", "2016-12-31": "181.21590", "2016-09-30": "219.36490", "2016-06-30": "256.32400", "2016-03-31": "281.98800", "2015-12-31": "219.83800", "2015-09-30": "208.24600", "2015-06-30": "211.68400", "2015-03-31": "221.76110", "2014-12-31": "186.04100", "2014-09-30": "198.45000", "2014-06-30": "180.08800", "2014-03-31": "198.07000", "2013-12-31": "732.42500", "2013-09-30": "162.41200", "2013-06-30": "39.15400", "2013-03-31": "168.37700", "2012-12-31": "", "2011-12-31": ""}, "EBIT": {"2020-09-30": "-233.04900", "2020-06-30": "-384.07000", "2020-03-31": "-151.41100", "2019-12-31": "57.63730", "2019-09-30": "113.46000", "2019-06-30": "81.91300", "2019-03-31": "110.40700", "2018-12-31": "121.01900", "2018-09-30": "136.76310", "2018-06-30": "138.83300", "2018-03-31": "165.40100", "2017-12-31": "134.59990", "2017-09-30": "176.79610", "2017-06-30": "18.71800", "2017-03-31": "163.32600", "2016-12-31": "55.96080", "2016-09-30": "90.15000", "2016-06-30": "142.03900", "2016-03-31": "171.42200", "2015-12-31": "109.40000", "2015-09-30": "108.77200", "2015-06-30": "122.60500", "2015-03-31": "118.99210", "2014-12-31": "103.70900", "2014-09-30": "117.84700", "2014-06-30": "96.08200", "2014-03-31": "103.70700", "2013-12-31": "682.07100", "2013-09-30": "74.97410", "2013-06-30": "-47.09500", "2013-03-31": "77.72800", "2012-12-31": "", "2011-12-31": ""}, "Basic Shares Outstanding": {"2020-09-30": "292.39200", "2020-06-30": "275.69300", "2020-03-31": "274.03700", "2019-12-31": "274.16800", "2019-09-30": "273.76300", "2019-06-30": "274.24500", "2019-03-31": "275.58900", "2018-12-31": "275.23500", "2018-09-30": "275.17500", "2018-06-30": "275.71500", "2018-03-31": "274.72000", "2017-12-31": "276.89300", "2017-09-30": "277.47700", "2017-06-30": "278.44100", "2017-03-31": "277.35300", "2016-12-31": "277.54600", "2016-09-30": "278.39900", "2016-06-30": "277.39200", "2016-03-31": "275.56800", "2015-12-31": "273.13900", "2015-09-30": "275.47100", "2015-06-30": "271.94800", "2015-03-31": "269.18400", "2014-12-31": "238.63300", "2014-09-30": "264.76800", "2014-06-30": "243.80100", "2014-03-31": "178.70200", "2013-12-31": "178.26200", "2013-09-30": "178.14000", "2013-06-30": "178.06000", "2013-03-31": "177.95300", "2012-12-31": "", "2011-12-31": ""}, "Shares Outstanding": {"2020-09-30": "292.39200", "2020-06-30": "275.69300", "2020-03-31": "274.03700", "2019-12-31": "276.21700", "2019-09-30": "276.23500", "2019-06-30": "275.48300", "2019-03-31": "277.60500", "2018-12-31": "277.51800", "2018-09-30": "277.52800", "2018-06-30": "277.18000", "2018-03-31": "276.84400", "2017-12-31": "278.32000", "2017-09-30": "278.36900", "2017-06-30": "278.44100", "2017-03-31": "279.55900", "2016-12-31": "282.75200", "2016-09-30": "283.46200", "2016-06-30": "283.00100", "2016-03-31": "281.96300", "2015-12-31": "280.06700", "2015-09-30": "281.39500", "2015-06-30": "279.10100", "2015-03-31": "276.68800", "2014-12-31": "246.74700", "2014-09-30": "273.33000", "2014-06-30": "252.33600", "2014-03-31": "187.72700", "2013-12-31": "185.43600", "2013-09-30": "178.14000", "2013-06-30": "178.06000", "2013-03-31": "177.95300", "2012-12-31": "", "2011-12-31": ""}, "Basic EPS": {"2020-09-30": "-1.07000", "2020-06-30": "-1.61000", "2020-03-31": "-0.78000", "2019-12-31": "0.03000", "2019-09-30": "0.24000", "2019-06-30": "0.10000", "2019-03-31": "0.20000", "2018-12-31": "0.32000", "2018-09-30": "0.26000", "2018-06-30": "0.33000", "2018-03-31": "0.32000", "2017-12-31": "0.28000", "2017-09-30": "0.33000", "2017-06-30": "-0.02000", "2017-03-31": "0.28000", "2016-12-31": "0.08000", "2016-09-30": "0.15000", "2016-06-30": "0.26000", "2016-03-31": "0.38000", "2015-12-31": "0.47000", "2015-09-30": "0.64000", "2015-06-30": "0.12000", "2015-03-31": "0.77000", "2014-12-31": "0.22000", "2014-09-30": "0.14000", "2014-06-30": "-0.05000", "2014-03-31": "-0.07000", "2013-12-31": "0.10000", "2013-09-30": "-0.02000", "2013-06-30": "-0.71000", "2013-03-31": "-0.14000", "2012-12-31": "", "2011-12-31": ""}, "EPS - Earnings Per Share": {"2020-09-30": "-1.07000", "2020-06-30": "-1.61000", "2020-03-31": "-0.78000", "2019-12-31": "0.04000", "2019-09-30": "0.23000", "2019-06-30": "0.10000", "2019-03-31": "0.20000", "2018-12-31": "0.31000", "2018-09-30": "0.26000", "2018-06-30": "0.33000", "2018-03-31": "0.32000", "2017-12-31": "0.29000", "2017-09-30": "0.33000", "2017-06-30": "-0.02000", "2017-03-31": "0.27000", "2016-12-31": "0.10000", "2016-09-30": "0.14000", "2016-06-30": "0.25000", "2016-03-31": "0.37000", "2015-12-31": "0.45000", "2015-09-30": "0.63000", "2015-06-30": "0.12000", "2015-03-31": "0.75000", "2014-12-31": "0.21000", "2014-09-30": "0.13000", "2014-06-30": "-0.05000", "2014-03-31": "-0.06000", "2013-12-31": "0.09000", "2013-09-30": "-0.02000", "2013-06-30": "-0.71000", "2013-03-31": "-0.14000", "2012-12-31": "0.00000", "2011-12-31": "0.00000"}}, "balance sheet": {"Cash On Hand": {"2019-12-31": "436.17600", "2018-12-31": "509.26500", "2017-12-31": "361.38100", "2016-12-31": "364.11400", "2015-12-31": "321.13200", "2014-12-31": "155.67900", "2013-12-31": "310.59500", "2012-12-31": "131.13500", "2011-12-31": ""}, "Receivables": {"2019-12-31": "546.53300", "2018-12-31": "508.12200", "2017-12-31": "490.55800", "2016-12-31": "400.66700", "2015-12-31": "375.78900", "2014-12-31": "362.91100", "2013-12-31": "436.06900", "2012-12-31": "459.57400", "2011-12-31": ""}, "Inventory": {"2019-12-31": "", "2018-12-31": "", "2017-12-31": "", "2016-12-31": "", "2015-12-31": "", "2014-12-31": "", "2013-12-31": "", "2012-12-31": "", "2011-12-31": ""}, "Pre-Paid Expenses": {"2019-12-31": "139.21100", "2018-12-31": "170.24300", "2017-12-31": "108.75300", "2016-12-31": "88.60000", "2015-12-31": "81.16700", "2014-12-31": "64.73400", "2013-12-31": "49.26900", "2012-12-31": "46.02000", "2011-12-31": ""}, "Other Current Assets": {"2019-12-31": "", "2018-12-31": "", "2017-12-31": "", "2016-12-31": "", "2015-12-31": "", "2014-12-31": "112.55800", "2013-12-31": "43.00500", "2012-12-31": "", "2011-12-31": ""}, "Total Current Assets": {"2019-12-31": "1121.92000", "2018-12-31": "1187.63000", "2017-12-31": "960.69200", "2016-12-31": "853.38100", "2015-12-31": "778.08800", "2014-12-31": "695.88200", "2013-12-31": "880.36900", "2012-12-31": "756.67000", "2011-12-31": ""}, "Property, Plant, And Equipment": {"2019-12-31": "641.72200", "2018-12-31": "790.37200", "2017-12-31": "799.19400", "2016-12-31": "753.27900", "2015-12-31": "627.52900", "2014-12-31": "551.27600", "2013-12-31": "496.20000", "2012-12-31": "408.39600", "2011-12-31": ""}, "Long-Term Investments": {"2019-12-31": "27.49400", "2018-12-31": "27.76900", "2017-12-31": "27.52700", "2016-12-31": "25.58200", "2015-12-31": "24.34800", "2014-12-31": "145.32000", "2013-12-31": "132.13700", "2012-12-31": "131.70800", "2011-12-31": ""}, "Goodwill And Intangible Assets": {"2019-12-31": "3206.90400", "2018-12-31": "3165.61700", "2017-12-31": "3238.19200", "2016-12-31": "3323.88400", "2015-12-31": "3276.98400", "2014-12-31": "2633.48500", "2013-12-31": "2698.98500", "2012-12-31": "3057.92500", "2011-12-31": "0.00000"}, "Other Long-Term Assets": {"2019-12-31": "670.10500", "2018-12-31": "610.67100", "2017-12-31": "591.94200", "2016-12-31": "673.15900", "2015-12-31": "642.21400", "2014-12-31": "485.13900", "2013-12-31": "548.01700", "2012-12-31": "356.54600", "2011-12-31": ""}, "Total Long-Term Assets": {"2019-12-31": "4568.03700", "2018-12-31": "4618.75100", "2017-12-31": "4688.67200", "2016-12-31": "4871.18900", "2015-12-31": "4615.53900", "2014-12-31": "3947.19100", "2013-12-31": "3875.33900", "2012-12-31": "3954.57500", "2011-12-31": ""}, "Total Assets": {"2019-12-31": "5689.95700", "2018-12-31": "5806.38100", "2017-12-31": "5649.36400", "2016-12-31": "5724.57000", "2015-12-31": "5393.62700", "2014-12-31": "4643.07300", "2013-12-31": "4755.70800", "2012-12-31": "4711.24500", "2011-12-31": "0.00000"}, "Total Current Liabilities": {"2019-12-31": "1025.54300", "2018-12-31": "1018.39500", "2017-12-31": "972.14700", "2016-12-31": "1166.35800", "2015-12-31": "1000.48800", "2014-12-31": "896.93400", "2013-12-31": "1148.64100", "2012-12-31": "1185.23900", "2011-12-31": ""}, "Long Term Debt": {"2019-12-31": "3261.82100", "2018-12-31": "3337.46700", "2017-12-31": "3398.73100", "2016-12-31": "3276.28100", "2015-12-31": "3169.34400", "2014-12-31": "3040.00900", "2013-12-31": "3643.54800", "2012-12-31": "3420.92700", "2011-12-31": ""}, "Other Non-Current Liabilities": {"2019-12-31": "347.52200", "2018-12-31": "340.49500", "2017-12-31": "480.18500", "2016-12-31": "567.35900", "2015-12-31": "656.09300", "2014-12-31": "613.71000", "2013-12-31": "270.95900", "2012-12-31": "370.16200", "2011-12-31": ""}, "Total Long Term Liabilities": {"2019-12-31": "3716.74500", "2018-12-31": "3813.71500", "2017-12-31": "3978.71700", "2016-12-31": "3932.59700", "2015-12-31": "3908.99900", "2014-12-31": "3661.75600", "2013-12-31": "3924.76000", "2012-12-31": "3804.74200", "2011-12-31": ""}, "Total Liabilities": {"2019-12-31": "4742.28800", "2018-12-31": "4832.11000", "2017-12-31": "4950.86400", "2016-12-31": "5098.95500", "2015-12-31": "4909.48700", "2014-12-31": "4558.69000", "2013-12-31": "5073.40100", "2012-12-31": "4989.98100", "2011-12-31": "0.00000"}, "Common Stock Net": {"2019-12-31": "2.94300", "2018-12-31": "2.91700", "2017-12-31": "2.89100", "2016-12-31": "2.85400", "2015-12-31": "2.79000", "2014-12-31": "2.68200", "2013-12-31": "1.78600", "2012-12-31": "1.77900", "2011-12-31": "0.00000"}, "Retained Earnings (Accumulated Deficit)": {"2019-12-31": "-763.48200", "2018-12-31": "-768.56600", "2017-12-31": "-1053.44600", "2016-12-31": "-1141.11600", "2015-12-31": "-1328.73000", "2014-12-31": "-1775.61600", "2013-12-31": "-1785.55400", "2012-12-31": "-1648.35600", "2011-12-31": ""}, "Comprehensive Income": {"2019-12-31": "-149.30600", "2018-12-31": "-132.72400", "2017-12-31": "-88.48400", "2016-12-31": "-122.79900", "2015-12-31": "-97.13500", "2014-12-31": "-69.80300", "2013-12-31": "-49.89500", "2012-12-31": "-95.53000", "2011-12-31": ""}, "Other Share Holders Equity": {"2019-12-31": "", "2018-12-31": "", "2017-12-31": "", "2016-12-31": "", "2015-12-31": "", "2014-12-31": "", "2013-12-31": "", "2012-12-31": "", "2011-12-31": "0.00000"}, "Share Holder Equity": {"2019-12-31": "947.66900", "2018-12-31": "974.27100", "2017-12-31": "698.50000", "2016-12-31": "625.61500", "2015-12-31": "484.14000", "2014-12-31": "84.38300", "2013-12-31": "-317.69300", "2012-12-31": "-278.73600", "2011-12-31": "0.00000"}, "Total Liabilities And Share Holders Equity": {"2019-12-31": "5689.95700", "2018-12-31": "5806.38100", "2017-12-31": "5649.36400", "2016-12-31": "5724.57000", "2015-12-31": "5393.62700", "2014-12-31": "4643.07300", "2013-12-31": "4755.70800", "2012-12-31": "4711.24500", "2011-12-31": "0.00000"}}, "balance sheet, quarterly": {"Cash On Hand": {"2020-09-30": "1668.35200", "2020-06-30": "1306.28800", "2020-03-31": "684.47200", "2019-12-31": "436.17600", "2019-09-30": "473.42800", "2019-06-30": "396.84800", "2019-03-31": "459.48700", "2018-12-31": "509.26500", "2018-09-30": "444.32100", "2018-06-30": "370.00300", "2018-03-31": "361.10300", "2017-12-31": "361.38100", "2017-09-30": "268.26800", "2017-06-30": "306.69600", "2017-03-31": "287.63900", "2016-12-31": "364.11400", "2016-09-30": "272.00400", "2016-06-30": "68.31200", "2016-03-31": "111.70200", "2015-12-31": "321.13200", "2015-09-30": "132.69500", "2015-06-30": "578.03300", "2015-03-31": "459.05300", "2014-12-31": "155.67900", "2014-09-30": "158.50200", "2014-06-30": "253.43200", "2014-03-31": "287.06200", "2013-12-31": "310.59500", "2013-09-30": "", "2013-06-30": "", "2013-03-31": "", "2012-12-31": "131.13000", "2011-12-31": ""}, "Receivables": {"2020-09-30": "281.78900", "2020-06-30": "291.48000", "2020-03-31": "360.67700", "2019-12-31": "546.53300", "2019-09-30": "581.47700", "2019-06-30": "604.40300", "2019-03-31": "617.96300", "2018-12-31": "508.12200", "2018-09-30": "589.85800", "2018-06-30": "562.14700", "2018-03-31": "583.62400", "2017-12-31": "490.55800", "2017-09-30": "567.26600", "2017-06-30": "512.16700", "2017-03-31": "512.34000", "2016-12-31": "400.66700", "2016-09-30": "452.49400", "2016-06-30": "466.69100", "2016-03-31": "456.94100", "2015-12-31": "375.78900", "2015-09-30": "481.09500", "2015-06-30": "426.81800", "2015-03-31": "457.82200", "2014-12-31": "362.91100", "2014-09-30": "495.65500", "2014-06-30": "487.87600", "2014-03-31": "491.27100", "2013-12-31": "436.06900", "2013-09-30": "", "2013-06-30": "", "2013-03-31": "", "2012-12-31": "459.57000", "2011-12-31": ""}, "Inventory": {"2020-09-30": "", "2020-06-30": "", "2020-03-31": "", "2019-12-31": "", "2019-09-30": "", "2019-06-30": "", "2019-03-31": "", "2018-12-31": "", "2018-09-30": "", "2018-06-30": "", "2018-03-31": "", "2017-12-31": "", "2017-09-30": "", "2017-06-30": "", "2017-03-31": "", "2016-12-31": "", "2016-09-30": "", "2016-06-30": "", "2016-03-31": "", "2015-12-31": "", "2015-09-30": "", "2015-06-30": "", "2015-03-31": "", "2014-12-31": "", "2014-09-30": "", "2014-06-30": "", "2014-03-31": "", "2013-12-31": "", "2013-09-30": "", "2013-06-30": "", "2013-03-31": "", "2012-12-31": "", "2011-12-31": ""}, "Pre-Paid Expenses": {"2020-09-30": "138.10600", "2020-06-30": "138.69100", "2020-03-31": "150.47000", "2019-12-31": "139.21100", "2019-09-30": "141.04300", "2019-06-30": "151.32800", "2019-03-31": "163.84100", "2018-12-31": "170.24300", "2018-09-30": "170.11000", "2018-06-30": "163.09500", "2018-03-31": "148.32800", "2017-12-31": "108.75300", "2017-09-30": "111.35800", "2017-06-30": "108.21500", "2017-03-31": "110.44900", "2016-12-31": "88.60000", "2016-09-30": "158.15800", "2016-06-30": "94.25300", "2016-03-31": "92.71900", "2015-12-31": "81.16700", "2015-09-30": "27.96600", "2015-06-30": "32.34700", "2015-03-31": "35.45500", "2014-12-31": "64.73400", "2014-09-30": "56.31500", "2014-06-30": "46.43500", "2014-03-31": "56.07700", "2013-12-31": "49.26900", "2013-09-30": "", "2013-06-30": "", "2013-03-31": "", "2012-12-31": "", "2011-12-31": ""}, "Other Current Assets": {"2020-09-30": "", "2020-06-30": "", "2020-03-31": "", "2019-12-31": "", "2019-09-30": "", "2019-06-30": "", "2019-03-31": "", "2018-12-31": "", "2018-09-30": "", "2018-06-30": "", "2018-03-31": "", "2017-12-31": "", "2017-09-30": "", "2017-06-30": "", "2017-03-31": "", "2016-12-31": "", "2016-09-30": "", "2016-06-30": "", "2016-03-31": "", "2015-12-31": "", "2015-09-30": "", "2015-06-30": "", "2015-03-31": "", "2014-12-31": "112.55800", "2014-09-30": "", "2014-06-30": "", "2014-03-31": "", "2013-12-31": "43.00500", "2013-09-30": "", "2013-06-30": "", "2013-03-31": "", "2012-12-31": "165.96000", "2011-12-31": ""}, "Total Current Assets": {"2020-09-30": "2088.24700", "2020-06-30": "1736.45900", "2020-03-31": "1195.61900", "2019-12-31": "1121.92000", "2019-09-30": "1195.94800", "2019-06-30": "1152.57900", "2019-03-31": "1241.29100", "2018-12-31": "1187.63000", "2018-09-30": "1204.28900", "2018-06-30": "1095.24500", "2018-03-31": "1093.05500", "2017-12-31": "960.69200", "2017-09-30": "946.89200", "2017-06-30": "927.07800", "2017-03-31": "910.42800", "2016-12-31": "853.38100", "2016-09-30": "882.65600", "2016-06-30": "629.25600", "2016-03-31": "661.36200", "2015-12-31": "778.08800", "2015-09-30": "789.94600", "2015-06-30": "1196.64000", "2015-03-31": "1136.62500", "2014-12-31": "695.88200", "2014-09-30": "759.02000", "2014-06-30": "839.20000", "2014-03-31": "901.94300", "2013-12-31": "880.36900", "2013-09-30": "", "2013-06-30": "", "2013-03-31": "", "2012-12-31": "756.67000", "2011-12-31": ""}, "Property, Plant, And Equipment": {"2020-09-30": "488.21400", "2020-06-30": "540.22000", "2020-03-31": "594.13200", "2019-12-31": "641.72200", "2019-09-30": "658.10500", "2019-06-30": "708.57900", "2019-03-31": "753.94900", "2018-12-31": "790.37200", "2018-09-30": "788.03000", "2018-06-30": "787.58300", "2018-03-31": "791.66200", "2017-12-31": "799.19400", "2017-09-30": "800.09400", "2017-06-30": "791.73500", "2017-03-31": "777.95400", "2016-12-31": "753.27900", "2016-09-30": "717.53300", "2016-06-30": "689.71200", "2016-03-31": "652.72100", "2015-12-31": "627.52900", "2015-09-30": "583.79500", "2015-06-30": "560.44000", "2015-03-31": "545.49300", "2014-12-31": "551.27600", "2014-09-30": "526.72200", "2014-06-30": "512.26200", "2014-03-31": "502.54300", "2013-12-31": "496.20000", "2013-09-30": "", "2013-06-30": "", "2013-03-31": "", "2012-12-31": "1011.36000", "2011-12-31": ""}, "Long-Term Investments": {"2020-09-30": "23.61800", "2020-06-30": "23.86000", "2020-03-31": "24.50300", "2019-12-31": "27.49400", "2019-09-30": "27.99300", "2019-06-30": "27.13200", "2019-03-31": "27.33300", "2018-12-31": "27.76900", "2018-09-30": "28.68300", "2018-06-30": "28.93600", "2018-03-31": "27.96200", "2017-12-31": "27.52700", "2017-09-30": "26.77600", "2017-06-30": "26.14600", "2017-03-31": "26.41200", "2016-12-31": "25.58200", "2016-09-30": "25.42500", "2016-06-30": "25.20300", "2016-03-31": "24.47900", "2015-12-31": "24.34800", "2015-09-30": "24.02400", "2015-06-30": "130.28800", "2015-03-31": "154.80500", "2014-12-31": "145.32000", "2014-09-30": "142.63900", "2014-06-30": "142.00300", "2014-03-31": "134.52300", "2013-12-31": "132.13700", "2013-09-30": "", "2013-06-30": "", "2013-03-31": "", "2012-12-31": "131.70000", "2011-12-31": ""}, "Goodwill And Intangible Assets": {"2020-09-30": "3160.10400", "2020-06-30": "3173.37100", "2020-03-31": "3188.57900", "2019-12-31": "3206.90400", "2019-09-30": "3112.69300", "2019-06-30": "3132.62600", "2019-03-31": "3147.55400", "2018-12-31": "3165.61700", "2018-09-30": "3182.71100", "2018-06-30": "3199.84500", "2018-03-31": "3223.53900", "2017-12-31": "3238.19200", "2017-09-30": "3256.93400", "2017-06-30": "3273.52200", "2017-03-31": "3285.87200", "2016-12-31": "3323.88400", "2016-09-30": "3364.43100", "2016-06-30": "3403.70400", "2016-03-31": "3429.79900", "2015-12-31": "3276.98400", "2015-09-30": "3298.20000", "2015-06-30": "2589.89100", "2015-03-31": "2612.26400", "2014-12-31": "2633.48500", "2014-09-30": "2721.61600", "2014-06-30": "2713.53300", "2014-03-31": "2736.65300", "2013-12-31": "2698.98500", "2013-09-30": "0.00000", "2013-06-30": "0.00000", "2013-03-31": "0.00000", "2012-12-31": "3057.92000", "2011-12-31": "0.00000"}, "Other Long-Term Assets": {"2020-09-30": "613.78300", "2020-06-30": "628.04800", "2020-03-31": "671.06700", "2019-12-31": "670.10500", "2019-09-30": "699.09500", "2019-06-30": "718.28600", "2019-03-31": "665.62600", "2018-12-31": "610.67100", "2018-09-30": "634.42200", "2018-06-30": "633.76100", "2018-03-31": "615.83700", "2017-12-31": "591.94200", "2017-09-30": "562.13400", "2017-06-30": "559.49500", "2017-03-31": "708.11700", "2016-12-31": "673.15900", "2016-09-30": "663.44600", "2016-06-30": "709.10400", "2016-03-31": "675.33100", "2015-12-31": "642.21400", "2015-09-30": "635.75500", "2015-06-30": "574.31900", "2015-03-31": "518.29300", "2014-12-31": "485.13900", "2014-09-30": "522.39700", "2014-06-30": "508.70700", "2014-03-31": "474.74600", "2013-12-31": "548.01700", "2013-09-30": "", "2013-06-30": "", "2013-03-31": "", "2012-12-31": "356.54000", "2011-12-31": ""}, "Total Long-Term Assets": {"2020-09-30": "4327.25000", "2020-06-30": "4392.74700", "2020-03-31": "4514.23900", "2019-12-31": "4568.03700", "2019-09-30": "4524.78600", "2019-06-30": "4617.49200", "2019-03-31": "4618.27200", "2018-12-31": "4618.75100", "2018-09-30": "4664.19300", "2018-06-30": "4688.03800", "2018-03-31": "4691.49700", "2017-12-31": "4688.67200", "2017-09-30": "4719.59600", "2017-06-30": "4762.80000", "2017-03-31": "4879.57100", "2016-12-31": "4871.18900", "2016-09-30": "4864.53000", "2016-06-30": "4918.16600", "2016-03-31": "4897.76100", "2015-12-31": "4615.53900", "2015-09-30": "4541.77400", "2015-06-30": "3854.93800", "2015-03-31": "3830.85500", "2014-12-31": "3947.19100", "2014-09-30": "3913.37400", "2014-06-30": "3876.50500", "2014-03-31": "3848.46500", "2013-12-31": "3875.33900", "2013-09-30": "", "2013-06-30": "", "2013-03-31": "", "2012-12-31": "4557.52000", "2011-12-31": ""}, "Total Assets": {"2020-09-30": "6415.49700", "2020-06-30": "6129.20600", "2020-03-31": "5709.85800", "2019-12-31": "5689.95700", "2019-09-30": "5720.73400", "2019-06-30": "5770.07100", "2019-03-31": "5859.56300", "2018-12-31": "5806.38100", "2018-09-30": "5868.48200", "2018-06-30": "5783.28300", "2018-03-31": "5784.55200", "2017-12-31": "5649.36400", "2017-09-30": "5666.48800", "2017-06-30": "5689.87800", "2017-03-31": "5789.99900", "2016-12-31": "5724.57000", "2016-09-30": "5747.18600", "2016-06-30": "5547.42200", "2016-03-31": "5559.12300", "2015-12-31": "5393.62700", "2015-09-30": "5331.72000", "2015-06-30": "5051.57800", "2015-03-31": "4967.48000", "2014-12-31": "4643.07300", "2014-09-30": "4672.39400", "2014-06-30": "4715.70500", "2014-03-31": "4750.40800", "2013-12-31": "4755.70800", "2013-09-30": "0.00000", "2013-06-30": "0.00000", "2013-03-31": "0.00000", "2012-12-31": "4711.24000", "2011-12-31": "0.00000"}, "Total Current Liabilities": {"2020-09-30": "688.71600", "2020-06-30": "764.41100", "2020-03-31": "968.32900", "2019-12-31": "1025.54300", "2019-09-30": "1063.26800", "2019-06-30": "1120.34800", "2019-03-31": "1147.16200", "2018-12-31": "1018.39500", "2018-09-30": "1052.18200", "2018-06-30": "1003.20300", "2018-03-31": "1008.53800", "2017-12-31": "972.14700", "2017-09-30": "1058.01000", "2017-06-30": "1077.28800", "2017-03-31": "1104.89100", "2016-12-31": "1166.35800", "2016-09-30": "1036.13300", "2016-06-30": "1114.26800", "2016-03-31": "1167.61500", "2015-12-31": "1000.48800", "2015-09-30": "1278.11800", "2015-06-30": "1268.42000", "2015-03-31": "1231.56200", "2014-12-31": "896.93400", "2014-09-30": "1005.57700", "2014-06-30": "1018.31100", "2014-03-31": "1181.58900", "2013-12-31": "1148.64100", "2013-09-30": "", "2013-06-30": "", "2013-03-31": "", "2012-12-31": "1185.23000", "2011-12-31": ""}, "Long Term Debt": {"2020-09-30": "4639.12500", "2020-06-30": "4608.47800", "2020-03-31": "3619.31200", "2019-12-31": "3261.82100", "2019-09-30": "3280.20400", "2019-06-30": "3298.92200", "2019-03-31": "3318.20300", "2018-12-31": "3337.46700", "2018-09-30": "3355.59600", "2018-06-30": "3374.82600", "2018-03-31": "3387.00800", "2017-12-31": "3398.73100", "2017-09-30": "3410.53200", "2017-06-30": "3425.94900", "2017-03-31": "3438.75800", "2016-12-31": "3276.28100", "2016-09-30": "3313.54100", "2016-06-30": "3081.91900", "2016-03-31": "3085.49200", "2015-12-31": "3169.34400", "2015-09-30": "2701.08500", "2015-06-30": "2706.27300", "2015-03-31": "2662.16600", "2014-12-31": "3040.00900", "2014-09-30": "3065.44000", "2014-06-30": "3069.50200", "2014-03-31": "3621.68000", "2013-12-31": "3643.54800", "2013-09-30": "", "2013-06-30": "", "2013-03-31": "", "2012-12-31": "3420.92000", "2011-12-31": ""}, "Other Non-Current Liabilities": {"2020-09-30": "372.51200", "2020-06-30": "352.26200", "2020-03-31": "361.69000", "2019-12-31": "347.52200", "2019-09-30": "323.51700", "2019-06-30": "317.46400", "2019-03-31": "309.53700", "2018-12-31": "340.49500", "2018-09-30": "322.00200", "2018-06-30": "331.39000", "2018-03-31": "395.88200", "2017-12-31": "480.18500", "2017-09-30": "468.07500", "2017-06-30": "439.96600", "2017-03-31": "478.40900", "2016-12-31": "567.35900", "2016-09-30": "536.16000", "2016-06-30": "530.86900", "2016-03-31": "543.49700", "2015-12-31": "656.09300", "2015-09-30": "639.89400", "2015-06-30": "602.23700", "2015-03-31": "605.80100", "2014-12-31": "613.71000", "2014-09-30": "523.72800", "2014-06-30": "567.32700", "2014-03-31": "247.75800", "2013-12-31": "270.95900", "2013-09-30": "", "2013-06-30": "", "2013-03-31": "", "2012-12-31": "370.16000", "2011-12-31": ""}, "Total Long Term Liabilities": {"2020-09-30": "5085.35700", "2020-06-30": "5038.77300", "2020-03-31": "4058.81800", "2019-12-31": "3716.74500", "2019-09-30": "3701.35500", "2019-06-30": "3730.03500", "2019-03-31": "3746.80200", "2018-12-31": "3813.71500", "2018-09-30": "3878.36500", "2018-06-30": "3898.55500", "2018-03-31": "3930.01700", "2017-12-31": "3978.71700", "2017-09-30": "3963.38900", "2017-06-30": "3962.75700", "2017-03-31": "4014.38400", "2016-12-31": "3932.59700", "2016-09-30": "3957.75800", "2016-06-30": "3720.46800", "2016-03-31": "3738.91500", "2015-12-31": "3908.99900", "2015-09-30": "3594.86200", "2015-06-30": "3474.06500", "2015-03-31": "3449.13600", "2014-12-31": "3661.75600", "2014-09-30": "3597.76900", "2014-06-30": "3646.91900", "2014-03-31": "3881.74800", "2013-12-31": "3924.76000", "2013-09-30": "", "2013-06-30": "", "2013-03-31": "", "2012-12-31": "3804.73000", "2011-12-31": ""}, "Total Liabilities": {"2020-09-30": "5774.07300", "2020-06-30": "5803.18400", "2020-03-31": "5027.14700", "2019-12-31": "4742.28800", "2019-09-30": "4764.62300", "2019-06-30": "4850.38300", "2019-03-31": "4893.96400", "2018-12-31": "4832.11000", "2018-09-30": "4930.54700", "2018-06-30": "4901.75800", "2018-03-31": "4938.55500", "2017-12-31": "4950.86400", "2017-09-30": "5021.39900", "2017-06-30": "5040.04500", "2017-03-31": "5119.27500", "2016-12-31": "5098.95500", "2016-09-30": "4993.89100", "2016-06-30": "4834.73600", "2016-03-31": "4906.53000", "2015-12-31": "4909.48700", "2015-09-30": "4872.98000", "2015-06-30": "4742.48500", "2015-03-31": "4680.69800", "2014-12-31": "4558.69000", "2014-09-30": "4603.34600", "2014-06-30": "4665.23000", "2014-03-31": "5063.33700", "2013-12-31": "5073.40100", "2013-09-30": "0.00000", "2013-06-30": "0.00000", "2013-03-31": "0.00000", "2012-12-31": "4989.98000", "2011-12-31": "0.00000"}, "Common Stock Net": {"2020-09-30": "3.38500", "2020-06-30": "2.97100", "2020-03-31": "2.96500", "2019-12-31": "2.94300", "2019-09-30": "2.94400", "2019-06-30": "2.94200", "2019-03-31": "2.93900", "2018-12-31": "2.91700", "2018-09-30": "2.91600", "2018-06-30": "2.91400", "2018-03-31": "2.90900", "2017-12-31": "2.89100", "2017-09-30": "2.88900", "2017-06-30": "2.88600", "2017-03-31": "2.87900", "2016-12-31": "2.85400", "2016-09-30": "2.83800", "2016-06-30": "2.82300", "2016-03-31": "2.81300", "2015-12-31": "2.79000", "2015-09-30": "2.77900", "2015-06-30": "2.73500", "2015-03-31": "2.72000", "2014-12-31": "2.68200", "2014-09-30": "2.65200", "2014-06-30": "2.65200", "2014-03-31": "1.79400", "2013-12-31": "1.78600", "2013-09-30": "0.00000", "2013-06-30": "0.00000", "2013-03-31": "0.00000", "2012-12-31": "1.77000", "2011-12-31": "0.00000"}, "Retained Earnings (Accumulated Deficit)": {"2020-09-30": "-1778.87700", "2020-06-30": "-1466.42800", "2020-03-31": "-1022.29700", "2019-12-31": "-763.48200", "2019-09-30": "-735.25000", "2019-06-30": "-760.75300", "2019-03-31": "-750.31000", "2018-12-31": "-768.56600", "2018-09-30": "-814.44600", "2018-06-30": "-848.94800", "2018-03-31": "-924.97300", "2017-12-31": "-1053.44600", "2017-09-30": "-1097.14900", "2017-06-30": "-1149.59800", "2017-03-31": "-1104.11700", "2016-12-31": "-1141.11600", "2016-09-30": "-1129.68200", "2016-06-30": "-1136.83100", "2016-03-31": "-1172.74700", "2015-12-31": "-1328.73000", "2015-09-30": "-1433.12900", "2015-06-30": "-1584.83400", "2015-03-31": "-1592.51300", "2014-12-31": "-1775.61600", "2014-09-30": "-1797.94400", "2014-06-30": "-1810.67500", "2014-03-31": "-1797.54300", "2013-12-31": "-1785.55400", "2013-09-30": "", "2013-06-30": "", "2013-03-31": "", "2012-12-31": "-1648.35000", "2011-12-31": ""}, "Comprehensive Income": {"2020-09-30": "-146.10300", "2020-06-30": "-157.43200", "2020-03-31": "-168.60900", "2019-12-31": "-149.30600", "2019-09-30": "-152.62600", "2019-06-30": "-144.41600", "2019-03-31": "-137.25200", "2018-12-31": "-132.72400", "2018-09-30": "-107.14600", "2018-06-30": "-111.12500", "2018-03-31": "-78.59800", "2017-12-31": "-88.48400", "2017-09-30": "-96.50000", "2017-06-30": "-102.46500", "2017-03-31": "-114.63800", "2016-12-31": "-122.79900", "2016-09-30": "-82.18300", "2016-06-30": "-93.13500", "2016-03-31": "-96.59500", "2015-12-31": "-97.13500", "2015-09-30": "-101.53700", "2015-06-30": "-69.53200", "2015-03-31": "-70.16200", "2014-12-31": "-69.80300", "2014-09-30": "-41.59200", "2014-06-30": "-41.57300", "2014-03-31": "-47.62800", "2013-12-31": "-49.89500", "2013-09-30": "", "2013-06-30": "", "2013-03-31": "", "2012-12-31": "", "2011-12-31": ""}, "Other Share Holders Equity": {"2020-09-30": "", "2020-06-30": "", "2020-03-31": "", "2019-12-31": "", "2019-09-30": "", "2019-06-30": "", "2019-03-31": "", "2018-12-31": "", "2018-09-30": "", "2018-06-30": "", "2018-03-31": "", "2017-12-31": "", "2017-09-30": "", "2017-06-30": "", "2017-03-31": "", "2016-12-31": "", "2016-09-30": "", "2016-06-30": "", "2016-03-31": "", "2015-12-31": "", "2015-09-30": "", "2015-06-30": "", "2015-03-31": "", "2014-12-31": "", "2014-09-30": "", "2014-06-30": "", "2014-03-31": "", "2013-12-31": "", "2013-09-30": "0.00000", "2013-06-30": "0.00000", "2013-03-31": "0.00000", "2012-12-31": "-95.44000", "2011-12-31": "0.00000"}, "Share Holder Equity": {"2020-09-30": "641.42400", "2020-06-30": "326.02200", "2020-03-31": "682.71100", "2019-12-31": "947.66900", "2019-09-30": "956.11100", "2019-06-30": "919.68800", "2019-03-31": "965.59900", "2018-12-31": "974.27100", "2018-09-30": "937.93500", "2018-06-30": "881.52500", "2018-03-31": "845.99700", "2017-12-31": "698.50000", "2017-09-30": "645.08900", "2017-06-30": "649.83300", "2017-03-31": "670.72400", "2016-12-31": "625.61500", "2016-09-30": "753.29500", "2016-06-30": "712.68600", "2016-03-31": "652.59300", "2015-12-31": "484.14000", "2015-09-30": "458.74000", "2015-06-30": "309.09300", "2015-03-31": "286.78200", "2014-12-31": "84.38300", "2014-09-30": "69.04800", "2014-06-30": "50.47500", "2014-03-31": "-312.92900", "2013-12-31": "-317.69300", "2013-09-30": "0.00000", "2013-06-30": "0.00000", "2013-03-31": "0.00000", "2012-12-31": "-278.73000", "2011-12-31": "0.00000"}, "Total Liabilities And Share Holders Equity": {"2020-09-30": "6415.49700", "2020-06-30": "6129.20600", "2020-03-31": "5709.85800", "2019-12-31": "5689.95700", "2019-09-30": "5720.73400", "2019-06-30": "5770.07100", "2019-03-31": "5859.56300", "2018-12-31": "5806.38100", "2018-09-30": "5868.48200", "2018-06-30": "5783.28300", "2018-03-31": "5784.55200", "2017-12-31": "5649.36400", "2017-09-30": "5666.48800", "2017-06-30": "5689.87800", "2017-03-31": "5789.99900", "2016-12-31": "5724.57000", "2016-09-30": "5747.18600", "2016-06-30": "5547.42200", "2016-03-31": "5559.12300", "2015-12-31": "5393.62700", "2015-09-30": "5331.72000", "2015-06-30": "5051.57800", "2015-03-31": "4967.48000", "2014-12-31": "4643.07300", "2014-09-30": "4672.39400", "2014-06-30": "4715.70500", "2014-03-31": "4750.40800", "2013-12-31": "4755.70800", "2013-09-30": "0.00000", "2013-06-30": "0.00000", "2013-03-31": "0.00000", "2012-12-31": "4711.24000", "2011-12-31": "0.00000"}}, "cash flow statement": {"Net Income/Loss": {"2019-12-31": "162.54600", "2018-12-31": "342.66000", "2017-12-31": "247.64400", "2016-12-31": "246.93900", "2015-12-31": "548.96300", "2014-12-31": "71.95500", "2013-12-31": "-97.63100", "2012-12-31": "-609.83700", "2011-12-31": "-102.75500"}, "Total Depreciation And Amortization - Cash Flow": {"2019-12-31": "501.52800", "2018-12-31": "494.94700", "2017-12-31": "474.20500", "2016-12-31": "479.32100", "2015-12-31": "401.76000", "2014-12-31": "341.30400", "2013-12-31": "330.79100", "2012-12-31": "302.56800", "2011-12-31": "305.65600"}, "Other Non-Cash Items": {"2019-12-31": "68.37400", "2018-12-31": "109.92100", "2017-12-31": "153.91100", "2016-12-31": "72.58600", "2015-12-31": "-261.53700", "2014-12-31": "56.89700", "2013-12-31": "200.10000", "2012-12-31": "735.47300", "2011-12-31": "221.58000"}, "Total Non-Cash Items": {"2019-12-31": "569.90200", "2018-12-31": "604.86790", "2017-12-31": "628.11600", "2016-12-31": "551.90690", "2015-12-31": "140.22300", "2014-12-31": "398.20100", "2013-12-31": "530.89100", "2012-12-31": "1038.04100", "2011-12-31": "527.23600"}, "Change In Accounts Receivable": {"2019-12-31": "-33.91100", "2018-12-31": "-45.58600", "2017-12-31": "-108.59600", "2016-12-31": "-12.94900", "2015-12-31": "10.66200", "2014-12-31": "-7.29500", "2013-12-31": "-23.16900", "2012-12-31": "16.53200", "2011-12-31": "-49.22000"}, "Change In Inventories": {"2019-12-31": "", "2018-12-31": "", "2017-12-31": "", "2016-12-31": "", "2015-12-31": "", "2014-12-31": "", "2013-12-31": "", "2012-12-31": "", "2011-12-31": ""}, "Change In Accounts Payable": {"2019-12-31": "", "2018-12-31": "", "2017-12-31": "", "2016-12-31": "", "2015-12-31": "", "2014-12-31": "", "2013-12-31": "", "2012-12-31": "", "2011-12-31": ""}, "Change In Assets/Liabilities": {"2019-12-31": "-72.57600", "2018-12-31": "-135.02100", "2017-12-31": "-162.20300", "2016-12-31": "-146.05200", "2015-12-31": "-197.63000", "2014-12-31": "-122.02900", "2013-12-31": "-173.37700", "2012-12-31": "-37.96600", "2011-12-31": "-112.55200"}, "Total Change In Assets/Liabilities": {"2019-12-31": "-151.18800", "2018-12-31": "-222.73100", "2017-12-31": "-197.72700", "2016-12-31": "-99.44600", "2015-12-31": "-159.97900", "2014-12-31": "-82.49700", "2013-12-31": "-205.02800", "2012-12-31": "-120.04000", "2011-12-31": "-68.03700"}, "Cash Flow From Operating Activities": {"2019-12-31": "581.26000", "2018-12-31": "724.79700", "2017-12-31": "678.03300", "2016-12-31": "699.40000", "2015-12-31": "529.20700", "2014-12-31": "387.65900", "2013-12-31": "228.23200", "2012-12-31": "308.16400", "2011-12-31": "356.44400"}, "Net Change In Property, Plant, And Equipment": {"2019-12-31": "-115.16600", "2018-12-31": "-283.94000", "2017-12-31": "-316.43600", "2016-12-31": "-327.64700", "2015-12-31": "-286.69700", "2014-12-31": "-227.22700", "2013-12-31": "-209.52300", "2012-12-31": "-167.04300", "2011-12-31": "-164.63800"}, "Net Change In Intangible Assets": {"2019-12-31": "", "2018-12-31": "", "2017-12-31": "", "2016-12-31": "", "2015-12-31": "", "2014-12-31": "", "2013-12-31": "", "2012-12-31": "", "2011-12-31": ""}, "Net Acquisitions/Divestitures": {"2019-12-31": "-107.46200", "2018-12-31": "", "2017-12-31": "", "2016-12-31": "-164.12000", "2015-12-31": "-442.34400", "2014-12-31": "-31.79900", "2013-12-31": "-30.20000", "2012-12-31": "-44.52600", "2011-12-31": "-11.33800"}, "Net Change In Short-term Investments": {"2019-12-31": "", "2018-12-31": "", "2017-12-31": "", "2016-12-31": "", "2015-12-31": "", "2014-12-31": "", "2013-12-31": "", "2012-12-31": "", "2011-12-31": ""}, "Net Change In Long-Term Investments": {"2019-12-31": "", "2018-12-31": "", "2017-12-31": "", "2016-12-31": "45.95900", "2015-12-31": "", "2014-12-31": "", "2013-12-31": "", "2012-12-31": "", "2011-12-31": ""}, "Net Change In Investments - Total": {"2019-12-31": "", "2018-12-31": "", "2017-12-31": "", "2016-12-31": "45.95900", "2015-12-31": "", "2014-12-31": "", "2013-12-31": "", "2012-12-31": "", "2011-12-31": ""}, "Investing Activities - Other": {"2019-12-31": "-20.39800", "2018-12-31": "8.68100", "2017-12-31": "-1.08900", "2016-12-31": "", "2015-12-31": "", "2014-12-31": "0.23500", "2013-12-31": "-0.27600", "2012-12-31": "1.75400", "2011-12-31": "-0.28400"}, "Cash Flow From Investing Activities": {"2019-12-31": "-243.02600", "2018-12-31": "-275.25900", "2017-12-31": "-317.52500", "2016-12-31": "-445.80800", "2015-12-31": "-729.04100", "2014-12-31": "-258.79100", "2013-12-31": "-239.99900", "2012-12-31": "-209.81500", "2011-12-31": "-176.26000"}, "Net Long-Term Debt": {"2019-12-31": "-61.56000", "2018-12-31": "-47.31000", "2017-12-31": "17.11900", "2016-12-31": "55.13200", "2015-12-31": "291.19300", "2014-12-31": "-654.35700", "2013-12-31": "279.00200", "2012-12-31": "-699.66310", "2011-12-31": "-30.15000"}, "Net Current Debt": {"2019-12-31": "-101.48200", "2018-12-31": "-58.90800", "2017-12-31": "-99.24100", "2016-12-31": "", "2015-12-31": "", "2014-12-31": "", "2013-12-31": "", "2012-12-31": "719.50000", "2011-12-31": "-242.18800"}, "Debt Issuance/Retirement Net - Total": {"2019-12-31": "-163.04200", "2018-12-31": "-106.21800", "2017-12-31": "-82.12200", "2016-12-31": "55.13200", "2015-12-31": "291.19300", "2014-12-31": "-654.35700", "2013-12-31": "279.00200", "2012-12-31": "19.83690", "2011-12-31": "-272.33800"}, "Net Common Equity Issued/Repurchased": {"2019-12-31": "-77.63600", "2018-12-31": "-26.28100", "2017-12-31": "-109.10000", "2016-12-31": "-100.00000", "2015-12-31": "-98.77000", "2014-12-31": "672.13700", "2013-12-31": "", "2012-12-31": "", "2011-12-31": "1.20200"}, "Net Total Equity Issued/Repurchased": {"2019-12-31": "-77.63600", "2018-12-31": "-26.28100", "2017-12-31": "-109.10000", "2016-12-31": "-100.00000", "2015-12-31": "-98.77000", "2014-12-31": "672.13700", "2013-12-31": "", "2012-12-31": "", "2011-12-31": "1.20200"}, "Total Common And Preferred Stock Dividends Paid": {"2019-12-31": "-153.50800", "2018-12-31": "-154.08000", "2017-12-31": "-154.86100", "2016-12-31": "-144.35500", "2015-12-31": "-98.59600", "2014-12-31": "-47.90400", "2013-12-31": "", "2012-12-31": "", "2011-12-31": "-1.84300"}, "Financial Activities - Other": {"2019-12-31": "-15.53500", "2018-12-31": "-19.92700", "2017-12-31": "-10.69700", "2016-12-31": "-0.80200", "2015-12-31": "-0.68300", "2014-12-31": "-41.82100", "2013-12-31": "-16.83000", "2012-12-31": "-44.95700", "2011-12-31": "1.43900"}, "Cash Flow From Financial Activities": {"2019-12-31": "-409.72100", "2018-12-31": "-306.50600", "2017-12-31": "-356.78000", "2016-12-31": "-190.02500", "2015-12-31": "93.14400", "2014-12-31": "-71.94500", "2013-12-31": "262.17200", "2012-12-31": "-25.12000", "2011-12-31": "-271.54000"}, "Net Cash Flow": {"2019-12-31": "-73.08900", "2018-12-31": "147.88400", "2017-12-31": "-2.73300", "2016-12-31": "42.98200", "2015-12-31": "165.45300", "2014-12-31": "-152.55700", "2013-12-31": "181.54100", "2012-12-31": "68.34500", "2011-12-31": "-118.17100"}, "Stock-Based Compensation": {"2019-12-31": "66.88500", "2018-12-31": "57.26300", "2017-12-31": "44.68900", "2016-12-31": "48.52400", "2015-12-31": "29.97100", "2014-12-31": "20.09400", "2013-12-31": "3.38700", "2012-12-31": "4.36500", "2011-12-31": "7.33400"}, "Common Stock Dividends Paid": {"2019-12-31": "-153.50800", "2018-12-31": "-154.08000", "2017-12-31": "-154.86100", "2016-12-31": "-144.35500", "2015-12-31": "-98.59600", "2014-12-31": "-47.90400", "2013-12-31": "", "2012-12-31": "", "2011-12-31": "-1.84300"}}, "cash flow statement, quarterly": {"Net Income/Loss": {"2020-09-30": -310.093, "2020-06-30": -444.202, "2020-03-31": "-211.89700", "2019-12-31": 10.756, "2019-09-30": 64.584, "2019-06-30": 29.444, "2019-03-31": "57.76200", "2018-12-31": 85.55, "2018-09-30": 74.543, "2018-06-30": 93.325, "2018-03-31": "89.24200", "2017-12-31": 83.477, "2017-09-30": 92.296, "2017-06-30": -5.374, "2017-03-31": "77.24500", "2016-12-31": 25.711, "2016-09-30": 41.862, "2016-06-30": 73.097, "2016-03-31": "106.26900", "2015-12-31": 130.421, "2015-09-30": 177.016, "2015-06-30": 33.285, "2015-03-31": "208.24100", "2014-12-31": 46.964, "2014-09-30": 37.283, "2014-06-30": -10.195, "2014-03-31": "-2.09700", "2013-12-31": 27.489, "2013-09-30": 6.086, "2013-06-30": -116.025, "2013-03-31": "-15.18000", "2012-12-31": -567.92, "2011-12-31": -102.75}, "Total Depreciation And Amortization - Cash Flow": {"2020-09-30": 115.004, "2020-06-30": 118.482, "2020-03-31": "115.06700", "2019-12-31": 126.819, "2019-09-30": 125.459, "2019-06-30": 125.686, "2019-03-31": "123.56400", "2018-12-31": 127.084, "2018-09-30": 121.932, "2018-06-30": 123.596, "2018-03-31": "122.33500", "2017-12-31": 123.262, "2017-09-30": 116.323, "2017-06-30": 110.343, "2017-03-31": "124.27700", "2016-12-31": 125.255, "2016-09-30": 129.215, "2016-06-30": 114.285, "2016-03-31": "110.56600", "2015-12-31": 110.438, "2015-09-30": 99.474, "2015-06-30": 89.079, "2015-03-31": "102.76900", "2014-12-31": 82.332, "2014-09-30": 80.603, "2014-06-30": 84.006, "2014-03-31": "94.36300", "2013-12-31": 50.354, "2013-09-30": 87.438, "2013-06-30": 86.249, "2013-03-31": "90.64900", "2012-12-31": 33.34, "2011-12-31": 305.65}, "Other Non-Cash Items": {"2020-09-30": 37.309, "2020-06-30": 22.659, "2020-03-31": "37.28300", "2019-12-31": 27.789, "2019-09-30": 7.606, "2019-06-30": 25.121, "2019-03-31": "7.85800", "2018-12-31": -16.078, "2018-09-30": 35.737, "2018-06-30": 47.503, "2018-03-31": "42.75900", "2017-12-31": -16.741, "2017-09-30": 46.588, "2017-06-30": 81.101, "2017-03-31": "42.96300", "2016-12-31": -8.691, "2016-09-30": 28.007, "2016-06-30": 45.58, "2016-03-31": "7.69000", "2015-12-31": -64.704, "2015-09-30": -118.493, "2015-06-30": 61.387, "2015-03-31": "-139.72700", "2014-12-31": -64.596, "2014-09-30": 30.819, "2014-06-30": 47.83, "2014-03-31": "42.84400", "2013-12-31": -113.736, "2013-09-30": 2.073, "2013-06-30": 141.098, "2013-03-31": "28.13800", "2012-12-31": 25.48, "2011-12-31": 23.46}, "Total Non-Cash Items": {"2020-09-30": 152.313, "2020-06-30": 141.141, "2020-03-31": "152.35000", "2019-12-31": 154.608, "2019-09-30": 133.065, "2019-06-30": 150.807, "2019-03-31": "131.42200", "2018-12-31": 111.0059, "2018-09-30": 157.669, "2018-06-30": 171.099, "2018-03-31": "165.09400", "2017-12-31": 106.521, "2017-09-30": 162.911, "2017-06-30": 191.444, "2017-03-31": "167.24000", "2016-12-31": 116.5639, "2016-09-30": 157.222, "2016-06-30": 159.865, "2016-03-31": "118.25600", "2015-12-31": 45.734, "2015-09-30": -19.019, "2015-06-30": 150.466, "2015-03-31": "-36.95800", "2014-12-31": 17.736, "2014-09-30": 111.422, "2014-06-30": 131.836, "2014-03-31": "137.20700", "2013-12-31": -113.785, "2013-09-30": 89.511, "2013-06-30": 227.347, "2013-03-31": "118.78700", "2012-12-31": 58.82, "2011-12-31": 329.11}, "Change In Accounts Receivable": {"2020-09-30": 4.386, "2020-06-30": 57.483, "2020-03-31": "120.58000", "2019-12-31": 32.964, "2019-09-30": 36.986, "2019-06-30": -8.507, "2019-03-31": "-95.35400", "2018-12-31": 68.457, "2018-09-30": -30.881, "2018-06-30": 6.255, "2018-03-31": "-89.41700", "2017-12-31": 79.425, "2017-09-30": -62.108, "2017-06-30": -6.857, "2017-03-31": "-119.05600", "2016-12-31": 57.957, "2016-09-30": 12.645, "2016-06-30": -9.189, "2016-03-31": "-74.36200", "2015-12-31": 74.958, "2015-09-30": -16.649, "2015-06-30": 23.18, "2015-03-31": "-70.82700", "2014-12-31": 65.264, "2014-09-30": -47.049, "2014-06-30": 15.502, "2014-03-31": "-41.01200", "2013-12-31": 23.225, "2013-09-30": 30.601, "2013-06-30": 17.396, "2013-03-31": "-94.39100", "2012-12-31": 0, "2011-12-31": 0}, "Change In Inventories": {"2020-09-30": 0, "2020-06-30": 0, "2020-03-31": "", "2019-12-31": 0, "2019-09-30": 0, "2019-06-30": 0, "2019-03-31": "", "2018-12-31": 0, "2018-09-30": 0, "2018-06-30": 0, "2018-03-31": "", "2017-12-31": 0, "2017-09-30": 0, "2017-06-30": 0, "2017-03-31": "", "2016-12-31": 0, "2016-09-30": 0, "2016-06-30": 0, "2016-03-31": "", "2015-12-31": 0, "2015-09-30": 0, "2015-06-30": 0, "2015-03-31": "", "2014-12-31": 0, "2014-09-30": 0, "2014-06-30": 0, "2014-03-31": "", "2013-12-31": 0, "2013-09-30": 0, "2013-06-30": 0, "2013-03-31": "", "2012-12-31": 0, "2011-12-31": 0}, "Change In Accounts Payable": {"2020-09-30": 0, "2020-06-30": 0, "2020-03-31": "", "2019-12-31": 0, "2019-09-30": 0, "2019-06-30": 0, "2019-03-31": "", "2018-12-31": 0, "2018-09-30": 0, "2018-06-30": 0, "2018-03-31": "", "2017-12-31": 0, "2017-09-30": 0, "2017-06-30": 0, "2017-03-31": "", "2016-12-31": 0, "2016-09-30": 0, "2016-06-30": 0, "2016-03-31": "", "2015-12-31": 0, "2015-09-30": 0, "2015-06-30": 0, "2015-03-31": "", "2014-12-31": 0, "2014-09-30": 0, "2014-06-30": 0, "2014-03-31": "", "2013-12-31": 0, "2013-09-30": 0, "2013-06-30": 0, "2013-03-31": "", "2012-12-31": 0, "2011-12-31": 0}, "Change In Assets/Liabilities": {"2020-09-30": -10.896, "2020-06-30": 8.706, "2020-03-31": "4.25000", "2019-12-31": 12.283, "2019-09-30": -43.193, "2019-06-30": -15.233, "2019-03-31": "-26.43300", "2018-12-31": -65.359, "2018-09-30": -15.183, "2018-06-30": -39.602, "2018-03-31": "-14.87700", "2017-12-31": -64.763, "2017-09-30": -21.802, "2017-06-30": -39.702, "2017-03-31": "-35.93600", "2016-12-31": -6.037, "2016-09-30": -42.563, "2016-06-30": -63.429, "2016-03-31": "-34.02300", "2015-12-31": -67.757, "2015-09-30": -51.248, "2015-06-30": -77.087, "2015-03-31": "-1.53800", "2014-12-31": -50.774, "2014-09-30": -62.413, "2014-06-30": -14.517, "2014-03-31": "5.67500", "2013-12-31": -44.168, "2013-09-30": -58.768, "2013-06-30": -31.118, "2013-03-31": "-39.32300", "2012-12-31": 0, "2011-12-31": 0}, "Total Change In Assets/Liabilities": {"2020-09-30": -34.253, "2020-06-30": -132.406, "2020-03-31": "99.97800", "2019-12-31": -8.469, "2019-09-30": -30.945, "2019-06-30": -74.59, "2019-03-31": "-37.18400", "2018-12-31": -7.952, "2018-09-30": -37.858, "2018-06-30": -117.777, "2018-03-31": "-59.14400", "2017-12-31": 32.129, "2017-09-30": -77.177, "2017-06-30": -31.229, "2017-03-31": "-121.45000", "2016-12-31": 124.591, "2016-09-30": -30.334, "2016-06-30": -109.343, "2016-03-31": "-84.36000", "2015-12-31": -36.658, "2015-09-30": -36.286, "2015-06-30": -47.525, "2015-03-31": "-39.51000", "2014-12-31": 37.415, "2014-09-30": -67.617, "2014-06-30": -11.507, "2014-03-31": "-40.78800", "2013-12-31": -131.876, "2013-09-30": -14.591, "2013-06-30": -32.649, "2013-03-31": "-11.22400", "2012-12-31": -32.49, "2011-12-31": -68.03}, "Cash Flow From Operating Activities": {"2020-09-30": -192.033, "2020-06-30": -435.467, "2020-03-31": "40.43100", "2019-12-31": 156.895, "2019-09-30": 166.704, "2019-06-30": 105.661, "2019-03-31": "152.00000", "2018-12-31": 188.604, "2018-09-30": 194.354, "2018-06-30": 146.647, "2018-03-31": "195.19200", "2017-12-31": 222.127, "2017-09-30": 178.03, "2017-06-30": 154.841, "2017-03-31": "123.03500", "2016-12-31": 266.866, "2016-09-30": 168.75, "2016-06-30": 123.619, "2016-03-31": "140.16500", "2015-12-31": 139.497, "2015-09-30": 121.711, "2015-06-30": 136.226, "2015-03-31": "131.77300", "2014-12-31": 102.115, "2014-09-30": 81.088, "2014-06-30": 110.134, "2014-03-31": "94.32200", "2013-12-31": -94.882, "2013-09-30": 81.006, "2013-06-30": 78.673, "2013-03-31": "92.38300", "2012-12-31": -44.11, "2011-12-31": 356.44}, "Net Change In Property, Plant, And Equipment": {"2020-09-30": -8.926, "2020-06-30": -10.896, "2020-03-31": "-28.43700", "2019-12-31": -23.042, "2019-09-30": -24.928, "2019-06-30": -29.332, "2019-03-31": "-37.86400", "2018-12-31": -78.276, "2018-09-30": -73.778, "2018-06-30": -67.187, "2018-03-31": "-64.69900", "2017-12-31": -73.625, "2017-09-30": -75.401, "2017-06-30": -79.092, "2017-03-31": "-88.31800", "2016-12-31": -73.415, "2016-09-30": -89.639, "2016-06-30": -89.121, "2016-03-31": "-75.47200", "2015-12-31": -83.626, "2015-09-30": -75.108, "2015-06-30": -66.051, "2015-03-31": "-61.91200", "2014-12-31": -73.015, "2014-09-30": -47.742, "2014-06-30": -56.812, "2014-03-31": "-49.65800", "2013-12-31": -57.276, "2013-09-30": -57.257, "2013-06-30": -58.786, "2013-03-31": "-52.70100", "2012-12-31": -28.63, "2011-12-31": -164.63}, "Net Change In Intangible Assets": {"2020-09-30": 0, "2020-06-30": 0, "2020-03-31": "", "2019-12-31": 0, "2019-09-30": 0, "2019-06-30": 0, "2019-03-31": "", "2018-12-31": 0, "2018-09-30": 0, "2018-06-30": 0, "2018-03-31": "", "2017-12-31": 0, "2017-09-30": 0, "2017-06-30": 0, "2017-03-31": "", "2016-12-31": 0, "2016-09-30": 0, "2016-06-30": 0, "2016-03-31": "", "2015-12-31": 0, "2015-09-30": 0, "2015-06-30": 0, "2015-03-31": "", "2014-12-31": 0, "2014-09-30": 0, "2014-06-30": 0, "2014-03-31": "", "2013-12-31": 0, "2013-09-30": 0, "2013-06-30": 0, "2013-03-31": "", "2012-12-31": 0, "2011-12-31": 0}, "Net Acquisitions/Divestitures": {"2020-09-30": 0, "2020-06-30": 0, "2020-03-31": "", "2019-12-31": -107.462, "2019-09-30": 0, "2019-06-30": 0, "2019-03-31": "", "2018-12-31": 0, "2018-09-30": 0, "2018-06-30": 0, "2018-03-31": "", "2017-12-31": 0, "2017-09-30": 0, "2017-06-30": 0, "2017-03-31": "", "2016-12-31": 0.361, "2016-09-30": 0.496, "2016-06-30": -6.309, "2016-03-31": "-158.66800", "2015-12-31": -0.762, "2015-09-30": -441.582, "2015-06-30": 0, "2015-03-31": "", "2014-12-31": 0, "2014-09-30": -31.799, "2014-06-30": 0, "2014-03-31": "", "2013-12-31": 0.276, "2013-09-30": -30.476, "2013-06-30": 10, "2013-03-31": "", "2012-12-31": -33.19, "2011-12-31": -11.33}, "Net Change In Short-term Investments": {"2020-09-30": 0, "2020-06-30": 0, "2020-03-31": "", "2019-12-31": 0, "2019-09-30": 0, "2019-06-30": 0, "2019-03-31": "", "2018-12-31": 0, "2018-09-30": 0, "2018-06-30": 0, "2018-03-31": "", "2017-12-31": 0, "2017-09-30": 0, "2017-06-30": 0, "2017-03-31": "", "2016-12-31": 0, "2016-09-30": 0, "2016-06-30": 0, "2016-03-31": "", "2015-12-31": 0, "2015-09-30": 0, "2015-06-30": 0, "2015-03-31": "", "2014-12-31": 0, "2014-09-30": 0, "2014-06-30": 0, "2014-03-31": "", "2013-12-31": 0, "2013-09-30": 0, "2013-06-30": 0, "2013-03-31": "", "2012-12-31": 0, "2011-12-31": 0}, "Net Change In Long-Term Investments": {"2020-09-30": 0, "2020-06-30": 0, "2020-03-31": "", "2019-12-31": 0, "2019-09-30": 0, "2019-06-30": 0, "2019-03-31": "", "2018-12-31": 0, "2018-09-30": 0, "2018-06-30": 0, "2018-03-31": "", "2017-12-31": 0, "2017-09-30": 0, "2017-06-30": 0, "2017-03-31": "", "2016-12-31": 45.959, "2016-09-30": 0, "2016-06-30": 0, "2016-03-31": "", "2015-12-31": 0, "2015-09-30": 0, "2015-06-30": 0, "2015-03-31": "", "2014-12-31": 0, "2014-09-30": 0, "2014-06-30": 0, "2014-03-31": "", "2013-12-31": 0, "2013-09-30": 0, "2013-06-30": 0, "2013-03-31": "", "2012-12-31": 0, "2011-12-31": 0}, "Net Change In Investments - Total": {"2020-09-30": 0, "2020-06-30": 0, "2020-03-31": "", "2019-12-31": 0, "2019-09-30": 0, "2019-06-30": 0, "2019-03-31": "", "2018-12-31": 0, "2018-09-30": 0, "2018-06-30": 0, "2018-03-31": "", "2017-12-31": 0, "2017-09-30": 0, "2017-06-30": 0, "2017-03-31": "", "2016-12-31": 45.959, "2016-09-30": 0, "2016-06-30": 0, "2016-03-31": "", "2015-12-31": 0, "2015-09-30": 0, "2015-06-30": 0, "2015-03-31": "", "2014-12-31": 0, "2014-09-30": 0, "2014-06-30": 0, "2014-03-31": "", "2013-12-31": 0, "2013-09-30": 0, "2013-06-30": 0, "2013-03-31": "", "2012-12-31": 6.35, "2011-12-31": 0}, "Investing Activities - Other": {"2020-09-30": 0.038, "2020-06-30": 0, "2020-03-31": "-4.41300", "2019-12-31": -4.04, "2019-09-30": -7.391, "2019-06-30": -8.967, "2019-03-31": "", "2018-12-31": 8.681, "2018-09-30": 0, "2018-06-30": 0, "2018-03-31": "", "2017-12-31": -0.948, "2017-09-30": -0.141, "2017-06-30": 0, "2017-03-31": "", "2016-12-31": 0, "2016-09-30": 0, "2016-06-30": 0, "2016-03-31": "", "2015-12-31": -0.148, "2015-09-30": 0, "2015-06-30": 0, "2015-03-31": "0.14800", "2014-12-31": 0.001, "2014-09-30": -0.001, "2014-06-30": 0.235, "2014-03-31": "", "2013-12-31": -0.27, "2013-09-30": 3.475, "2013-06-30": -3.296, "2013-03-31": "-0.17900", "2012-12-31": -4.32, "2011-12-31": -0.28}, "Cash Flow From Investing Activities": {"2020-09-30": -8.888, "2020-06-30": -10.896, "2020-03-31": "-32.85000", "2019-12-31": -134.544, "2019-09-30": -32.319, "2019-06-30": -38.299, "2019-03-31": "-37.86400", "2018-12-31": -69.595, "2018-09-30": -73.778, "2018-06-30": -67.187, "2018-03-31": "-64.69900", "2017-12-31": -74.573, "2017-09-30": -75.542, "2017-06-30": -79.092, "2017-03-31": "-88.31800", "2016-12-31": -27.095, "2016-09-30": -89.143, "2016-06-30": -95.43, "2016-03-31": "-234.14000", "2015-12-31": -84.536, "2015-09-30": -516.69, "2015-06-30": -66.051, "2015-03-31": "-61.76400", "2014-12-31": -73.014, "2014-09-30": -79.542, "2014-06-30": -56.577, "2014-03-31": "-49.65800", "2013-12-31": -57.28, "2013-09-30": -84.258, "2013-06-30": -52.082, "2013-03-31": "-52.88000", "2012-12-31": -59.77, "2011-12-31": -176.26}, "Net Long-Term Debt": {"2020-09-30": -6.708, "2020-06-30": 1101.048, "2020-03-31": "356.04700", "2019-12-31": -18.952, "2019-09-30": -18.953, "2019-06-30": -11.827, "2019-03-31": "-11.82800", "2018-12-31": -11.827, "2018-09-30": -11.828, "2018-06-30": -11.827, "2018-03-31": "-11.82800", "2017-12-31": -11.851, "2017-09-30": -11.852, "2017-06-30": -12.25, "2017-03-31": "53.07200", "2016-12-31": -5.581, "2016-09-30": 168.509, "2016-06-30": -36.5, "2016-03-31": "-71.29600", "2015-12-31": 258.7, "2015-09-30": -76.292, "2015-06-30": 114.399, "2015-03-31": "-5.61400", "2014-12-31": -5.636, "2014-09-30": -5.602, "2014-06-30": -621.579, "2014-03-31": "-21.54000", "2013-12-31": -21.5229, "2013-09-30": 329.3699, "2013-06-30": -20.7039, "2013-03-31": "-8.14110", "2012-12-31": 0, "2011-12-31": 0}, "Net Current Debt": {"2020-09-30": 0, "2020-06-30": 0, "2020-03-31": "-71.95800", "2019-12-31": 0, "2019-09-30": 0, "2019-06-30": -28.692, "2019-03-31": "-72.79000", "2018-12-31": 0, "2018-09-30": 0, "2018-06-30": 0, "2018-03-31": "-58.90800", "2017-12-31": 0, "2017-09-30": 0, "2017-06-30": 0, "2017-03-31": "-99.24100", "2016-12-31": 0, "2016-09-30": 0, "2016-06-30": 0, "2016-03-31": "", "2015-12-31": 0, "2015-09-30": 0, "2015-06-30": 0, "2015-03-31": "", "2014-12-31": 0, "2014-09-30": 0, "2014-06-30": 0, "2014-03-31": "", "2013-12-31": 0, "2013-09-30": 0, "2013-06-30": 0, "2013-03-31": "", "2012-12-31": 160.18, "2011-12-31": -242.18}, "Debt Issuance/Retirement Net - Total": {"2020-09-30": -6.708, "2020-06-30": 1101.048, "2020-03-31": "284.08900", "2019-12-31": -18.952, "2019-09-30": -18.953, "2019-06-30": -40.519, "2019-03-31": "-84.61800", "2018-12-31": -11.827, "2018-09-30": -11.828, "2018-06-30": -11.827, "2018-03-31": "-70.73600", "2017-12-31": -11.851, "2017-09-30": -11.852, "2017-06-30": -12.25, "2017-03-31": "-46.16900", "2016-12-31": -5.581, "2016-09-30": 168.509, "2016-06-30": -36.5, "2016-03-31": "-71.29600", "2015-12-31": 258.7, "2015-09-30": -76.292, "2015-06-30": 114.399, "2015-03-31": "-5.61400", "2014-12-31": -5.636, "2014-09-30": -5.602, "2014-06-30": -621.579, "2014-03-31": "-21.54000", "2013-12-31": -21.5249, "2013-09-30": 329.3699, "2013-06-30": -20.7039, "2013-03-31": "-8.14110", "2012-12-31": 131.98, "2011-12-31": -30.15}, "Net Common Equity Issued/Repurchased": {"2020-09-30": 275.003, "2020-06-30": 0, "2020-03-31": "", "2019-12-31": 0, "2019-09-30": 0, "2019-06-30": -45.49, "2019-03-31": "-32.14600", "2018-12-31": 0, "2018-09-30": 0, "2018-06-30": -26.281, "2018-03-31": "", "2017-12-31": -11.429, "2017-09-30": -75.458, "2017-06-30": -10.673, "2017-03-31": "-11.54000", "2016-12-31": -100, "2016-09-30": 0, "2016-06-30": 0, "2016-03-31": "", "2015-12-31": -98.77, "2015-09-30": 0, "2015-06-30": 0, "2015-03-31": "", "2014-12-31": 0, "2014-09-30": -0.507, "2014-06-30": 672.644, "2014-03-31": "", "2013-12-31": 0, "2013-09-30": 0, "2013-06-30": -0.381, "2013-03-31": "0.38100", "2012-12-31": 0, "2011-12-31": 0}, "Net Total Equity Issued/Repurchased": {"2020-09-30": 597.888, "2020-06-30": 0, "2020-03-31": "", "2019-12-31": 0, "2019-09-30": 0, "2019-06-30": -45.49, "2019-03-31": "-32.14600", "2018-12-31": 0, "2018-09-30": 0, "2018-06-30": -26.281, "2018-03-31": "", "2017-12-31": -11.429, "2017-09-30": -75.458, "2017-06-30": -10.673, "2017-03-31": "-11.54000", "2016-12-31": -100, "2016-09-30": 0, "2016-06-30": 0, "2016-03-31": "", "2015-12-31": -98.77, "2015-09-30": 0, "2015-06-30": 0, "2015-03-31": "", "2014-12-31": 0, "2014-09-30": -0.507, "2014-06-30": 672.644, "2014-03-31": "", "2013-12-31": 3.07, "2013-09-30": 0, "2013-06-30": -0.381, "2013-03-31": "0.38100", "2012-12-31": 1.49, "2011-12-31": 1.2}, "Total Common And Preferred Stock Dividends Paid": {"2020-09-30": 0, "2020-06-30": 0, "2020-03-31": "-38.54400", "2019-12-31": -38.323, "2019-09-30": -38.31, "2019-06-30": -38.281, "2019-03-31": "-38.59400", "2018-12-31": -38.523, "2018-09-30": -38.504, "2018-06-30": -38.493, "2018-03-31": "-38.56000", "2017-12-31": -38.387, "2017-09-30": -38.54, "2017-06-30": -38.995, "2017-03-31": "-38.93900", "2016-12-31": -35.997, "2016-09-30": -36.298, "2016-06-30": -36.104, "2016-03-31": "-35.95600", "2015-12-31": -25.042, "2015-09-30": -24.635, "2015-06-30": -24.528, "2015-03-31": "-24.39100", "2014-12-31": -24.073, "2014-09-30": -23.831, "2014-06-30": 0, "2014-03-31": "", "2013-12-31": -2.44, "2013-09-30": 0, "2013-06-30": 0, "2013-03-31": "", "2012-12-31": -0.37, "2011-12-31": -1.84}, "Financial Activities - Other": {"2020-09-30": -25.569, "2020-06-30": -31.001, "2020-03-31": "-7.39900", "2019-12-31": -1.022, "2019-09-30": -1.186, "2019-06-30": -4.371, "2019-03-31": "-8.95600", "2018-12-31": -3.747, "2018-09-30": -0.552, "2018-06-30": 3.547, "2018-03-31": "-19.17500", "2017-12-31": 5.823, "2017-09-30": -12.774, "2017-06-30": 7.394, "2017-03-31": "-11.14000", "2016-12-31": -1.8, "2016-09-30": -4.524, "2016-06-30": 9.172, "2016-03-31": "-3.65000", "2015-12-31": -2.489, "2015-09-30": 27.439, "2015-06-30": -33.357, "2015-03-31": "7.72400", "2014-12-31": 17.048, "2014-09-30": -25.765, "2014-06-30": -26.042, "2014-03-31": "-7.06200", "2013-12-31": 8.348, "2013-09-30": -4.486, "2013-06-30": -3.015, "2013-03-31": "-18.30700", "2012-12-31": -46.86, "2011-12-31": 1.43}, "Cash Flow From Financial Activities": {"2020-09-30": 565.611, "2020-06-30": 1070.047, "2020-03-31": "238.14600", "2019-12-31": -58.297, "2019-09-30": -58.449, "2019-06-30": -128.661, "2019-03-31": "-164.31400", "2018-12-31": -54.097, "2018-09-30": -50.884, "2018-06-30": -73.054, "2018-03-31": "-128.47100", "2017-12-31": -55.844, "2017-09-30": -138.624, "2017-06-30": -54.524, "2017-03-31": "-107.78800", "2016-12-31": -143.378, "2016-09-30": 127.687, "2016-06-30": -63.432, "2016-03-31": "-110.90200", "2015-12-31": 132.399, "2015-09-30": -73.488, "2015-06-30": 56.514, "2015-03-31": "-22.28100", "2014-12-31": -12.661, "2014-09-30": -55.705, "2014-06-30": 25.023, "2014-03-31": "-28.60200", "2013-12-31": -12.547, "2013-09-30": 324.884, "2013-06-30": -24.1, "2013-03-31": "-26.06700", "2012-12-31": 246.42, "2011-12-31": -271.54}, "Net Cash Flow": {"2020-09-30": 362.064, "2020-06-30": 621.816, "2020-03-31": "248.29600", "2019-12-31": -37.252, "2019-09-30": 76.58, "2019-06-30": -62.639, "2019-03-31": "-49.77800", "2018-12-31": 64.944, "2018-09-30": 74.318, "2018-06-30": 8.9, "2018-03-31": "-0.27800", "2017-12-31": 93.113, "2017-09-30": -38.428, "2017-06-30": 19.057, "2017-03-31": "-76.47500", "2016-12-31": 92.11, "2016-09-30": 203.692, "2016-06-30": -43.39, "2016-03-31": "-209.43000", "2015-12-31": 188.437, "2015-09-30": -445.338, "2015-06-30": 119.476, "2015-03-31": "302.87800", "2014-12-31": -2.068, "2014-09-30": -94.633, "2014-06-30": -33.976, "2014-03-31": "-21.88000", "2013-12-31": -183.353, "2013-09-30": 305.576, "2013-06-30": 35.779, "2013-03-31": "23.53800", "2012-12-31": 186.51, "2011-12-31": -118.17}, "Stock-Based Compensation": {"2020-09-30": 18.566, "2020-06-30": 8.762, "2020-03-31": "17.57700", "2019-12-31": 15.802, "2019-09-30": 17.094, "2019-06-30": 18.295, "2019-03-31": "15.69400", "2018-12-31": 15.818, "2018-09-30": 15.245, "2018-06-30": 13.594, "2018-03-31": "12.60600", "2017-12-31": 10.276, "2017-09-30": 11.655, "2017-06-30": 14.724, "2017-03-31": "8.03400", "2016-12-31": 12.512, "2016-09-30": 12.913, "2016-06-30": 12.81, "2016-03-31": "10.28900", "2015-12-31": 6.643, "2015-09-30": 7.204, "2015-06-30": 7.33, "2015-03-31": "8.79400", "2014-12-31": 6.245, "2014-09-30": 5.365, "2014-06-30": 4.885, "2014-03-31": "3.59900", "2013-12-31": -2.059, "2013-09-30": 2.686, "2013-06-30": 0.036, "2013-03-31": "2.72400", "2012-12-31": 0, "2011-12-31": 0}, "Common Stock Dividends Paid": {"2020-09-30": 0, "2020-06-30": 0, "2020-03-31": "-38.54400", "2019-12-31": -38.323, "2019-09-30": -38.31, "2019-06-30": -38.281, "2019-03-31": "-38.59400", "2018-12-31": -38.523, "2018-09-30": -38.504, "2018-06-30": -38.493, "2018-03-31": "-38.56000", "2017-12-31": -38.387, "2017-09-30": -38.54, "2017-06-30": -38.995, "2017-03-31": "-38.93900", "2016-12-31": -35.997, "2016-09-30": -36.298, "2016-06-30": -36.104, "2016-03-31": "-35.95600", "2015-12-31": -25.042, "2015-09-30": -24.635, "2015-06-30": -24.528, "2015-03-31": "-24.39100", "2014-12-31": -24.073, "2014-09-30": -23.831, "2014-06-30": 0, "2014-03-31": "", "2013-12-31": 0, "2013-09-30": 0, "2013-06-30": 0, "2013-03-31": "", "2012-12-31": 0, "2011-12-31": 0}}, "financial ratios": {"Current Ratio": {"2019-12-31": "1.09400", "2018-12-31": "1.16620", "2017-12-31": "0.98820", "2016-12-31": "0.73170", "2015-12-31": "0.77770", "2014-12-31": "0.77580", "2013-12-31": "0.76640", "2012-12-31": "0.63840", "2011-12-31": ""}, "Long-term Debt / Capital": {"2019-12-31": "0.77490", "2018-12-31": "0.77400", "2017-12-31": "0.82950", "2016-12-31": "0.83970", "2015-12-31": "0.86750", "2014-12-31": "0.97300", "2013-12-31": "1.09550", "2012-12-31": "1.08870", "2011-12-31": ""}, "Debt/Equity Ratio": {"2019-12-31": "3.52810", "2018-12-31": "3.49580", "2017-12-31": "4.94760", "2016-12-31": "5.50740", "2015-12-31": "6.93940", "2014-12-31": "36.29220", "2013-12-31": "-11.73980", "2012-12-31": "-12.35640", "2011-12-31": ""}, "Gross Margin": {"2019-12-31": "23.64750", "2018-12-31": "27.81370", "2017-12-31": "30.14120", "2016-12-31": "32.18500", "2015-12-31": "34.34250", "2014-12-31": "33.78180", "2013-12-31": "32.42990", "2012-12-31": "33.87540", "2011-12-31": "39.21340"}, "Operating Margin": {"2019-12-31": "9.14260", "2018-12-31": "14.53380", "2017-12-31": "13.71240", "2016-12-31": "13.62350", "2015-12-31": "15.52800", "2014-12-31": "16.01210", "2013-12-31": "15.09500", "2012-12-31": "-0.27650", "2011-12-31": "4.49040"}, "EBIT Margin": {"2019-12-31": "9.14260", "2018-12-31": "14.53380", "2017-12-31": "13.71240", "2016-12-31": "13.62350", "2015-12-31": "15.52800", "2014-12-31": "16.01210", "2013-12-31": "15.09500", "2012-12-31": "-0.27650", "2011-12-31": "4.49040"}, "EBITDA Margin": {"2019-12-31": "21.75970", "2018-12-31": "27.33320", "2017-12-31": "26.89040", "2016-12-31": "27.83240", "2015-12-31": "29.09690", "2014-12-31": "28.98240", "2013-12-31": "28.20320", "2012-12-31": "12.42500", "2011-12-31": "15.19280"}, "Pre-Tax Profit Margin": {"2019-12-31": "5.02240", "2018-12-31": "10.30300", "2017-12-31": "10.49370", "2016-12-31": "9.72420", "2015-12-31": "11.95270", "2014-12-31": "4.45210", "2013-12-31": "4.20460", "2012-12-31": "-9.33330", "2011-12-31": "-0.75240"}, "Net Profit Margin": {"2019-12-31": "3.98970", "2018-12-31": "8.72860", "2017-12-31": "6.73980", "2016-12-31": "7.19050", "2015-12-31": "18.42290", "2014-12-31": "2.19810", "2013-12-31": "-5.43670", "2012-12-31": "-27.11580", "2011-12-31": "-3.45430"}, "Asset Turnover": {"2019-12-31": "0.69860", "2018-12-31": "0.66600", "2017-12-31": "0.63700", "2016-12-31": "0.58930", "2015-12-31": "0.54900", "2014-12-31": "0.56670", "2013-12-31": "0.53060", "2012-12-31": "0.50560", "2011-12-31": ""}, "Inventory Turnover Ratio": {"2019-12-31": "", "2018-12-31": "", "2017-12-31": "", "2016-12-31": "", "2015-12-31": "", "2014-12-31": "", "2013-12-31": "", "2012-12-31": "", "2011-12-31": ""}, "Receiveable Turnover": {"2019-12-31": "7.27310", "2018-12-31": "7.61030", "2017-12-31": "7.33550", "2016-12-31": "8.41940", "2015-12-31": "7.87910", "2014-12-31": "7.25090", "2013-12-31": "5.78700", "2012-12-31": "5.18340", "2011-12-31": ""}, "Days Sales In Receivables": {"2019-12-31": "50.18490", "2018-12-31": "47.96140", "2017-12-31": "49.75810", "2016-12-31": "43.35210", "2015-12-31": "46.32480", "2014-12-31": "50.33890", "2013-12-31": "63.07200", "2012-12-31": "70.41730", "2011-12-31": ""}, "ROE - Return On Equity": {"2019-12-31": "17.33850", "2018-12-31": "34.99240", "2017-12-31": "35.73030", "2016-12-31": "38.58440", "2015-12-31": "48.44780", "2014-12-31": "131.39250", "2013-12-31": "-5.46600", "2012-12-31": "24.56760", "2011-12-31": ""}, "Return On Tangible Equity": {"2019-12-31": "-7.27290", "2018-12-31": "-15.55760", "2017-12-31": "-9.82700", "2016-12-31": "-8.94610", "2015-12-31": "-8.39840", "2014-12-31": "-4.34950", "2013-12-31": "-1.72590", "2012-12-31": "6.45640", "2011-12-31": ""}, "ROA - Return On Assets": {"2019-12-31": "2.88780", "2018-12-31": "5.87150", "2017-12-31": "4.41780", "2016-12-31": "4.21670", "2015-12-31": "4.34870", "2014-12-31": "2.38790", "2013-12-31": "1.09480", "2012-12-31": "-4.57260", "2011-12-31": ""}, "ROI - Return On Investment": {"2019-12-31": "3.90340", "2018-12-31": "7.90680", "2017-12-31": "6.09130", "2016-12-31": "6.18650", "2015-12-31": "6.42000", "2014-12-31": "3.54860", "2013-12-31": "1.56550", "2012-12-31": "-6.85590", "2011-12-31": ""}, "Book Value Per Share": {"2019-12-31": "3.46200", "2018-12-31": "3.53830", "2017-12-31": "2.54610", "2016-12-31": "2.25890", "2015-12-31": "1.76080", "2014-12-31": "0.31510", "2013-12-31": "-1.77990", "2012-12-31": "-1.07810", "2011-12-31": ""}, "Operating Cash Flow Per Share": {"2019-12-31": -0.5073, "2018-12-31": 0.1755, "2017-12-31": -0.0373, "2016-12-31": 0.5839, "2015-12-31": 0.3185, "2014-12-31": 0.3373, "2013-12-31": -0.5052, "2012-12-31": -0.2782, "2011-12-31": 2.0172}, "Free Cash Flow Per Share": {"2019-12-31": 0.0988, "2018-12-31": 0.2894, "2017-12-31": -0.0156, "2016-12-31": 0.4489, "2015-12-31": 0.2157, "2014-12-31": 0.5491, "2013-12-31": -0.6953, "2012-12-31": -0.2891, "2011-12-31": 1.0855}}, "financial ratios, quarterly": {"Current Ratio": {"2020-09-30": "3.03210", "2020-06-30": "2.27160", "2020-03-31": "1.23470", "2019-12-31": "1.09400", "2019-09-30": "1.12480", "2019-06-30": "1.02880", "2019-03-31": "1.08210", "2018-12-31": "1.16620", "2018-09-30": "1.14460", "2018-06-30": "1.09170", "2018-03-31": "1.08380", "2017-12-31": "0.98820", "2017-09-30": "0.89500", "2017-06-30": "0.86060", "2017-03-31": "0.82400", "2016-12-31": "0.73170", "2016-09-30": "0.85190", "2016-06-30": "0.56470", "2016-03-31": "0.56640", "2015-12-31": "0.77770", "2015-09-30": "0.61810", "2015-06-30": "0.94340", "2015-03-31": "0.92290", "2014-12-31": "0.77580", "2014-09-30": "0.75480", "2014-06-30": "0.82410", "2014-03-31": "0.76330", "2013-12-31": "0.76640", "2013-09-30": "", "2013-06-30": "", "2013-03-31": "", "2012-12-31": "", "2011-12-31": ""}, "Long-term Debt / Capital": {"2020-09-30": "0.87850", "2020-06-30": "0.93390", "2020-03-31": "0.84130", "2019-12-31": "0.77490", "2019-09-30": "0.77430", "2019-06-30": "0.78200", "2019-03-31": "0.77460", "2018-12-31": "0.77400", "2018-09-30": "0.78150", "2018-06-30": "0.79290", "2018-03-31": "0.80010", "2017-12-31": "0.82950", "2017-09-30": "0.84090", "2017-06-30": "0.84060", "2017-03-31": "0.83680", "2016-12-31": "0.83970", "2016-09-30": "0.81480", "2016-06-30": "0.81220", "2016-03-31": "0.82540", "2015-12-31": "0.86750", "2015-09-30": "0.85480", "2015-06-30": "0.89750", "2015-03-31": "0.90280", "2014-12-31": "0.97300", "2014-09-30": "0.97800", "2014-06-30": "0.98380", "2014-03-31": "1.09460", "2013-12-31": "1.09550", "2013-09-30": "", "2013-06-30": "", "2013-03-31": "", "2012-12-31": "", "2011-12-31": ""}, "Debt/Equity Ratio": {"2020-09-30": "7.28470", "2020-06-30": "14.37440", "2020-03-31": "5.41820", "2019-12-31": "3.52810", "2019-09-30": "3.51670", "2019-06-30": "3.67690", "2019-03-31": "3.51470", "2018-12-31": "3.49580", "2018-09-30": "3.64610", "2018-06-30": "3.89320", "2018-03-31": "4.07120", "2017-12-31": "4.94760", "2017-09-30": "5.37840", "2017-06-30": "5.36450", "2017-03-31": "5.21680", "2016-12-31": "5.50740", "2016-09-30": "4.55190", "2016-06-30": "4.56860", "2016-03-31": "5.04190", "2015-12-31": "6.93940", "2015-09-30": "6.80410", "2015-06-30": "10.33740", "2015-03-31": "10.73780", "2014-12-31": "36.29220", "2014-09-30": "44.72050", "2014-06-30": "61.25610", "2014-03-31": "-11.85720", "2013-12-31": "-11.73980", "2013-09-30": "", "2013-06-30": "", "2013-03-31": "", "2012-12-31": "", "2011-12-31": ""}, "Gross Margin": {"2020-09-30": "-40.74620", "2020-06-30": "-322.12680", "2020-03-31": "7.20240", "2019-12-31": "21.17200", "2019-09-30": "24.61400", "2019-06-30": "23.66170", "2019-03-31": "24.94830", "2018-12-31": "27.11230", "2018-09-30": "27.50900", "2018-06-30": "26.67850", "2018-03-31": "29.89900", "2017-12-31": "28.42030", "2017-09-30": "29.82840", "2017-06-30": "28.60070", "2017-03-31": "33.62280", "2016-12-31": "29.67500", "2016-09-30": "29.24160", "2016-06-30": "34.18250", "2016-03-31": "35.51630", "2015-12-31": "33.54650", "2015-09-30": "35.04400", "2015-06-30": "34.78550", "2015-03-31": "33.97630", "2014-12-31": "33.94500", "2014-09-30": "34.41410", "2014-06-30": "34.61320", "2014-03-31": "32.17890", "2013-12-31": "42.19510", "2013-09-30": "38.89200", "2013-06-30": "39.16360", "2013-03-31": "36.55220", "2012-12-31": "", "2011-12-31": ""}, "Operating Margin": {"2020-09-30": "-83.72070", "2020-06-30": "-462.48980", "2020-03-31": "-22.97670", "2019-12-31": "6.12240", "2019-09-30": "11.52820", "2019-06-30": "8.19120", "2019-03-31": "10.52140", "2018-12-31": "13.09830", "2018-09-30": "14.09520", "2018-06-30": "14.10370", "2018-03-31": "16.73470", "2017-12-31": "15.26320", "2017-09-30": "19.63080", "2017-06-30": "2.07820", "2017-03-31": "17.84300", "2016-12-31": "6.74540", "2016-09-30": "10.74520", "2016-06-30": "16.80450", "2016-03-31": "19.94340", "2015-12-31": "14.42410", "2015-09-30": "13.85630", "2015-06-30": "17.33940", "2015-03-31": "16.75120", "2014-12-31": "16.05050", "2014-09-30": "17.52420", "2014-06-30": "14.86460", "2014-03-31": "15.56190", "2013-12-31": "108.79700", "2013-09-30": "9.66380", "2013-06-30": "-6.13030", "2013-03-31": "10.23620", "2012-12-31": "", "2011-12-31": ""}, "EBIT Margin": {"2020-09-30": "-83.72070", "2020-06-30": "-462.48980", "2020-03-31": "-22.97670", "2019-12-31": "6.12240", "2019-09-30": "11.52820", "2019-06-30": "8.19120", "2019-03-31": "10.52140", "2018-12-31": "13.09830", "2018-09-30": "14.09520", "2018-06-30": "14.10370", "2018-03-31": "16.73470", "2017-12-31": "15.26320", "2017-09-30": "19.63080", "2017-06-30": "2.07820", "2017-03-31": "17.84300", "2016-12-31": "6.74540", "2016-09-30": "10.74520", "2016-06-30": "16.80450", "2016-03-31": "19.94340", "2015-12-31": "14.42410", "2015-09-30": "13.85630", "2015-06-30": "17.33940", "2015-03-31": "16.75120", "2014-12-31": "16.05050", "2014-09-30": "17.52420", "2014-06-30": "14.86460", "2014-03-31": "15.56190", "2013-12-31": "108.79700", "2013-09-30": "9.66380", "2013-06-30": "-6.13030", "2013-03-31": "10.23620", "2012-12-31": "", "2011-12-31": ""}, "EBITDA Margin": {"2020-09-30": "", "2020-06-30": "", "2020-03-31": "", "2019-12-31": "", "2019-09-30": "", "2019-06-30": "", "2019-03-31": "", "2018-12-31": "", "2018-09-30": "", "2018-06-30": "", "2018-03-31": "", "2017-12-31": "", "2017-09-30": "", "2017-06-30": "", "2017-03-31": "", "2016-12-31": "", "2016-09-30": "", "2016-06-30": "", "2016-03-31": "", "2015-12-31": "", "2015-09-30": "", "2015-06-30": "", "2015-03-31": "", "2014-12-31": "", "2014-09-30": "", "2014-06-30": "", "2014-03-31": "", "2013-12-31": "", "2013-09-30": "", "2013-06-30": "", "2013-03-31": "", "2012-12-31": "", "2011-12-31": ""}, "Pre-Tax Profit Margin": {"2020-09-30": "-118.52210", "2020-06-30": "-540.97580", "2020-03-31": "-35.96860", "2019-12-31": "1.63230", "2019-09-30": "7.41470", "2019-06-30": "4.02390", "2019-03-31": "6.77150", "2018-12-31": "8.99950", "2018-09-30": "9.88370", "2018-06-30": "9.41100", "2018-03-31": "12.82150", "2017-12-31": "17.50640", "2017-09-30": "14.81450", "2017-06-30": "-2.17820", "2017-03-31": "11.95480", "2016-12-31": "4.55150", "2016-09-30": "5.89570", "2016-06-30": "12.59620", "2016-03-31": "15.62960", "2015-12-31": "8.42480", "2015-09-30": "20.52620", "2015-06-30": "7.39160", "2015-03-31": "10.78530", "2014-12-31": "-1.26010", "2014-09-30": "10.65980", "2014-06-30": "2.58970", "2014-03-31": "5.53260", "2013-12-31": "34.38230", "2013-09-30": "1.40910", "2013-06-30": "-14.48440", "2013-03-31": "-1.19990", "2012-12-31": "", "2011-12-31": ""}, "Net Profit Margin": {"2020-09-30": "-112.24440", "2020-06-30": "-534.81410", "2020-03-31": "-32.27430", "2019-12-31": "1.07190", "2019-09-30": "6.48380", "2019-06-30": "2.78380", "2019-03-31": "5.41760", "2018-12-31": "9.13490", "2018-09-30": "7.52410", "2018-06-30": "9.37100", "2018-03-31": "8.89140", "2017-12-31": "9.30870", "2017-09-30": "10.10310", "2017-06-30": "-0.72020", "2017-03-31": "8.29610", "2016-12-31": "2.96050", "2016-09-30": "4.86480", "2016-06-30": "8.52050", "2016-03-31": "12.23520", "2015-12-31": "17.06640", "2015-09-30": "22.46360", "2015-06-30": "4.55490", "2015-03-31": "29.21020", "2014-12-31": "7.18110", "2014-09-30": "5.43700", "2014-06-30": "-2.03160", "2014-03-31": "-1.79900", "2013-12-31": "4.26850", "2013-09-30": "-0.49880", "2013-06-30": "-16.38400", "2013-03-31": "-3.25750", "2012-12-31": "", "2011-12-31": ""}, "Asset Turnover": {"2020-09-30": "0.04340", "2020-06-30": "0.01350", "2020-03-31": "0.11540", "2019-12-31": "0.16550", "2019-09-30": "0.17200", "2019-06-30": "0.17330", "2019-03-31": "0.17910", "2018-12-31": "0.15910", "2018-09-30": "0.16530", "2018-06-30": "0.17020", "2018-03-31": "0.17090", "2017-12-31": "0.15610", "2017-09-30": "0.15890", "2017-06-30": "0.15830", "2017-03-31": "0.15810", "2016-12-31": "0.14490", "2016-09-30": "0.14600", "2016-06-30": "0.15240", "2016-03-31": "0.15460", "2015-12-31": "0.14060", "2015-09-30": "0.14720", "2015-06-30": "0.14000", "2015-03-31": "0.14300", "2014-12-31": "0.13920", "2014-09-30": "0.14390", "2014-06-30": "0.13710", "2014-03-31": "0.14030", "2013-12-31": "0.13180", "2013-09-30": "", "2013-06-30": "", "2013-03-31": "", "2012-12-31": "", "2011-12-31": ""}, "Inventory Turnover Ratio": {"2020-09-30": "", "2020-06-30": "", "2020-03-31": "", "2019-12-31": "", "2019-09-30": "", "2019-06-30": "", "2019-03-31": "", "2018-12-31": "", "2018-09-30": "", "2018-06-30": "", "2018-03-31": "", "2017-12-31": "", "2017-09-30": "", "2017-06-30": "", "2017-03-31": "", "2016-12-31": "", "2016-09-30": "", "2016-06-30": "", "2016-03-31": "", "2015-12-31": "", "2015-09-30": "", "2015-06-30": "", "2015-03-31": "", "2014-12-31": "", "2014-09-30": "", "2014-06-30": "", "2014-03-31": "", "2013-12-31": "", "2013-09-30": "", "2013-06-30": "", "2013-03-31": "", "2012-12-31": "", "2011-12-31": ""}, "Receiveable Turnover": {"2020-09-30": "0.98780", "2020-06-30": "0.28490", "2020-03-31": "1.82710", "2019-12-31": "1.72250", "2019-09-30": "1.69260", "2019-06-30": "1.65450", "2019-03-31": "1.69810", "2018-12-31": "1.81830", "2018-09-30": "1.64490", "2018-06-30": "1.75110", "2018-03-31": "1.69350", "2017-12-31": "1.79770", "2017-09-30": "1.58760", "2017-06-30": "1.75850", "2017-03-31": "1.78660", "2016-12-31": "2.07060", "2016-09-30": "1.85410", "2016-06-30": "1.81110", "2016-03-31": "1.88110", "2015-12-31": "2.01830", "2015-09-30": "1.63170", "2015-06-30": "1.65670", "2015-03-31": "1.55160", "2014-12-31": "1.78040", "2014-09-30": "1.35680", "2014-06-30": "1.32490", "2014-03-31": "1.35650", "2013-12-31": "1.43770", "2013-09-30": "", "2013-06-30": "", "2013-03-31": "", "2012-12-31": "", "2011-12-31": ""}, "Days Sales In Receivables": {"2020-09-30": "91.10700", "2020-06-30": "315.89520", "2020-03-31": "49.25960", "2019-12-31": "52.24860", "2019-09-30": "53.17310", "2019-06-30": "54.39600", "2019-03-31": "53.00050", "2018-12-31": "49.49630", "2018-09-30": "54.71310", "2018-06-30": "51.39620", "2018-03-31": "53.14430", "2017-12-31": "50.06480", "2017-09-30": "56.68840", "2017-06-30": "51.17900", "2017-03-31": "50.37470", "2016-12-31": "43.46570", "2016-09-30": "48.54030", "2016-06-30": "49.69250", "2016-03-31": "47.84480", "2015-12-31": "44.59200", "2015-09-30": "55.15730", "2015-06-30": "54.32630", "2015-03-31": "58.00530", "2014-12-31": "50.54920", "2014-09-30": "66.33500", "2014-06-30": "67.93040", "2014-03-31": "66.34660", "2013-12-31": "62.60150", "2013-09-30": "", "2013-06-30": "", "2013-03-31": "", "2012-12-31": "", "2011-12-31": ""}, "ROE - Return On Equity": {"2020-09-30": "-48.26390", "2020-06-30": "-136.04300", "2020-03-31": "-30.72620", "2019-12-31": "1.24770", "2019-09-30": "6.81720", "2019-06-30": "3.05470", "2019-03-31": "6.13240", "2018-12-31": "8.93260", "2018-09-30": "7.55690", "2018-06-30": "10.50060", "2018-03-31": "10.69140", "2017-12-31": "11.90850", "2017-09-30": "14.38950", "2017-06-30": "-0.63890", "2017-03-31": "11.58780", "2016-12-31": "4.95830", "2016-09-30": "5.60950", "2016-06-30": "10.55090", "2016-03-31": "14.23840", "2015-12-31": "6.09580", "2015-09-30": "26.83960", "2015-06-30": "10.54340", "2015-03-31": "17.20120", "2014-12-31": "48.86050", "2014-09-30": "59.71060", "2014-06-30": "12.78850", "2014-03-31": "-2.29650", "2013-12-31": "0.97400", "2013-09-30": "", "2013-06-30": "", "2013-03-31": "", "2012-12-31": "", "2011-12-31": ""}, "Return On Tangible Equity": {"2020-09-30": "12.29060", "2020-06-30": "15.57700", "2020-03-31": "8.37120", "2019-12-31": "-0.52340", "2019-09-30": "-3.02240", "2019-06-30": "-1.26950", "2019-03-31": "-2.71380", "2018-12-31": "-3.97140", "2018-09-30": "-3.15750", "2018-06-30": "-3.99280", "2018-03-31": "-3.80430", "2017-12-31": "-3.27520", "2017-09-30": "-3.55400", "2017-06-30": "0.15830", "2017-03-31": "-2.97200", "2016-12-31": "-1.14960", "2016-09-30": "-1.61830", "2016-06-30": "-2.79430", "2016-03-31": "-3.34580", "2015-12-31": "-1.05670", "2015-09-30": "-4.33620", "2015-06-30": "-1.42880", "2015-03-31": "-2.12130", "2014-12-31": "-1.61740", "2014-09-30": "-1.55430", "2014-06-30": "-0.24240", "2014-03-31": "-0.72010", "2013-12-31": "0.30760", "2013-09-30": "", "2013-06-30": "", "2013-03-31": "", "2012-12-31": "", "2011-12-31": ""}, "ROA - Return On Assets": {"2020-09-30": "-4.82520", "2020-06-30": "-7.23630", "2020-03-31": "-3.67380", "2019-12-31": "0.20780", "2019-09-30": "1.13940", "2019-06-30": "0.48690", "2019-03-31": "1.01060", "2018-12-31": "1.49880", "2018-09-30": "1.20780", "2018-06-30": "1.60060", "2018-03-31": "1.56360", "2017-12-31": "1.47240", "2017-09-30": "1.63810", "2017-06-30": "-0.07300", "2017-03-31": "1.34230", "2016-12-31": "0.54190", "2016-09-30": "0.73520", "2016-06-30": "1.35550", "2016-03-31": "1.67150", "2015-12-31": "0.54720", "2015-09-30": "2.30930", "2015-06-30": "0.64510", "2015-03-31": "0.99310", "2014-12-31": "0.88800", "2014-09-30": "0.88240", "2014-06-30": "0.13690", "2014-03-31": "0.46230", "2013-12-31": "-0.19510", "2013-09-30": "", "2013-06-30": "", "2013-03-31": "", "2012-12-31": "", "2011-12-31": ""}, "ROI - Return On Investment": {"2020-09-30": "-5.86230", "2020-06-30": "-8.98830", "2020-03-31": "-4.87610", "2019-12-31": "0.28090", "2019-09-30": "1.53860", "2019-06-30": "0.66600", "2019-03-31": "1.38230", "2018-12-31": "2.01840", "2018-09-30": "1.65080", "2018-06-30": "2.17480", "2018-03-31": "2.13680", "2017-12-31": "2.03020", "2017-09-30": "2.28880", "2017-06-30": "-0.10190", "2017-03-31": "1.89130", "2016-12-31": "0.79500", "2016-09-30": "1.03900", "2016-06-30": "1.98160", "2016-03-31": "2.48570", "2015-12-31": "0.80780", "2015-09-30": "3.89650", "2015-06-30": "1.08080", "2015-03-31": "1.67280", "2014-12-31": "1.31960", "2014-09-30": "1.31530", "2014-06-30": "0.20690", "2014-03-31": "0.66370", "2013-12-31": "-0.27900", "2013-09-30": "", "2013-06-30": "", "2013-03-31": "", "2012-12-31": "", "2011-12-31": ""}, "Book Value Per Share": {"2020-09-30": "2.02190", "2020-06-30": "1.18180", "2020-03-31": "2.47980", "2019-12-31": "3.46200", "2019-09-30": "3.49140", "2019-06-30": "3.36100", "2019-03-31": "3.50330", "2018-12-31": "3.53830", "2018-09-30": "3.40700", "2018-06-30": "3.20410", "2018-03-31": "3.06820", "2017-12-31": "2.54610", "2017-09-30": "2.34790", "2017-06-30": "2.33230", "2017-03-31": "2.40880", "2016-12-31": "2.25890", "2016-09-30": "2.69710", "2016-06-30": "2.56550", "2016-03-31": "2.35700", "2015-12-31": "1.76080", "2015-09-30": "1.65490", "2015-06-30": "1.13310", "2015-03-31": "1.05710", "2014-12-31": "0.31510", "2014-09-30": "0.26080", "2014-06-30": "0.19070", "2014-03-31": "-1.74810", "2013-12-31": "-1.77990", "2013-09-30": "", "2013-06-30": "", "2013-03-31": "", "2012-12-31": "", "2011-12-31": ""}, "Operating Cash Flow Per Share": {"2020-09-30": -0.5749, "2020-06-30": -1.5804, "2020-03-31": "0.14750", "2019-12-31": 0.5682, "2019-09-30": 0.6009, "2019-06-30": 0.3878, "2019-03-31": "0.54750", "2018-12-31": 0.6797, "2018-09-30": 0.6987, "2018-06-30": 0.5282, "2018-03-31": "0.70510", "2017-12-31": 0.7984, "2017-09-30": 0.6398, "2017-06-30": 0.5579, "2017-03-31": "0.44010", "2016-12-31": 0.9476, "2016-09-30": 0.5938, "2016-06-30": 0.435, "2016-03-31": "0.49710", "2015-12-31": 0.5047, "2015-09-30": 0.4247, "2015-06-30": 0.4839, "2015-03-31": "0.47630", "2014-12-31": 0.5264, "2014-09-30": 0.2344, "2014-06-30": 0.3079, "2014-03-31": "0.50240", "2013-12-31": -0.5674, "2013-09-30": 0.4543, "2013-06-30": 0.4416, "2013-03-31": "0.51910", "2012-12-31": 0, "2011-12-31": 0}, "Free Cash Flow Per Share": {"2020-09-30": -0.5973, "2020-06-30": -1.6194, "2020-03-31": "0.04380", "2019-12-31": 0.4847, "2019-09-30": 0.5113, "2019-06-30": 0.2803, "2019-03-31": "0.41110", "2018-12-31": 0.3976, "2018-09-30": 0.4335, "2018-06-30": 0.2861, "2018-03-31": "0.47140", "2017-12-31": 0.5337, "2017-09-30": 0.3688, "2017-06-30": 0.2725, "2017-03-31": "0.12420", "2016-12-31": 0.6858, "2016-09-30": 0.2785, "2016-06-30": 0.1211, "2016-03-31": "0.22940", "2015-12-31": 0.2026, "2015-09-30": 0.1616, "2015-06-30": 0.2492, "2015-03-31": "0.25250", "2014-12-31": 0.1697, "2014-09-30": 0.0922, "2014-06-30": 0.1504, "2014-03-31": "0.23790", "2013-12-31": -0.8389, "2013-09-30": 0.1332, "2013-06-30": 0.1115, "2013-03-31": "0.22300", "2012-12-31": 0, "2011-12-31": 0}}, "revenue": {"Sabre Annual Revenue (Millions of US $)": {"2019": "$3,975", "2018": "$3,867", "2017": "$3,598", "2016": "$3,373", "2015": "$2,961", "2014": "$2,631", "2013": "$2,524", "2012": "$2,382", "2011": "$2,856"}, "Sabre Quarterly Revenue (Millions of US $)": {"2020-09-30": "$278", "2020-06-30": "$83", "2020-03-31": "$659", "2019-12-31": "$941", "2019-09-30": "$984", "2019-06-30": "$1,000", "2019-03-31": "$1,049", "2018-12-31": "$924", "2018-09-30": "$970", "2018-06-30": "$984", "2018-03-31": "$988", "2017-12-31": "$882", "2017-09-30": "$901", "2017-06-30": "$901", "2017-03-31": "$915", "2016-12-31": "$830", "2016-09-30": "$839", "2016-06-30": "$845", "2016-03-31": "$860", "2015-12-31": "$758", "2015-09-30": "$785", "2015-06-30": "$707", "2015-03-31": "$710", "2014-12-31": "$646", "2014-09-30": "$672", "2014-06-30": "$646", "2014-03-31": "$666", "2013-12-31": "$627", "2013-09-30": "$776", "2013-06-30": "$768", "2013-03-31": "$759", "2012-12-31": "", "2011-12-31": ""}}, "gross-profit": {"Sabre Annual Gross Profit (Millions of US $)": {"2019": "$940", "2018": "$1,076", "2017": "$1,085", "2016": "$1,086", "2015": "$1,017", "2014": "$889", "2013": "$818", "2012": "$807", "2011": "$1,120"}, "Sabre Quarterly Gross Profit (Millions of US $)": {"2020-09-30": "$-113", "2020-06-30": "$-268", "2020-03-31": "$47", "2019-12-31": "$199", "2019-09-30": "$242", "2019-06-30": "$237", "2019-03-31": "$262", "2018-12-31": "$250", "2018-09-30": "$267", "2018-06-30": "$263", "2018-03-31": "$296", "2017-12-31": "$251", "2017-09-30": "$269", "2017-06-30": "$258", "2017-03-31": "$308", "2016-12-31": "$246", "2016-09-30": "$245", "2016-06-30": "$289", "2016-03-31": "$305", "2015-12-31": "$254", "2015-09-30": "$275", "2015-06-30": "$246", "2015-03-31": "$241", "2014-12-31": "$219", "2014-09-30": "$231", "2014-06-30": "$224", "2014-03-31": "$214", "2013-12-31": "$345", "2013-09-30": "$302", "2013-06-30": "$301", "2013-03-31": "$278", "2012-12-31": "", "2011-12-31": ""}}, "operating-income": {"Sabre Annual Operating Income (Millions of US $)": {"2019": "$363", "2018": "$562", "2017": "$493", "2016": "$460", "2015": "$460", "2014": "$421", "2013": "$381", "2012": "$-7", "2011": "$128"}, "Sabre Quarterly Operating Income (Millions of US $)": {"2020-09-30": "$-233", "2020-06-30": "$-384", "2020-03-31": "$-151", "2019-12-31": "$58", "2019-09-30": "$113", "2019-06-30": "$82", "2019-03-31": "$110", "2018-12-31": "$121", "2018-09-30": "$137", "2018-06-30": "$139", "2018-03-31": "$165", "2017-12-31": "$135", "2017-09-30": "$177", "2017-06-30": "$19", "2017-03-31": "$163", "2016-12-31": "$56", "2016-09-30": "$90", "2016-06-30": "$142", "2016-03-31": "$171", "2015-12-31": "$109", "2015-09-30": "$109", "2015-06-30": "$123", "2015-03-31": "$119", "2014-12-31": "$104", "2014-09-30": "$118", "2014-06-30": "$96", "2014-03-31": "$104", "2013-12-31": "$682", "2013-09-30": "$75", "2013-06-30": "$-47", "2013-03-31": "$78", "2012-12-31": "", "2011-12-31": ""}}, "ebitda": {"Sabre Annual EBITDA (Millions of US $)": {"2019": "$865", "2018": "$1,057", "2017": "$968", "2016": "$939", "2015": "$862", "2014": "$763", "2013": "$712", "2012": "$296", "2011": "$434"}, "Sabre Quarterly EBITDA (Millions of US $)": {"2020-09-30": "$-118", "2020-06-30": "$-266", "2020-03-31": "$-36", "2019-12-31": "$184", "2019-09-30": "$239", "2019-06-30": "$208", "2019-03-31": "$234", "2018-12-31": "$248", "2018-09-30": "$259", "2018-06-30": "$262", "2018-03-31": "$288", "2017-12-31": "$258", "2017-09-30": "$293", "2017-06-30": "$129", "2017-03-31": "$288", "2016-12-31": "$181", "2016-09-30": "$219", "2016-06-30": "$256", "2016-03-31": "$282", "2015-12-31": "$220", "2015-09-30": "$208", "2015-06-30": "$212", "2015-03-31": "$222", "2014-12-31": "$186", "2014-09-30": "$198", "2014-06-30": "$180", "2014-03-31": "$198", "2013-12-31": "$732", "2013-09-30": "$162", "2013-06-30": "$39", "2013-03-31": "$168", "2012-12-31": "", "2011-12-31": ""}}, "net-income": {"Sabre Annual Net Income (Millions of US $)": {"2019": "$159", "2018": "$338", "2017": "$243", "2016": "$243", "2015": "$545", "2014": "$58", "2013": "$-137", "2012": "$-646", "2011": "$-99"}, "Sabre Quarterly Net Income (Millions of US $)": {"2020-09-30": "$-312", "2020-06-30": "$-444", "2020-03-31": "$-213", "2019-12-31": "$10", "2019-09-30": "$64", "2019-06-30": "$28", "2019-03-31": "$57", "2018-12-31": "$84", "2018-09-30": "$73", "2018-06-30": "$92", "2018-03-31": "$88", "2017-12-31": "$82", "2017-09-30": "$91", "2017-06-30": "$-6", "2017-03-31": "$76", "2016-12-31": "$25", "2016-09-30": "$41", "2016-06-30": "$72", "2016-03-31": "$105", "2015-12-31": "$129", "2015-09-30": "$176", "2015-06-30": "$32", "2015-03-31": "$207", "2014-12-31": "$46", "2014-09-30": "$37", "2014-06-30": "$-13", "2014-03-31": "$-12", "2013-12-31": "$27", "2013-09-30": "$-4", "2013-06-30": "$-126", "2013-03-31": "$-25", "2012-12-31": "", "2011-12-31": ""}}, "eps-earnings-per-share-diluted": {"Sabre Annual EPS": {"2019": "$0.57", "2018": "$1.22", "2017": "$0.87", "2016": "$0.86", "2015": "$1.95", "2014": "$0.23", "2013": "$-0.74", "2012": "$-3.65", "2011": "$-0.56"}, "Sabre Quarterly EPS": {"2020-09-30": "$-1.07", "2020-06-30": "$-1.61", "2020-03-31": "$-0.78", "2019-12-31": "$0.04", "2019-09-30": "$0.23", "2019-06-30": "$0.10", "2019-03-31": "$0.20", "2018-12-31": "$0.31", "2018-09-30": "$0.26", "2018-06-30": "$0.33", "2018-03-31": "$0.32", "2017-12-31": "$0.29", "2017-09-30": "$0.33", "2017-06-30": "$-0.02", "2017-03-31": "$0.27", "2016-12-31": "$0.10", "2016-09-30": "$0.14", "2016-06-30": "$0.25", "2016-03-31": "$0.37", "2015-12-31": "$0.45", "2015-09-30": "$0.63", "2015-06-30": "$0.12", "2015-03-31": "$0.75", "2014-12-31": "$0.21", "2014-09-30": "$0.13", "2014-06-30": "$-0.05", "2014-03-31": "$-0.06", "2013-12-31": "$0.09", "2013-09-30": "$-0.02", "2013-06-30": "$-0.71", "2013-03-31": "$-0.14", "2012-12-31": "$0.00", "2011-12-31": "$0.00"}}, "shares-outstanding": {"Sabre Annual Shares Outstanding (Millions of Shares)": {"2019": "276", "2018": "278", "2017": "278", "2016": "283", "2015": "280", "2014": "247", "2013": "185", "2012": "177", "2011": "177"}, "Sabre Quarterly Shares Outstanding (Millions of Shares)": {"2020-09-30": "292", "2020-06-30": "276", "2020-03-31": "274", "2019-12-31": "276", "2019-09-30": "276", "2019-06-30": "275", "2019-03-31": "278", "2018-12-31": "278", "2018-09-30": "278", "2018-06-30": "277", "2018-03-31": "277", "2017-12-31": "278", "2017-09-30": "278", "2017-06-30": "278", "2017-03-31": "280", "2016-12-31": "283", "2016-09-30": "283", "2016-06-30": "283", "2016-03-31": "282", "2015-12-31": "280", "2015-09-30": "281", "2015-06-30": "279", "2015-03-31": "277", "2014-12-31": "247", "2014-09-30": "273", "2014-06-30": "252", "2014-03-31": "188", "2013-12-31": "185", "2013-09-30": "178", "2013-06-30": "178", "2013-03-31": "178", "2012-12-31": "", "2011-12-31": ""}}, "total-assets": {"Sabre Annual Total Assets (Millions of US $)": {"2019": "$5,690", "2018": "$5,806", "2017": "$5,649", "2016": "$5,725", "2015": "$5,394", "2014": "$4,643", "2013": "$4,756", "2012": "$4,711", "2011": "$0"}, "Sabre Quarterly Total Assets (Millions of US $)": {"2020-09-30": "$6,415", "2020-06-30": "$6,129", "2020-03-31": "$5,710", "2019-12-31": "$5,690", "2019-09-30": "$5,721", "2019-06-30": "$5,770", "2019-03-31": "$5,860", "2018-12-31": "$5,806", "2018-09-30": "$5,868", "2018-06-30": "$5,783", "2018-03-31": "$5,785", "2017-12-31": "$5,649", "2017-09-30": "$5,666", "2017-06-30": "$5,690", "2017-03-31": "$5,790", "2016-12-31": "$5,725", "2016-09-30": "$5,747", "2016-06-30": "$5,547", "2016-03-31": "$5,559", "2015-12-31": "$5,394", "2015-09-30": "$5,332", "2015-06-30": "$5,052", "2015-03-31": "$4,967", "2014-12-31": "$4,643", "2014-09-30": "$4,672", "2014-06-30": "$4,716", "2014-03-31": "$4,750", "2013-12-31": "$4,756", "2013-09-30": "$0", "2013-06-30": "$0", "2013-03-31": "$0", "2012-12-31": "$4,711", "2011-12-31": "$0"}}, "cash-on-hand": {"Sabre Annual Cash on Hand (Millions of US $)": {"2019": "$436", "2018": "$509", "2017": "$361", "2016": "$364", "2015": "$321", "2014": "$156", "2013": "$311", "2012": "$131", "2011": "$"}, "Sabre Quarterly Cash on Hand (Millions of US $)": {"2020-09-30": "$1,668", "2020-06-30": "$1,306", "2020-03-31": "$684", "2019-12-31": "$436", "2019-09-30": "$473", "2019-06-30": "$397", "2019-03-31": "$459", "2018-12-31": "$509", "2018-09-30": "$444", "2018-06-30": "$370", "2018-03-31": "$361", "2017-12-31": "$361", "2017-09-30": "$268", "2017-06-30": "$307", "2017-03-31": "$288", "2016-12-31": "$364", "2016-09-30": "$272", "2016-06-30": "$68", "2016-03-31": "$112", "2015-12-31": "$321", "2015-09-30": "$133", "2015-06-30": "$578", "2015-03-31": "$459", "2014-12-31": "$156", "2014-09-30": "$159", "2014-06-30": "$253", "2014-03-31": "$287", "2013-12-31": "$311", "2013-09-30": "", "2013-06-30": "", "2013-03-31": "", "2012-12-31": "$131", "2011-12-31": ""}}, "long-term-debt": {"Sabre Annual Long Term Debt (Millions of US $)": {"2019": "$3,262", "2018": "$3,337", "2017": "$3,399", "2016": "$3,276", "2015": "$3,169", "2014": "$3,040", "2013": "$3,644", "2012": "$3,421", "2011": "$"}, "Sabre Quarterly Long Term Debt (Millions of US $)": {"2020-09-30": "$4,639", "2020-06-30": "$4,608", "2020-03-31": "$3,619", "2019-12-31": "$3,262", "2019-09-30": "$3,280", "2019-06-30": "$3,299", "2019-03-31": "$3,318", "2018-12-31": "$3,337", "2018-09-30": "$3,356", "2018-06-30": "$3,375", "2018-03-31": "$3,387", "2017-12-31": "$3,399", "2017-09-30": "$3,411", "2017-06-30": "$3,426", "2017-03-31": "$3,439", "2016-12-31": "$3,276", "2016-09-30": "$3,314", "2016-06-30": "$3,082", "2016-03-31": "$3,085", "2015-12-31": "$3,169", "2015-09-30": "$2,701", "2015-06-30": "$2,706", "2015-03-31": "$2,662", "2014-12-31": "$3,040", "2014-09-30": "$3,065", "2014-06-30": "$3,070", "2014-03-31": "$3,622", "2013-12-31": "$3,644", "2013-09-30": "", "2013-06-30": "", "2013-03-31": "", "2012-12-31": "$3,421", "2011-12-31": ""}}, "total-liabilities": {"Sabre Annual Total Liabilities (Millions of US $)": {"2019": "$4,742", "2018": "$4,832", "2017": "$4,951", "2016": "$5,099", "2015": "$4,909", "2014": "$4,559", "2013": "$5,073", "2012": "$4,990", "2011": "$0"}, "Sabre Quarterly Total Liabilities (Millions of US $)": {"2020-09-30": "$5,774", "2020-06-30": "$5,803", "2020-03-31": "$5,027", "2019-12-31": "$4,742", "2019-09-30": "$4,765", "2019-06-30": "$4,850", "2019-03-31": "$4,894", "2018-12-31": "$4,832", "2018-09-30": "$4,931", "2018-06-30": "$4,902", "2018-03-31": "$4,939", "2017-12-31": "$4,951", "2017-09-30": "$5,021", "2017-06-30": "$5,040", "2017-03-31": "$5,119", "2016-12-31": "$5,099", "2016-09-30": "$4,994", "2016-06-30": "$4,835", "2016-03-31": "$4,907", "2015-12-31": "$4,909", "2015-09-30": "$4,873", "2015-06-30": "$4,742", "2015-03-31": "$4,681", "2014-12-31": "$4,559", "2014-09-30": "$4,603", "2014-06-30": "$4,665", "2014-03-31": "$5,063", "2013-12-31": "$5,073", "2013-09-30": "$0", "2013-06-30": "$0", "2013-03-31": "$0", "2012-12-31": "$4,990", "2011-12-31": "$0"}}, "total-share-holder-equity": {"Sabre Annual Share Holder Equity (Millions of US $)": {"2019": "$948", "2018": "$974", "2017": "$699", "2016": "$626", "2015": "$484", "2014": "$84", "2013": "$-318", "2012": "$-279", "2011": "$0"}, "Sabre Quarterly Share Holder Equity (Millions of US $)": {"2020-09-30": "$641", "2020-06-30": "$326", "2020-03-31": "$683", "2019-12-31": "$948", "2019-09-30": "$956", "2019-06-30": "$920", "2019-03-31": "$966", "2018-12-31": "$974", "2018-09-30": "$938", "2018-06-30": "$882", "2018-03-31": "$846", "2017-12-31": "$699", "2017-09-30": "$645", "2017-06-30": "$650", "2017-03-31": "$671", "2016-12-31": "$626", "2016-09-30": "$753", "2016-06-30": "$713", "2016-03-31": "$653", "2015-12-31": "$484", "2015-09-30": "$459", "2015-06-30": "$309", "2015-03-31": "$287", "2014-12-31": "$84", "2014-09-30": "$69", "2014-06-30": "$50", "2014-03-31": "$-313", "2013-12-31": "$-318", "2013-09-30": "$0", "2013-06-30": "$0", "2013-03-31": "$0", "2012-12-31": "$-279", "2011-12-31": "$0"}}, "profit-margins": {"current": "-48.78%"}, "gross margin": {"2020-09-30": "-6.88%", "2020-06-30": "8.25%", "2020-03-31": "20.23%", "2019-12-31": "23.65%", "2019-09-30": "25.04%", "2019-06-30": "25.77%", "2019-03-31": "26.53%", "2018-12-31": "27.83%", "2018-09-30": "28.16%", "2018-06-30": "28.74%", "2018-03-31": "29.25%", "2017-12-31": "30.18%", "2017-09-30": "30.48%", "2017-06-30": "30.33%", "2017-03-31": "31.73%", "2016-12-31": "32.16%", "2016-09-30": "33.10%", "2016-06-30": "34.58%", "2016-03-31": "34.73%", "2015-12-31": "34.32%", "2015-09-30": "34.45%", "2015-06-30": "34.26%", "2015-03-31": "34.22%", "2014-12-31": "33.76%", "2014-09-30": "38.84%", "2014-06-30": "39.96%", "2014-03-31": "40.96%", "2013-12-31": "41.84%"}, "operating margin": {"2020-09-30": "-36.21%", "2020-06-30": "-13.65%", "2020-03-31": "2.85%", "2019-12-31": "9.13%", "2019-09-30": "10.77%", "2019-06-30": "11.41%", "2019-03-31": "12.91%", "2018-12-31": "14.54%", "2018-09-30": "15.06%", "2018-06-30": "16.40%", "2018-03-31": "13.51%", "2017-12-31": "13.73%", "2017-09-30": "11.70%", "2017-06-30": "9.41%", "2017-03-31": "13.15%", "2016-12-31": "13.60%", "2016-09-30": "15.51%", "2016-06-30": "16.35%", "2016-03-31": "16.46%", "2015-12-31": "15.54%", "2015-09-30": "15.98%", "2015-06-30": "16.97%", "2015-03-31": "16.34%", "2014-12-31": "16.05%", "2014-09-30": "38.30%", "2014-06-30": "35.25%", "2014-03-31": "28.69%", "2013-12-31": "26.89%"}, "ebitda margin": {"2020-09-30": "-12.03%", "2020-06-30": "4.54%", "2020-03-31": "16.60%", "2019-12-31": "21.77%", "2019-09-30": "23.48%", "2019-06-30": "24.07%", "2019-03-31": "25.54%", "2018-12-31": "27.34%", "2018-09-30": "27.90%", "2018-06-30": "29.32%", "2018-03-31": "26.36%", "2017-12-31": "26.90%", "2017-09-30": "25.12%", "2017-06-30": "23.44%", "2017-03-31": "27.53%", "2016-12-31": "27.80%", "2016-09-30": "29.59%", "2016-06-30": "29.74%", "2016-03-31": "29.65%", "2015-12-31": "29.12%", "2015-09-30": "29.07%", "2015-06-30": "29.91%", "2015-03-31": "29.39%", "2014-12-31": "28.97%", "2014-09-30": "50.10%", "2014-06-30": "46.85%", "2014-03-31": "39.87%", "2013-12-31": "37.58%"}, "pre tax profit margin": {"2020-09-30": "-51.05%", "2020-06-30": "-22.42%", "2020-03-31": "-3.04%", "2019-12-31": "5.01%", "2019-09-30": "6.75%", "2019-06-30": "7.35%", "2019-03-31": "8.73%", "2018-12-31": "10.32%", "2018-09-30": "12.29%", "2018-06-30": "13.50%", "2018-03-31": "10.73%", "2017-12-31": "10.45%", "2017-09-30": "7.33%", "2017-06-30": "5.05%", "2017-03-31": "8.81%", "2016-12-31": "9.69%", "2016-09-30": "10.69%", "2016-06-30": "14.32%", "2016-03-31": "13.22%", "2015-12-31": "11.96%", "2015-09-30": "9.90%", "2015-06-30": "7.06%", "2015-03-31": "5.91%", "2014-12-31": "4.49%", "2014-09-30": "13.10%", "2014-06-30": "10.35%", "2014-03-31": "5.39%", "2013-12-31": "3.65%"}, "net profit margin": {"2020-09-30": "-48.90%", "2020-06-30": "-21.86%", "2020-03-31": "-3.10%", "2019-12-31": "4.00%", "2019-09-30": "5.89%", "2019-06-30": "6.14%", "2019-03-31": "7.79%", "2018-12-31": "8.72%", "2018-09-30": "8.76%", "2018-06-30": "9.40%", "2018-03-31": "6.94%", "2017-12-31": "6.75%", "2017-09-30": "5.24%", "2017-06-30": "3.90%", "2017-03-31": "6.24%", "2016-12-31": "7.20%", "2016-09-30": "10.51%", "2016-06-30": "14.84%", "2016-03-31": "14.21%", "2015-12-31": "18.38%", "2015-09-30": "16.19%", "2015-06-30": "11.77%", "2015-03-31": "10.36%", "2014-12-31": "2.21%", "2014-09-30": "1.49%", "2014-06-30": "-0.07%", "2014-03-31": "-4.05%", "2013-12-31": "-4.37%"}, "pe ratio": {"current": "0.00", "2021-02-05": "0.00", "2020-09-30": "0.00", "2020-06-30": "0.00", "2020-03-31": "0.00", "2019-12-31": "37.98", "2019-09-30": "25.87", "2019-06-30": "24.60", "2019-03-31": "18.59", "2018-12-31": "16.83", "2018-09-30": "20.15", "2018-06-30": "17.90", "2018-03-31": "21.33", "2017-12-31": "21.41", "2017-09-30": "24.66", "2017-06-30": "41.09", "2017-03-31": "25.44", "2016-12-31": "26.26", "2016-09-30": "20.56", "2016-06-30": "13.88", "2016-03-31": "16.14", "2015-12-31": "12.52", "2015-09-30": "14.24", "2015-06-30": "17.74", "2015-03-31": "21.11"}, "price sales": {"2021-02-05": "1.77", "2020-09-30": "0.92", "2020-06-30": "0.83", "2020-03-31": "0.46", "2019-12-31": "1.51", "2019-09-30": "1.50", "2019-06-30": "1.49", "2019-03-31": "1.43", "2018-12-31": "1.46", "2018-09-30": "1.77", "2018-06-30": "1.69", "2018-03-31": "1.50", "2017-12-31": "1.46", "2017-09-30": "1.30", "2017-06-30": "1.59", "2017-03-31": "1.57", "2016-12-31": "1.87", "2016-09-30": "2.14", "2016-06-30": "2.06", "2016-03-31": "2.30", "2015-12-31": "2.32", "2015-09-30": "2.26", "2015-06-30": "2.04", "2015-03-31": "2.07"}, "price book": {"current": "5.39", "2021-02-05": "6.20", "2020-09-30": "3.22", "2020-06-30": "6.82", "2020-03-31": "2.39", "2019-12-31": "6.25", "2019-09-30": "6.15", "2019-06-30": "6.29", "2019-03-31": "5.78", "2018-12-31": "5.75", "2018-09-30": "7.16", "2018-06-30": "7.15", "2018-03-31": "6.47", "2017-12-31": "7.40", "2017-09-30": "7.04", "2017-06-30": "8.46", "2017-03-31": "7.92", "2016-12-31": "9.88", "2016-09-30": "9.30", "2016-06-30": "9.25", "2016-03-31": "10.82", "2015-12-31": "13.94", "2015-09-30": "14.37", "2015-06-30": "18.31", "2015-03-31": "19.97", "2014-12-31": "55.66", "2014-09-30": "59.16", "2014-06-30": "90.10"}, "price fcf": {"2021-02-05": "", "2020-09-30": "$-1.69", "2020-06-30": "$-0.58", "2020-03-31": "$1.32", "2019-12-31": "$1.69", "2019-09-30": "$1.60", "2019-06-30": "$1.52", "2019-03-31": "$1.53", "2018-12-31": "$1.59", "2018-09-30": "$1.72", "2018-06-30": "$1.66", "2018-03-31": "$1.65", "2017-12-31": "$1.30", "2017-09-30": "$1.45", "2017-06-30": "$1.36", "2017-03-31": "$1.21", "2016-12-31": "$1.31", "2016-09-30": "$0.83", "2016-06-30": "$0.71", "2016-03-31": "$0.84", "2015-12-31": "$0.87", "2015-09-30": "$0.83", "2015-06-30": "$0.76", "2015-03-31": "$0.90"}, "net worth": {"value": "$3.98B"}, "current ratio": {"2020-09-30": "3.03", "2020-06-30": "2.27", "2020-03-31": "1.24", "2019-12-31": "1.09", "2019-09-30": "1.13", "2019-06-30": "1.03", "2019-03-31": "1.08", "2018-12-31": "1.17", "2018-09-30": "1.15", "2018-06-30": "1.09", "2018-03-31": "1.08", "2017-12-31": "0.99", "2017-09-30": "0.90", "2017-06-30": "0.86", "2017-03-31": "0.82", "2016-12-31": "0.73", "2016-09-30": "0.85", "2016-06-30": "0.57", "2016-03-31": "0.57", "2015-12-31": "0.78", "2015-09-30": "0.62", "2015-06-30": "0.94", "2015-03-31": "0.92", "2014-12-31": "0.78", "2014-09-30": "0.76", "2014-06-30": "0.82", "2014-03-31": "0.76", "2013-12-31": "0.77", "2013-09-30": "0.00", "2013-06-30": "0.00", "2013-03-31": "0.00", "2012-12-31": "0.64", "2011-12-31": "0.00"}, "quick ratio": {"2020-09-30": "0.00", "2020-06-30": "0.00", "2020-03-31": "0.00", "2019-12-31": "0.00", "2019-09-30": "0.00", "2019-06-30": "0.00", "2019-03-31": "0.00", "2018-12-31": "0.00", "2018-09-30": "0.00", "2018-06-30": "0.00", "2018-03-31": "0.00", "2017-12-31": "0.00", "2017-09-30": "0.00", "2017-06-30": "0.00", "2017-03-31": "0.00", "2016-12-31": "0.00", "2016-09-30": "0.00", "2016-06-30": "0.00", "2016-03-31": "0.00", "2015-12-31": "0.00", "2015-09-30": "0.00", "2015-06-30": "0.00", "2015-03-31": "0.00", "2014-12-31": "0.00", "2014-09-30": "0.00", "2014-06-30": "0.00", "2014-03-31": "0.00", "2013-12-31": "0.00", "2013-09-30": "0.00", "2013-06-30": "0.00", "2013-03-31": "0.00", "2012-12-31": "0.00", "2011-12-31": "0.00"}, "debt equity ratio": {"current": "7.23", "2020-09-30": "9.00", "2020-06-30": "17.80", "2020-03-31": "7.36", "2019-12-31": "5.00", "2019-09-30": "4.98", "2019-06-30": "5.27", "2019-03-31": "5.07", "2018-12-31": "4.96", "2018-09-30": "5.26", "2018-06-30": "5.56", "2018-03-31": "5.84", "2017-12-31": "7.09", "2017-09-30": "7.78", "2017-06-30": "7.76", "2017-03-31": "7.63", "2016-12-31": "8.15", "2016-09-30": "6.63", "2016-06-30": "6.78", "2016-03-31": "7.52", "2015-12-31": "10.14", "2015-09-30": "10.62", "2015-06-30": "15.34", "2015-03-31": "16.32", "2014-12-31": "54.02", "2014-09-30": "66.67", "2014-06-30": "92.43", "2014-03-31": "-16.18", "2013-12-31": "-15.97", "2013-09-30": "0.00", "2013-06-30": "0.00", "2013-03-31": "0.00", "2012-12-31": "-17.90", "2011-12-31": "0.00"}, "return on equity": {"2020-09-30": "-147.65%", "2020-06-30": "-80.05%", "2020-03-31": "-12.66%", "2019-12-31": "16.78%", "2019-09-30": "24.42%", "2019-06-30": "25.49%", "2019-03-31": "32.55%", "2018-12-31": "37.03%", "2018-09-30": "39.82%", "2018-06-30": "45.96%", "2018-03-31": "35.92%", "2017-12-31": "36.47%", "2017-09-30": "28.70%", "2017-06-30": "20.15%", "2017-03-31": "30.98%", "2016-12-31": "35.41%", "2016-09-30": "53.32%", "2016-06-30": "83.50%", "2016-03-31": "92.81%", "2015-12-31": "141.39%", "2015-09-30": "161.90%", "2015-06-30": "171.96%", "2015-03-31": "226.12%", "2014-12-31": "-210.91%", "2014-09-30": "-30.47%", "2014-06-30": "1.38%", "2014-03-31": "72.90%", "2013-12-31": "161.01%"}, "return on assets": {"2020-09-30": "-16.02%", "2020-06-30": "-10.03%", "2020-03-31": "-1.94%", "2019-12-31": "2.76%", "2019-09-30": "4.02%", "2019-06-30": "4.15%", "2019-03-31": "5.25%", "2018-12-31": "5.80%", "2018-09-30": "5.80%", "2018-06-30": "6.17%", "2018-03-31": "4.48%", "2017-12-31": "4.26%", "2017-09-30": "3.25%", "2017-06-30": "2.37%", "2017-03-31": "3.75%", "2016-12-31": "4.31%", "2016-09-30": "6.24%", "2016-06-30": "8.83%", "2016-03-31": "8.29%", "2015-12-31": "10.49%", "2015-09-30": "9.22%", "2015-06-30": "6.66%", "2015-03-31": "5.83%", "2014-12-31": "1.24%", "2014-09-30": "0.83%", "2014-06-30": "-0.06%", "2014-03-31": "-4.84%", "2013-12-31": "-10.77%"}, "return on investments": {"2020-09-30": "-15.17%", "2020-06-30": "-8.23%", "2020-03-31": "2.40%", "2019-12-31": "8.57%", "2019-09-30": "9.99%", "2019-06-30": "10.52%", "2019-03-31": "11.83%", "2018-12-31": "13.15%", "2018-09-30": "13.65%", "2018-06-30": "14.81%", "2018-03-31": "12.05%", "2017-12-31": "12.09%", "2017-09-30": "10.28%", "2017-06-30": "8.12%", "2017-03-31": "11.37%", "2016-12-31": "11.84%", "2016-09-30": "13.43%", "2016-06-30": "14.81%", "2016-03-31": "15.10%", "2015-12-31": "14.40%", "2015-09-30": "14.86%", "2015-06-30": "15.19%", "2015-03-31": "14.18%", "2014-12-31": "13.30%", "2014-09-30": "31.03%", "2014-06-30": "39.24%", "2014-03-31": "49.07%", "2013-12-31": "94.77%"}, "return on tangible equity": {"2020-09-30": "37.86%", "2020-06-30": "23.87%", "2020-03-31": "4.86%", "2019-12-31": "-7.22%", "2019-09-30": "-10.66%", "2019-06-30": "-10.96%", "2019-03-31": "-13.70%", "2018-12-31": "-14.76%", "2018-09-30": "-14.13%", "2018-06-30": "-14.34%", "2018-03-31": "-10.05%", "2017-12-31": "-9.35%", "2017-09-30": "-7.05%", "2017-06-30": "-5.16%", "2017-03-31": "-8.06%", "2016-12-31": "-9.02%", "2016-09-30": "-12.77%", "2016-06-30": "-17.37%", "2016-03-31": "-16.54%", "2015-12-31": "-21.25%", "2015-09-30": "-18.45%", "2015-06-30": "-13.13%", "2015-03-31": "-10.87%", "2014-12-31": "-2.13%", "2014-09-30": "-1.37%", "2014-06-30": "0.09%", "2014-03-31": "7.58%", "2013-12-31": "16.97%"}, "dividend yield history": {"last payout": "$0.00", "last yield": "0.00%"}}