{"ticker": "SAGE", "price": {"title": "Sage Therapeutics Historical Annual Stock Price Data", "value": 80.13, "historical": {"2020": {"Average Stock Price": "54.6933", "Year Open": "73.1600", "Year High": "89.0600", "Year Low": "25.9500", "Year Close": "86.5100", "Annual % Change": "19.84%"}, "2019": {"Average Stock Price": "151.4392", "Year Open": "89.4500", "Year High": "189.9600", "Year Low": "60.1800", "Year Close": "72.1900", "Annual % Change": "-24.64%"}, "2018": {"Average Stock Price": "148.8521", "Year Open": "166.6600", "Year High": "192.3300", "Year Low": "81.9400", "Year Close": "95.7900", "Annual % Change": "-41.84%"}, "2017": {"Average Stock Price": "76.6609", "Year Open": "50.7700", "Year High": "167.3400", "Year Low": "46.0100", "Year Close": "164.7100", "Annual % Change": "222.58%"}, "2016": {"Average Stock Price": "39.1110", "Year Open": "55.7200", "Year High": "56.5100", "Year Low": "26.9600", "Year Close": "51.0600", "Annual % Change": "-12.42%"}, "2015": {"Average Stock Price": "54.7103", "Year Open": "38.7000", "Year High": "86.7100", "Year Low": "36.9900", "Year Close": "58.3000", "Annual % Change": "59.29%"}, "2014": {"Average Stock Price": "33.5533", "Year Open": "30.1000", "Year High": "43.7500", "Year Low": "25.8600", "Year Close": "36.6000", "Annual % Change": "0.00%"}}}, "market cap": {"value": "$4.17B"}, "income statement": {"Revenue": {"2019-12-31": "6.86800", "2018-12-31": "90.27300", "2017-12-31": "", "2016-12-31": "", "2015-12-31": "", "2014-12-31": "", "2013-12-31": "", "2012-12-31": ""}, "Cost Of Goods Sold": {"2019-12-31": "0.40000", "2018-12-31": "", "2017-12-31": "", "2016-12-31": "", "2015-12-31": "", "2014-12-31": "", "2013-12-31": "", "2012-12-31": ""}, "Gross Profit": {"2019-12-31": "6.46800", "2018-12-31": "90.27300", "2017-12-31": "", "2016-12-31": "", "2015-12-31": "", "2014-12-31": "", "2013-12-31": "", "2012-12-31": ""}, "Research And Development Expenses": {"2019-12-31": "368.81500", "2018-12-31": "282.10700", "2017-12-31": "210.27700", "2016-12-31": "120.75600", "2015-12-31": "69.35700", "2014-12-31": "24.10000", "2013-12-31": "14.35700", "2012-12-31": "7.22900"}, "SG&A Expenses": {"2019-12-31": "345.77700", "2018-12-31": "201.40400", "2017-12-31": "62.87800", "2016-12-31": "39.40700", "2015-12-31": "25.29300", "2014-12-31": "9.71000", "2013-12-31": "3.92200", "2012-12-31": "2.40200"}, "Other Operating Income Or Expenses": {"2019-12-31": "", "2018-12-31": "", "2017-12-31": "", "2016-12-31": "", "2015-12-31": "", "2014-12-31": "", "2013-12-31": "", "2012-12-31": ""}, "Operating Expenses": {"2019-12-31": "714.99200", "2018-12-31": "483.51100", "2017-12-31": "273.15500", "2016-12-31": "160.16300", "2015-12-31": "94.65000", "2014-12-31": "33.81000", "2013-12-31": "18.27900", "2012-12-31": "9.63100"}, "Operating Income": {"2019-12-31": "-708.12400", "2018-12-31": "-393.23800", "2017-12-31": "-273.15500", "2016-12-31": "-160.16300", "2015-12-31": "-94.65000", "2014-12-31": "-33.81000", "2013-12-31": "-18.27900", "2012-12-31": "-9.63100"}, "Total Non-Operating Income/Expense": {"2019-12-31": "27.88600", "2018-12-31": "20.35600", "2017-12-31": "3.03500", "2016-12-31": "1.17600", "2015-12-31": "0.15500", "2014-12-31": "-0.00100", "2013-12-31": "-0.00200", "2012-12-31": "-0.00100"}, "Pre-Tax Income": {"2019-12-31": "-680.23800", "2018-12-31": "-372.88200", "2017-12-31": "-270.12000", "2016-12-31": "-158.98700", "2015-12-31": "-94.49500", "2014-12-31": "-33.81100", "2013-12-31": "-18.28100", "2012-12-31": "-9.63200"}, "Income Taxes": {"2019-12-31": "", "2018-12-31": "", "2017-12-31": "", "2016-12-31": "", "2015-12-31": "", "2014-12-31": "", "2013-12-31": "", "2012-12-31": ""}, "Income After Taxes": {"2019-12-31": "-680.23800", "2018-12-31": "-372.88200", "2017-12-31": "-270.12000", "2016-12-31": "-158.98700", "2015-12-31": "-94.49500", "2014-12-31": "-33.81100", "2013-12-31": "-18.28100", "2012-12-31": "-9.63200"}, "Other Income": {"2019-12-31": "", "2018-12-31": "", "2017-12-31": "", "2016-12-31": "", "2015-12-31": "", "2014-12-31": "", "2013-12-31": "", "2012-12-31": ""}, "Income From Continuous Operations": {"2019-12-31": "-680.23800", "2018-12-31": "-372.88200", "2017-12-31": "-270.12000", "2016-12-31": "-158.98700", "2015-12-31": "-94.49500", "2014-12-31": "-33.81100", "2013-12-31": "-18.28100", "2012-12-31": "-9.63200"}, "Income From Discontinued Operations": {"2019-12-31": "", "2018-12-31": "", "2017-12-31": "", "2016-12-31": "", "2015-12-31": "", "2014-12-31": "", "2013-12-31": "", "2012-12-31": ""}, "Net Income": {"2019-12-31": "-680.23800", "2018-12-31": "-372.88200", "2017-12-31": "-270.12000", "2016-12-31": "-158.98700", "2015-12-31": "-94.49500", "2014-12-31": "-36.10500", "2013-12-31": "-18.28800", "2012-12-31": "-9.63600"}, "EBITDA": {"2019-12-31": "-712.80700", "2018-12-31": "-401.98700", "2017-12-31": "-272.91700", "2016-12-31": "-159.59600", "2015-12-31": "-94.53500", "2014-12-31": "-33.75900", "2013-12-31": "-18.23200", "2012-12-31": "-9.58700"}, "EBIT": {"2019-12-31": "-708.12400", "2018-12-31": "-393.23800", "2017-12-31": "-273.15500", "2016-12-31": "-160.16300", "2015-12-31": "-94.65000", "2014-12-31": "-33.81000", "2013-12-31": "-18.27900", "2012-12-31": "-9.63100"}, "Basic Shares Outstanding": {"2019-12-31": "50.83400", "2018-12-31": "46.12100", "2017-12-31": "38.11400", "2016-12-31": "33.49300", "2015-12-31": "27.77800", "2014-12-31": "21.57400", "2013-12-31": "1.49200", "2012-12-31": "1.11800"}, "Shares Outstanding": {"2019-12-31": "50.83400", "2018-12-31": "46.12100", "2017-12-31": "38.11400", "2016-12-31": "33.49300", "2015-12-31": "27.77800", "2014-12-31": "21.57400", "2013-12-31": "1.49200", "2012-12-31": "1.11800"}, "Basic EPS": {"2019-12-31": "-13.38000", "2018-12-31": "-8.08000", "2017-12-31": "-7.09000", "2016-12-31": "-4.75000", "2015-12-31": "-3.40000", "2014-12-31": "-1.67000", "2013-12-31": "-12.26000", "2012-12-31": "-8.62000"}, "EPS - Earnings Per Share": {"2019-12-31": "-13.38000", "2018-12-31": "-8.08000", "2017-12-31": "-7.09000", "2016-12-31": "-4.75000", "2015-12-31": "-3.40000", "2014-12-31": "-1.67000", "2013-12-31": "-12.26000", "2012-12-31": "-8.62000"}}, "income statement, quarterly": {"Revenue": {"2020-09-30": "1.63900", "2020-06-30": "1.08900", "2020-03-31": "2.28600", "2019-12-31": "1.96000", "2019-09-30": "3.57000", "2019-06-30": "0.87300", "2019-03-31": "0.46500", "2018-12-31": "0.27300", "2018-09-30": "", "2018-06-30": "90.00000", "2018-03-31": "", "2017-12-31": "", "2017-09-30": "", "2017-06-30": "", "2017-03-31": "", "2016-12-31": "", "2016-09-30": "", "2016-06-30": "", "2016-03-31": "", "2015-12-31": "", "2015-09-30": "", "2015-06-30": "", "2015-03-31": "", "2014-12-31": "", "2014-09-30": "", "2014-06-30": "", "2014-03-31": "", "2013-12-31": "", "2013-09-30": "", "2013-06-30": "", "2012-12-31": ""}, "Cost Of Goods Sold": {"2020-09-30": "0.14900", "2020-06-30": "0.11000", "2020-03-31": "0.17000", "2019-12-31": "0.21900", "2019-09-30": "0.13700", "2019-06-30": "0.04400", "2019-03-31": "", "2018-12-31": "", "2018-09-30": "", "2018-06-30": "", "2018-03-31": "", "2017-12-31": "", "2017-09-30": "", "2017-06-30": "", "2017-03-31": "", "2016-12-31": "", "2016-09-30": "", "2016-06-30": "", "2016-03-31": "", "2015-12-31": "", "2015-09-30": "", "2015-06-30": "", "2015-03-31": "", "2014-12-31": "", "2014-09-30": "", "2014-06-30": "", "2014-03-31": "", "2013-12-31": "", "2013-09-30": "", "2013-06-30": "", "2012-12-31": ""}, "Gross Profit": {"2020-09-30": "1.49000", "2020-06-30": "0.97900", "2020-03-31": "2.11600", "2019-12-31": "1.74100", "2019-09-30": "3.43300", "2019-06-30": "0.82900", "2019-03-31": "0.46500", "2018-12-31": "0.27300", "2018-09-30": "", "2018-06-30": "90.00000", "2018-03-31": "", "2017-12-31": "", "2017-09-30": "", "2017-06-30": "", "2017-03-31": "", "2016-12-31": "", "2016-09-30": "", "2016-06-30": "", "2016-03-31": "", "2015-12-31": "", "2015-09-30": "", "2015-06-30": "", "2015-03-31": "", "2014-12-31": "", "2014-09-30": "", "2014-06-30": "", "2014-03-31": "", "2013-12-31": "", "2013-09-30": "", "2013-06-30": "", "2012-12-31": ""}, "Research And Development Expenses": {"2020-09-30": "74.07800", "2020-06-30": "73.32000", "2020-03-31": "63.61000", "2019-12-31": "91.25000", "2019-09-30": "102.10800", "2019-06-30": "89.05900", "2019-03-31": "86.39800", "2018-12-31": "88.80500", "2018-09-30": "75.05200", "2018-06-30": "68.98000", "2018-03-31": "49.27000", "2017-12-31": "50.89100", "2017-09-30": "58.28600", "2017-06-30": "55.90000", "2017-03-31": "45.20000", "2016-12-31": "42.00400", "2016-09-30": "29.07500", "2016-06-30": "26.09600", "2016-03-31": "23.58100", "2015-12-31": "20.37600", "2015-09-30": "17.47800", "2015-06-30": "18.60300", "2015-03-31": "12.90000", "2014-12-31": "8.94500", "2014-09-30": "6.60100", "2014-06-30": "4.38100", "2014-03-31": "4.17300", "2013-12-31": "", "2013-09-30": "3.40800", "2013-06-30": "3.85400", "2012-12-31": ""}, "SG&A Expenses": {"2020-09-30": "35.09900", "2020-06-30": "38.22400", "2020-03-31": "70.13000", "2019-12-31": "85.12900", "2019-09-30": "88.50200", "2019-06-30": "88.22700", "2019-03-31": "83.91900", "2018-12-31": "75.69500", "2018-09-30": "53.69300", "2018-06-30": "43.16700", "2018-03-31": "28.84900", "2017-12-31": "19.55700", "2017-09-30": "16.08700", "2017-06-30": "14.95400", "2017-03-31": "12.28000", "2016-12-31": "14.37500", "2016-09-30": "8.98900", "2016-06-30": "8.91000", "2016-03-31": "7.13300", "2015-12-31": "8.23600", "2015-09-30": "6.60400", "2015-06-30": "6.45600", "2015-03-31": "3.99700", "2014-12-31": "3.41700", "2014-09-30": "2.86900", "2014-06-30": "1.80700", "2014-03-31": "1.61700", "2013-12-31": "", "2013-09-30": "1.11100", "2013-06-30": "0.80100", "2012-12-31": ""}, "Other Operating Income Or Expenses": {"2020-09-30": "", "2020-06-30": "", "2020-03-31": "", "2019-12-31": "", "2019-09-30": "", "2019-06-30": "", "2019-03-31": "", "2018-12-31": "", "2018-09-30": "", "2018-06-30": "", "2018-03-31": "", "2017-12-31": "", "2017-09-30": "", "2017-06-30": "", "2017-03-31": "", "2016-12-31": "", "2016-09-30": "", "2016-06-30": "", "2016-03-31": "", "2015-12-31": "", "2015-09-30": "", "2015-06-30": "", "2015-03-31": "", "2014-12-31": "", "2014-09-30": "", "2014-06-30": "", "2014-03-31": "", "2013-12-31": "", "2013-09-30": "", "2013-06-30": "", "2012-12-31": ""}, "Operating Expenses": {"2020-09-30": "108.79700", "2020-06-30": "140.05600", "2020-03-31": "133.91000", "2019-12-31": "176.59800", "2019-09-30": "190.74700", "2019-06-30": "177.33000", "2019-03-31": "170.31700", "2018-12-31": "164.50000", "2018-09-30": "128.74500", "2018-06-30": "112.14700", "2018-03-31": "78.11900", "2017-12-31": "70.44800", "2017-09-30": "74.37300", "2017-06-30": "70.85400", "2017-03-31": "57.48000", "2016-12-31": "56.37900", "2016-09-30": "38.06400", "2016-06-30": "35.00600", "2016-03-31": "30.71400", "2015-12-31": "28.61200", "2015-09-30": "24.08200", "2015-06-30": "25.05900", "2015-03-31": "16.89700", "2014-12-31": "12.36200", "2014-09-30": "9.47000", "2014-06-30": "6.18800", "2014-03-31": "5.79000", "2013-12-31": "", "2013-09-30": "4.51900", "2013-06-30": "4.65500", "2012-12-31": ""}, "Operating Income": {"2020-09-30": "-107.15800", "2020-06-30": "-138.96700", "2020-03-31": "-131.62400", "2019-12-31": "-174.63800", "2019-09-30": "-187.17700", "2019-06-30": "-176.45700", "2019-03-31": "-169.85200", "2018-12-31": "-164.22700", "2018-09-30": "-128.74500", "2018-06-30": "-22.14700", "2018-03-31": "-78.11900", "2017-12-31": "-70.44800", "2017-09-30": "-74.37300", "2017-06-30": "-70.85400", "2017-03-31": "-57.48000", "2016-12-31": "-56.37900", "2016-09-30": "-38.06400", "2016-06-30": "-35.00600", "2016-03-31": "-30.71400", "2015-12-31": "-28.61200", "2015-09-30": "-24.08200", "2015-06-30": "-25.05900", "2015-03-31": "-16.89700", "2014-12-31": "-12.36200", "2014-09-30": "-9.47000", "2014-06-30": "-6.18800", "2014-03-31": "-5.79000", "2013-12-31": "", "2013-09-30": "-4.51900", "2013-06-30": "-4.65500", "2012-12-31": ""}, "Total Non-Operating Income/Expense": {"2020-09-30": "1.42300", "2020-06-30": "2.62000", "2020-03-31": "4.88400", "2019-12-31": "5.98500", "2019-09-30": "7.21900", "2019-06-30": "8.23600", "2019-03-31": "6.44600", "2018-12-31": "5.83900", "2018-09-30": "5.82700", "2018-06-30": "5.16900", "2018-03-31": "3.52100", "2017-12-31": "1.02700", "2017-09-30": "0.65400", "2017-06-30": "0.65200", "2017-03-31": "0.70200", "2016-12-31": "0.47800", "2016-09-30": "0.26800", "2016-06-30": "0.25900", "2016-03-31": "0.17100", "2015-12-31": "0.05000", "2015-09-30": "0.04700", "2015-06-30": "0.03200", "2015-03-31": "0.02600", "2014-12-31": "-0.00100", "2014-09-30": "0.00400", "2014-06-30": "-0.00400", "2014-03-31": "", "2013-12-31": "", "2013-09-30": "", "2013-06-30": "", "2012-12-31": ""}, "Pre-Tax Income": {"2020-09-30": "-105.73500", "2020-06-30": "-136.34700", "2020-03-31": "-126.74000", "2019-12-31": "-168.65300", "2019-09-30": "-179.95800", "2019-06-30": "-168.22100", "2019-03-31": "-163.40600", "2018-12-31": "-158.38800", "2018-09-30": "-122.91800", "2018-06-30": "-16.97800", "2018-03-31": "-74.59800", "2017-12-31": "-69.42100", "2017-09-30": "-73.71900", "2017-06-30": "-70.20200", "2017-03-31": "-56.77800", "2016-12-31": "-55.90100", "2016-09-30": "-37.79600", "2016-06-30": "-34.74700", "2016-03-31": "-30.54300", "2015-12-31": "-28.56200", "2015-09-30": "-24.03500", "2015-06-30": "-25.02700", "2015-03-31": "-16.87100", "2014-12-31": "-12.36100", "2014-09-30": "-9.46800", "2014-06-30": "-6.19200", "2014-03-31": "-5.79000", "2013-12-31": "", "2013-09-30": "-4.51900", "2013-06-30": "-4.65500", "2012-12-31": ""}, "Income Taxes": {"2020-09-30": "", "2020-06-30": "", "2020-03-31": "", "2019-12-31": "", "2019-09-30": "", "2019-06-30": "", "2019-03-31": "", "2018-12-31": "", "2018-09-30": "", "2018-06-30": "", "2018-03-31": "", "2017-12-31": "", "2017-09-30": "", "2017-06-30": "", "2017-03-31": "", "2016-12-31": "", "2016-09-30": "", "2016-06-30": "", "2016-03-31": "", "2015-12-31": "", "2015-09-30": "", "2015-06-30": "", "2015-03-31": "", "2014-12-31": "", "2014-09-30": "", "2014-06-30": "", "2014-03-31": "", "2013-12-31": "", "2013-09-30": "", "2013-06-30": "", "2012-12-31": ""}, "Income After Taxes": {"2020-09-30": "-105.73500", "2020-06-30": "-136.34700", "2020-03-31": "-126.74000", "2019-12-31": "-168.65300", "2019-09-30": "-179.95800", "2019-06-30": "-168.22100", "2019-03-31": "-163.40600", "2018-12-31": "-158.38800", "2018-09-30": "-122.91800", "2018-06-30": "-16.97800", "2018-03-31": "-74.59800", "2017-12-31": "-69.42100", "2017-09-30": "-73.71900", "2017-06-30": "-70.20200", "2017-03-31": "-56.77800", "2016-12-31": "-55.90100", "2016-09-30": "-37.79600", "2016-06-30": "-34.74700", "2016-03-31": "-30.54300", "2015-12-31": "-28.56200", "2015-09-30": "-24.03500", "2015-06-30": "-25.02700", "2015-03-31": "-16.87100", "2014-12-31": "-12.36100", "2014-09-30": "-9.46800", "2014-06-30": "-6.19200", "2014-03-31": "-5.79000", "2013-12-31": "", "2013-09-30": "-4.51900", "2013-06-30": "-4.65500", "2012-12-31": ""}, "Other Income": {"2020-09-30": "", "2020-06-30": "", "2020-03-31": "", "2019-12-31": "", "2019-09-30": "", "2019-06-30": "", "2019-03-31": "", "2018-12-31": "", "2018-09-30": "", "2018-06-30": "", "2018-03-31": "", "2017-12-31": "", "2017-09-30": "", "2017-06-30": "", "2017-03-31": "", "2016-12-31": "", "2016-09-30": "", "2016-06-30": "", "2016-03-31": "", "2015-12-31": "", "2015-09-30": "", "2015-06-30": "", "2015-03-31": "", "2014-12-31": "", "2014-09-30": "", "2014-06-30": "", "2014-03-31": "", "2013-12-31": "", "2013-09-30": "", "2013-06-30": "", "2012-12-31": ""}, "Income From Continuous Operations": {"2020-09-30": "-105.73500", "2020-06-30": "-136.34700", "2020-03-31": "-126.74000", "2019-12-31": "-168.65300", "2019-09-30": "-179.95800", "2019-06-30": "-168.22100", "2019-03-31": "-163.40600", "2018-12-31": "-158.38800", "2018-09-30": "-122.91800", "2018-06-30": "-16.97800", "2018-03-31": "-74.59800", "2017-12-31": "-69.42100", "2017-09-30": "-73.71900", "2017-06-30": "-70.20200", "2017-03-31": "-56.77800", "2016-12-31": "-55.90100", "2016-09-30": "-37.79600", "2016-06-30": "-34.74700", "2016-03-31": "-30.54300", "2015-12-31": "-28.56200", "2015-09-30": "-24.03500", "2015-06-30": "-25.02700", "2015-03-31": "-16.87100", "2014-12-31": "-12.36100", "2014-09-30": "-9.46800", "2014-06-30": "-6.19200", "2014-03-31": "-5.79000", "2013-12-31": "", "2013-09-30": "-4.51900", "2013-06-30": "-4.65500", "2012-12-31": ""}, "Income From Discontinued Operations": {"2020-09-30": "", "2020-06-30": "", "2020-03-31": "", "2019-12-31": "", "2019-09-30": "", "2019-06-30": "", "2019-03-31": "", "2018-12-31": "", "2018-09-30": "", "2018-06-30": "", "2018-03-31": "", "2017-12-31": "", "2017-09-30": "", "2017-06-30": "", "2017-03-31": "", "2016-12-31": "", "2016-09-30": "", "2016-06-30": "", "2016-03-31": "", "2015-12-31": "", "2015-09-30": "", "2015-06-30": "", "2015-03-31": "", "2014-12-31": "", "2014-09-30": "", "2014-06-30": "", "2014-03-31": "", "2013-12-31": "", "2013-09-30": "", "2013-06-30": "", "2012-12-31": ""}, "Net Income": {"2020-09-30": "-105.73500", "2020-06-30": "-136.34700", "2020-03-31": "-126.74000", "2019-12-31": "-168.65300", "2019-09-30": "-179.95800", "2019-06-30": "-168.22100", "2019-03-31": "-163.40600", "2018-12-31": "-158.38800", "2018-09-30": "-122.91800", "2018-06-30": "-16.97800", "2018-03-31": "-74.59800", "2017-12-31": "-69.42100", "2017-09-30": "-73.71900", "2017-06-30": "-70.20200", "2017-03-31": "-56.77800", "2016-12-31": "-55.90100", "2016-09-30": "-37.79600", "2016-06-30": "-34.74700", "2016-03-31": "-30.54300", "2015-12-31": "-28.56200", "2015-09-30": "-24.03500", "2015-06-30": "-25.02700", "2015-03-31": "-16.87100", "2014-12-31": "-12.36100", "2014-09-30": "-9.85900", "2014-06-30": "-7.76900", "2014-03-31": "-6.11600", "2013-12-31": "", "2013-09-30": "-4.51900", "2013-06-30": "-4.65500", "2012-12-31": ""}, "EBITDA": {"2020-09-30": "-106.18400", "2020-06-30": "-137.98300", "2020-03-31": "-130.97300", "2019-12-31": "-174.51000", "2019-09-30": "-187.93500", "2019-06-30": "-178.60300", "2019-03-31": "-171.75900", "2018-12-31": "-166.85500", "2018-09-30": "-131.20500", "2018-06-30": "-24.70700", "2018-03-31": "-79.22000", "2017-12-31": "-70.54900", "2017-09-30": "-74.29900", "2017-06-30": "-70.75200", "2017-03-31": "-57.31700", "2016-12-31": "-56.09800", "2016-09-30": "-37.90700", "2016-06-30": "-34.91800", "2016-03-31": "-30.67300", "2015-12-31": "-28.58000", "2015-09-30": "-24.05300", "2015-06-30": "-25.02700", "2015-03-31": "-16.87500", "2014-12-31": "-12.34600", "2014-09-30": "-9.45700", "2014-06-30": "-6.17700", "2014-03-31": "-5.77900", "2013-12-31": "", "2013-09-30": "-4.50800", "2013-06-30": "-4.65500", "2012-12-31": ""}, "EBIT": {"2020-09-30": "-107.15800", "2020-06-30": "-138.96700", "2020-03-31": "-131.62400", "2019-12-31": "-174.63800", "2019-09-30": "-187.17700", "2019-06-30": "-176.45700", "2019-03-31": "-169.85200", "2018-12-31": "-164.22700", "2018-09-30": "-128.74500", "2018-06-30": "-22.14700", "2018-03-31": "-78.11900", "2017-12-31": "-70.44800", "2017-09-30": "-74.37300", "2017-06-30": "-70.85400", "2017-03-31": "-57.48000", "2016-12-31": "-56.37900", "2016-09-30": "-38.06400", "2016-06-30": "-35.00600", "2016-03-31": "-30.71400", "2015-12-31": "-28.61200", "2015-09-30": "-24.08200", "2015-06-30": "-25.05900", "2015-03-31": "-16.89700", "2014-12-31": "-12.36200", "2014-09-30": "-9.47000", "2014-06-30": "-6.18800", "2014-03-31": "-5.79000", "2013-12-31": "", "2013-09-30": "-4.51900", "2013-06-30": "-4.65500", "2012-12-31": ""}, "Basic Shares Outstanding": {"2020-09-30": "51.98100", "2020-06-30": "51.92600", "2020-03-31": "51.90900", "2019-12-31": "50.83400", "2019-09-30": "51.70500", "2019-06-30": "51.25800", "2019-03-31": "48.49200", "2018-12-31": "46.12100", "2018-09-30": "46.70700", "2018-06-30": "46.54200", "2018-03-31": "44.32500", "2017-12-31": "38.11400", "2017-09-30": "37.47100", "2017-06-30": "37.36100", "2017-03-31": "37.26900", "2016-12-31": "33.49300", "2016-09-30": "32.97600", "2016-06-30": "32.06200", "2016-03-31": "31.64300", "2015-12-31": "27.77800", "2015-09-30": "28.73800", "2015-06-30": "27.86000", "2015-03-31": "25.65600", "2014-12-31": "21.57400", "2014-09-30": "19.58200", "2014-06-30": "1.70100", "2014-03-31": "1.65300", "2013-12-31": "", "2013-09-30": "1.51500", "2013-06-30": "1.46400", "2012-12-31": ""}, "Shares Outstanding": {"2020-09-30": "51.98100", "2020-06-30": "51.92600", "2020-03-31": "51.90900", "2019-12-31": "50.83400", "2019-09-30": "51.70500", "2019-06-30": "51.25800", "2019-03-31": "48.49200", "2018-12-31": "46.12100", "2018-09-30": "46.70700", "2018-06-30": "46.54200", "2018-03-31": "44.32500", "2017-12-31": "38.11400", "2017-09-30": "37.47100", "2017-06-30": "37.36100", "2017-03-31": "37.26900", "2016-12-31": "33.49300", "2016-09-30": "32.97600", "2016-06-30": "32.06200", "2016-03-31": "31.64300", "2015-12-31": "27.77800", "2015-09-30": "28.73800", "2015-06-30": "27.86000", "2015-03-31": "25.65600", "2014-12-31": "21.57400", "2014-09-30": "19.58200", "2014-06-30": "1.70100", "2014-03-31": "1.65300", "2013-12-31": "", "2013-09-30": "1.51500", "2013-06-30": "1.46400", "2012-12-31": ""}, "Basic EPS": {"2020-09-30": "-2.03000", "2020-06-30": "-2.63000", "2020-03-31": "-2.44000", "2019-12-31": "-3.25000", "2019-09-30": "-3.48000", "2019-06-30": "-3.28000", "2019-03-31": "-3.37000", "2018-12-31": "-3.41000", "2018-09-30": "-2.63000", "2018-06-30": "-0.36000", "2018-03-31": "-1.68000", "2017-12-31": "-1.72000", "2017-09-30": "-1.97000", "2017-06-30": "-1.88000", "2017-03-31": "-1.52000", "2016-12-31": "-1.55000", "2016-09-30": "-1.15000", "2016-06-30": "-1.08000", "2016-03-31": "-0.97000", "2015-12-31": "-1.00000", "2015-09-30": "-0.84000", "2015-06-30": "-0.90000", "2015-03-31": "-0.66000", "2014-12-31": "7.10000", "2014-09-30": "-0.50000", "2014-06-30": "-4.57000", "2014-03-31": "-3.70000", "2013-12-31": "", "2013-09-30": "-2.98000", "2013-06-30": "-3.18000", "2012-12-31": ""}, "EPS - Earnings Per Share": {"2020-09-30": "-2.03000", "2020-06-30": "-2.63000", "2020-03-31": "-2.44000", "2019-12-31": "-3.25000", "2019-09-30": "-3.48000", "2019-06-30": "-3.28000", "2019-03-31": "-3.37000", "2018-12-31": "-3.41000", "2018-09-30": "-2.63000", "2018-06-30": "-0.36000", "2018-03-31": "-1.68000", "2017-12-31": "-1.72000", "2017-09-30": "-1.97000", "2017-06-30": "-1.88000", "2017-03-31": "-1.52000", "2016-12-31": "-1.55000", "2016-09-30": "-1.15000", "2016-06-30": "-1.08000", "2016-03-31": "-0.97000", "2015-12-31": "-1.00000", "2015-09-30": "-0.84000", "2015-06-30": "-0.90000", "2015-03-31": "-0.66000", "2014-12-31": "7.10000", "2014-09-30": "-0.50000", "2014-06-30": "-4.57000", "2014-03-31": "-3.70000", "2013-12-31": "0.00000", "2013-09-30": "-2.98000", "2013-06-30": "-3.18000", "2012-12-31": "0.00000"}}, "balance sheet": {"Cash On Hand": {"2019-12-31": "1008.39300", "2018-12-31": "922.77600", "2017-12-31": "518.84800", "2016-12-31": "397.47900", "2015-12-31": "186.75300", "2014-12-31": "127.76600", "2013-12-31": "8.06600", "2012-12-31": "2.80200"}, "Receivables": {"2019-12-31": "", "2018-12-31": "", "2017-12-31": "", "2016-12-31": "", "2015-12-31": "", "2014-12-31": "", "2013-12-31": "", "2012-12-31": ""}, "Inventory": {"2019-12-31": "", "2018-12-31": "", "2017-12-31": "", "2016-12-31": "", "2015-12-31": "", "2014-12-31": "", "2013-12-31": "", "2012-12-31": ""}, "Pre-Paid Expenses": {"2019-12-31": "26.70000", "2018-12-31": "21.91900", "2017-12-31": "6.22700", "2016-12-31": "5.10000", "2015-12-31": "1.73800", "2014-12-31": "1.05600", "2013-12-31": "0.34100", "2012-12-31": "0.02400"}, "Other Current Assets": {"2019-12-31": "", "2018-12-31": "", "2017-12-31": "", "2016-12-31": "", "2015-12-31": "", "2014-12-31": "", "2013-12-31": "", "2012-12-31": ""}, "Total Current Assets": {"2019-12-31": "1035.09300", "2018-12-31": "944.69500", "2017-12-31": "525.07500", "2016-12-31": "402.57900", "2015-12-31": "188.49100", "2014-12-31": "128.82200", "2013-12-31": "8.40700", "2012-12-31": "2.82600"}, "Property, Plant, And Equipment": {"2019-12-31": "9.12600", "2018-12-31": "5.64300", "2017-12-31": "4.01300", "2016-12-31": "1.38800", "2015-12-31": "0.28600", "2014-12-31": "0.16300", "2013-12-31": "0.08600", "2012-12-31": "0.13000"}, "Long-Term Investments": {"2019-12-31": "", "2018-12-31": "", "2017-12-31": "", "2016-12-31": "", "2015-12-31": "", "2014-12-31": "", "2013-12-31": "", "2012-12-31": ""}, "Goodwill And Intangible Assets": {"2019-12-31": "", "2018-12-31": "", "2017-12-31": "", "2016-12-31": "", "2015-12-31": "", "2014-12-31": "", "2013-12-31": "", "2012-12-31": ""}, "Other Long-Term Assets": {"2019-12-31": "6.16000", "2018-12-31": "2.36700", "2017-12-31": "0.84900", "2016-12-31": "0.56400", "2015-12-31": "0.03900", "2014-12-31": "0.03900", "2013-12-31": "0.03900", "2012-12-31": "0.03900"}, "Total Long-Term Assets": {"2019-12-31": "49.05700", "2018-12-31": "8.01000", "2017-12-31": "4.86200", "2016-12-31": "1.95200", "2015-12-31": "0.52500", "2014-12-31": "0.84300", "2013-12-31": "0.12500", "2012-12-31": "0.16900"}, "Total Assets": {"2019-12-31": "1084.15000", "2018-12-31": "952.70500", "2017-12-31": "529.93700", "2016-12-31": "404.53100", "2015-12-31": "189.01600", "2014-12-31": "129.66500", "2013-12-31": "8.53200", "2012-12-31": "2.99500"}, "Total Current Liabilities": {"2019-12-31": "112.12800", "2018-12-31": "86.03000", "2017-12-31": "51.95100", "2016-12-31": "35.16900", "2015-12-31": "15.30700", "2014-12-31": "7.75700", "2013-12-31": "2.31500", "2012-12-31": "1.41900"}, "Long Term Debt": {"2019-12-31": "", "2018-12-31": "", "2017-12-31": "", "2016-12-31": "", "2015-12-31": "", "2014-12-31": "", "2013-12-31": "", "2012-12-31": ""}, "Other Non-Current Liabilities": {"2019-12-31": "0.51900", "2018-12-31": "3.70400", "2017-12-31": "2.51100", "2016-12-31": "0.84500", "2015-12-31": "0.01400", "2014-12-31": "0.02300", "2013-12-31": "0.04400", "2012-12-31": ""}, "Total Long Term Liabilities": {"2019-12-31": "27.36700", "2018-12-31": "3.70400", "2017-12-31": "2.51100", "2016-12-31": "0.84500", "2015-12-31": "0.01400", "2014-12-31": "0.02300", "2013-12-31": "37.75300", "2012-12-31": "14.97000"}, "Total Liabilities": {"2019-12-31": "139.49500", "2018-12-31": "89.73400", "2017-12-31": "54.46200", "2016-12-31": "36.01400", "2015-12-31": "15.32100", "2014-12-31": "7.78000", "2013-12-31": "40.06800", "2012-12-31": "16.38900"}, "Common Stock Net": {"2019-12-31": "0.00500", "2018-12-31": "0.00500", "2017-12-31": "0.00500", "2016-12-31": "0.00400", "2015-12-31": "0.00300", "2014-12-31": "0.00300", "2013-12-31": "0.00000", "2012-12-31": ""}, "Retained Earnings (Accumulated Deficit)": {"2019-12-31": "-1643.56700", "2018-12-31": "-963.32900", "2017-12-31": "-590.44700", "2016-12-31": "-320.32700", "2015-12-31": "-161.34000", "2014-12-31": "-66.84500", "2013-12-31": "-31.67500", "2012-12-31": "-13.39400"}, "Comprehensive Income": {"2019-12-31": "1.29500", "2018-12-31": "-0.51500", "2017-12-31": "-0.02900", "2016-12-31": "-0.10200", "2015-12-31": "", "2014-12-31": "", "2013-12-31": "", "2012-12-31": ""}, "Other Share Holders Equity": {"2019-12-31": "", "2018-12-31": "", "2017-12-31": "", "2016-12-31": "", "2015-12-31": "", "2014-12-31": "", "2013-12-31": "", "2012-12-31": ""}, "Share Holder Equity": {"2019-12-31": "944.65500", "2018-12-31": "862.97100", "2017-12-31": "475.47500", "2016-12-31": "368.51700", "2015-12-31": "173.69500", "2014-12-31": "121.88500", "2013-12-31": "-31.53600", "2012-12-31": "-13.39400"}, "Total Liabilities And Share Holders Equity": {"2019-12-31": "1084.15000", "2018-12-31": "952.70500", "2017-12-31": "529.93700", "2016-12-31": "404.53100", "2015-12-31": "189.01600", "2014-12-31": "129.66500", "2013-12-31": "8.53200", "2012-12-31": "2.99500"}}, "balance sheet, quarterly": {"Cash On Hand": {"2020-09-30": "668.53700", "2020-06-30": "756.52200", "2020-03-31": "872.75700", "2019-12-31": "1008.39300", "2019-09-30": "1122.25000", "2019-06-30": "1236.54900", "2019-03-31": "1351.25100", "2018-12-31": "922.77600", "2018-09-30": "1021.40100", "2018-06-30": "1092.43300", "2018-03-31": "1083.51300", "2017-12-31": "518.84800", "2017-09-30": "243.45100", "2017-06-30": "285.92800", "2017-03-31": "342.56400", "2016-12-31": "397.47900", "2016-09-30": "431.27000", "2016-06-30": "272.29500", "2016-03-31": "299.68000", "2015-12-31": "186.75300", "2015-09-30": "204.87700", "2015-06-30": "224.23400", "2015-03-31": "113.16200", "2014-12-31": "127.76600", "2014-09-30": "136.72700", "2014-06-30": "49.12700", "2014-03-31": "", "2013-12-31": "", "2013-09-30": "", "2013-06-30": "", "2012-12-31": "2.80000"}, "Receivables": {"2020-09-30": "", "2020-06-30": "", "2020-03-31": "", "2019-12-31": "", "2019-09-30": "", "2019-06-30": "", "2019-03-31": "", "2018-12-31": "", "2018-09-30": "", "2018-06-30": "18.37800", "2018-03-31": "", "2017-12-31": "", "2017-09-30": "", "2017-06-30": "", "2017-03-31": "", "2016-12-31": "", "2016-09-30": "", "2016-06-30": "", "2016-03-31": "", "2015-12-31": "", "2015-09-30": "", "2015-06-30": "", "2015-03-31": "", "2014-12-31": "", "2014-09-30": "", "2014-06-30": "", "2014-03-31": "", "2013-12-31": "", "2013-09-30": "", "2013-06-30": "", "2012-12-31": ""}, "Inventory": {"2020-09-30": "", "2020-06-30": "", "2020-03-31": "", "2019-12-31": "", "2019-09-30": "", "2019-06-30": "", "2019-03-31": "", "2018-12-31": "", "2018-09-30": "", "2018-06-30": "", "2018-03-31": "", "2017-12-31": "", "2017-09-30": "", "2017-06-30": "", "2017-03-31": "", "2016-12-31": "", "2016-09-30": "", "2016-06-30": "", "2016-03-31": "", "2015-12-31": "", "2015-09-30": "", "2015-06-30": "", "2015-03-31": "", "2014-12-31": "", "2014-09-30": "", "2014-06-30": "", "2014-03-31": "", "2013-12-31": "", "2013-09-30": "", "2013-06-30": "", "2012-12-31": ""}, "Pre-Paid Expenses": {"2020-09-30": "30.34700", "2020-06-30": "28.86200", "2020-03-31": "25.47900", "2019-12-31": "26.70000", "2019-09-30": "30.41300", "2019-06-30": "27.02100", "2019-03-31": "20.28100", "2018-12-31": "21.91900", "2018-09-30": "18.51100", "2018-06-30": "12.95800", "2018-03-31": "11.57500", "2017-12-31": "6.22700", "2017-09-30": "4.89200", "2017-06-30": "5.19200", "2017-03-31": "6.48000", "2016-12-31": "5.10000", "2016-09-30": "3.41800", "2016-06-30": "1.81200", "2016-03-31": "2.92600", "2015-12-31": "1.73800", "2015-09-30": "2.60400", "2015-06-30": "3.27400", "2015-03-31": "1.36700", "2014-12-31": "1.05600", "2014-09-30": "1.06300", "2014-06-30": "2.41600", "2014-03-31": "", "2013-12-31": "", "2013-09-30": "", "2013-06-30": "", "2012-12-31": ""}, "Other Current Assets": {"2020-09-30": "", "2020-06-30": "", "2020-03-31": "", "2019-12-31": "", "2019-09-30": "", "2019-06-30": "", "2019-03-31": "", "2018-12-31": "", "2018-09-30": "", "2018-06-30": "", "2018-03-31": "", "2017-12-31": "", "2017-09-30": "", "2017-06-30": "", "2017-03-31": "", "2016-12-31": "", "2016-09-30": "", "2016-06-30": "", "2016-03-31": "", "2015-12-31": "", "2015-09-30": "", "2015-06-30": "", "2015-03-31": "", "2014-12-31": "", "2014-09-30": "", "2014-06-30": "", "2014-03-31": "", "2013-12-31": "", "2013-09-30": "", "2013-06-30": "", "2012-12-31": ""}, "Total Current Assets": {"2020-09-30": "698.88400", "2020-06-30": "785.38400", "2020-03-31": "898.23600", "2019-12-31": "1035.09300", "2019-09-30": "1152.66300", "2019-06-30": "1263.57000", "2019-03-31": "1371.53200", "2018-12-31": "944.69500", "2018-09-30": "1039.91200", "2018-06-30": "1123.76900", "2018-03-31": "1095.08800", "2017-12-31": "525.07500", "2017-09-30": "248.34300", "2017-06-30": "291.12000", "2017-03-31": "349.04400", "2016-12-31": "402.57900", "2016-09-30": "434.68800", "2016-06-30": "274.10700", "2016-03-31": "302.60600", "2015-12-31": "188.49100", "2015-09-30": "207.48100", "2015-06-30": "227.50800", "2015-03-31": "114.52900", "2014-12-31": "128.82200", "2014-09-30": "137.79000", "2014-06-30": "51.54300", "2014-03-31": "", "2013-12-31": "", "2013-09-30": "", "2013-06-30": "", "2012-12-31": "2.82000"}, "Property, Plant, And Equipment": {"2020-09-30": "7.40400", "2020-06-30": "8.07700", "2020-03-31": "8.68400", "2019-12-31": "9.12600", "2019-09-30": "9.36500", "2019-06-30": "8.36300", "2019-03-31": "6.51300", "2018-12-31": "5.64300", "2018-09-30": "5.16800", "2018-06-30": "4.44500", "2018-03-31": "4.29500", "2017-12-31": "4.01300", "2017-09-30": "1.89300", "2017-06-30": "1.44300", "2017-03-31": "1.56000", "2016-12-31": "1.38800", "2016-09-30": "1.04900", "2016-06-30": "0.95900", "2016-03-31": "0.86500", "2015-12-31": "0.28600", "2015-09-30": "0.24900", "2015-06-30": "0.28500", "2015-03-31": "0.26900", "2014-12-31": "0.16300", "2014-09-30": "0.13400", "2014-06-30": "0.06900", "2014-03-31": "", "2013-12-31": "", "2013-09-30": "", "2013-06-30": "", "2012-12-31": "0.17000"}, "Long-Term Investments": {"2020-09-30": "", "2020-06-30": "", "2020-03-31": "", "2019-12-31": "", "2019-09-30": "", "2019-06-30": "", "2019-03-31": "", "2018-12-31": "", "2018-09-30": "", "2018-06-30": "", "2018-03-31": "", "2017-12-31": "", "2017-09-30": "", "2017-06-30": "", "2017-03-31": "", "2016-12-31": "", "2016-09-30": "", "2016-06-30": "", "2016-03-31": "", "2015-12-31": "", "2015-09-30": "", "2015-06-30": "", "2015-03-31": "", "2014-12-31": "", "2014-09-30": "", "2014-06-30": "", "2014-03-31": "", "2013-12-31": "", "2013-09-30": "", "2013-06-30": "", "2012-12-31": ""}, "Goodwill And Intangible Assets": {"2020-09-30": "", "2020-06-30": "", "2020-03-31": "", "2019-12-31": "", "2019-09-30": "", "2019-06-30": "", "2019-03-31": "", "2018-12-31": "", "2018-09-30": "", "2018-06-30": "", "2018-03-31": "", "2017-12-31": "", "2017-09-30": "", "2017-06-30": "", "2017-03-31": "", "2016-12-31": "", "2016-09-30": "", "2016-06-30": "", "2016-03-31": "", "2015-12-31": "", "2015-09-30": "", "2015-06-30": "", "2015-03-31": "", "2014-12-31": "", "2014-09-30": "", "2014-06-30": "", "2014-03-31": "0.00000", "2013-12-31": "", "2013-09-30": "0.00000", "2013-06-30": "0.00000", "2012-12-31": "0.00000"}, "Other Long-Term Assets": {"2020-09-30": "5.79400", "2020-06-30": "5.78200", "2020-03-31": "6.06100", "2019-12-31": "6.16000", "2019-09-30": "6.18500", "2019-06-30": "6.39000", "2019-03-31": "6.74500", "2018-12-31": "2.36700", "2018-09-30": "1.91900", "2018-06-30": "1.26900", "2018-03-31": "1.26900", "2017-12-31": "0.84900", "2017-09-30": "0.84900", "2017-06-30": "0.84900", "2017-03-31": "0.56400", "2016-12-31": "0.56400", "2016-09-30": "0.56400", "2016-06-30": "0.56400", "2016-03-31": "0.03900", "2015-12-31": "0.03900", "2015-09-30": "0.03900", "2015-06-30": "0.03900", "2015-03-31": "0.03900", "2014-12-31": "0.03900", "2014-09-30": "0.03900", "2014-06-30": "0.03900", "2014-03-31": "", "2013-12-31": "", "2013-09-30": "", "2013-06-30": "", "2012-12-31": ""}, "Total Long-Term Assets": {"2020-09-30": "39.74400", "2020-06-30": "41.85800", "2020-03-31": "46.73700", "2019-12-31": "49.05700", "2019-09-30": "51.06400", "2019-06-30": "51.97700", "2019-03-31": "51.38200", "2018-12-31": "8.01000", "2018-09-30": "7.08700", "2018-06-30": "5.71400", "2018-03-31": "5.56400", "2017-12-31": "4.86200", "2017-09-30": "2.74200", "2017-06-30": "2.29200", "2017-03-31": "2.12400", "2016-12-31": "1.95200", "2016-09-30": "1.61300", "2016-06-30": "1.52300", "2016-03-31": "0.90400", "2015-12-31": "0.52500", "2015-09-30": "0.92900", "2015-06-30": "0.96500", "2015-03-31": "0.94900", "2014-12-31": "0.84300", "2014-09-30": "0.17300", "2014-06-30": "0.10800", "2014-03-31": "", "2013-12-31": "", "2013-09-30": "", "2013-06-30": "", "2012-12-31": "0.17000"}, "Total Assets": {"2020-09-30": "738.62800", "2020-06-30": "827.24200", "2020-03-31": "944.97300", "2019-12-31": "1084.15000", "2019-09-30": "1203.72700", "2019-06-30": "1315.54700", "2019-03-31": "1422.91400", "2018-12-31": "952.70500", "2018-09-30": "1046.99900", "2018-06-30": "1129.48300", "2018-03-31": "1100.65200", "2017-12-31": "529.93700", "2017-09-30": "251.08500", "2017-06-30": "293.41200", "2017-03-31": "351.16800", "2016-12-31": "404.53100", "2016-09-30": "436.30100", "2016-06-30": "275.63000", "2016-03-31": "303.51000", "2015-12-31": "189.01600", "2015-09-30": "208.41000", "2015-06-30": "228.47300", "2015-03-31": "115.47800", "2014-12-31": "129.66500", "2014-09-30": "137.96300", "2014-06-30": "51.65100", "2014-03-31": "0.00000", "2013-12-31": "0.00000", "2013-09-30": "0.00000", "2013-06-30": "0.00000", "2012-12-31": "2.99000"}, "Total Current Liabilities": {"2020-09-30": "59.66500", "2020-06-30": "64.29200", "2020-03-31": "70.36000", "2019-12-31": "112.12800", "2019-09-30": "90.95600", "2019-06-30": "78.95300", "2019-03-31": "68.37600", "2018-12-31": "86.03000", "2018-09-30": "54.52600", "2018-06-30": "47.91900", "2018-03-31": "37.87200", "2017-12-31": "51.95100", "2017-09-30": "49.83700", "2017-06-30": "32.28100", "2017-03-31": "31.88200", "2016-12-31": "35.16900", "2016-09-30": "22.33000", "2016-06-30": "18.33900", "2016-03-31": "15.97000", "2015-12-31": "15.30700", "2015-09-30": "10.29100", "2015-06-30": "11.00000", "2015-03-31": "8.94500", "2014-12-31": "7.75700", "2014-09-30": "5.01000", "2014-06-30": "3.93100", "2014-03-31": "", "2013-12-31": "", "2013-09-30": "", "2013-06-30": "", "2012-12-31": "1.41000"}, "Long Term Debt": {"2020-09-30": "", "2020-06-30": "", "2020-03-31": "", "2019-12-31": "", "2019-09-30": "", "2019-06-30": "", "2019-03-31": "", "2018-12-31": "", "2018-09-30": "", "2018-06-30": "", "2018-03-31": "", "2017-12-31": "", "2017-09-30": "", "2017-06-30": "", "2017-03-31": "", "2016-12-31": "", "2016-09-30": "", "2016-06-30": "", "2016-03-31": "", "2015-12-31": "", "2015-09-30": "", "2015-06-30": "", "2015-03-31": "", "2014-12-31": "", "2014-09-30": "", "2014-06-30": "", "2014-03-31": "", "2013-12-31": "", "2013-09-30": "", "2013-06-30": "", "2012-12-31": ""}, "Other Non-Current Liabilities": {"2020-09-30": "0.31300", "2020-06-30": "0.37400", "2020-03-31": "0.45600", "2019-12-31": "0.51900", "2019-09-30": "0.34000", "2019-06-30": "0.41000", "2019-03-31": "0.47600", "2018-12-31": "3.70400", "2018-09-30": "3.96800", "2018-06-30": "3.80100", "2018-03-31": "3.50400", "2017-12-31": "2.51100", "2017-09-30": "1.19600", "2017-06-30": "0.82700", "2017-03-31": "0.84000", "2016-12-31": "0.84500", "2016-09-30": "0.23400", "2016-06-30": "0.08200", "2016-03-31": "0.04000", "2015-12-31": "0.01400", "2015-09-30": "0.01500", "2015-06-30": "0.02200", "2015-03-31": "0.02300", "2014-12-31": "0.02300", "2014-09-30": "0.03400", "2014-06-30": "0.04000", "2014-03-31": "", "2013-12-31": "", "2013-09-30": "", "2013-06-30": "", "2012-12-31": ""}, "Total Long Term Liabilities": {"2020-09-30": "21.38200", "2020-06-30": "23.03500", "2020-03-31": "25.40700", "2019-12-31": "27.36700", "2019-09-30": "31.70000", "2019-06-30": "33.71900", "2019-03-31": "35.00400", "2018-12-31": "3.70400", "2018-09-30": "3.96800", "2018-06-30": "3.80100", "2018-03-31": "3.50400", "2017-12-31": "2.51100", "2017-09-30": "1.19600", "2017-06-30": "0.82700", "2017-03-31": "0.84000", "2016-12-31": "0.84500", "2016-09-30": "0.23400", "2016-06-30": "0.08200", "2016-03-31": "0.04000", "2015-12-31": "0.01400", "2015-09-30": "0.01500", "2015-06-30": "0.02200", "2015-03-31": "0.02300", "2014-12-31": "0.02300", "2014-09-30": "0.03400", "2014-06-30": "92.51200", "2014-03-31": "", "2013-12-31": "", "2013-09-30": "", "2013-06-30": "", "2012-12-31": "14.97000"}, "Total Liabilities": {"2020-09-30": "81.04700", "2020-06-30": "87.32700", "2020-03-31": "95.76700", "2019-12-31": "139.49500", "2019-09-30": "122.65600", "2019-06-30": "112.67200", "2019-03-31": "103.38000", "2018-12-31": "89.73400", "2018-09-30": "58.49400", "2018-06-30": "51.72000", "2018-03-31": "41.37600", "2017-12-31": "54.46200", "2017-09-30": "51.03300", "2017-06-30": "33.10800", "2017-03-31": "32.72200", "2016-12-31": "36.01400", "2016-09-30": "22.56400", "2016-06-30": "18.42100", "2016-03-31": "16.01000", "2015-12-31": "15.32100", "2015-09-30": "10.30600", "2015-06-30": "11.02200", "2015-03-31": "8.96800", "2014-12-31": "7.78000", "2014-09-30": "5.04400", "2014-06-30": "96.44300", "2014-03-31": "0.00000", "2013-12-31": "", "2013-09-30": "0.00000", "2013-06-30": "0.00000", "2012-12-31": "16.38000"}, "Common Stock Net": {"2020-09-30": "0.00500", "2020-06-30": "0.00500", "2020-03-31": "0.00500", "2019-12-31": "0.00500", "2019-09-30": "0.00500", "2019-06-30": "0.00500", "2019-03-31": "0.00500", "2018-12-31": "0.00500", "2018-09-30": "0.00500", "2018-06-30": "0.00500", "2018-03-31": "0.00500", "2017-12-31": "0.00500", "2017-09-30": "0.00400", "2017-06-30": "0.00400", "2017-03-31": "0.00400", "2016-12-31": "0.00400", "2016-09-30": "0.00400", "2016-06-30": "0.00300", "2016-03-31": "0.00300", "2015-12-31": "0.00300", "2015-09-30": "0.00300", "2015-06-30": "0.00300", "2015-03-31": "0.00300", "2014-12-31": "0.00300", "2014-09-30": "0.00300", "2014-06-30": "", "2014-03-31": "0.00000", "2013-12-31": "", "2013-09-30": "0.00000", "2013-06-30": "0.00000", "2012-12-31": "0.00000"}, "Retained Earnings (Accumulated Deficit)": {"2020-09-30": "-2012.38900", "2020-06-30": "-1906.65400", "2020-03-31": "-1770.30700", "2019-12-31": "-1643.56700", "2019-09-30": "-1474.91400", "2019-06-30": "-1294.95600", "2019-03-31": "-1126.73500", "2018-12-31": "-963.32900", "2018-09-30": "-804.94100", "2018-06-30": "-682.02300", "2018-03-31": "-665.04500", "2017-12-31": "-590.44700", "2017-09-30": "-521.02500", "2017-06-30": "-447.30600", "2017-03-31": "-377.10500", "2016-12-31": "-320.32700", "2016-09-30": "-264.42600", "2016-06-30": "-226.63000", "2016-03-31": "-191.88300", "2015-12-31": "-161.34000", "2015-09-30": "-132.77800", "2015-06-30": "-108.74300", "2015-03-31": "-83.71600", "2014-12-31": "-66.84500", "2014-09-30": "-54.48400", "2014-06-30": "-44.79200", "2014-03-31": "", "2013-12-31": "", "2013-09-30": "", "2013-06-30": "", "2012-12-31": "-13.39000"}, "Comprehensive Income": {"2020-09-30": "0.94600", "2020-06-30": "1.70900", "2020-03-31": "-0.79200", "2019-12-31": "1.29500", "2019-09-30": "1.77700", "2019-06-30": "1.57500", "2019-03-31": "-0.10600", "2018-12-31": "-0.51500", "2018-09-30": "-0.25700", "2018-06-30": "-0.14500", "2018-03-31": "-0.18500", "2017-12-31": "-0.02900", "2017-09-30": "-0.01500", "2017-06-30": "-0.06700", "2017-03-31": "-0.08100", "2016-12-31": "-0.10200", "2016-09-30": "-0.03500", "2016-06-30": "0.03900", "2016-03-31": "", "2015-12-31": "", "2015-09-30": "", "2015-06-30": "", "2015-03-31": "", "2014-12-31": "", "2014-09-30": "", "2014-06-30": "", "2014-03-31": "", "2013-12-31": "", "2013-09-30": "", "2013-06-30": "", "2012-12-31": ""}, "Other Share Holders Equity": {"2020-09-30": "", "2020-06-30": "", "2020-03-31": "", "2019-12-31": "", "2019-09-30": "", "2019-06-30": "", "2019-03-31": "", "2018-12-31": "", "2018-09-30": "", "2018-06-30": "", "2018-03-31": "", "2017-12-31": "", "2017-09-30": "", "2017-06-30": "", "2017-03-31": "", "2016-12-31": "", "2016-09-30": "", "2016-06-30": "", "2016-03-31": "", "2015-12-31": "", "2015-09-30": "", "2015-06-30": "", "2015-03-31": "", "2014-12-31": "", "2014-09-30": "", "2014-06-30": "", "2014-03-31": "0.00000", "2013-12-31": "", "2013-09-30": "0.00000", "2013-06-30": "0.00000", "2012-12-31": "0.00000"}, "Share Holder Equity": {"2020-09-30": "657.58100", "2020-06-30": "739.91500", "2020-03-31": "849.20600", "2019-12-31": "944.65500", "2019-09-30": "1081.07100", "2019-06-30": "1202.87500", "2019-03-31": "1319.53400", "2018-12-31": "862.97100", "2018-09-30": "988.50500", "2018-06-30": "1077.76300", "2018-03-31": "1059.27600", "2017-12-31": "475.47500", "2017-09-30": "200.05200", "2017-06-30": "260.30400", "2017-03-31": "318.44600", "2016-12-31": "368.51700", "2016-09-30": "413.73700", "2016-06-30": "257.20900", "2016-03-31": "287.50000", "2015-12-31": "173.69500", "2015-09-30": "198.10400", "2015-06-30": "217.45100", "2015-03-31": "106.51000", "2014-12-31": "121.88500", "2014-09-30": "132.91900", "2014-06-30": "-44.79200", "2014-03-31": "0.00000", "2013-12-31": "", "2013-09-30": "0.00000", "2013-06-30": "0.00000", "2012-12-31": "-13.39000"}, "Total Liabilities And Share Holders Equity": {"2020-09-30": "738.62800", "2020-06-30": "827.24200", "2020-03-31": "944.97300", "2019-12-31": "1084.15000", "2019-09-30": "1203.72700", "2019-06-30": "1315.54700", "2019-03-31": "1422.91400", "2018-12-31": "952.70500", "2018-09-30": "1046.99900", "2018-06-30": "1129.48300", "2018-03-31": "1100.65200", "2017-12-31": "529.93700", "2017-09-30": "251.08500", "2017-06-30": "293.41200", "2017-03-31": "351.16800", "2016-12-31": "404.53100", "2016-09-30": "436.30100", "2016-06-30": "275.63000", "2016-03-31": "303.51000", "2015-12-31": "189.01600", "2015-09-30": "208.41000", "2015-06-30": "228.47300", "2015-03-31": "115.47800", "2014-12-31": "129.66500", "2014-09-30": "137.96300", "2014-06-30": "51.65100", "2014-03-31": "0.00000", "2013-12-31": "", "2013-09-30": "0.00000", "2013-06-30": "0.00000", "2012-12-31": "0.00000"}}, "cash flow statement": {"Net Income/Loss": {"2019-12-31": "-680.23800", "2018-12-31": "-372.88200", "2017-12-31": "-270.12000", "2016-12-31": "-158.98700", "2015-12-31": "-94.49500", "2014-12-31": "-33.81100", "2013-12-31": "-18.28100", "2012-12-31": "-9.63200"}, "Total Depreciation And Amortization - Cash Flow": {"2019-12-31": "-4.68300", "2018-12-31": "-8.74900", "2017-12-31": "0.23800", "2016-12-31": "0.56700", "2015-12-31": "0.11500", "2014-12-31": "0.05100", "2013-12-31": "0.04700", "2012-12-31": "0.04400"}, "Other Non-Cash Items": {"2019-12-31": "149.55700", "2018-12-31": "101.74800", "2017-12-31": "35.42900", "2016-12-31": "22.26400", "2015-12-31": "16.45100", "2014-12-31": "2.63900", "2013-12-31": "0.12500", "2012-12-31": ""}, "Total Non-Cash Items": {"2019-12-31": "144.87400", "2018-12-31": "92.99900", "2017-12-31": "35.66700", "2016-12-31": "22.83100", "2015-12-31": "16.56600", "2014-12-31": "2.69000", "2013-12-31": "0.17200", "2012-12-31": "0.04400"}, "Change In Accounts Receivable": {"2019-12-31": "", "2018-12-31": "", "2017-12-31": "", "2016-12-31": "", "2015-12-31": "", "2014-12-31": "", "2013-12-31": "", "2012-12-31": ""}, "Change In Inventories": {"2019-12-31": "", "2018-12-31": "", "2017-12-31": "", "2016-12-31": "", "2015-12-31": "", "2014-12-31": "", "2013-12-31": "", "2012-12-31": ""}, "Change In Accounts Payable": {"2019-12-31": "-18.78300", "2018-12-31": "24.54400", "2017-12-31": "-3.69300", "2016-12-31": "7.79600", "2015-12-31": "2.59000", "2014-12-31": "0.44100", "2013-12-31": "0.67400", "2012-12-31": "0.60900"}, "Change In Assets/Liabilities": {"2019-12-31": "-8.36300", "2018-12-31": "-15.46200", "2017-12-31": "-1.12700", "2016-12-31": "-3.36200", "2015-12-31": "-0.68100", "2014-12-31": "-0.71500", "2013-12-31": "-0.31700", "2012-12-31": "0.07100"}, "Total Change In Assets/Liabilities": {"2019-12-31": "6.65800", "2018-12-31": "19.21200", "2017-12-31": "15.17600", "2016-12-31": "17.47800", "2015-12-31": "7.24800", "2014-12-31": "4.07900", "2013-12-31": "0.59300", "2012-12-31": "0.66200"}, "Cash Flow From Operating Activities": {"2019-12-31": "-528.70600", "2018-12-31": "-260.67100", "2017-12-31": "-219.27700", "2016-12-31": "-118.67800", "2015-12-31": "-70.68100", "2014-12-31": "-27.04200", "2013-12-31": "-17.51600", "2012-12-31": "-8.92600"}, "Net Change In Property, Plant, And Equipment": {"2019-12-31": "-5.75100", "2018-12-31": "-2.86000", "2017-12-31": "-1.36000", "2016-12-31": "-1.42100", "2015-12-31": "-0.19800", "2014-12-31": "-0.12800", "2013-12-31": "-0.00300", "2012-12-31": "-0.11100"}, "Net Change In Intangible Assets": {"2019-12-31": "", "2018-12-31": "", "2017-12-31": "", "2016-12-31": "", "2015-12-31": "", "2014-12-31": "", "2013-12-31": "", "2012-12-31": ""}, "Net Acquisitions/Divestitures": {"2019-12-31": "", "2018-12-31": "", "2017-12-31": "", "2016-12-31": "", "2015-12-31": "", "2014-12-31": "", "2013-12-31": "", "2012-12-31": ""}, "Net Change In Short-term Investments": {"2019-12-31": "-137.40500", "2018-12-31": "-509.60100", "2017-12-31": "16.82200", "2016-12-31": "-228.59400", "2015-12-31": "", "2014-12-31": "", "2013-12-31": "", "2012-12-31": ""}, "Net Change In Long-Term Investments": {"2019-12-31": "", "2018-12-31": "", "2017-12-31": "", "2016-12-31": "", "2015-12-31": "", "2014-12-31": "", "2013-12-31": "", "2012-12-31": ""}, "Net Change In Investments - Total": {"2019-12-31": "-137.40500", "2018-12-31": "-509.60100", "2017-12-31": "16.82200", "2016-12-31": "-228.59400", "2015-12-31": "", "2014-12-31": "", "2013-12-31": "", "2012-12-31": ""}, "Investing Activities - Other": {"2019-12-31": "", "2018-12-31": "", "2017-12-31": "", "2016-12-31": "", "2015-12-31": "", "2014-12-31": "", "2013-12-31": "", "2012-12-31": ""}, "Cash Flow From Investing Activities": {"2019-12-31": "-143.15600", "2018-12-31": "-512.46100", "2017-12-31": "15.46200", "2016-12-31": "-230.01500", "2015-12-31": "-0.19800", "2014-12-31": "-0.12800", "2013-12-31": "-0.00300", "2012-12-31": "-0.11100"}, "Net Long-Term Debt": {"2019-12-31": "", "2018-12-31": "", "2017-12-31": "", "2016-12-31": "", "2015-12-31": "", "2014-12-31": "", "2013-12-31": "", "2012-12-31": ""}, "Net Current Debt": {"2019-12-31": "", "2018-12-31": "", "2017-12-31": "", "2016-12-31": "", "2015-12-31": "", "2014-12-31": "", "2013-12-31": "", "2012-12-31": ""}, "Debt Issuance/Retirement Net - Total": {"2019-12-31": "", "2018-12-31": "", "2017-12-31": "", "2016-12-31": "", "2015-12-31": "", "2014-12-31": "", "2013-12-31": "", "2012-12-31": ""}, "Net Common Equity Issued/Repurchased": {"2019-12-31": "610.12700", "2018-12-31": "660.60200", "2017-12-31": "341.99700", "2016-12-31": "331.58100", "2015-12-31": "130.45000", "2014-12-31": "96.29500", "2013-12-31": "0.05100", "2012-12-31": "0.00300"}, "Net Total Equity Issued/Repurchased": {"2019-12-31": "610.12700", "2018-12-31": "660.60200", "2017-12-31": "341.99700", "2016-12-31": "331.58100", "2015-12-31": "130.45000", "2014-12-31": "149.15500", "2013-12-31": "22.78300", "2012-12-31": "8.99700"}, "Total Common And Preferred Stock Dividends Paid": {"2019-12-31": "", "2018-12-31": "", "2017-12-31": "", "2016-12-31": "", "2015-12-31": "", "2014-12-31": "", "2013-12-31": "", "2012-12-31": ""}, "Financial Activities - Other": {"2019-12-31": "-2.50300", "2018-12-31": "-1.24400", "2017-12-31": "-0.17900", "2016-12-31": "-0.59900", "2015-12-31": "-0.58400", "2014-12-31": "-2.28500", "2013-12-31": "", "2012-12-31": ""}, "Cash Flow From Financial Activities": {"2019-12-31": "607.62400", "2018-12-31": "659.35800", "2017-12-31": "341.81800", "2016-12-31": "330.98200", "2015-12-31": "129.86600", "2014-12-31": "146.87000", "2013-12-31": "22.78300", "2012-12-31": "8.99700"}, "Net Cash Flow": {"2019-12-31": "-64.23800", "2018-12-31": "-113.77400", "2017-12-31": "138.00300", "2016-12-31": "-17.71100", "2015-12-31": "58.98700", "2014-12-31": "119.70000", "2013-12-31": "5.26400", "2012-12-31": "-0.04000"}, "Stock-Based Compensation": {"2019-12-31": "153.23100", "2018-12-31": "101.96300", "2017-12-31": "35.53400", "2016-12-31": "23.02000", "2015-12-31": "15.24000", "2014-12-31": "2.51200", "2013-12-31": "0.06100", "2012-12-31": "0.00000"}, "Common Stock Dividends Paid": {"2019-12-31": "", "2018-12-31": "", "2017-12-31": "", "2016-12-31": "", "2015-12-31": "", "2014-12-31": "", "2013-12-31": "", "2012-12-31": ""}}, "cash flow statement, quarterly": {"Net Income/Loss": {"2020-09-30": -105.735, "2020-06-30": -136.347, "2020-03-31": "-126.74000", "2019-12-31": -168.653, "2019-09-30": -179.958, "2019-06-30": -168.221, "2019-03-31": "-163.40600", "2018-12-31": -158.388, "2018-09-30": -122.918, "2018-06-30": -16.978, "2018-03-31": "-74.59800", "2017-12-31": -69.422, "2017-09-30": -73.719, "2017-06-30": -70.201, "2017-03-31": "-56.77800", "2016-12-31": -55.901, "2016-09-30": -37.796, "2016-06-30": -34.747, "2016-03-31": "-30.54300", "2015-12-31": -28.562, "2015-09-30": -24.035, "2015-06-30": -25.027, "2015-03-31": "-16.87100", "2014-12-31": -12.361, "2014-09-30": -9.468, "2014-06-30": -6.192, "2014-03-31": "-5.79000", "2013-12-31": -5.717, "2013-09-30": -4.519, "2013-06-30": -8.044, "2012-12-31": 0}, "Total Depreciation And Amortization - Cash Flow": {"2020-09-30": 0.974, "2020-06-30": 0.984, "2020-03-31": "0.65100", "2019-12-31": 0.128, "2019-09-30": -0.758, "2019-06-30": -2.146, "2019-03-31": "-1.90700", "2018-12-31": -2.628, "2018-09-30": -2.46, "2018-06-30": -2.56, "2018-03-31": "-1.10100", "2017-12-31": -0.101, "2017-09-30": 0.074, "2017-06-30": 0.102, "2017-03-31": "0.16300", "2016-12-31": 0.281, "2016-09-30": 0.157, "2016-06-30": 0.088, "2016-03-31": "0.04100", "2015-12-31": 0.032, "2015-09-30": 0.029, "2015-06-30": 0.032, "2015-03-31": "0.02200", "2014-12-31": 0.016, "2014-09-30": 0.013, "2014-06-30": 0.011, "2014-03-31": "0.01100", "2013-12-31": 0.006, "2013-09-30": 0.011, "2013-06-30": 0.023, "2012-12-31": 0}, "Other Non-Cash Items": {"2020-09-30": 19.536, "2020-06-30": 23.778, "2020-03-31": "30.87000", "2019-12-31": 29.657, "2019-09-30": 42.904, "2019-06-30": 33.619, "2019-03-31": "43.37700", "2018-12-31": 31.59, "2018-09-30": 25.388, "2018-06-30": 28.957, "2018-03-31": "15.81300", "2017-12-31": 10.189, "2017-09-30": 9.682, "2017-06-30": 9.35, "2017-03-31": "6.20800", "2016-12-31": 10, "2016-09-30": 4.354, "2016-06-30": 4.196, "2016-03-31": "3.71400", "2015-12-31": 4.086, "2015-09-30": 4.407, "2015-06-30": 6.185, "2015-03-31": "1.77300", "2014-12-31": 1.326, "2014-09-30": 0.691, "2014-06-30": 0.335, "2014-03-31": "0.28700", "2013-12-31": -0.032, "2013-09-30": 0.02, "2013-06-30": 0.012, "2012-12-31": 0}, "Total Non-Cash Items": {"2020-09-30": 20.51, "2020-06-30": 24.762, "2020-03-31": "31.52100", "2019-12-31": 29.785, "2019-09-30": 42.146, "2019-06-30": 31.473, "2019-03-31": "41.47000", "2018-12-31": 28.962, "2018-09-30": 22.928, "2018-06-30": 26.397, "2018-03-31": "14.71200", "2017-12-31": 10.088, "2017-09-30": 9.756, "2017-06-30": 9.452, "2017-03-31": "6.37100", "2016-12-31": 10.281, "2016-09-30": 4.511, "2016-06-30": 4.284, "2016-03-31": "3.75500", "2015-12-31": 4.118, "2015-09-30": 4.436, "2015-06-30": 6.217, "2015-03-31": "1.79500", "2014-12-31": 1.342, "2014-09-30": 0.704, "2014-06-30": 0.346, "2014-03-31": "0.29800", "2013-12-31": -0.026, "2013-09-30": 0.031, "2013-06-30": 0.035, "2012-12-31": 0}, "Change In Accounts Receivable": {"2020-09-30": 0, "2020-06-30": 0, "2020-03-31": "", "2019-12-31": 0, "2019-09-30": 0, "2019-06-30": 0, "2019-03-31": "", "2018-12-31": 0, "2018-09-30": 0, "2018-06-30": 0, "2018-03-31": "", "2017-12-31": 0, "2017-09-30": 0, "2017-06-30": 0, "2017-03-31": "", "2016-12-31": 0, "2016-09-30": 0, "2016-06-30": 0, "2016-03-31": "", "2015-12-31": 0, "2015-09-30": 0, "2015-06-30": 0, "2015-03-31": "", "2014-12-31": 0, "2014-09-30": 0, "2014-06-30": 0, "2014-03-31": "", "2013-12-31": 0, "2013-09-30": 0, "2013-06-30": 0, "2012-12-31": 0}, "Change In Inventories": {"2020-09-30": 0, "2020-06-30": 0, "2020-03-31": "", "2019-12-31": 0, "2019-09-30": 0, "2019-06-30": 0, "2019-03-31": "", "2018-12-31": 0, "2018-09-30": 0, "2018-06-30": 0, "2018-03-31": "", "2017-12-31": 0, "2017-09-30": 0, "2017-06-30": 0, "2017-03-31": "", "2016-12-31": 0, "2016-09-30": 0, "2016-06-30": 0, "2016-03-31": "", "2015-12-31": 0, "2015-09-30": 0, "2015-06-30": 0, "2015-03-31": "", "2014-12-31": 0, "2014-09-30": 0, "2014-06-30": 0, "2014-03-31": "", "2013-12-31": 0, "2013-09-30": 0, "2013-06-30": 0, "2012-12-31": 0}, "Change In Accounts Payable": {"2020-09-30": 1.902, "2020-06-30": -5.508, "2020-03-31": "-7.30700", "2019-12-31": 10.172, "2019-09-30": -7.149, "2019-06-30": -1.299, "2019-03-31": "-20.50700", "2018-12-31": 27.914, "2018-09-30": -2.467, "2018-06-30": -0.026, "2018-03-31": "-0.87700", "2017-12-31": -3.914, "2017-09-30": 6.989, "2017-06-30": -2.125, "2017-03-31": "-4.64300", "2016-12-31": 7.68, "2016-09-30": -0.825, "2016-06-30": 1.74, "2016-03-31": "-0.79900", "2015-12-31": 1.782, "2015-09-30": -1.952, "2015-06-30": 2.417, "2015-03-31": "0.34300", "2014-12-31": 0.447, "2014-09-30": 0.379, "2014-06-30": 0.086, "2014-03-31": "-0.47100", "2013-12-31": 0.04, "2013-09-30": -0.565, "2013-06-30": 0.525, "2012-12-31": 0}, "Change In Assets/Liabilities": {"2020-09-30": -1.593, "2020-06-30": -3.2, "2020-03-31": "1.22600", "2019-12-31": 3.658, "2019-09-30": -3.263, "2019-06-30": -9.459, "2019-03-31": "0.70100", "2018-12-31": -3.191, "2018-09-30": 12.82, "2018-06-30": -19.743, "2018-03-31": "-5.34800", "2017-12-31": -1.335, "2017-09-30": 0.301, "2017-06-30": 1.287, "2017-03-31": "-1.38000", "2016-12-31": -1.682, "2016-09-30": -1.606, "2016-06-30": 1.115, "2016-03-31": "-1.18900", "2015-12-31": 0.867, "2015-09-30": 0.671, "2015-06-30": -2.085, "2015-03-31": "-0.13400", "2014-12-31": 0.007, "2014-09-30": -0.287, "2014-06-30": -0.383, "2014-03-31": "-0.05200", "2013-12-31": 0.311, "2013-09-30": -0.278, "2013-06-30": -0.033, "2012-12-31": 0}, "Total Change In Assets/Liabilities": {"2020-09-30": -5.791, "2020-06-30": -7.399, "2020-03-31": "-41.47200", "2019-12-31": 22.142, "2019-09-30": 9.11, "2019-06-30": 3.404, "2019-03-31": "-27.99800", "2018-12-31": 27.648, "2018-09-30": 19.803, "2018-06-30": -9.554, "2018-03-31": "-18.68500", "2017-12-31": 0.435, "2017-09-30": 17.871, "2017-06-30": 1.673, "2017-03-31": "-4.80300", "2016-12-31": 11.844, "2016-09-30": 2.489, "2016-06-30": 3.792, "2016-03-31": "-0.64700", "2015-12-31": 6.327, "2015-09-30": 0.084, "2015-06-30": 0.367, "2015-03-31": "0.47000", "2014-12-31": 2.352, "2014-09-30": 1.278, "2014-06-30": 0.573, "2014-03-31": "-0.12400", "2013-12-31": 0.57, "2013-09-30": -0.683, "2013-06-30": 0.703, "2012-12-31": 0}, "Cash Flow From Operating Activities": {"2020-09-30": -91.016, "2020-06-30": -118.984, "2020-03-31": "-136.69100", "2019-12-31": -116.726, "2019-09-30": -128.702, "2019-06-30": -133.344, "2019-03-31": "-149.93400", "2018-12-31": -101.778, "2018-09-30": -80.187, "2018-06-30": -0.135, "2018-03-31": "-78.57100", "2017-12-31": -58.899, "2017-09-30": -46.092, "2017-06-30": -59.076, "2017-03-31": "-55.21000", "2016-12-31": -33.776, "2016-09-30": -30.796, "2016-06-30": -26.671, "2016-03-31": "-27.43500", "2015-12-31": -18.117, "2015-09-30": -19.515, "2015-06-30": -18.443, "2015-03-31": "-14.60600", "2014-12-31": -8.667, "2014-09-30": -7.486, "2014-06-30": -5.273, "2014-03-31": "-5.61600", "2013-12-31": -5.033, "2013-09-30": -5.171, "2013-06-30": -7.306, "2012-12-31": 0}, "Net Change In Property, Plant, And Equipment": {"2020-09-30": 0.001, "2020-06-30": -0.07, "2020-03-31": "-0.27600", "2019-12-31": -0.373, "2019-09-30": -1.94, "2019-06-30": -2.181, "2019-03-31": "-1.25700", "2018-12-31": -0.808, "2018-09-30": -0.998, "2018-06-30": -0.402, "2018-03-31": "-0.65200", "2017-12-31": -0.804, "2017-09-30": -0.235, "2017-06-30": -0.076, "2017-03-31": "-0.24500", "2016-12-31": -0.52, "2016-09-30": -0.066, "2016-06-30": -0.494, "2016-03-31": "-0.34100", "2015-12-31": -0.038, "2015-09-30": 0.021, "2015-06-30": -0.071, "2015-03-31": "-0.11000", "2014-12-31": -0.045, "2014-09-30": -0.078, "2014-06-30": -0.002, "2014-03-31": "-0.00300", "2013-12-31": 0, "2013-09-30": 0, "2013-06-30": -0.003, "2012-12-31": 0}, "Net Change In Intangible Assets": {"2020-09-30": 0, "2020-06-30": 0, "2020-03-31": "", "2019-12-31": 0, "2019-09-30": 0, "2019-06-30": 0, "2019-03-31": "", "2018-12-31": 0, "2018-09-30": 0, "2018-06-30": 0, "2018-03-31": "", "2017-12-31": 0, "2017-09-30": 0, "2017-06-30": 0, "2017-03-31": "", "2016-12-31": 0, "2016-09-30": 0, "2016-06-30": 0, "2016-03-31": "", "2015-12-31": 0, "2015-09-30": 0, "2015-06-30": 0, "2015-03-31": "", "2014-12-31": 0, "2014-09-30": 0, "2014-06-30": 0, "2014-03-31": "", "2013-12-31": 0, "2013-09-30": 0, "2013-06-30": 0, "2012-12-31": 0}, "Net Acquisitions/Divestitures": {"2020-09-30": 0, "2020-06-30": 0, "2020-03-31": "", "2019-12-31": 0, "2019-09-30": 0, "2019-06-30": 0, "2019-03-31": "", "2018-12-31": 0, "2018-09-30": 0, "2018-06-30": 0, "2018-03-31": "", "2017-12-31": 0, "2017-09-30": 0, "2017-06-30": 0, "2017-03-31": "", "2016-12-31": 0, "2016-09-30": 0, "2016-06-30": 0, "2016-03-31": "", "2015-12-31": 0, "2015-09-30": 0, "2015-06-30": 0, "2015-03-31": "", "2014-12-31": 0, "2014-09-30": 0, "2014-06-30": 0, "2014-03-31": "", "2013-12-31": 0, "2013-09-30": 0, "2013-06-30": 0, "2012-12-31": 0}, "Net Change In Short-term Investments": {"2020-09-30": 13.512, "2020-06-30": 177.452, "2020-03-31": "206.54600", "2019-12-31": -17.543, "2019-09-30": 209.719, "2019-06-30": -55.928, "2019-03-31": "-273.65300", "2018-12-31": 39.226, "2018-09-30": 1.05, "2018-06-30": -237.728, "2018-03-31": "-312.14900", "2017-12-31": -103.798, "2017-09-30": 44.106, "2017-06-30": 44.669, "2017-03-31": "31.84500", "2016-12-31": -117.943, "2016-09-30": -27.654, "2016-06-30": -82.997, "2016-03-31": "", "2015-12-31": 0, "2015-09-30": 0, "2015-06-30": 0, "2015-03-31": "", "2014-12-31": 0, "2014-09-30": 0, "2014-06-30": 0, "2014-03-31": "", "2013-12-31": 0, "2013-09-30": 0, "2013-06-30": 0, "2012-12-31": 0}, "Net Change In Long-Term Investments": {"2020-09-30": 0, "2020-06-30": 0, "2020-03-31": "", "2019-12-31": 0, "2019-09-30": 0, "2019-06-30": 0, "2019-03-31": "", "2018-12-31": 0, "2018-09-30": 0, "2018-06-30": 0, "2018-03-31": "", "2017-12-31": 0, "2017-09-30": 0, "2017-06-30": 0, "2017-03-31": "", "2016-12-31": 0, "2016-09-30": 0, "2016-06-30": 0, "2016-03-31": "", "2015-12-31": 0, "2015-09-30": 0, "2015-06-30": 0, "2015-03-31": "", "2014-12-31": 0, "2014-09-30": 0, "2014-06-30": 0, "2014-03-31": "", "2013-12-31": 0, "2013-09-30": 0, "2013-06-30": 0, "2012-12-31": 0}, "Net Change In Investments - Total": {"2020-09-30": 13.512, "2020-06-30": 177.452, "2020-03-31": "206.54600", "2019-12-31": -17.543, "2019-09-30": 209.719, "2019-06-30": -55.928, "2019-03-31": "-273.65300", "2018-12-31": 39.226, "2018-09-30": 1.05, "2018-06-30": -237.728, "2018-03-31": "-312.14900", "2017-12-31": -103.798, "2017-09-30": 44.106, "2017-06-30": 44.669, "2017-03-31": "31.84500", "2016-12-31": -117.943, "2016-09-30": -27.654, "2016-06-30": -82.997, "2016-03-31": "", "2015-12-31": 0, "2015-09-30": 0, "2015-06-30": 0, "2015-03-31": "", "2014-12-31": 0, "2014-09-30": 0, "2014-06-30": 0, "2014-03-31": "", "2013-12-31": 0, "2013-09-30": 0, "2013-06-30": 0, "2012-12-31": 0}, "Investing Activities - Other": {"2020-09-30": 0, "2020-06-30": 0, "2020-03-31": "", "2019-12-31": 0, "2019-09-30": 0, "2019-06-30": 0, "2019-03-31": "", "2018-12-31": 0, "2018-09-30": 0, "2018-06-30": 0, "2018-03-31": "", "2017-12-31": 0, "2017-09-30": 0, "2017-06-30": 0, "2017-03-31": "", "2016-12-31": 0.525, "2016-09-30": 0, "2016-06-30": -0.525, "2016-03-31": "", "2015-12-31": 0, "2015-09-30": 0, "2015-06-30": 0, "2015-03-31": "", "2014-12-31": 0, "2014-09-30": 0, "2014-06-30": 0, "2014-03-31": "", "2013-12-31": 0, "2013-09-30": 0, "2013-06-30": 0, "2012-12-31": 0}, "Cash Flow From Investing Activities": {"2020-09-30": 13.513, "2020-06-30": 177.382, "2020-03-31": "206.27000", "2019-12-31": -17.916, "2019-09-30": 207.779, "2019-06-30": -58.109, "2019-03-31": "-274.91000", "2018-12-31": 38.418, "2018-09-30": 0.052, "2018-06-30": -238.13, "2018-03-31": "-312.80100", "2017-12-31": -104.602, "2017-09-30": 43.871, "2017-06-30": 44.593, "2017-03-31": "31.60000", "2016-12-31": -117.938, "2016-09-30": -27.72, "2016-06-30": -84.016, "2016-03-31": "-0.34100", "2015-12-31": -0.038, "2015-09-30": 0.021, "2015-06-30": -0.071, "2015-03-31": "-0.11000", "2014-12-31": -0.045, "2014-09-30": -0.078, "2014-06-30": -0.002, "2014-03-31": "-0.00300", "2013-12-31": 0, "2013-09-30": 0, "2013-06-30": -0.003, "2012-12-31": 0}, "Net Long-Term Debt": {"2020-09-30": 0, "2020-06-30": 0, "2020-03-31": "", "2019-12-31": 0, "2019-09-30": 0, "2019-06-30": 0, "2019-03-31": "", "2018-12-31": 0, "2018-09-30": 0, "2018-06-30": 0, "2018-03-31": "", "2017-12-31": 0, "2017-09-30": 0, "2017-06-30": 0, "2017-03-31": "", "2016-12-31": 0, "2016-09-30": 0, "2016-06-30": 0, "2016-03-31": "", "2015-12-31": 0, "2015-09-30": 0, "2015-06-30": 0, "2015-03-31": "", "2014-12-31": 0, "2014-09-30": 0, "2014-06-30": 0, "2014-03-31": "", "2013-12-31": 0, "2013-09-30": 0, "2013-06-30": 0, "2012-12-31": 0}, "Net Current Debt": {"2020-09-30": 0, "2020-06-30": 0, "2020-03-31": "", "2019-12-31": 0, "2019-09-30": 0, "2019-06-30": 0, "2019-03-31": "", "2018-12-31": 0, "2018-09-30": 0, "2018-06-30": 0, "2018-03-31": "", "2017-12-31": 0, "2017-09-30": 0, "2017-06-30": 0, "2017-03-31": "", "2016-12-31": 0, "2016-09-30": 0, "2016-06-30": 0, "2016-03-31": "", "2015-12-31": 0, "2015-09-30": 0, "2015-06-30": 0, "2015-03-31": "", "2014-12-31": 0, "2014-09-30": 0, "2014-06-30": 0, "2014-03-31": "", "2013-12-31": 0, "2013-09-30": 0, "2013-06-30": 0, "2012-12-31": 0}, "Debt Issuance/Retirement Net - Total": {"2020-09-30": 0, "2020-06-30": 0, "2020-03-31": "", "2019-12-31": 0, "2019-09-30": 0, "2019-06-30": 0, "2019-03-31": "", "2018-12-31": 0, "2018-09-30": 0, "2018-06-30": 0, "2018-03-31": "", "2017-12-31": 0, "2017-09-30": 0, "2017-06-30": 0, "2017-03-31": "", "2016-12-31": 0, "2016-09-30": 0, "2016-06-30": 0, "2016-03-31": "", "2015-12-31": 0, "2015-09-30": 0, "2015-06-30": 0, "2015-03-31": "", "2014-12-31": 0, "2014-09-30": 0, "2014-06-30": 0, "2014-03-31": "", "2013-12-31": 0, "2013-09-30": 0, "2013-06-30": 0, "2012-12-31": 0}, "Net Common Equity Issued/Repurchased": {"2020-09-30": 3.545, "2020-06-30": 0.386, "2020-03-31": "3.16000", "2019-12-31": 2.166, "2019-09-30": 15.402, "2019-06-30": 15.601, "2019-03-31": "576.95800", "2018-12-31": 1.628, "2018-09-30": 8.078, "2018-06-30": 6.645, "2018-03-31": "644.25100", "2017-12-31": 334.999, "2017-09-30": 3.687, "2017-06-30": 2.758, "2017-03-31": "0.55300", "2016-12-31": 0.678, "2016-09-30": 189.591, "2016-06-30": 0.01, "2016-03-31": "141.30200", "2015-12-31": 0.067, "2015-09-30": 0.227, "2015-06-30": 130.009, "2015-03-31": "0.14700", "2014-12-31": 0.001, "2014-09-30": 96.292, "2014-06-30": 0, "2014-03-31": "0.00200", "2013-12-31": -0.037, "2013-09-30": 0.002, "2013-06-30": 0.035, "2012-12-31": 0}, "Net Total Equity Issued/Repurchased": {"2020-09-30": 3.545, "2020-06-30": 0.386, "2020-03-31": "3.16000", "2019-12-31": 2.166, "2019-09-30": 15.402, "2019-06-30": 15.601, "2019-03-31": "576.95800", "2018-12-31": 1.628, "2018-09-30": 8.078, "2018-06-30": 6.645, "2018-03-31": "644.25100", "2017-12-31": 334.999, "2017-09-30": 3.687, "2017-06-30": 2.758, "2017-03-31": "0.55300", "2016-12-31": 0.678, "2016-09-30": 189.591, "2016-06-30": 0.01, "2016-03-31": "141.30200", "2015-12-31": 0.067, "2015-09-30": 0.227, "2015-06-30": 130.009, "2015-03-31": "0.14700", "2014-12-31": 0.001, "2014-09-30": 96.292, "2014-06-30": -0.116, "2014-03-31": "52.97800", "2013-12-31": 0.258, "2013-09-30": 17.492, "2013-06-30": 5.03, "2012-12-31": 0}, "Total Common And Preferred Stock Dividends Paid": {"2020-09-30": 0, "2020-06-30": 0, "2020-03-31": "", "2019-12-31": 0, "2019-09-30": 0, "2019-06-30": 0, "2019-03-31": "", "2018-12-31": 0, "2018-09-30": 0, "2018-06-30": 0, "2018-03-31": "", "2017-12-31": 0, "2017-09-30": 0, "2017-06-30": 0, "2017-03-31": "", "2016-12-31": 0, "2016-09-30": 0, "2016-06-30": 0, "2016-03-31": "", "2015-12-31": 0, "2015-09-30": 0, "2015-06-30": 0, "2015-03-31": "", "2014-12-31": 0, "2014-09-30": 0, "2014-06-30": 0, "2014-03-31": "", "2013-12-31": 0, "2013-09-30": 0, "2013-06-30": 0, "2012-12-31": 0}, "Financial Activities - Other": {"2020-09-30": 0, "2020-06-30": 0, "2020-03-31": "", "2019-12-31": 0, "2019-09-30": -1.483, "2019-06-30": -0.258, "2019-03-31": "-0.76200", "2018-12-31": 0, "2018-09-30": 0, "2018-06-30": -0.105, "2018-03-31": "-1.13900", "2017-12-31": -0.179, "2017-09-30": 0, "2017-06-30": 0, "2017-03-31": "", "2016-12-31": 0, "2016-09-30": 0, "2016-06-30": 0, "2016-03-31": "-0.59900", "2015-12-31": -0.036, "2015-09-30": -0.09, "2015-06-30": -0.423, "2015-03-31": "-0.03500", "2014-12-31": -0.25, "2014-09-30": -1.128, "2014-06-30": -0.907, "2014-03-31": "", "2013-12-31": 0, "2013-09-30": 0, "2013-06-30": 0, "2012-12-31": 0}, "Cash Flow From Financial Activities": {"2020-09-30": 3.545, "2020-06-30": 0.386, "2020-03-31": "3.16000", "2019-12-31": 2.166, "2019-09-30": 13.919, "2019-06-30": 15.343, "2019-03-31": "576.19600", "2018-12-31": 1.628, "2018-09-30": 8.078, "2018-06-30": 6.54, "2018-03-31": "643.11200", "2017-12-31": 334.82, "2017-09-30": 3.687, "2017-06-30": 2.758, "2017-03-31": "0.55300", "2016-12-31": 0.678, "2016-09-30": 189.591, "2016-06-30": 0.01, "2016-03-31": "140.70300", "2015-12-31": 0.031, "2015-09-30": 0.137, "2015-06-30": 129.586, "2015-03-31": "0.11200", "2014-12-31": -0.249, "2014-09-30": 95.164, "2014-06-30": -1.023, "2014-03-31": "52.97800", "2013-12-31": 0.258, "2013-09-30": 17.492, "2013-06-30": 5.03, "2012-12-31": 0}, "Net Cash Flow": {"2020-09-30": -73.958, "2020-06-30": 58.784, "2020-03-31": "72.73900", "2019-12-31": -132.476, "2019-09-30": 92.996, "2019-06-30": -176.11, "2019-03-31": "151.35200", "2018-12-31": -61.732, "2018-09-30": -72.057, "2018-06-30": -231.725, "2018-03-31": "251.74000", "2017-12-31": 171.319, "2017-09-30": 1.466, "2017-06-30": -11.725, "2017-03-31": "-23.05700", "2016-12-31": -151.036, "2016-09-30": 131.075, "2016-06-30": -110.677, "2016-03-31": "112.92700", "2015-12-31": -18.124, "2015-09-30": -19.357, "2015-06-30": 111.072, "2015-03-31": "-14.60400", "2014-12-31": -8.961, "2014-09-30": 87.6, "2014-06-30": -6.298, "2014-03-31": "47.35900", "2013-12-31": -4.782, "2013-09-30": 12.321, "2013-06-30": -2.279, "2012-12-31": 0}, "Stock-Based Compensation": {"2020-09-30": 20.108, "2020-06-30": 24.032, "2020-03-31": "31.11000", "2019-12-31": 30.679, "2019-09-30": 43.669, "2019-06-30": 34.767, "2019-03-31": "44.11600", "2018-12-31": 31.64, "2018-09-30": 25.478, "2018-06-30": 29.028, "2018-03-31": "15.81700", "2017-12-31": 10.245, "2017-09-30": 9.731, "2017-06-30": 9.35, "2017-03-31": "6.20800", "2016-12-31": 10.093, "2016-09-30": 4.748, "2016-06-30": 4.465, "2016-03-31": "3.71400", "2015-12-31": 4.086, "2015-09-30": 4.407, "2015-06-30": 5.398, "2015-03-31": "1.34900", "2014-12-31": 1.326, "2014-09-30": 0.691, "2014-06-30": 0.335, "2014-03-31": "0.16000", "2013-12-31": -0.032, "2013-09-30": 0.02, "2013-06-30": 0.012, "2012-12-31": 0}, "Common Stock Dividends Paid": {"2020-09-30": 0, "2020-06-30": 0, "2020-03-31": "", "2019-12-31": 0, "2019-09-30": 0, "2019-06-30": 0, "2019-03-31": "", "2018-12-31": 0, "2018-09-30": 0, "2018-06-30": 0, "2018-03-31": "", "2017-12-31": 0, "2017-09-30": 0, "2017-06-30": 0, "2017-03-31": "", "2016-12-31": 0, "2016-09-30": 0, "2016-06-30": 0, "2016-03-31": "", "2015-12-31": 0, "2015-09-30": 0, "2015-06-30": 0, "2015-03-31": "", "2014-12-31": 0, "2014-09-30": 0, "2014-06-30": 0, "2014-03-31": "", "2013-12-31": 0, "2013-09-30": 0, "2013-06-30": 0, "2012-12-31": 0}}, "financial ratios": {"Current Ratio": {"2019-12-31": "9.23140", "2018-12-31": "10.98100", "2017-12-31": "10.10710", "2016-12-31": "11.44700", "2015-12-31": "12.31400", "2014-12-31": "16.60720", "2013-12-31": "3.63150", "2012-12-31": "1.99150"}, "Long-term Debt / Capital": {"2019-12-31": "", "2018-12-31": "", "2017-12-31": "", "2016-12-31": "", "2015-12-31": "", "2014-12-31": "", "2013-12-31": "", "2012-12-31": ""}, "Debt/Equity Ratio": {"2019-12-31": "", "2018-12-31": "", "2017-12-31": "", "2016-12-31": "", "2015-12-31": "", "2014-12-31": "", "2013-12-31": "", "2012-12-31": ""}, "Gross Margin": {"2019-12-31": "94.17590", "2018-12-31": "100.00000", "2017-12-31": "", "2016-12-31": "", "2015-12-31": "", "2014-12-31": "", "2013-12-31": "", "2012-12-31": ""}, "Operating Margin": {"2019-12-31": "-10310.48000", "2018-12-31": "-435.60970", "2017-12-31": "", "2016-12-31": "", "2015-12-31": "", "2014-12-31": "", "2013-12-31": "", "2012-12-31": ""}, "EBIT Margin": {"2019-12-31": "-10310.48000", "2018-12-31": "-435.60970", "2017-12-31": "", "2016-12-31": "", "2015-12-31": "", "2014-12-31": "", "2013-12-31": "", "2012-12-31": ""}, "EBITDA Margin": {"2019-12-31": "-10378.67000", "2018-12-31": "-445.30150", "2017-12-31": "", "2016-12-31": "", "2015-12-31": "", "2014-12-31": "", "2013-12-31": "", "2012-12-31": ""}, "Pre-Tax Profit Margin": {"2019-12-31": "-9904.45500", "2018-12-31": "-413.06040", "2017-12-31": "", "2016-12-31": "", "2015-12-31": "", "2014-12-31": "", "2013-12-31": "", "2012-12-31": ""}, "Net Profit Margin": {"2019-12-31": "-9904.45500", "2018-12-31": "-413.06040", "2017-12-31": "", "2016-12-31": "", "2015-12-31": "", "2014-12-31": "", "2013-12-31": "", "2012-12-31": ""}, "Asset Turnover": {"2019-12-31": "0.00630", "2018-12-31": "0.09480", "2017-12-31": "", "2016-12-31": "", "2015-12-31": "", "2014-12-31": "", "2013-12-31": "", "2012-12-31": ""}, "Inventory Turnover Ratio": {"2019-12-31": "", "2018-12-31": "", "2017-12-31": "", "2016-12-31": "", "2015-12-31": "", "2014-12-31": "", "2013-12-31": "", "2012-12-31": ""}, "Receiveable Turnover": {"2019-12-31": "", "2018-12-31": "", "2017-12-31": "", "2016-12-31": "", "2015-12-31": "", "2014-12-31": "", "2013-12-31": "", "2012-12-31": ""}, "Days Sales In Receivables": {"2019-12-31": "", "2018-12-31": "", "2017-12-31": "", "2016-12-31": "", "2015-12-31": "", "2014-12-31": "", "2013-12-31": "", "2012-12-31": ""}, "ROE - Return On Equity": {"2019-12-31": "-72.00920", "2018-12-31": "-43.20910", "2017-12-31": "-56.81060", "2016-12-31": "-43.14240", "2015-12-31": "-54.40280", "2014-12-31": "-27.74010", "2013-12-31": "57.96870", "2012-12-31": "71.91280"}, "Return On Tangible Equity": {"2019-12-31": "-72.00910", "2018-12-31": "-43.20910", "2017-12-31": "-56.81060", "2016-12-31": "-43.14240", "2015-12-31": "-54.40280", "2014-12-31": "-27.74010", "2013-12-31": "57.96870", "2012-12-31": "71.91280"}, "ROA - Return On Assets": {"2019-12-31": "-62.74390", "2018-12-31": "-39.13930", "2017-12-31": "-50.97210", "2016-12-31": "-39.30160", "2015-12-31": "-49.99310", "2014-12-31": "-26.07570", "2013-12-31": "-214.26400", "2012-12-31": "-321.60270"}, "ROI - Return On Investment": {"2019-12-31": "-72.00910", "2018-12-31": "-43.20910", "2017-12-31": "-56.81060", "2016-12-31": "-43.14240", "2015-12-31": "-54.40280", "2014-12-31": "-27.74010", "2013-12-31": "57.96870", "2012-12-31": "71.91280"}, "Book Value Per Share": {"2019-12-31": "18.20950", "2018-12-31": "18.40490", "2017-12-31": "11.32000", "2016-12-31": "9.90050", "2015-12-31": "6.02610", "2014-12-31": "4.75700", "2013-12-31": "-19.43070", "2012-12-31": "-9.60140"}, "Operating Cash Flow Per Share": {"2019-12-31": -4.7487, "2018-12-31": 0.1013, "2017-12-31": -2.2098, "2016-12-31": -0.9989, "2015-12-31": -1.291, "2014-12-31": 10.4865, "2013-12-31": -3.7561, "2012-12-31": -7.9839}, "Free Cash Flow Per Share": {"2019-12-31": -4.7999, "2018-12-31": 0.075, "2017-12-31": -2.2031, "2016-12-31": -1.0342, "2015-12-31": -1.2922, "2014-12-31": 10.4826, "2013-12-31": -3.6588, "2012-12-31": -8.0832}}, "financial ratios, quarterly": {"Current Ratio": {"2020-09-30": "11.71350", "2020-06-30": "12.21590", "2020-03-31": "12.76630", "2019-12-31": "9.23140", "2019-09-30": "12.67280", "2019-06-30": "16.00410", "2019-03-31": "20.05870", "2018-12-31": "10.98100", "2018-09-30": "19.07190", "2018-06-30": "23.45140", "2018-03-31": "28.91550", "2017-12-31": "10.10710", "2017-09-30": "4.98310", "2017-06-30": "9.01830", "2017-03-31": "10.94800", "2016-12-31": "11.44700", "2016-09-30": "19.46660", "2016-06-30": "14.94670", "2016-03-31": "18.94840", "2015-12-31": "12.31400", "2015-09-30": "20.16140", "2015-06-30": "20.68250", "2015-03-31": "12.80370", "2014-12-31": "16.60720", "2014-09-30": "27.50300", "2014-06-30": "13.11190", "2014-03-31": "", "2013-12-31": "", "2013-09-30": "", "2013-06-30": "", "2012-12-31": ""}, "Long-term Debt / Capital": {"2020-09-30": "", "2020-06-30": "", "2020-03-31": "", "2019-12-31": "", "2019-09-30": "", "2019-06-30": "", "2019-03-31": "", "2018-12-31": "", "2018-09-30": "", "2018-06-30": "", "2018-03-31": "", "2017-12-31": "", "2017-09-30": "", "2017-06-30": "", "2017-03-31": "", "2016-12-31": "", "2016-09-30": "", "2016-06-30": "", "2016-03-31": "", "2015-12-31": "", "2015-09-30": "", "2015-06-30": "", "2015-03-31": "", "2014-12-31": "", "2014-09-30": "", "2014-06-30": "", "2014-03-31": "", "2013-12-31": "", "2013-09-30": "", "2013-06-30": "", "2012-12-31": ""}, "Debt/Equity Ratio": {"2020-09-30": "", "2020-06-30": "", "2020-03-31": "", "2019-12-31": "", "2019-09-30": "", "2019-06-30": "", "2019-03-31": "", "2018-12-31": "", "2018-09-30": "", "2018-06-30": "", "2018-03-31": "", "2017-12-31": "", "2017-09-30": "", "2017-06-30": "", "2017-03-31": "", "2016-12-31": "", "2016-09-30": "", "2016-06-30": "", "2016-03-31": "", "2015-12-31": "", "2015-09-30": "", "2015-06-30": "", "2015-03-31": "", "2014-12-31": "", "2014-09-30": "", "2014-06-30": "", "2014-03-31": "", "2013-12-31": "", "2013-09-30": "", "2013-06-30": "", "2012-12-31": ""}, "Gross Margin": {"2020-09-30": "90.90910", "2020-06-30": "89.89900", "2020-03-31": "92.56340", "2019-12-31": "88.82650", "2019-09-30": "96.16250", "2019-06-30": "94.95990", "2019-03-31": "100.00000", "2018-12-31": "100.00000", "2018-09-30": "", "2018-06-30": "100.00000", "2018-03-31": "", "2017-12-31": "", "2017-09-30": "", "2017-06-30": "", "2017-03-31": "", "2016-12-31": "", "2016-09-30": "", "2016-06-30": "", "2016-03-31": "", "2015-12-31": "", "2015-09-30": "", "2015-06-30": "", "2015-03-31": "", "2014-12-31": "", "2014-09-30": "", "2014-06-30": "", "2014-03-31": "", "2013-12-31": "", "2013-09-30": "", "2013-06-30": "", "2012-12-31": ""}, "Operating Margin": {"2020-09-30": "-6538.01100", "2020-06-30": "-12760.97000", "2020-03-31": "-5757.83100", "2019-12-31": "-8910.10200", "2019-09-30": "-5243.05300", "2019-06-30": "-20212.71000", "2019-03-31": "-36527.31000", "2018-12-31": "-60155.83000", "2018-09-30": "", "2018-06-30": "-24.60780", "2018-03-31": "", "2017-12-31": "", "2017-09-30": "", "2017-06-30": "", "2017-03-31": "", "2016-12-31": "", "2016-09-30": "", "2016-06-30": "", "2016-03-31": "", "2015-12-31": "", "2015-09-30": "", "2015-06-30": "", "2015-03-31": "", "2014-12-31": "", "2014-09-30": "", "2014-06-30": "", "2014-03-31": "", "2013-12-31": "", "2013-09-30": "", "2013-06-30": "", "2012-12-31": ""}, "EBIT Margin": {"2020-09-30": "-6538.01100", "2020-06-30": "-12760.97000", "2020-03-31": "-5757.83100", "2019-12-31": "-8910.10400", "2019-09-30": "-5243.05300", "2019-06-30": "-20212.71000", "2019-03-31": "-36527.31000", "2018-12-31": "-60155.82000", "2018-09-30": "", "2018-06-30": "-24.60780", "2018-03-31": "", "2017-12-31": "", "2017-09-30": "", "2017-06-30": "", "2017-03-31": "", "2016-12-31": "", "2016-09-30": "", "2016-06-30": "", "2016-03-31": "", "2015-12-31": "", "2015-09-30": "", "2015-06-30": "", "2015-03-31": "", "2014-12-31": "", "2014-09-30": "", "2014-06-30": "", "2014-03-31": "", "2013-12-31": "", "2013-09-30": "", "2013-06-30": "", "2012-12-31": ""}, "EBITDA Margin": {"2020-09-30": "", "2020-06-30": "", "2020-03-31": "", "2019-12-31": "", "2019-09-30": "", "2019-06-30": "", "2019-03-31": "", "2018-12-31": "", "2018-09-30": "", "2018-06-30": "", "2018-03-31": "", "2017-12-31": "", "2017-09-30": "", "2017-06-30": "", "2017-03-31": "", "2016-12-31": "", "2016-09-30": "", "2016-06-30": "", "2016-03-31": "", "2015-12-31": "", "2015-09-30": "", "2015-06-30": "", "2015-03-31": "", "2014-12-31": "", "2014-09-30": "", "2014-06-30": "", "2014-03-31": "", "2013-12-31": "", "2013-09-30": "", "2013-06-30": "", "2012-12-31": ""}, "Pre-Tax Profit Margin": {"2020-09-30": "-6451.18900", "2020-06-30": "-12520.39000", "2020-03-31": "-5544.18200", "2019-12-31": "-8604.74100", "2019-09-30": "-5040.84000", "2019-06-30": "-19269.30000", "2019-03-31": "-35141.08000", "2018-12-31": "-58017.02000", "2018-09-30": "", "2018-06-30": "-18.86440", "2018-03-31": "", "2017-12-31": "", "2017-09-30": "", "2017-06-30": "", "2017-03-31": "", "2016-12-31": "", "2016-09-30": "", "2016-06-30": "", "2016-03-31": "", "2015-12-31": "", "2015-09-30": "", "2015-06-30": "", "2015-03-31": "", "2014-12-31": "", "2014-09-30": "", "2014-06-30": "", "2014-03-31": "", "2013-12-31": "", "2013-09-30": "", "2013-06-30": "", "2012-12-31": ""}, "Net Profit Margin": {"2020-09-30": "-6451.18900", "2020-06-30": "-12520.39000", "2020-03-31": "-5544.18200", "2019-12-31": "-8604.74100", "2019-09-30": "-5040.84000", "2019-06-30": "-19269.30000", "2019-03-31": "-35141.08000", "2018-12-31": "-58017.02000", "2018-09-30": "", "2018-06-30": "-18.86440", "2018-03-31": "", "2017-12-31": "", "2017-09-30": "", "2017-06-30": "", "2017-03-31": "", "2016-12-31": "", "2016-09-30": "", "2016-06-30": "", "2016-03-31": "", "2015-12-31": "", "2015-09-30": "", "2015-06-30": "", "2015-03-31": "", "2014-12-31": "", "2014-09-30": "", "2014-06-30": "", "2014-03-31": "", "2013-12-31": "", "2013-09-30": "", "2013-06-30": "", "2012-12-31": ""}, "Asset Turnover": {"2020-09-30": "0.00220", "2020-06-30": "0.00130", "2020-03-31": "0.00240", "2019-12-31": "0.00180", "2019-09-30": "0.00300", "2019-06-30": "0.00070", "2019-03-31": "0.00030", "2018-12-31": "0.00030", "2018-09-30": "", "2018-06-30": "0.07970", "2018-03-31": "", "2017-12-31": "", "2017-09-30": "", "2017-06-30": "", "2017-03-31": "", "2016-12-31": "", "2016-09-30": "", "2016-06-30": "", "2016-03-31": "", "2015-12-31": "", "2015-09-30": "", "2015-06-30": "", "2015-03-31": "", "2014-12-31": "", "2014-09-30": "", "2014-06-30": "", "2014-03-31": "", "2013-12-31": "", "2013-09-30": "", "2013-06-30": "", "2012-12-31": ""}, "Inventory Turnover Ratio": {"2020-09-30": "", "2020-06-30": "", "2020-03-31": "", "2019-12-31": "", "2019-09-30": "", "2019-06-30": "", "2019-03-31": "", "2018-12-31": "", "2018-09-30": "", "2018-06-30": "", "2018-03-31": "", "2017-12-31": "", "2017-09-30": "", "2017-06-30": "", "2017-03-31": "", "2016-12-31": "", "2016-09-30": "", "2016-06-30": "", "2016-03-31": "", "2015-12-31": "", "2015-09-30": "", "2015-06-30": "", "2015-03-31": "", "2014-12-31": "", "2014-09-30": "", "2014-06-30": "", "2014-03-31": "", "2013-12-31": "", "2013-09-30": "", "2013-06-30": "", "2012-12-31": ""}, "Receiveable Turnover": {"2020-09-30": "", "2020-06-30": "", "2020-03-31": "", "2019-12-31": "", "2019-09-30": "", "2019-06-30": "", "2019-03-31": "", "2018-12-31": "", "2018-09-30": "", "2018-06-30": "4.89720", "2018-03-31": "", "2017-12-31": "", "2017-09-30": "", "2017-06-30": "", "2017-03-31": "", "2016-12-31": "", "2016-09-30": "", "2016-06-30": "", "2016-03-31": "", "2015-12-31": "", "2015-09-30": "", "2015-06-30": "", "2015-03-31": "", "2014-12-31": "", "2014-09-30": "", "2014-06-30": "", "2014-03-31": "", "2013-12-31": "", "2013-09-30": "", "2013-06-30": "", "2012-12-31": ""}, "Days Sales In Receivables": {"2020-09-30": "", "2020-06-30": "", "2020-03-31": "", "2019-12-31": "", "2019-09-30": "", "2019-06-30": "", "2019-03-31": "", "2018-12-31": "", "2018-09-30": "", "2018-06-30": "18.37800", "2018-03-31": "", "2017-12-31": "", "2017-09-30": "", "2017-06-30": "", "2017-03-31": "", "2016-12-31": "", "2016-09-30": "", "2016-06-30": "", "2016-03-31": "", "2015-12-31": "", "2015-09-30": "", "2015-06-30": "", "2015-03-31": "", "2014-12-31": "", "2014-09-30": "", "2014-06-30": "", "2014-03-31": "", "2013-12-31": "", "2013-09-30": "", "2013-06-30": "", "2012-12-31": ""}, "ROE - Return On Equity": {"2020-09-30": "-16.07940", "2020-06-30": "-18.42740", "2020-03-31": "-14.92450", "2019-12-31": "-17.85340", "2019-09-30": "-16.64630", "2019-06-30": "-13.98490", "2019-03-31": "-12.38360", "2018-12-31": "-18.35380", "2018-09-30": "-12.43470", "2018-06-30": "-1.57530", "2018-03-31": "-7.04240", "2017-12-31": "-14.60040", "2017-09-30": "-36.84990", "2017-06-30": "-26.96920", "2017-03-31": "-17.82970", "2016-12-31": "-15.16920", "2016-09-30": "-9.13530", "2016-06-30": "-13.50930", "2016-03-31": "-10.62370", "2015-12-31": "-16.44380", "2015-09-30": "-12.13250", "2015-06-30": "-11.50930", "2015-03-31": "-15.83980", "2014-12-31": "-10.14150", "2014-09-30": "-7.12310", "2014-06-30": "13.82390", "2014-03-31": "", "2013-12-31": "", "2013-09-30": "", "2013-06-30": "", "2012-12-31": ""}, "Return On Tangible Equity": {"2020-09-30": "-16.07940", "2020-06-30": "-18.42740", "2020-03-31": "-14.92450", "2019-12-31": "-17.85340", "2019-09-30": "-16.64630", "2019-06-30": "-13.98490", "2019-03-31": "-12.38360", "2018-12-31": "-18.35380", "2018-09-30": "-12.43470", "2018-06-30": "-1.57530", "2018-03-31": "-7.04240", "2017-12-31": "-14.60040", "2017-09-30": "-36.84990", "2017-06-30": "-26.96920", "2017-03-31": "-17.82970", "2016-12-31": "-15.16920", "2016-09-30": "-9.13530", "2016-06-30": "-13.50930", "2016-03-31": "-10.62370", "2015-12-31": "-16.44380", "2015-09-30": "-12.13250", "2015-06-30": "-11.50930", "2015-03-31": "-15.83980", "2014-12-31": "-10.14150", "2014-09-30": "-7.12310", "2014-06-30": "13.82390", "2014-03-31": "", "2013-12-31": "", "2013-09-30": "", "2013-06-30": "", "2012-12-31": ""}, "ROA - Return On Assets": {"2020-09-30": "-14.31510", "2020-06-30": "-16.48210", "2020-03-31": "-13.41200", "2019-12-31": "-15.55620", "2019-09-30": "-14.95010", "2019-06-30": "-12.78720", "2019-03-31": "-11.48390", "2018-12-31": "-16.62510", "2018-09-30": "-11.74000", "2018-06-30": "-1.50320", "2018-03-31": "-6.77760", "2017-12-31": "-13.09990", "2017-09-30": "-29.36020", "2017-06-30": "-23.92610", "2017-03-31": "-16.16830", "2016-12-31": "-13.81870", "2016-09-30": "-8.66280", "2016-06-30": "-12.60640", "2016-03-31": "-10.06330", "2015-12-31": "-15.11090", "2015-09-30": "-11.53260", "2015-06-30": "-10.95400", "2015-03-31": "-14.60970", "2014-12-31": "-9.53300", "2014-09-30": "-6.86270", "2014-06-30": "-11.98820", "2014-03-31": "", "2013-12-31": "", "2013-09-30": "", "2013-06-30": "", "2012-12-31": ""}, "ROI - Return On Investment": {"2020-09-30": "-16.07940", "2020-06-30": "-18.42740", "2020-03-31": "-14.92450", "2019-12-31": "-17.85340", "2019-09-30": "-16.64630", "2019-06-30": "-13.98490", "2019-03-31": "-12.38360", "2018-12-31": "-18.35380", "2018-09-30": "-12.43470", "2018-06-30": "-1.57530", "2018-03-31": "-7.04240", "2017-12-31": "-14.60040", "2017-09-30": "-36.84990", "2017-06-30": "-26.96920", "2017-03-31": "-17.82970", "2016-12-31": "-15.16920", "2016-09-30": "-9.13530", "2016-06-30": "-13.50930", "2016-03-31": "-10.62370", "2015-12-31": "-16.44380", "2015-09-30": "-12.13250", "2015-06-30": "-11.50930", "2015-03-31": "-15.83980", "2014-12-31": "-10.14150", "2014-09-30": "-7.12310", "2014-06-30": "13.82390", "2014-03-31": "", "2013-12-31": "", "2013-09-30": "", "2013-06-30": "", "2012-12-31": ""}, "Book Value Per Share": {"2020-09-30": "12.64020", "2020-06-30": "14.24690", "2020-03-31": "16.35670", "2019-12-31": "18.20950", "2019-09-30": "20.86370", "2019-06-30": "23.37090", "2019-03-31": "25.85600", "2018-12-31": "18.40490", "2018-09-30": "21.10790", "2018-06-30": "23.12600", "2018-03-31": "22.80070", "2017-12-31": "11.32000", "2017-09-30": "5.33120", "2017-06-30": "6.95570", "2017-03-31": "8.53580", "2016-12-31": "9.90050", "2016-09-30": "11.13240", "2016-06-30": "8.01950", "2016-03-31": "8.97370", "2015-12-31": "6.02610", "2015-09-30": "6.88120", "2015-06-30": "7.59650", "2015-03-31": "4.14520", "2014-12-31": "4.75700", "2014-09-30": "5.19500", "2014-06-30": "-26.13300", "2014-03-31": "", "2013-12-31": "", "2013-09-30": "", "2013-06-30": "", "2012-12-31": ""}, "Operating Cash Flow Per Share": {"2020-09-30": -1.7458, "2020-06-30": -2.2905, "2020-03-31": "-2.63330", "2019-12-31": -2.4327, "2019-09-30": -2.4414, "2019-06-30": -2.4346, "2019-03-31": "-3.09190", "2018-12-31": -2.25, "2018-09-30": -1.7108, "2018-06-30": 0.0815, "2018-03-31": "-1.77260", "2017-12-31": -1.4731, "2017-09-30": -1.2211, "2017-06-30": -1.5776, "2017-03-31": "-1.48140", "2016-12-31": -0.9687, "2016-09-30": -0.8872, "2016-06-30": -0.8205, "2016-03-31": "-0.86700", "2015-12-31": -0.7154, "2015-09-30": -0.6428, "2015-06-30": -0.617, "2015-03-31": "-0.56930", "2014-12-31": -0.3151, "2014-09-30": 5.4631, "2014-06-30": -3.004, "2014-03-31": "-3.39750", "2013-12-31": 8.2356, "2013-09-30": -3.2452, "2013-06-30": -4.9904, "2012-12-31": 0}, "Free Cash Flow Per Share": {"2020-09-30": -1.7457, "2020-06-30": -2.2919, "2020-03-31": "-2.63860", "2019-12-31": -2.4419, "2019-09-30": -2.4783, "2019-06-30": -2.4757, "2019-03-31": "-3.11790", "2018-12-31": -2.2681, "2018-09-30": -1.7321, "2018-06-30": 0.0736, "2018-03-31": "-1.78730", "2017-12-31": -1.494, "2017-09-30": -1.2273, "2017-06-30": -1.5796, "2017-03-31": "-1.48800", "2016-12-31": -0.9838, "2016-09-30": -0.8884, "2016-06-30": -0.8358, "2016-03-31": "-0.87780", "2015-12-31": -0.717, "2015-09-30": -0.6419, "2015-06-30": -0.6191, "2015-03-31": "-0.57360", "2014-12-31": -0.3168, "2014-09-30": 5.4619, "2014-06-30": -3.0052, "2014-03-31": "-3.39930", "2013-12-31": 8.2376, "2013-09-30": -3.2451, "2013-06-30": -4.9925, "2012-12-31": 0}}, "revenue": {"Sage Therapeutics Annual Revenue (Millions of US $)": {"2019": "$7", "2018": "$90", "2017": "$", "2016": "$", "2015": "$", "2014": "$", "2013": "$", "2012": "$"}, "Sage Therapeutics Quarterly Revenue (Millions of US $)": {"2020-09-30": "$2", "2020-06-30": "$1", "2020-03-31": "$2", "2019-12-31": "$2", "2019-09-30": "$4", "2019-06-30": "$1", "2019-03-31": "$0", "2018-12-31": "$0", "2018-09-30": "", "2018-06-30": "$90", "2018-03-31": "", "2017-12-31": "", "2017-09-30": "", "2017-06-30": "", "2017-03-31": "", "2016-12-31": "", "2016-09-30": "", "2016-06-30": "", "2016-03-31": "", "2015-12-31": "", "2015-09-30": "", "2015-06-30": "", "2015-03-31": "", "2014-12-31": "", "2014-09-30": "", "2014-06-30": "", "2014-03-31": "", "2013-12-31": "", "2013-09-30": "", "2013-06-30": "", "2012-12-31": ""}}, "gross-profit": {"Sage Therapeutics Annual Gross Profit (Millions of US $)": {"2019": "$6", "2018": "$90", "2017": "$", "2016": "$", "2015": "$", "2014": "$", "2013": "$", "2012": "$"}, "Sage Therapeutics Quarterly Gross Profit (Millions of US $)": {"2020-09-30": "$1", "2020-06-30": "$1", "2020-03-31": "$2", "2019-12-31": "$2", "2019-09-30": "$3", "2019-06-30": "$1", "2019-03-31": "$0", "2018-12-31": "$0", "2018-09-30": "", "2018-06-30": "$90", "2018-03-31": "", "2017-12-31": "", "2017-09-30": "", "2017-06-30": "", "2017-03-31": "", "2016-12-31": "", "2016-09-30": "", "2016-06-30": "", "2016-03-31": "", "2015-12-31": "", "2015-09-30": "", "2015-06-30": "", "2015-03-31": "", "2014-12-31": "", "2014-09-30": "", "2014-06-30": "", "2014-03-31": "", "2013-12-31": "", "2013-09-30": "", "2013-06-30": "", "2012-12-31": ""}}, "operating-income": {"Sage Therapeutics Annual Operating Income (Millions of US $)": {"2019": "$-708", "2018": "$-393", "2017": "$-273", "2016": "$-160", "2015": "$-95", "2014": "$-34", "2013": "$-18", "2012": "$-10"}, "Sage Therapeutics Quarterly Operating Income (Millions of US $)": {"2020-09-30": "$-107", "2020-06-30": "$-139", "2020-03-31": "$-132", "2019-12-31": "$-175", "2019-09-30": "$-187", "2019-06-30": "$-176", "2019-03-31": "$-170", "2018-12-31": "$-164", "2018-09-30": "$-129", "2018-06-30": "$-22", "2018-03-31": "$-78", "2017-12-31": "$-70", "2017-09-30": "$-74", "2017-06-30": "$-71", "2017-03-31": "$-57", "2016-12-31": "$-56", "2016-09-30": "$-38", "2016-06-30": "$-35", "2016-03-31": "$-31", "2015-12-31": "$-29", "2015-09-30": "$-24", "2015-06-30": "$-25", "2015-03-31": "$-17", "2014-12-31": "$-12", "2014-09-30": "$-9", "2014-06-30": "$-6", "2014-03-31": "$-6", "2013-12-31": "", "2013-09-30": "$-5", "2013-06-30": "$-5", "2012-12-31": ""}}, "ebitda": {"Sage Therapeutics Annual EBITDA (Millions of US $)": {"2019": "$-713", "2018": "$-402", "2017": "$-273", "2016": "$-160", "2015": "$-95", "2014": "$-34", "2013": "$-18", "2012": "$-10"}, "Sage Therapeutics Quarterly EBITDA (Millions of US $)": {"2020-09-30": "$-106", "2020-06-30": "$-138", "2020-03-31": "$-131", "2019-12-31": "$-175", "2019-09-30": "$-188", "2019-06-30": "$-179", "2019-03-31": "$-172", "2018-12-31": "$-167", "2018-09-30": "$-131", "2018-06-30": "$-25", "2018-03-31": "$-79", "2017-12-31": "$-71", "2017-09-30": "$-74", "2017-06-30": "$-71", "2017-03-31": "$-57", "2016-12-31": "$-56", "2016-09-30": "$-38", "2016-06-30": "$-35", "2016-03-31": "$-31", "2015-12-31": "$-29", "2015-09-30": "$-24", "2015-06-30": "$-25", "2015-03-31": "$-17", "2014-12-31": "$-12", "2014-09-30": "$-9", "2014-06-30": "$-6", "2014-03-31": "$-6", "2013-12-31": "", "2013-09-30": "$-5", "2013-06-30": "$-5", "2012-12-31": ""}}, "net-income": {"Sage Therapeutics Annual Net Income (Millions of US $)": {"2019": "$-680", "2018": "$-373", "2017": "$-270", "2016": "$-159", "2015": "$-94", "2014": "$-36", "2013": "$-18", "2012": "$-10"}, "Sage Therapeutics Quarterly Net Income (Millions of US $)": {"2020-09-30": "$-106", "2020-06-30": "$-136", "2020-03-31": "$-127", "2019-12-31": "$-169", "2019-09-30": "$-180", "2019-06-30": "$-168", "2019-03-31": "$-163", "2018-12-31": "$-158", "2018-09-30": "$-123", "2018-06-30": "$-17", "2018-03-31": "$-75", "2017-12-31": "$-69", "2017-09-30": "$-74", "2017-06-30": "$-70", "2017-03-31": "$-57", "2016-12-31": "$-56", "2016-09-30": "$-38", "2016-06-30": "$-35", "2016-03-31": "$-31", "2015-12-31": "$-29", "2015-09-30": "$-24", "2015-06-30": "$-25", "2015-03-31": "$-17", "2014-12-31": "$-12", "2014-09-30": "$-10", "2014-06-30": "$-8", "2014-03-31": "$-6", "2013-12-31": "", "2013-09-30": "$-5", "2013-06-30": "$-5", "2012-12-31": ""}}, "eps-earnings-per-share-diluted": {"Sage Therapeutics Annual EPS": {"2019": "$-13.38", "2018": "$-8.08", "2017": "$-7.09", "2016": "$-4.75", "2015": "$-3.40", "2014": "$-1.67", "2013": "$-12.26", "2012": "$-8.62"}, "Sage Therapeutics Quarterly EPS": {"2020-09-30": "$-2.03", "2020-06-30": "$-2.63", "2020-03-31": "$-2.44", "2019-12-31": "$-3.25", "2019-09-30": "$-3.48", "2019-06-30": "$-3.28", "2019-03-31": "$-3.37", "2018-12-31": "$-3.41", "2018-09-30": "$-2.63", "2018-06-30": "$-0.36", "2018-03-31": "$-1.68", "2017-12-31": "$-1.72", "2017-09-30": "$-1.97", "2017-06-30": "$-1.88", "2017-03-31": "$-1.52", "2016-12-31": "$-1.55", "2016-09-30": "$-1.15", "2016-06-30": "$-1.08", "2016-03-31": "$-0.97", "2015-12-31": "$-1.00", "2015-09-30": "$-0.84", "2015-06-30": "$-0.90", "2015-03-31": "$-0.66", "2014-12-31": "$7.10", "2014-09-30": "$-0.50", "2014-06-30": "$-4.57", "2014-03-31": "$-3.70", "2013-12-31": "$0.00", "2013-09-30": "$-2.98", "2013-06-30": "$-3.18", "2012-12-31": "$0.00"}}, "shares-outstanding": {"Sage Therapeutics Annual Shares Outstanding (Millions of Shares)": {"2019": "51", "2018": "46", "2017": "38", "2016": "33", "2015": "28", "2014": "22", "2013": "1", "2012": "1"}, "Sage Therapeutics Quarterly Shares Outstanding (Millions of Shares)": {"2020-09-30": "52", "2020-06-30": "52", "2020-03-31": "52", "2019-12-31": "51", "2019-09-30": "52", "2019-06-30": "51", "2019-03-31": "48", "2018-12-31": "46", "2018-09-30": "47", "2018-06-30": "47", "2018-03-31": "44", "2017-12-31": "38", "2017-09-30": "37", "2017-06-30": "37", "2017-03-31": "37", "2016-12-31": "33", "2016-09-30": "33", "2016-06-30": "32", "2016-03-31": "32", "2015-12-31": "28", "2015-09-30": "29", "2015-06-30": "28", "2015-03-31": "26", "2014-12-31": "22", "2014-09-30": "20", "2014-06-30": "2", "2014-03-31": "2", "2013-12-31": "", "2013-09-30": "2", "2013-06-30": "1", "2012-12-31": ""}}, "total-assets": {"Sage Therapeutics Annual Total Assets (Millions of US $)": {"2019": "$1,084", "2018": "$953", "2017": "$530", "2016": "$405", "2015": "$189", "2014": "$130", "2013": "$9", "2012": "$3"}, "Sage Therapeutics Quarterly Total Assets (Millions of US $)": {"2020-09-30": "$739", "2020-06-30": "$827", "2020-03-31": "$945", "2019-12-31": "$1,084", "2019-09-30": "$1,204", "2019-06-30": "$1,316", "2019-03-31": "$1,423", "2018-12-31": "$953", "2018-09-30": "$1,047", "2018-06-30": "$1,129", "2018-03-31": "$1,101", "2017-12-31": "$530", "2017-09-30": "$251", "2017-06-30": "$293", "2017-03-31": "$351", "2016-12-31": "$405", "2016-09-30": "$436", "2016-06-30": "$276", "2016-03-31": "$304", "2015-12-31": "$189", "2015-09-30": "$208", "2015-06-30": "$228", "2015-03-31": "$115", "2014-12-31": "$130", "2014-09-30": "$138", "2014-06-30": "$52", "2014-03-31": "$0", "2013-12-31": "$0", "2013-09-30": "$0", "2013-06-30": "$0", "2012-12-31": "$3"}}, "cash-on-hand": {"Sage Therapeutics Annual Cash on Hand (Millions of US $)": {"2019": "$1,008", "2018": "$923", "2017": "$519", "2016": "$397", "2015": "$187", "2014": "$128", "2013": "$8", "2012": "$3"}, "Sage Therapeutics Quarterly Cash on Hand (Millions of US $)": {"2020-09-30": "$669", "2020-06-30": "$757", "2020-03-31": "$873", "2019-12-31": "$1,008", "2019-09-30": "$1,122", "2019-06-30": "$1,237", "2019-03-31": "$1,351", "2018-12-31": "$923", "2018-09-30": "$1,021", "2018-06-30": "$1,092", "2018-03-31": "$1,084", "2017-12-31": "$519", "2017-09-30": "$243", "2017-06-30": "$286", "2017-03-31": "$343", "2016-12-31": "$397", "2016-09-30": "$431", "2016-06-30": "$272", "2016-03-31": "$300", "2015-12-31": "$187", "2015-09-30": "$205", "2015-06-30": "$224", "2015-03-31": "$113", "2014-12-31": "$128", "2014-09-30": "$137", "2014-06-30": "$49", "2014-03-31": "", "2013-12-31": "", "2013-09-30": "", "2013-06-30": "", "2012-12-31": "$3"}}, "long-term-debt": {"Sage Therapeutics Annual Long Term Debt (Millions of US $)": {"2019": "$", "2018": "$", "2017": "$", "2016": "$", "2015": "$", "2014": "$", "2013": "$", "2012": "$"}, "Sage Therapeutics Quarterly Long Term Debt (Millions of US $)": {"2020-09-30": "", "2020-06-30": "", "2020-03-31": "", "2019-12-31": "", "2019-09-30": "", "2019-06-30": "", "2019-03-31": "", "2018-12-31": "", "2018-09-30": "", "2018-06-30": "", "2018-03-31": "", "2017-12-31": "", "2017-09-30": "", "2017-06-30": "", "2017-03-31": "", "2016-12-31": "", "2016-09-30": "", "2016-06-30": "", "2016-03-31": "", "2015-12-31": "", "2015-09-30": "", "2015-06-30": "", "2015-03-31": "", "2014-12-31": "", "2014-09-30": "", "2014-06-30": "", "2014-03-31": "", "2013-12-31": "", "2013-09-30": "", "2013-06-30": "", "2012-12-31": ""}}, "total-liabilities": {"Sage Therapeutics Annual Total Liabilities (Millions of US $)": {"2019": "$139", "2018": "$90", "2017": "$54", "2016": "$36", "2015": "$15", "2014": "$8", "2013": "$40", "2012": "$16"}, "Sage Therapeutics Quarterly Total Liabilities (Millions of US $)": {"2020-09-30": "$81", "2020-06-30": "$87", "2020-03-31": "$96", "2019-12-31": "$139", "2019-09-30": "$123", "2019-06-30": "$113", "2019-03-31": "$103", "2018-12-31": "$90", "2018-09-30": "$58", "2018-06-30": "$52", "2018-03-31": "$41", "2017-12-31": "$54", "2017-09-30": "$51", "2017-06-30": "$33", "2017-03-31": "$33", "2016-12-31": "$36", "2016-09-30": "$23", "2016-06-30": "$18", "2016-03-31": "$16", "2015-12-31": "$15", "2015-09-30": "$10", "2015-06-30": "$11", "2015-03-31": "$9", "2014-12-31": "$8", "2014-09-30": "$5", "2014-06-30": "$96", "2014-03-31": "$0", "2013-12-31": "", "2013-09-30": "$0", "2013-06-30": "$0", "2012-12-31": "$16"}}, "total-share-holder-equity": {"Sage Therapeutics Annual Share Holder Equity (Millions of US $)": {"2019": "$945", "2018": "$863", "2017": "$475", "2016": "$369", "2015": "$174", "2014": "$122", "2013": "$-32", "2012": "$-13"}, "Sage Therapeutics Quarterly Share Holder Equity (Millions of US $)": {"2020-09-30": "$658", "2020-06-30": "$740", "2020-03-31": "$849", "2019-12-31": "$945", "2019-09-30": "$1,081", "2019-06-30": "$1,203", "2019-03-31": "$1,320", "2018-12-31": "$863", "2018-09-30": "$989", "2018-06-30": "$1,078", "2018-03-31": "$1,059", "2017-12-31": "$475", "2017-09-30": "$200", "2017-06-30": "$260", "2017-03-31": "$318", "2016-12-31": "$369", "2016-09-30": "$414", "2016-06-30": "$257", "2016-03-31": "$288", "2015-12-31": "$174", "2015-09-30": "$198", "2015-06-30": "$217", "2015-03-31": "$107", "2014-12-31": "$122", "2014-09-30": "$133", "2014-06-30": "$-45", "2014-03-31": "$0", "2013-12-31": "", "2013-09-30": "$0", "2013-06-30": "$0", "2012-12-31": "$-13"}}, "profit-margins": {"current": "-7706.84%"}, "gross margin": {"2020-09-30": "85.71%", "2020-06-30": "88.89%", "2020-03-31": "88.89%", "2019-12-31": "85.71%", "2019-09-30": "80.00%", "2019-03-31": "100.00%"}, "operating margin": {"2020-09-30": "-7900.00%", "2020-06-30": "-7033.33%", "2020-03-31": "-7444.44%", "2019-12-31": "-10114.29%", "2019-09-30": "-13940.00%", "2019-03-31": "-538.89%"}, "ebitda margin": {"2020-09-30": "-7857.14%", "2020-06-30": "-7022.22%", "2020-03-31": "-7477.78%", "2019-12-31": "-10200.00%", "2019-09-30": "-14120.00%", "2019-03-31": "-550.00%"}, "pre tax profit margin": {"2020-09-30": "-7685.71%", "2020-06-30": "-6800.00%", "2020-03-31": "-7155.56%", "2019-12-31": "-9714.29%", "2019-09-30": "-13380.00%", "2019-03-31": "-512.22%"}, "net profit margin": {"2020-09-30": "-7685.71%", "2020-06-30": "-6800.00%", "2020-03-31": "-7155.56%", "2019-12-31": "-9714.29%", "2019-09-30": "-13380.00%", "2019-03-31": "-512.22%"}, "pe ratio": {"current": "0.00", "2021-02-05": "0.00", "2020-09-30": "0.00", "2020-06-30": "0.00", "2020-03-31": "0.00", "2019-12-31": "0.00", "2019-09-30": "0.00", "2019-06-30": "0.00", "2019-03-31": "0.00", "2018-12-31": "0.00", "2018-09-30": "0.00", "2018-06-30": "0.00", "2018-03-31": "0.00", "2017-12-31": "0.00", "2017-09-30": "0.00", "2017-06-30": "0.00", "2017-03-31": "0.00", "2016-12-31": "0.00", "2016-09-30": "0.00", "2016-06-30": "0.00", "2016-03-31": "0.00", "2015-12-31": "0.00", "2015-09-30": "0.00", "2015-06-30": "0.00"}, "price sales": {"2021-02-05": "593.12", "2020-09-30": "452.41", "2020-06-30": "240.89", "2020-03-31": "170.27", "2019-12-31": "537.84", "2019-09-30": "1381.00", "2019-06-30": "5626.63", "2019-03-31": "81.60", "2018-12-31": "49.39", "2018-09-30": "73.05", "2018-06-30": "80.95", "2018-03-31": "0.00", "2017-12-31": "0.00", "2017-09-30": "0.00", "2017-06-30": "0.00", "2017-03-31": "0.00", "2016-12-31": "0.00", "2016-09-30": "0.00", "2016-06-30": "0.00", "2016-03-31": "0.00", "2015-12-31": "0.00", "2015-09-30": "0.00", "2015-06-30": "0.00"}, "price book": {"current": "6.34", "2021-02-05": "6.34", "2020-09-30": "4.84", "2020-06-30": "2.92", "2020-03-31": "1.76", "2019-12-31": "3.96", "2019-09-30": "6.72", "2019-06-30": "7.83", "2019-03-31": "6.15", "2018-12-31": "5.20", "2018-09-30": "6.69", "2018-06-30": "6.77", "2018-03-31": "7.06", "2017-12-31": "14.55", "2017-09-30": "11.69", "2017-06-30": "11.45", "2017-03-31": "8.33", "2016-12-31": "5.16", "2016-09-30": "4.14", "2016-06-30": "3.76", "2016-03-31": "3.57", "2015-12-31": "9.67", "2015-09-30": "6.15", "2015-06-30": "9.61", "2015-03-31": "12.12", "2014-12-31": "7.69", "2014-09-30": "6.06"}, "price fcf": {"2021-02-05": "", "2020-09-30": "$-9.12", "2020-06-30": "$-9.85", "2020-03-31": "$-10.03", "2019-12-31": "$-10.51", "2019-09-30": "$-10.34", "2019-06-30": "$-9.59", "2019-03-31": "$-7.04", "2018-12-31": "$-5.71", "2018-09-30": "$-4.94", "2018-06-30": "$-4.44", "2018-03-31": "$-6.09", "2017-12-31": "$-5.79", "2017-09-30": "$-5.28", "2017-06-30": "$-4.94", "2017-03-31": "$-4.20", "2016-12-31": "$-3.59", "2016-09-30": "$-3.32", "2016-06-30": "$-3.07", "2016-03-31": "$-2.86", "2015-12-31": "$-2.55", "2015-09-30": "$-2.15", "2015-06-30": "$-2.45"}, "net worth": {"value": "$4.17B"}, "current ratio": {"2020-09-30": "11.71", "2020-06-30": "12.22", "2020-03-31": "12.77", "2019-12-31": "9.23", "2019-09-30": "12.67", "2019-06-30": "16.00", "2019-03-31": "20.06", "2018-12-31": "10.98", "2018-09-30": "19.07", "2018-06-30": "23.45", "2018-03-31": "28.92", "2017-12-31": "10.11", "2017-09-30": "4.98", "2017-06-30": "9.02", "2017-03-31": "10.95", "2016-12-31": "11.45", "2016-09-30": "19.47", "2016-06-30": "14.95", "2016-03-31": "18.95", "2015-12-31": "12.31", "2015-09-30": "20.16", "2015-06-30": "20.68", "2015-03-31": "12.80", "2014-12-31": "16.61", "2014-09-30": "27.50", "2014-06-30": "13.11", "2014-03-31": "0.00", "2013-12-31": "0.00", "2013-09-30": "0.00", "2013-06-30": "0.00", "2012-12-31": "2.00"}, "quick ratio": {"2020-09-30": "0.00", "2020-06-30": "0.00", "2020-03-31": "0.00", "2019-12-31": "0.00", "2019-09-30": "0.00", "2019-06-30": "0.00", "2019-03-31": "0.00", "2018-12-31": "0.00", "2018-09-30": "0.00", "2018-06-30": "0.00", "2018-03-31": "0.00", "2017-12-31": "0.00", "2017-09-30": "0.00", "2017-06-30": "0.00", "2017-03-31": "0.00", "2016-12-31": "0.00", "2016-09-30": "0.00", "2016-06-30": "0.00", "2016-03-31": "0.00", "2015-12-31": "0.00", "2015-09-30": "0.00", "2015-06-30": "0.00", "2015-03-31": "0.00", "2014-12-31": "0.00", "2014-09-30": "0.00", "2014-06-30": "0.00", "2014-03-31": "0.00", "2013-12-31": "0.00", "2013-09-30": "0.00", "2013-06-30": "0.00", "2012-12-31": "0.00"}, "debt equity ratio": {"current": "0.00", "2020-09-30": "0.12", "2020-06-30": "0.12", "2020-03-31": "0.11", "2019-12-31": "0.15", "2019-09-30": "0.11", "2019-06-30": "0.09", "2019-03-31": "0.08", "2018-12-31": "0.10", "2018-09-30": "0.06", "2018-06-30": "0.05", "2018-03-31": "0.04", "2017-12-31": "0.12", "2017-09-30": "0.26", "2017-06-30": "0.13", "2017-03-31": "0.10", "2016-12-31": "0.10", "2016-09-30": "0.06", "2016-06-30": "0.07", "2016-03-31": "0.06", "2015-12-31": "0.09", "2015-09-30": "0.05", "2015-06-30": "0.05", "2015-03-31": "0.08", "2014-12-31": "0.06", "2014-09-30": "0.04", "2014-06-30": "-2.15", "2014-03-31": "0.00", "2013-12-31": "0.00", "2013-09-30": "0.00", "2013-06-30": "0.00", "2012-12-31": "-1.22"}, "return on equity": {"2020-09-30": "-67.42%", "2020-06-30": "-67.72%", "2020-03-31": "-63.17%", "2019-12-31": "-59.79%", "2019-09-30": "-59.91%", "2019-06-30": "-55.95%", "2019-03-31": "-43.39%", "2018-12-31": "-37.40%", "2018-09-30": "-31.55%", "2018-06-30": "-33.43%", "2018-03-31": "-57.77%", "2017-12-31": "-86.19%", "2017-09-30": "-89.63%", "2017-06-30": "-64.95%", "2017-03-31": "-54.79%", "2016-12-31": "-48.19%", "2016-09-30": "-46.95%", "2016-06-30": "-51.91%", "2016-03-31": "-49.71%", "2015-12-31": "-54.60%", "2015-09-30": "-48.45%", "2015-06-30": "-44.21%", "2015-03-31": "-59.31%", "2014-12-31": "-68.57%", "2014-06-30": "168.89%", "2014-03-31": "inf%"}, "return on assets": {"2020-09-30": "-59.86%", "2020-06-30": "-60.30%", "2020-03-31": "-56.63%", "2019-12-31": "-54.11%", "2019-09-30": "-54.66%", "2019-06-30": "-51.66%", "2019-03-31": "-40.51%", "2018-12-31": "-35.27%", "2018-09-30": "-29.84%", "2018-06-30": "-31.22%", "2018-03-31": "-52.97%", "2017-12-31": "-75.79%", "2017-09-30": "-79.08%", "2017-06-30": "-59.53%", "2017-03-31": "-50.68%", "2016-12-31": "-45.04%", "2016-09-30": "-44.15%", "2016-06-30": "-48.72%", "2016-03-31": "-46.93%", "2015-12-31": "-51.35%", "2015-09-30": "-45.81%", "2015-06-30": "-41.90%", "2015-03-31": "-43.22%", "2014-12-31": "-45.00%", "2014-06-30": "-146.15%", "2014-03-31": "inf%"}, "return on investments": {"2020-09-30": "inf%", "2020-06-30": "inf%", "2020-03-31": "inf%", "2019-12-31": "inf%", "2019-09-30": "inf%", "2019-06-30": "inf%", "2019-03-31": "inf%", "2018-12-31": "inf%", "2018-09-30": "inf%", "2018-06-30": "inf%", "2018-03-31": "inf%", "2017-12-31": "inf%", "2017-09-30": "inf%", "2017-06-30": "inf%", "2017-03-31": "inf%", "2016-12-31": "inf%", "2016-09-30": "inf%", "2016-06-30": "inf%", "2016-03-31": "inf%", "2015-12-31": "inf%", "2015-09-30": "inf%", "2015-06-30": "inf%", "2015-03-31": "inf%", "2014-12-31": "inf%", "2014-06-30": "inf%", "2014-03-31": "inf%"}, "return on tangible equity": {"2020-09-30": "-67.42%", "2020-06-30": "-67.72%", "2020-03-31": "-63.17%", "2019-12-31": "-59.79%", "2019-09-30": "-59.91%", "2019-06-30": "-55.95%", "2019-03-31": "-43.39%", "2018-12-31": "-37.40%", "2018-09-30": "-31.55%", "2018-06-30": "-33.43%", "2018-03-31": "-57.77%", "2017-12-31": "-86.19%", "2017-09-30": "-89.63%", "2017-06-30": "-64.95%", "2017-03-31": "-54.79%", "2016-12-31": "-48.19%", "2016-09-30": "-46.95%", "2016-06-30": "-51.91%", "2016-03-31": "-49.71%", "2015-12-31": "-54.60%", "2015-09-30": "-48.45%", "2015-06-30": "-44.21%", "2015-03-31": "-59.31%", "2014-12-31": "-68.57%", "2014-06-30": "168.89%", "2014-03-31": "inf%"}, "dividend yield history": {"last payout": "$0.00", "last yield": "0.00%"}}